4212 6440
161 456 259 516 771

1112 444 1718 514 ECCLESIASTICIB
1757 444 2150 510 HISTORLE
2181 444 2328 504 Lib.
2373 443 2454 502 Il.

3316 435 3421 495 778

160 572 265 623 τῶν
311 569 750 640 ἀπηλλαγμένοι,
783 569 991 641 ιίρμῶν
1039 587 1095 624 τι
1142 570 1545 637 χαλεπωτάτων
1588 568 1743 623 λύσιν

1863 566 2028 631 sione,
2063 562 2378 631 veterisque
2409 558 2617 616 erroris
2649 567 2704 612 et
2745 557 3021 612 idolorum
3053 555 3424 623 superstitio-

162 666 476 735 εὑράμενοι,
514 666 694 738 πάσης
742 665 841 735 μὲν
885 664 1212 733 δαιμονικῆς
1243 664 1552 718 κατέπτυον
1580 663 1742 715 πολυ-

162 757 331 818 θεϊας·
362 758 457 810 ἕνα
491 759 546 810 δὲ
581 758 740 825 μόνον
775 753 916 810 εἶναι
963 757 1098 810 Θεὸν
1139 756 1476 825 ὡμολόγουν,
1503 754 1594 806 τὸν
1629 753 1741 805 τῶν

168 835 499 917 συμπάντων
552 851 905 919 δημιουργόν·
957 849 1150 902 τοῦτόν
1201 865 1259 900 τε
1307 847 1472 900 αὑτὸν
1515 847 1743 913 θεσμοῖς

163 941 398 1011 ἀληθοῦς
448 943 730 1006 εὐσεϐείας
784 943 851 995 δι’
893 943 1080 996 ἐνθέου
1131 943 1229 996 καὶ
1276 941 1553 1011 σώφρονος
1610 940 1746 1009 θρη-

1850 658 1938 712 nis
1970 656 2322 724 contagione,
2350 652 2552 706 animis
2590 651 2706 705 suis
2739 650 2953 713 infecti,
2995 649 3181 704 divina
3216 647 3424 702 Christi

1851 752 1902 805 vi
1943 760 2109 820 atque
2140 749 2346 800 virtute
2395 744 2812 807 intercedente,
2846 757 2946 810 per
2979 751 3313 798 sectatorum
3345 742 3432 795 di-

1849 843 2308 912 scipulorutnque
2347 839 2467 908 ejus
2495 837 2832 899 doctrinam,
2864 835 3029 888 simul
3056 845 3113 889 et
3135 837 3426 896 miracula,

1851 947 2120 1004 tauquam
2161 949 2190 986 a
2225 932 2493 1002 gravibus
2521 929 2884 997 molestisque
2915 927 3158 982 dominis
3184 927 3426 991 liberati,

168 1032 378 1094 οκείας,
402 1033 499 1100 τῆς
536 1034 640 1084 ὑπὸ
664 1031 757 1085 τοῦ
799 1032 1048 1101 Σωτῆρος
1085 1031 1243 1101 ἡμῶν
1268 1032 1345 1103 τῷ
1383 1028 1493 1084 τῶν
1529 1027 1746 1100 ἀνθρὼ-

1863 1027 2201 1095 iinculisque
2243 1023 2558 1080 durissimis
2585 1022 2780 1088 soluti,
2809 1036 3035 1076 omnem
3068 1022 3214 1074 illam
3239 1020 3432 1073 diabo-

167 1143 280 1177 πων
305 1125 405 1194 βίῳ
442 1125 930 1194 κατεισπαρείσης,
956 1127 1275 1194 ἐγέραιρον.

1846 1121 2078 1174 licorum
2103 1119 2334 1173 deorum
2363 1114 2773 1170 multitudinem
2796 1127 3200 1184 conspuerunt.
3233 1130 3433 1167 unum-

168 1238 273 1289 que
302 1232 360 1275 et
392 1223 570 1276 solum
608 1223 776 1277 Deum
806 1237 930 1277 esse
957 1220 1312 1286 conﬁtentes,
1359 1223 1455 1292 qui
1491 1220 1679 1276 omnia
1729 1217 2094 1281 condidisset,
2133 1213 2290 1286 147
2322 1229 2450 1268 eum
2495 1215 2677 1280 ipsum
2713 1226 2858 1266 vera:
2928 1212 3152 1280 pictatis
3197 1211 3431 1280 legibus,

171 1316 468 1384 divinoque
516 1325 576 1369 et
627 1314 816 1370 sobrio
853 1316 1030 1379 cultu,
1072 1332 1169 1386 per
1217 1316 1571 1370 Servatorem
1621 1324 1871 1367 nostrum
1923 1307 2112 1377 generi
2166 1307 2410 1362 humano
2462 1307 2636 1366 illato,
2675 1305 2990 1360 coluerunt.

768 1428 1021 1482 ΚΕΦΑΛ.
1063 1427 1140 1481 Θ’.

182 1542 273 1608 Ὠς
301 1543 478 1606 Γιίῑος
505 1545 611 1595 τὸν
642 1542 906 1608 Τιϐέριον
937 1541 1271 1610 διαδέχεται
1296 1560 1307 1572 ·
1335 1541 1432 1594 καὶ
1473 1542 1604 1607 περὶ
1641 1537 1749 1610 τῆς

236 1607 321 1676 εἰς
369 1616 554 1666 αὑτὸν
607 1607 924 1679 πρεσϐείας
987 1607 1456 1676 τοῦ”Φίλωνος·
1522 1612 1618 1664 καί
1652 1607 1748 1666 οἵα

237 1686 371 1749 περὶ
409 1684 596 1735 αὑτοῦ
627 1686 825 1736 Φίλων
856 1687 928 1735 “τε
950 1682 1050 1734 καὶ
1087 1683 1367 1749 Ἰώσηπος
1407 1682 1743 1749 ίστοροῦσι·

238 1756 335 1806 καὶ
376 1755 454 1817 ὡς
501 1753 788 1807 ἐντεῦθεν
821 1755 859 1819 ἠ
889 1752 1041 1806 κατὰ
1096 1751 1215 1806 τῶν
1258 1752 1567 1806 Ἰουδαίων
1603 1751 1746 1804 Ῥω-

235 1825 438 1891 μαιόις
458 1823 683 1889 ἤρξατο
720 1825 956 1877 λύσσα.

2456 1416 2688 1474 CAPUT
2728 1416 2799 1476 IX

1863 1526 1924 1585 Ut
1961 1529 2121 1582 Caius
2160 1525 2361 1582 Tiberio
2390 1527 2716 1588 successerit,
2756 1537 2804 1579 et
2837 1526 2901 1579 de
2950 1523 3189 1579 Philonis
3220 1528 3288 1580 ad
3321 1546 3439 1580 eum

1930 1601 2209 1670 legatione.
2238 1609 2287 1651 et
2321 1617 2438 1668 qua
2479 1601 2542 1670 rte
2571 1597 2701 1651 Caio
2736 1597 2923 1670 Philan
2959 1607 3007 1670 et
3036 1596 3294 1670 Iosephus
3332 1616 3440 1651 me-

1926 1666 2156 1731 morent,
2183 1679 2231 1722 et
2264 1666 2461 1723 tit-inde
2487 1667 2855 1722 Romanorum
2883 1669 2938 1720 in
2963 1666 3180 1721 Judazos
3206 1668 3362 1736 furor
3387 1675 3436 1722 et

1929 1743 2100 1794 rabies
2127 1749 2308 1794 coorta
2339 1741 2428 1793 sit.

239 1937 342 1988 Δύο
373 1936 429 1988 δὲ
464 1935 600 2005 πρὸς
625 1937 736 1997 τοῖς
763 1935 935 1988 εἰκοσι
963 1935 1060 1988 καὶ
1089 1934 1275 2005 ἡμίσει
1304 1934 1560 2004 Τιϐέριος
1591 1933 1744 2004 βασι-

1933 1917 2192 1976 Tiberius
2219 1927 2405 1974 autem
2433 1919 2597 1975 annis
2632 1916 2828 1990 viginti
2859 1918 3080 1974 duobus
3111 1934 3236 1974 cum
3271 1919 3442 1972 dimi-

171 2029 370 2088 λευσας
400 2028 696 2090 ἐνιαυτοῖς,
724 2026 800 2096 τῷ
834 2026 933 2097 υἱῷ
968 2027 1117 2096 Γαΐῳ
1154 2026 1214 2079 τὸ
1253 2028 1454 2098 κράτος
1487 2025 1756 2080 τελευτῶν

172 2121 486 2189 ἐπαφίησιν.
519 2118 758 2180 Ἐκεῖνος
789 2118 838 2169 δ’
875 2119 1040 2180 εὐθὺς
1081 2117 1366 2188 Ἀγρίππᾳ
1414 2119 1475 2172 τὸ
1519 2119 1757 2188 διάδημα

175 2214 564 2282 περιθέμενος,
599 2211 827 2279 βασιλέα
874 2211 974 2279 τῆς
1019 2212 1286 2271 ἰουδαίας
1325 2212 1534 2263 ἀνεῖπε·
1568 2214 1665 2276 τήν
1698 2228 1757 2261 τε

175 2305 452 2357 Φιλίππου
534 2304 629 2355 καὶ
686 2301 959 2354 Λυσανίου
1023 2299 1360 2368 τετραρχίαν
1413 2299 1552 2360 τέως
1609 2297 1758 2367 αὑτῷ

176 2395 497 2466 ἐγχειρέςει.
524 2393 660 2448 Μετ’
686 2393 745 2445 οὑ
773 2392 910 2444 πολὺ
939 2391 994 2443 δὲ
1029 2390 1124 2443 καὶ
1155 2389 1253 2458 τὴν
1285 2387 1554 2460 Ἡρώδου,
1587 2388 1646 2452 ὃς
1668 2393 1759 2442 τὸν

189 2490 444 2555 Ἰωάννην
464 2487 811 2550 ἀπέκτεινεν,
841 2483 1019 2554 ἀρχὴν
1041 2481 1369 2535 ἐπιδίδωσιν·
1396 2483 1602 2534 ἐκεῖνον
1629 2482 1760 2534 σύν-

176 2597 292 2647 αμα
322 2584 388 2650 τῇ
431 2578 722 2648 Ἡρωδιάδι
756 2581 823 2647 τῇ
857 2574 1075 2644 γυναικὶ
1135 2574 1294 2645 ἀϊδίῳ
1335 2575 1472 2644 πρὸς
1514 2574 1760 2643 ἑσπέραν

180 2672 465 2740 ζημιώσας
521 2674 666 2739 φυγῇ
723 2669 996 2720 πλείστων
1049 2667 1238 2720 ἕνεκεν
1289 2664 1502 2728 αἰτιῶν,
1540 2665 1616 2728 ὡς
1668 2664 1760 2716 καὶ

195 2766 443 2834 Ἰωσήπῳ
467 2762 633 2814 δοκεῖ.
667 2762 819 2813 Κατὰ
869 2760 925 2811 δὲ
966 2759 1192 2816 τούτους
1238 2758 1364 2818 τοὺς
1407 2755 1636 2826 χρόνους
1669 2755 1762 2808 καὶ

182 2854 349 2930 Φίλων
379 2850 800 2930 ἀνεγνωρίζεξο,
826 2847 986 2916 ἀνὴρ,
1017 2849 1075 2898 οὑ
1108 2849 1270 2916 μόνον
1304 2846 1434 2914 παρ’
1460 2845 1762 2916 ἡμῖν,ἀλλὰ

183 2927 276 2996 καὶ
303 2947 414 3006 τοῖς
443 2943 678 3012 θύραθεν
713 2927 768 2993 ἓν
796 2941 1087 3009 φιλοσοφίᾳ
1113 2940 1408 3008 ἐπίσημος.
1433 2939 1513 2991 Τὰ
1550 2939 1648 3008 μὲν
1671 2935 1765 2990 οὖν

187 3037 393 3105 πάτρια
445 3035 622 3104 τούτῳ
672 3034 924 3103 Ἐϐραῖος
979 3029 1070 3103 ἦν,
1126 3033 1392 3102 διαφανὴς
1439 3031 1496 3085 δὲ
1543 3032 1648 3084 τῶν
1679 3031 1763 3083 ἐπ’

198 3129 604 3198 Ἀλεξανδρείας
634 3129 726 3180 κιιύ⁵
754 3128 864 3178 τῶν
887 3128 942 3179 ὲν
968 3128 1136 3180 τέλει.
1165 3128 1328 3189 Ὀσος
1358 3123 1456 3193 μὲν
1482 3120 1574 3176 οὖν
1605 3123 1766 3185 πόνος

189 3225 315 3289 περὶ
347 3225 416 3274 τὰ
451 3222 652 3284 πάτρια
681 3218 1006 3286 μαθήματα,
1035 3217 1129 3267 καὶ
1158 3215 1390 3286 πηλίκος
1422 3214 1572 3284 αὐτῷ
1603 3231 1769 3267 κατα·-

189 3313 474 3378 ϐἐϐλῃται,
507 3310 662 3378 δῆλος
694 3309 878 3369 αὺτοῖς
909 3307 1238 3360 καθίσταται
1273 3306 1617 3376 πράγμασιν·
1654 3302 1767 3371 οἷος

185 3401 237 3453 δὲ
271 3404 364 3453 καὶ
398 3401 526 3469 περὶ
555 3400 619 3453 τὰ
647 3399 930 3469 ἐλευθέρια
956 3400 1057 3468 τῆς
1089 3399 1195 3465 ἔξω
1231 3400 1550 3468 φιλοσοφίας
1585 3400 1764 3470 μαθή-

189 3511 331 3559 ματα
366 3489 456 3563 ἦν,
491 3493 542 3544 τί
588 3491 694 3562 χρὴ
741 3494 836 3544 καὶ
883 3492 1095 3558 λέγειν;
1128 3492 1239 3562 Τὴν
1283 3492 1388 3559 γὰρ
1433 3494 1572 3545 κατὰ
1625 3493 1768 3546 Πλά-

187 3602 327 3636 τωνα
377 3584 474 3636 καὶ
506 3584 831 3652 Πυθαγόραν
876 3582 1102 3651 ἀγωγὴν
1146 3584 1202 3644 ὲς
1233 3584 1405 3654 ἄκρον
1449 3584 1764 3652 ἐζηλωκὼς,

185 3678 308 3736 τοὺς
339 3674 463 3726 καθ’
492 3675 686 3725 ἑαυτὸν
719 3675 966 3734 ἅπαντας
1016 3672 1315 3739 διενεγκεῖν
1360 3672 1600 3740 λέγεται.
1635 3672 1770 3724 Τού-

185 3783 259 3832 τῳ
305 3765 487 3816 τοίνυν
525 3766 618 3816 καὶ
662 3765 728 3816 τὰ
779 3763 924 3814 κατὰ
954 3763 1113 3817 Γάϊον
1153 3763 1430 3826 Ἰουδαίοις
1483 3765 1767 3832 συμϐάντα

184 3861 239 3912 ἐν
273 3863 439 3912 πέντε
473 3859 701 3928 βιϐλίοις
737 3858 1045 3929 ἱστόρηται,
1080 3858 1138 3910 ὲν
1169 3852 1250 3919 οἷς
1288 3859 1385 3927 τὴν
1411 3859 1620 3911 ἐκείνου
1656 3860 1767 3911 τῶν

186 3954 397 4020 φρενῶν
430 3953 690 4004 ἔκστασιν
717 3951 1078 4020 διεξέρχεται,
1115 3950 1284 4019 μυρία
1312 3949 1440 4020 περὶ
1465 3949 1565 4021 τὴν
1592 3950 1766 4020 ἀρχὴν

185 4044 600 4114 ἐνυϐρίσαντος·
639 4043 799 4095 ἔτιδὲ
834 4043 930 4094 καὶ
967 4041 1066 4102 τὰς
1104 4039 1190 4092 ἐπ’
1221 4039 1391 4093 αὐτοῦ
1418 4041 1766 4112 δυσπραγίας

185 4137 290 4187 τῶν
327 4136 624 4189 Ἰουδαίων·
653 4133 720 4186 δι’
747 4134 841 4196 οὓς
867 4134 1124 4194 κάκεῖνος
1157 4132 1487 4201 πρεσϐεύων
1518 4135 1598 4195 εἰς
1637 4132 1770 4184 Ῥώ-

189 4247 294 4300 μην
313 4226 441 4302 ἧκε·
470 4230 566 4280 καὶ
586 4226 659 4287 ὡς
689 4225 885 4295 ἐκείνῳ
909 4226 1196 4294 παραστὰς
1223 4222 1364 4292 ὑπὲρ
1389 4222 1498 4274 τῶν
1523 4221 1768 4290 πατρίων

186 4323 345 4387 εἰὠν,
373 4323 620 4389 γέλωτος
648 4320 802 4373 οὐδέν
829 4337 884 4372 τι
912 4320 1077 4371 πλέον
1105 4318 1397 4385 ἠνέγκατο,
1429 4315 1631 4386 μικροῦ
1659 4315 1768 4366 δεῖν

187 4416 277 4468 καὶ
310 4418 368 4467 τὸ
403 4417 504 4485 ζῇν
535 4413 890 4474 κινδυνεύσας
929 4411 1254 4464 ἀποϐαλεῖν·
1288 4409 1430 4462 καθὰ
1457 4408 1629 4477 δήπου
1660 4410 1769 4459 τῶν

190 4508 441 4575 ίετςριών
494 4508 594 4574 τῆς
630 4504 1112 4572 δκτωκαιδεκάτης
1163 4502 1301 4571 πρὸς
1349 4501 1428 4570 τῷ
1473 4500 1620 4553 τέλει
1677 4501 1771 4551 καὶ

1862 2013 1980 2078 dio,
2012 2012 2249 2084 imperio
2281 2013 2696 2075 administrato,
2731 2011 2863 2082 Cajo
2906 2012 3152 2064 moriens
3187 2009 3240 2063 id
3273 2009 3442 2064 relin-

1861 2107 2005 2178 quit.
2065 2107 2166 2161 llic
2217 2105 2511 2162 confestim
2564 2104 2823 2173 Agrippa:
2884 2102 3201 2157 diademate
3261 2102 3442 2171 impo-

1863 2203 1973 2253 sito
2012 2199 2116 2267 (l),
2153 2211 2334 2266 regem
2362 2211 2490 2250 eum
2517 2195 2719 2250 Iudaea:
2744 2205 2914 2250 creat.
2941 2195 3178 2264 Philippi
3221 2210 3443 2264 quoque

1862 2304 1919 2347 et
1946 2289 2193 2361 Lysania:
2231 2289 2562 2344 tetrarchias
2584 2289 2766 2344 eidem
2794 2297 2908 2342 tum
2941 2287 3195 2344 attribuit
3225 2303 3239 2347 :
3267 2303 3445 2356 neque

1866 2387 1938 2441 ita
1970 2385 2148 2439 multo
2179 2393 2302 2453 post
2335 2383 2574 2438 Herodis
2608 2398 2833 2453 quoque
2871 2397 3124 2452 regnum,
3156 2383 3250 2452 qui
3278 2383 3446 2437 Joan—

1864 2493 1991 2532 nem
2023 2477 2327 2538 occiderat,
2369 2475 2522 2530 addit
2551 2494 2565 2530 :
2598 2474 2817 2530 Herode
2864 2476 2984 2546 ipso
3019 2491 3126 2530 una
3173 2491 3296 2530 cum
3333 2473 3438 2528 lle-

1865 2569 2094 2627 rodiade
2133 2583 2328 2634 uxore,
2371 2567 2628 2639 plurimis
2657 2567 2726 2622 de
2769 2569 2973 2633 causis,
3014 2579 3073 2622 ut
3109 2578 3165 2621 et
3204 2568 3446 2638 Josepho

1867 2661 2109 2725 videtur,
2161 2669 2436 2731 perpetuo
2486 2659 2543 2714 in
2598 2659 2890 2715 occidente
2929 2660 3100 2715 exilio
3149 2661 3441 2717 mulctato.

1868 2752 1942 2805 Ea
1980 2761 2142 2806 aetate
2191 2761 2249 2805 et
2296 2747 2456 2805 Philo
2497 2748 2708 2815 ﬂoruit,
2752 2750 2840 2803 vir
2875 2765 2985 2805 non
3036 2759 3249 2803 tantum
3299 2751 3445 2817 apud

1867 2855 2111 2908 nostros,
2166 2860 2356 2898 verum
2386 2845 2556 2900 etiam
2597 2845 2746 2914 apud
2782 2841 3046 2914 profanos
3083 2842 3449 2914 pbilosoiihos

1869 2937 2127 2992 celebris.
2178 2936 2394 2992 Genere
2448 2936 2496 2991 is
2547 2937 2772 2992 Iudaeus
2823 2938 2948 3003 fuit,
2990 2940 3138 2992 inter
3188 2940 3341 2992 cives
3393 2948 3452 2991 et

1869 3030 2221 3098 magistratus
2266 3027 2671 3084 Alexandrinos
2699 3029 2903 3085 clarus.
2930 3029 3179 3095 Quantus
3204 3029 3292 3083 ille
3324 3029 3447 3096 qui-

1871 3121 1996 3174 dem
2035 3121 2087 3173 in
2131 3119 2325 3189 patriis
2353 3119 2665 3186 disciplinis
2706 3121 2900 3183 fuerit,
2943 3131 3224 3190 quantove
3259 3123 3312 3175 in
3349 3137 3445 3176 eas

1872 3213 2064 3268 labore
2094 3211 2436 3280 incubuerit,
2467 3213 2583 3282 ipsa
2617 3229 2705 3267 res
2736 3215 3000 3270 declarat.
3025 3216 3279 3280 Quantus
3315 3232 3446 3269 vero

1877 3304 2042 3360 etiam
2073 3305 2128 3359 in
2163 3304 2492 3360 liberalibus
2526 3314 2769 3360 externa;
2808 3305 3172 3376 philosophia:
3208 3305 3444 3368 artibus,

1872 3397 2006 3468 quid
2041 3398 2243 3452 attinet
2276 3398 2504 3453 dicere?
2537 3397 2784 3476 Platonis
2814 3414 3053 3468 namque
3087 3410 3142 3453 et
3174 3399 3449 3469 Pythago-

1871 3508 1946 3547 ra:
1994 3494 2310 3548 institutum
2359 3507 2713 3560 summopere
2748 3492 3062 3552 simulatus.
3110 3507 3305 3546 omnes
3360 3493 3447 3546 sui

1872 3586 2145 3655 temporis
2174 3584 2542 3654 philosoiihos
2581 3584 2744 3654 longe.
2770 3599 3065 3653 superasse
3092 3585 3319 3638 dicitur.
3351 3584 3450 3638 Hic

1874 3691 1962 3730 res
2016 3676 2277 3730 Judaicas
2324 3679 2428 3730 sub
2467 3678 2601 3731 Caio
2651 3677 2902 3745 quinque
2952 3676 3110 3730 libris
3155 3684 3241 3731 est
3297 3693 3452 3730 com-

1872 3770 2092 3837 plexus,
2150 3772 2202 3824 in
2263 3769 2469 3840 quibus
2518 3770 2688 3823 etiam
2736 3786 2992 3824 vesanam
3047 3772 3170 3840 ejus
3217 3770 3450 3824 demen-

1874 3863 2003 3916 tiam
2024 3862 2124 3932 (2),
2153 3871 2344 3931 etquae
2376 3863 2466 3917 ille
2499 3863 3061 3917 contumeliosissime
3096 3863 3447 3930 improbissi-

1872 3971 2067 4025 meque
2096 3957 2147 4010 In
2185 3956 2417 4024 imperio
2442 3973 2542 4010 suo
2564 3957 2735 4026 egerit
2754 3957 2852 4026 (5).
2883 3965 3092 4025 etquas
3120 3956 3222 4009 sub
3255 3971 3450 4009 eorum

1871 4048 2044 4103 Judmi
2099 4047 2434 4118 pertulerint
2481 4049 2850 4112 calamitates,
2903 4049 3278 4118 persequitur.
3325 4049 3451 4102 Illo-

1874 4155 1996 4193 rnm
2026 4139 2290 4193 nimirum
2320 4140 2499 4208 gratia
2543 4149 2731 4194 orator
2763 4155 2986 4209 quoque
3018 4140 3248 4193 Romam
3279 4141 3454 4202 venit,

1874 4233 2102 4285 ubicum
2119 4234 2264 4301 apud
2278 4233 2468 4288 Caium
2493 4247 2595 4301 pro
2610 4232 2814 4287 ludatis
2829 4233 2905 4301 (4)
2929 4233 3230 4302 patriisque
3256 4247 3449 4286 eorum

1873 4320 2090 4388 legibus
2118 4332 2175 4374 et
2201 4322 2451 4375 moribus
2473 4321 2785 4375 orationem
2813 4321 3061 4386 haberet,
3098 4325 3269 4376 risum
3297 4323 3449 4383 inde,

1873 4423 1930 4466 et
1964 4422 2231 4481 praeterea
2259 4415 2395 4468 nihil
2429 4415 2640 4469 retulit.
2677 4417 2876 4470 Parum
2902 4431 3036 4469 vero
3060 4416 3450 4479 abfuitetiain,

1875 4505 2008 4572 quin
2055 4505 2122 4560 de
2175 4506 2286 4560 vita
2332 4522 2557 4575 quoque
2593 4507 2668 4561 ibi
2713 4507 3144 4576 periclitaretur,
3183 4509 3453 4577 quemad-

199 4599 456 4668 Ἰώσηπος
486 4600 784 4668 μέμνηται.
824 4616 841 4648 ι
870 4597 1122 4657 Στάσεως
1148 4596 1279 4665 γάρ,
1304 4596 1492 4664 φησὶν,
1518 4595 1575 4646 ἑν
1618 4593 1762 4645 Ἀλε·

1876 4596 2100 4649 modum
2134 4598 2256 4668 ejus
2294 4598 2349 4650 in
2384 4597 2603 4654 decimo
2650 4610 2847 4653 octavo
2896 4599 3264 4653 Historiarum
3310 4601 3451 4654 libro

190 4691 440 4760 ξινδρεία
494 4693 800 4760 γενομένης
856 4688 1131 4742 Ἰουδαίων
1178 4703 1238 4738 τε
1288 4684 1337 4737 οἶ
1373 4686 1646 4739 ἐνοικοῦσι
1678 4687 1770 4737 καὶ

200 4782 507 4851 Ἑλλήνων,
543 4784 693 4850 τρεῖς
727 4780 821 4848 ἀφ’
861 4780 1135 4849 ἑκατέρας
1182 4777 1281 4847 τῆς
1333 4778 1579 4840 στάσεως
1636 4793 1772 4844 πρε-

190 4879 414 4927 σέλευταὶ
450 4873 786 4946 αἱρεθέντες,
818 4872 1074 4942 παρῆσαν
1101 4871 1176 4933 ὡς
1216 4873 1309 4924 τὺν
1355 4870 1540 4922 Γάϊον·
1580 4869 1673 4921 καὶ
1704 4865 1771 4936 ἦν

188 4969 290 5038 γὰρ
337 4969 449 5021 τῶν
495 4965 898 5032 Ἀλεξανδρέων
951 4963 1241 5032 πρέσϐεων
1291 4960 1372 5024 εἷς
1439 4962 1668 5026 Ἀπίων,
1712 4961 1770 5023 ὃς

190 5062 358 5113 πολλὰ
396 5064 481 5123 εἰς
528 5061 655 5120 τοὺς
700 5058 988 5119 Ἰουδαίους
1031 5056 1483 5126 εϐλασφήμησεν·
1535 5056 1672 5109 ἄλλα
1710 5073 1769 5106 τε

190 5156 378 5219 λέγων,
419 5153 520 5205 καὶ
567 5152 643 5213 ὡς
702 5152 809 5202 τῶν
863 5150 1143 5218 Καίσαρος
1207 5149 1511 5218 περιορῷεν
1566 5148 1766 5218 τιμῶν.

191 5250 411 5299 Πάντων
439 5247 553 5313 γὰρ
579 5245 694 5296 ὅσοι
721 5246 784 5311 τῇ
819 5244 960 5311 ἀρχῇ
1004 5242 1294 5309 Ῥωμαίων
1332 5240 1632 5302 ὑποτελεῖς,
1667 5241 1768 5307 βω-

193 5341 321 5401 μοὺς
353 5339 432 5408 τῷ
467 5337 619 5403 Γαΐῳ
659 5337 756 5387 κα).
802 5333 940 5394 νεὼς
988 5332 1313 5401 ἱδρυμένων,
1339 5331 1410 5381 τά
1448 5347 1505 5382 τε
1543 5330 1674 5382 ἄλλα
1711 5334 1770 5384 ἐν

243 5470 332 5538 ’(1)
372 5470 673 5537 Agrippam
703 5465 871 5538 Caius
904 5465 1094 5538 Caesar:
1114 5479 1144 5517 e
1174 5459 1411 5538 vinculis
1435 5459 1765 5538 liberatum,

192 5531 366 5606 regem
388 5531 710 5592 tevtrarcbiae
737 5537 1060 5606 Ριιὶίιμνίυι
1077 5533 1321 5602 Lysauia:
1343 5531 1493 5585 fecit.
1517 5531 1764 5606 (loseph.

191 5603 280 5662 liti.
317 5625 472 5666 xviii,
498 5623 603 5674 cap
651 5606 752 5667 l5;
785 5608 856 5658 De
882 5603 1001 5658 bell.
1032 5604 1179 5666 Jud.,
1207 5605 1303 5656 lib.
1343 5615 1402 5662 ιι,
1429 5615 1548 5668 cap.
1576 5603 1654 5669 5.)

260 5683 331 5747 l2)
371 5680 494 5732 Lib.
533 5695 611 5732 I.\.
647 5692 766 5745 cap.
808 5676 858 5729 'I.

261 5743 534 5810 13',lnitin
576 5743 820 5814 Caligula
869 5761 925 5799 se
977 5744 1296 5812 pepnlarem
1350 5743 1611 5805 ostendit,
1647 5743 1766 5796 ani-

196 5835 407 5885 mosque
445 5833 501 5882 et
541 5819 720 5871 studia
759 5818 1039 5868 hominum
1080 5817 1132 5868 in
1174 5829 1232 5869 se
1264 5817 1530 5871 incendit.
1564 5815 1769 5867 Deinde

198 5907 316 5943 varo
386 5894 539 5942 luxu.
600 5891 1020 5942 icconunent‘a.
1078 5897 1387 5950 atrocitate,
1437 5887 1662 5938 avaritia
1716 5895 1770 5937 et

524 5990 790 6047 Ρλτεοι.
841 5987 928 6045 Gs
1005 5986 1247 6046 CXLV.

1877 4688 2023 4741 circa
2075 4689 2238 4742 tinem
2287 4688 2563 4759 Josephus
2613 4691 2907 4746 meminit;
2945 4711 2964 4741 ι
3013 4691 3323 4755 Seditione,
3363 4692 3451 4744 iu-

1877 4781 2016 4845 quit,
2066 4781 2412 4835 Alexandriae
2459 4783 2604 4837 inter
2646 4781 2868 4837 Judaos
2916 4782 2993 4836 ibi
3046 4784 3349 4837 incolentes
3395 4794 3454 4836 et

1873 4869 2092 4925 Graecos
2113 4883 2256 4937 orta,
2273 4875 2415 4927 terni
2435 4875 2502 4929 ab
2525 4885 2758 4943 utraque
2777 4874 3010 4930 [actione
3033 4887 3283 4928 oratores
3301 4875 3426 4929 lecti
3437 4916 3452 4936 .

1875 4967 2018 5034 apud
2059 4966 2251 5020 Caium
2289 4967 2542 5022 aderant.
2595 4967 2750 5023 Unus
2782 4983 2851 5022 ex
2897 4970 3092 5037 legatis
3126 4970 3452 5022 Alexandri-

1875 5061 1962 5112 nis
1995 5060 2208 5128 Appion
2246 5059 2372 5113 fuit.
2403 5061 2453 5114 ls
2486 5061 2564 5130 (ὅ)
2601 5076 2728 5114 cum
2779 5061 2950 5114 multa
2989 5063 3191 5114 acerbe
3243 5062 3294 5114 in
3348 5062 3449 5115 Ju-

1875 5150 2020 5204 dreos
2071 5151 2322 5215 dixisset,
2388 5162 2501 5206 tum
2560 5153 2695 5206 illud
2749 5167 2973 5222 quoque
3034 5153 3256 5221 adjecit,
3298 5154 3448 5221 quod

1872 5242 2103 5296 Cmsaris
2155 5245 2499 5313 negligerent
2553 5255 2719 5311 atque
2775 5244 3128 5312 deSpicerent
3184 5244 3447 5296 honores.

1878 5333 2040 5404 148
2079 5336 2215 5389 Cum
2249 5336 2398 5390 enim
2430 5337 2522 5391 alii
2574 5338 2765 5406 populi
2801 5352 3015 5400 omnes,
3053 5337 3144 5404 qui
3193 5338 3296 5390 sub
3345 5337 3450 5391 Ro-

1872 5465 2019 5517 vitiis
2047 5462 2324 5525 omnibus,
2351 5477 2657 5520 monstrum
2690 5466 2963 5520 exhibuit.

1951 5537 2026 5604 (4)
2064 5533 2189 5588 Fuit
2220 5534 2266 5588 is
2295 5536 2482 5590 Romae
2509 5538 2651 5602 apud
2700 5536 2891 5591 Caium
2926 5553 3024 5604 pro
3068 5536 3270 5590 Judieis
3316 5539 3447 5591 Alc-

1876 5605 2156 5658 xandrinis
2188 5615 2372 5658 orator
2408 5624 2422 5658 :
2453 5607 2547 5660 sed
2582 5622 2774 5676 parum
2806 5609 2874 5661 ab
2918 5624 2984 5661 eo
3017 5616 3101 5663 est
3132 5607 3448 5662 humaniter

1873 5686 2152 5744 acceptus.

1948 5746 2023 5819 ὦ)
2053 5745 2224 5799 Judaei
2249 5745 2382 5814 jussi
2417 5763 2444 5799 a
2472 5745 2531 5819 C.
2563 5746 2777 5801 Caesare
2811 5747 3041 5819 eiligiem
3079 5750 3199 5819 ejus
3227 5751 3280 5804 in
3305 5760 3450 5804 tem-

1876 5816 1964 5884 plo
2004 5817 2206 5875 locare,
2239 5831 2390 5870 arma
2423 5818 2605 5884 potius
2645 5816 2931 5887 sumpsere
2964 5836 2977 5872 :
3016 5816 3182 5887 quem
3235 5833 3446 5876 motum

1875 5887 2104 5940 Cesaris
2128 5900 2275 5940 inors
2306 5888 2546 5941 diremit.
2579 5888 2776 5947 (Tacit.
2805 5890 2898 5941 lib.
2932 5907 3066 5956 xxi.)

2964 5985 3040 6042 ‘25
