4212 6440
210 392 327 500 ’785

1178 443 1780 511 ΕΕΟΙιΕὸῐΑΞΤΙΩρῑ
1820 450 2214 513 IIISTORI/E
2256 454 2404 513 LIB.
2449 453 2533 514 II.

3382 441 3487 506 786

217 551 486 620 μαχαίρᾳ.
515 572 533 606 ι
570 553 707 623 Περὶ
738 554 797 609 οὗ
829 556 921 609 καὶ
951 555 1182 629 Κλήμης
1205 561 1234 613 δ
1262 564 1616 631 στρωματεϋς
1646 564 1703 616 εν
1737 566 1804 633 τῇ

1921 566 2023 621 dio.
2069 586 2088 619 ι
2130 568 2206 623 De
2244 583 2355 638 quo
2406 567 2660 623 Clemens
2692 579 2915 635 quoque
2948 560 3324 634 στρωματεὺς,
3387 576 3484 615 seu

214 643 423 715 ἑϐδόμῃ
453 645 562 698 τῶν
602 646 1071 703 ’Υποτυπώσεων
1123 652 1342 723 μνήμης
1375 653 1527 719 ἀξιον
1578 656 1802 725 ἱστορεῖ,

213 735 285 788 ἐκ
313 735 633 803 τῆῖάνωθεν
664 741 1013 809 παραδόσεως
1040 743 1318 814 εδληφὲναι
1335 748 1557 812 φάσκων
1585 752 1649 799 αὑ
1662 749 1754 818 τήν
1786 764 1801 779 ο

221 824 489 900 «Ὅτιπερ
517 832 641 895 θείς
670 832 730 885 τὸ
756 834 1058 904 μαρτύριον
1085 834 1308 905 ἀγαγὼν
1323 838 1504 903 αὐτὸν,
1536 838 1661 892 ἰδὼν
1692 842 1806 894 αὑ-

214 924 312 977 τὸν
370 927 602 997 γενναίῳ
643 926 822 1009 ψυχῆς
892 932 1801 1006 παραστήματι’διαγωνιζόμενοη

219 1013 552 1085 Χριστιανὸν
606 1019 700 1072 καὶ
734 1021 899 1084 αὐτὸς
923 1023 1113 1075 ἑαυτὸν
1134 1020 1272 1079 εἶναι
1300 1028 1637 1097 ἀνωμολὸγει
1668 1043 1686 1062 ο
1714 1033 1805 1083 καὶ

220 1106 391 1175 ἄμφω
414 1103 529 1173 οὖν,
572 1112 728 1178 φησὶ,
772 1115 1204 1186 συναπήχθησαν
1237 1133 1253 1149 ·
1283 1136 1302 1169 ι
1354 1121 1447 1172 καὶ
1516 1121 1657 1175 κατά
1706 1121 1805 1192 τὴν

219 1198 343 1252 ὁδὸν
374 1202 610 1271 ἠξίωσεν
639 1202 787 1273 αὑτῷ
822 1206 1094 1277 ἀφεθῆναι
1148 1208 1252 1262 ὑπὸ
1306 1208 1597 1266 Ἰακώϐου.
1642 1214 1701 1267 Ὀ
1760 1214 1805 1268 δ’

220 1288 410 1358 ὀλίγον
442 1291 811 1361 σκεψάμενος.
833 1296 1037 1367 Εἰρήνη
1069 1314 1173 1361 σοι,
1221 1294 1345 1351 εἷπε
1378 1319 1394 1333 ·
1445 1301 1540 1353 καὶ
1584 1302 1809 1370 κατεφί-

225 1376 395 1445 λησεν
418 1380 583 1434 αὐτόν
601 1397 617 1412 υ
640 1383 736 1435 καὶ
759 1382 930 1447 οὕτως
958 1386 1260 1457 ἀμφότεροι
1285 1389 1804 1461 ἑκαρατομήθησαν.

234 1467 386 1522 Ἰδών
432 1487 494 1539 γε
522 1473 631 1543 μὴν
673 1474 943 1545 Ἡρώδης,
982 1475 1057 1536 ὥς
1090 1479 1306 1548 φησινή
1336 1476 1458 1532 θεία
1485 1480 1699 1550 Γραφὴ,
1730 1481 1807 1545 ώς

222 1564 368 1633 πρὸς
392 1564 588 1633 ἡδονῆς
619 1561 687 1637 ἦν
730 1567 1011 1632 Ἰουδαίοις
1055 1569 1088 1638 ἡ
1133 1569 1226 1623 τοῦ
1280 1570 1541 1625 Ἰακώϐου
1586 1572 1808 1643 ἀναίρε-

224 1671 334 1719 σις,
365 1659 458 1710 καὶ
484 1657 690 1728 Πίερον
714 1660 953 1731 συσχὼν,
988 1661 1093 1715 ὑπὸ
1122 1665 1371 1733 φρουράν
1398 1664 1591 1731 ἐτίθει,
1619 1665 1808 1719 ἁλύσει

226 1749 428 1822 βαρείᾳ
471 1752 805 1823 περιϐαλὼν,
845 1757 939 1808 καὶ
986 1756 1086 1827 τὴν
1140 1757 1354 1812 ἑκείνου
1414 1759 1703 1829 ἀναίρεσιν
1750 1760 1810 1813 ιν

1907 669 2217 724 contestor,
2253 659 2519 714 memoria
2551 657 2811 729 quiddam
2872 655 3099 725 dignum
3136 654 3189 708 in
3243 652 3485 723 septimo

1907 753 2328 822 Dispositionum
2376 753 2518 807 libro
2573 769 2639 808 ex
2699 753 2965 822 majorum
2998 748 3290 803 traditione
3333 760 3490 800 acce-

1907 854 2062 916 ptum
2096 845 2355 916 scripsit:
2401 864 2420 897 ι
2455 845 2614 912 Quod
2649 844 2717 908 is,
2751 843 2844 912 qui
2864 842 3030 906 jllum
3071 840 3136 893 ad
3162 838 3485 909 martyrium

1907 937 2162 1004 ducebat,
2200 953 2325 994 cum
2360 953 2486 993 eum
2536 951 2801 1007 generose
2854 932 3171 994 admodum,
3206 942 3261 985 et
3292 942 3486 999 magna

1907 1046 2033 1087 cum
2075 1032 2383 1086 constantia
2411 1030 2477 1084 ad
2501 1027 2832 1099 supplicium
2870 1026 2948 1080 ire
2973 1024 3209 1084 videret,
3244 1037 3302 1075 se
3349 1035 3486 1088 quo-

1909 1139 2019 1193 que
2052 1122 2430 1179 Christianum
2463 1137 2583 1176 esse
2609 1119 2888 1190 professus
2908 1119 2996 1173 sit.
3026 1117 3267 1184 Uterque
3296 1114 3482 1183 igitur,

1909 1215 2113 1285 inquit,
2140 1214 2307 1270 simul
2337 1213 2565 1268 abducti
2586 1220 2737 1266 sunt.
2783 1230 2801 1263 ι
2843 1212 3021 1279 Atque
3048 1211 3191 1262 inter
3216 1205 3484 1264 eundum.

1908 1320 2105 1361 noxam
2140 1304 2245 1360 sibi
2271 1305 2361 1360 ille
2391 1320 2421 1359 a
2463 1302 2673 1358 Jacobo
2707 1301 2912 1357 remitti
2944 1299 3185 1368 rogavit.
3220 1294 3483 1350 Jacobum

1907 1412 2077 1467 porro
2100 1397 2384 1466 paululum
2415 1395 3037 1463 deliberassezmoxque
3065 1392 3133 1446 ad
3167 1390 3341 1452 illum,
3380 1387 3485 1442 Pax

1907 1488 2032 1555 tibi,
2060 1488 2287 1543 dixisse:
2313 1488 2678 1558 osculumque
2710 1486 2780 1541 ad
2811 1500 3002 1541 vocem
3029 1499 3150 1538 eam
3184 1481 3486 1540 adtIIdiSSt',

1908 1581 2063 1636 etsic
2092 1590 2389 1652 utrumque
2424 1581 2608 1651 capite
2658 1588 2982 1634 truncatum
3041 1592 3185 1631 esse.
3247 1574 3491 1629 lItBI‘OIICa

1909 1680 2117 1736 autem,
2152 1680 2214 1727 ut
2247 1688 2403 1728 saera
2432 1671 2614 1743 inquit
2644 1671 2954 1744 Scriptura,
2985 1685 3108 1726 eum
3141 1677 3352 1738 gratam
3373 1660 3509 1719 esse

1907 1763 2111 1820 Judzeis
2124 1763 2314 1821 Jacobi
2343 1765 2550 1821 caedem
2607 1764 2842 1830 videret,
2872 1763 3098 1819 Petrum
3120 1760 3311 1814 itidem
3343 1775 3496 1813 cmu-

229 1840 434 1945 μελέτῃ
491 1841 556 1945 δὴ
619 1837 763 1945 εἶχε..
818 1844 939 1945 Κᾶν
988 1845 1199 1917 ἔπραξε
1253 1847 1314 1902 τδ
1363 1849 1599 1916 ἀνόσιον,
1649 1851 1699 1911 εί
1734 1851 1809 1922 μὴ

1921 1855 2276 1924 prehensum,
2335 1856 2603 1927 gravique
2641 1863 2835 1913 eatena
2881 1855 3152 1914 vinetum,
3200 1851 3253 1904 in
3306 1857 3494 1903 custo-

487 1907 718 2000 ἄγγελος
746 1907 1128 2001 ἐπιστὰς,τών
1152 1907 1262 2008 -μὲν
1295 1937 1514 2009 δεσμῶν
1551 1907 1759 2009 ἀνῆκεν
1792 1907 1809 1971 Σ

1921 1946 2060 2002 diam
2098 1948 2358 2019 conjecit,
2392 1947 2684 2018 eidemque
2720 1946 3051 2018 supplicium
3097 1943 3288 1999 itidem
3344 1941 3496 2007 capi-

225 2023 307 2085 είς
329 2022 387 2076 δὲ
406 2025 503 2094 τὴν
525 2025 617 2079 τοῦ
657 2027 1013 2098 κηρύγματος
1041 2029 1197 2093 αὖθις
1221 2030 1477 2086 ὡδοποίει
1509 2033 1809 2088 διακονίαν.

1921 2038 2018 2093 tale
2050 2038 2276 2095 molitus
2304 2047 2411 2095 est.
2447 2039 2515 2094 Et
2552 2037 2872 2108 perfecisset
2926 2035 3021 2090 ille
3070 2035 3293 2102 impiam
3333 2029 3484 2083 illam

227 2115 346 2223 καῖ
368 2117 434 2171 τά
458 2118 560 2188 μὶν
595 2119 695 2188 τῆς
740 2122 883 2174 κατά
912 2122 1119 2192 Πέτρον
1180 2123 1334 2187 θείας
1396 2126 1707 2197 οἰκονομίας
1752 2128 1812 2180 ιν

1921 2131 2140 2196 eaedem,
2174 2131 2282 2187 nisi
2305 2132 2536 2201 angelus
2550 2141 2713 2187 noctu
2733 2127 3059 2190 adveniens,
3086 2122 3489 2179 vinculisillum

223 2212 442 2271 τούτοις
479 2224 496 2240 ·
536 2212 606 2264 τὰ
636 2212 694 2266 δὲ
725 2214 824 2283 τῆς
851 2216 996 2269 κατά
1028 2215 1138 2269 τῶν
1165 2217 1486 2273 ἀποστόλων
1532 2221 1816 2291 ἐπιχειρη-

1921 2221 2226 2289 liberasset,
2262 2232 2319 2279 et
2377 2224 2433 2277 in
2466 2223 2764 2292 pristinum
2804 2218 3142 2291 praedicandi
3199 2215 3357 2270 verbi
3395 2214 3494 2267 ηιὶα

228 2317 376 2404 eam;
423 2301 664 2371 Ἡρώδου
690 2305 869 2358 οὐκέτ’
924 2308 983 2360 ιν
1022 2306 1316 2371 ἀναϐολαῖς
1361 2303 1502 2379 ἦσαν
1556 2314 1620 2379 τῇ
1662 2311 1811 2383 δίκῃ,

1921 2312 2211 2367 uisterium
2257 2313 2595 2369 reduxisset.
2647 2313 2826 2383 Atque
2855 2312 3113 2381 equidem
3172 2323 3261 2363 res
3293 2306 3492 2360 divinae

224 2392 440 2501 ἀλλ’ξξ
496 2395 667 2501 αίιτῆς
726 2397 938 2470 μετῄει,
999 2397 1201 2471 καίπερ
1244 2400 1467 2455 είωθυῖα
1525 2400 1808 2473 βραδύνειν

1921 2405 2299 2476 dispositionis
2328 2406 2396 2463 de
2428 2407 2613 2472 Petro,
2643 2406 2722 2462 sic
2759 2420 2818 2460 se
2849 2413 2963 2459 tum
3016 2403 3279 2457 habuere.
3320 2400 3494 2454 Caete-

226 2486 308 2547 ὠς
329 2486 401 2538 τὰ
428 2488 622 2541 πολλά.

1921 2511 2039 2551 rum
2065 2496 2307 2552 vindicta
2333 2506 2593 2552 conatum
2651 2494 2885 2550 llerodis
2933 2495 2987 2549 in
3024 2490 3305 2562 apostolos
3335 2486 3492 2540 neta-

225 2588 377 2635 rium
402 2594 779 2656 persecutura,
821 2588 1047 2645 minime
1076 2589 1371 2658 cessabat;
1416 2590 1515 2647 sed
1544 2606 1667 2662 qua
1711 2591 1846 2649 alias
1890 2603 1947 2648 ut
2013 2594 2311 2664 plurimum
2353 2593 2557 2648 tardior
2589 2607 2709 2648 esse
2761 2591 3070 2655 consuevit,
3130 2597 3243 2640 tum
3297 2589 3494 2654 praesto

226 2678 421 2735 statim
450 2678 629 2736 aﬂuit.

831 2810 1082 2866 ΚΕΦΔΛ.
1120 2811 1227 2876 Ιῐ“’.

240 2920 347 2986 Ὠς
378 2921 729 2991 Ἀγριππας.
758 2925 791 2977 ὁ
813 2925 911 2977 καί
937 2923 1232 2992 Ἡρώδης,
1259 2924 1400 2990 τοὺς
1424 2924 1813 2991 ἀποστόλους

304 2992 560 3059 ἐλάσας.
596 2995 760 3061 θείας
788 2994 963 3062 δίκης
987 2994 1203 3048 αὐτίκα
1236 2995 1610 3063 πεπείραται.

322 3178 481 3231 Ἐπεὶ
512 3178 623 3247 γάρ
679 3177 818 3247 μετά
840 3176 941 3248 τὴν
982 3178 1124 3231 κατά
1156 3178 1269 3230 τῶν
1327 3177 1645 3229 ἀποστόλων
1677 3177 1812 3239 ἷὲπι-

2499 2809 2725 2867 CAPUT
2776 2807 2917 2862 XIII.

1926 2925 1988 2982 Ut
2026 2925 2279 2994 Agrippa,
2319 2914 2408 2993 qui
2450 2936 2499 2977 et
2533 2922 2765 2994 Herodes
2805 2923 2970 2975 dictus
2996 2928 3093 2994 est,
3140 2920 3495 2994 persecutione

1992 2998 2047 3049 in
2070 2990 2349 3064 ⁷ιιροιιοίοε
2385 3002 2551 3063 capta
2574 3032 2590 3058 ,
2638 2993 2873 3046 divinam
2896 2993 3080 3045 statim
3119 2990 3400 3043 uindictam
3432 2991 3497 3039 ait

1992 3074 2260 3135 expertus.

1991 3176 2129 3233 Cum
2159 3175 2365 3231 etenim
2400 3183 2523 3246 post
2575 3189 2702 3229 eum
2729 3214 2743 3238 ,
2782 3173 2876 3243 qui
2912 3170 3093 3227 dictus
3129 3180 3237 3237 est,
3272 3174 3322 3223 in
3374 3187 3505 3240 apo-

234 3272 492 3342 χείρησιν
523 3273 601 3331 εις
631 3269 977 3337 Καισάρειαν
1019 3266 1302 3339 ὥρμησεν,
1363 3270 1420 3321 ὲν
1468 3267 1653 3339 ἡμέρᾳ
1707 3269 1816 3321 τῶν

1921 3270 2093 3326 stolos
2149 3278 2472 3339 susceptum
2530 3276 2815 3332 conatum,
2871 3266 3175 3321 Caesaream
3237 3259 3501 3327 venisset,

233 3361 533 3430 ἐπισήμων
574 3358 766 3425 ισθῆτι
805 3359 1098 3429 περιφανεῖ
1136 3358 1579 3429 κοσμησάμενον,
1640 3358 1819 3412 διάτο-

238 3459 335 3526 ρόν
370 3471 430 3508 τε
461 3454 556 3508 καὶ
598 3453 852 3524 λαμπρὸν
902 3453 1012 3525 πρὸ
1060 3452 1154 3508 τοῦ
1199 3452 1518 3507 δικαστικοῦ
1574 3451 1819 3523 βήματος

237 3544 686 3617 δημηγοροῦντα,
717 3544 813 3598 καὶ
856 3544 1032 3617 ταύτῃ
1060 3546 1126 3613 δὴ
1178 3544 1274 3597 τοῦ
1333 3546 1507 3615 δήμου
1556 3542 1821 3595 ἐπιϐοῶν-

232 3656 350 3703 τος,
383 3637 533 3691 Θεοῦ
555 3637 727 3708 φωνῂ
763 3638 861 3689 καί
902 3638 1016 3691 οὐκ
1064 3636 1417 3704 ἀνθρώπων
1477 3634 1702 3701 αὐτίκα,
1757 3633 1822 3687 τὸ

240 3732 390 3802 ἱερὸν
414 3748 548 3802 φησι
577 3731 782 3799 λόγιον,
839 3729 1073 3799 ἄγγελον
1120 3728 1311 3782 τοῦτον
1361 3728 1583 3801 ἀοράτῳ
1635 3728 1821 3798 πληγῇ

237 3823 487 3886 πατάξαι
514 3839 531 3855 ο
573 3820 872 3875 κάντεῦθεν
900 3820 1178 3890 ἁποψύξαι
1205 3820 1504 3890 γενόμενον
1541 3819 1823 3889 σκωληκό-

236 3916 475 3984 ϐρωτον.
514 3915 623 3968 Καὶ
650 3914 713 3984 δὴ
769 3916 870 3967 σὺν
920 3914 1102 3974 ἄλλοις
1146 3913 1242 3968 καὶ
1297 3912 1457 3966 τοῦτο
1518 3912 1822 3983 θαυμάζειν

242 4026 337 4079 μοι
378 4007 611 4067 ἔπεισιν.
646 4009 792 4067 ὅπως
818 4008 846 4059 ὁ
871 4005 1001 4077 παρ’
1040 4004 1315 4076 Ἑϐραίοις
1361 4004 1625 4073 Ἰώσηπος
1655 4004 1825 4060 καθά-

240 4117 356 4154 παν
387 4099 637 4171 συνᾴδειν
671 4098 819 4151 ἔοικε
862 4100 929 4166 τῇ
964 4095 1088 4168 θείᾳ
1138 4097 1336 4167 Γραφῇ
1375 4112 1390 4128 ο
1450 4089 1539 4151 οἷα
1575 4096 1682 4167 γάρ
1729 4097 1823 4150 καὶ

239 4195 375 4264 περὶ
399 4192 497 4261 τῆς
530 4190 790 4260 τελευτῆς
837 4187 1080 4259 Ἡρώδου
1106 4187 1275 4258 ἔν’τῷ
1310 4186 1375 4241 ιθ¹
1408 4191 1509 4259 τῆς
1560 4189 1825 4257 Ἀρχαιο-

238 4286 458 4355 λογίας
528 4283 832 4346 διέξεισιν,
901 4283 1101 4344 αὐταῖς
1164 4280 1345 4347 λέξεσι
1405 4280 1820 4353 παραθήσομαι.

242 4398 263 4433 ι
296 4379 520 4448 Τρίτον,
556 4376 742 4444 φησιν,
772 4374 891 4436 ἔτος
922 4373 1076 4444 αὒτῷ
1102 4374 1201 4443 τῆς
1256 4374 1385 4443 ὅλης
1417 4372 1688 4434 Ἰουδαίας
1721 4371 1821 4443 βα-

236 4470 512 4526 σιλεῦοντι
545 4470 875 4538 πεπλήρωτο
908 4483 923 4497 ο
959 4467 1054 4521 καὶ
1099 4467 1281 4536 παρῆν
1307 4468 1387 4530 είς
1428 4465 1585 4518 πόλιν
1613 4465 1823 4518 Καισά-

1921 3365 2125 3422 celebri
2161 3365 2401 3435 quodam
2432 3364 2544 3427 die,
2582 3362 2871 3435 splendida
2900 3372 3132 3418 ornatus
3168 3372 3345 3422 veste,
3388 3376 3501 3413 ma-

1922 3473 2028 3529 gna
2091 3458 2247 3513 vocis
2281 3459 2638 3521 contentione
2684 3455 3063 3511 vehementius
3115 3453 3505 3523 copiosiusque

1922 3566 2024 3621 pro
2053 3550 2313 3605 tribunali
2344 3549 2411 3604 ad
2466 3549 2734 3620 populum
2784 3547 2954 3601 verba
3017 3547 3168 3601 fecit.
3212 3545 3292 3599 Ad
3344 3545 3505 3613 cujus

1923 3643 2234 3699 orationem
2290 3656 2415 3696 cum
2474 3640 2632 3711 plebs
2676 3639 3065 3696 acclamasset:
3126 3637 3221 3691 Dei
3247 3653 3365 3694 vox,
3405 3652 3504 3687 non

1922 3736 2175 3798 hominis,
2207 3732 2524 3799 confestim,
2583 3742 2643 3787 ut
2686 3747 2856 3787 sacra:
2918 3730 3141 3785 Litterie
3202 3731 3503 3799 inquiunt,

1923 3827 2152 3898 angelus
2182 3827 2398 3882 occulta
2436 3826 2594 3895 plaga
2624 3840 2751 3881 eum
2783 3824 3109 3879 mulctavit:
3166 3822 3310 3876 unde
3340 3823 3503 3875 etiam

1923 3934 1955 3973 a
1983 3919 2261 3973 vermibus
2305 3930 2573 3972 corrosus
2626 3922 2793 3985 atque
2826 3920 3192 3981 consumptus
3220 3950 3234 3975 ,
3269 3910 3506 3963 animam

1924 4014 2056 4083 egit.
2084 4011 2383 4066 Enimvero
2408 4020 2609 4079 praeter
2661 4008 2790 4070 alia,
2846 4006 2982 4061 illud
3039 4018 3260 4075 quoque
3319 4002 3506 4055 mirari

1927 4106 2061 4160 mihi
2104 4105 2158 4159 in
2200 4111 2440 4159 mentem
2472 4103 2645 4165 venit,
2677 4099 2824 4171 quod
2871 4097 3231 4151 Hebrworum
3284 4092 3510 4147 Itistod-

1927 4213 2027 4254 cus
2050 4197 2347 4266 Iosephus,
2371 4195 2428 4249 in
2462 4195 2784 4248 universum
2809 4191 3004 4245 divina:
3038 4188 3338 4257 Scriptura;
3377 4200 3510 4239 con-

1927 4305 2063 4345 sona
2098 4289 2349 4343 scribere
2382 4286 2627 4341 videtur.
2664 4283 2859 4349 Qualia
2902 4296 3138 4349 namque
3164 4279 3233 4331 de
3280 4276 3511 4331 Herodis

1932 4382 2088 4452 153
2120 4381 2274 4436 obitu
2304 4380 2357 4434 in
2393 4378 2609 4433 decimo
2638 4389 2786 4430 nono
2809 4374 3206 4443 Antiquitatum
3228 4368 3372 4425 libro
3395 4381 3511 4423 me-

1928 4486 2107 4529 moret
2138 4473 2241 4543 (l),
2274 4470 2462 4525 verbis
2493 4470 2668 4537 ipsius
2708 4467 2922 4524 referre
2972 4465 3141 4519 libet:
3208 4480 3229 4521 ι
3262 4457 3510 4521 Tertius,

239 4582 415 4636 ρειαν,
448 4564 481 4634 ἠ
520 4563 581 4615 τδ
625 4562 894 4632 πρότερον
940 4560 1260 4629 Στράτωνος
1290 4559 1501 4626 πύργος
1555 4557 1820 4611 ἐκαλεῖτο.

1932 4565 2129 4635 inquit,
2158 4577 2357 4628 annus,
2388 4576 2455 4616 ex
2477 4575 2587 4630 quo
2621 4568 2788 4613 totam
2809 4556 3053 4612 Iudaeam
3079 4552 3326 4623 regebat,
3357 4564 3510 4621 pera-

236 4658 527 4712 Συνετέλει
560 4655 606 4709 δ’
630 4653 868 4707 ἐνταῦθα
896 4653 1130 4724 θεωρίας
1161 4655 1240 4716 εἰς
1300 4653 1400 4723 τὴν
1425 4652 1705 4722 Καίσαρος
1744 4668 1826 4703 τι·

241 4751 375 4823 μὴν,
406 4750 547 4818 ὑπὲρ
580 4750 678 4817 τῆς
704 4746 917 4801 ἐκείνου
955 4746 1235 4816 σωτηρίας
1276 4743 1475 4815 ἑορτήν
1509 4761 1634 4796 τινα
1690 4742 1825 4797 ταύο

235 4862 342 4909 την
364 4842 721 4911 ἐπιστάμενος
741 4857 755 4870 ’
776 4841 870 4892 καὶ
902 4837 1031 4907 παρ’
1065 4838 1234 4906 αὐτὴν
1269 4839 1526 4909 ἡθροιστο
1563 4836 1707 4892 κατὰ
1725 4834 1825 4907 τὴν

238 4936 517 5007 ἐπαρχίαν
556 4937 612 4987 ἑν
637 4934 781 4985 τέλει
812 4937 907 4985 καὶ
935 4930 1361 5002 προϐεϐηκότων
1392 4931 1474 4994 είς
1499 4928 1656 4995 ἀξίαν
1693 4927 1829 4996 πλῆ-

240 5033 359 5093 θος.
400 5027 640 5097 Δευτέρᾳ
671 5026 727 5078 δὲ
751 5026 859 5077 τῶν
890 5024 1135 5094 θεωριῶν
1163 5024 1368 5094 ἡμέρᾳ,
1419 5022 1615 5093 στολὴν
1676 5019 1829 5073 ινδυ-

242 5126 484 5191 σάμενος
514 5119 575 5184 ἐξ
597 5118 839 5189 ἀργύρου
874 5118 1254 5187 πεποιημένην
1312 5118 1517 5181 πᾶσαν,
1562 5116 1639 5179 ὡς
1690 5115 1823 5169 θαυ-

247 5218 448 5284 μάσιον
469 5214 608 5281 tight;
640 5207 802 5272 εἶναι,
834 5211 1117 5280 παρῆλθεν
1166 5212 1245 5273 είς
1276 5210 1335 5263 τὸ
1386 5210 1619 5279 θέατρον
1649 5210 1821 5281 ἀρχο⁶

242 5312 418 5382 μένης
437 5305 847 5377 ἡμέρας.Ἐνθα
870 5307 988 5367 ταῖς
1008 5302 1254 5373 πρώταις
1276 5303 1383 5356 τῶν
1406 5304 1648 5373 ἡλιακῶν
1672 5305 1827 5358 ἀκτί-

250 5418 359 5455 νων
397 5397 677 5459 ἐπιϐολαῖς
709 5395 997 5466 δᾶργυρος
1037 5394 1461 5462 καταυγασθεὶς,
1501 5395 1823 5466 θαυμασίως

245 5488 541 5547 ἀπέστιλϐε
560 5504 573 5517 ·
602 5488 929 5559 μαρμαίρων
954 5504 1007 5540 τι
1038 5486 1267 5555 φοϐερδν
1290 5488 1383 5539 καὶ
1401 5489 1512 5548 τοῖς
1544 5489 1624 5548 είς
1660 5485 1826 5539 αὑτὸν

249 5582 568 5646 ἀτενίζουσι
596 5580 888 5651 φρικῶδες.
924 5579 1098 5643 Εὐθὺς
1120 5580 1177 5632 δὲ
1209 5580 1258 5632 οῖ
1308 5579 1539 5641 κόλακες
1572 5580 1670 5637 τὰς
1720 5578 1828 5631 οὐδ’

248 5676 452 5743 ἐκείνῳ
476 5673 613 5740 πρὸς
641 5671 848 5739 ἀγαθοῦ
882 5670 1041 5733 ἄλλος
1072 5670 1298 5724 ἄλλοθεν
1333 5669 1518 5738 φωνὰς
1560 5669 1826 5735 ἀνεϐόων,

245 5769 387 5823 Θεὸν
417 5764 919 5839 προσαγορεύοντες
953 5780 965 5793 ·
1005 5764 1250 5833 Εὐμενὴς
1278 5764 1417 5831 είης,
1455 5762 1819 5830 ἐπιλέγοντες⁸

1926 4665 2049 4711 ctus
2087 4655 2290 4717 fuerat,
2321 4667 2447 4708 eum
2480 4651 2525 4705 is
2561 4651 2846 4715 Caesareae,
2882 4664 3004 4717 qua:
3034 4656 3195 4701 antea
3231 4641 3514 4698 Stratonis

1923 4748 2098 4803 turris
2121 4755 2313 4803 vocata
2346 4747 2547 4807 fuerat,
2580 4750 2749 4805 esset,
2787 4741 2986 4796 edebat
3021 4738 3096 4792 ibi
3132 4742 3188 4791 in
3237 4736 3509 4789 honorem

1922 4841 2179 4907 Caesaris,
2216 4855 2317 4910 pro
2344 4840 2504 4909 cujus
2533 4838 2735 4899 salute,
2762 4833 2933 4889 festos
2953 4830 3222 4900 quosdam
3258 4826 3514 4881 institue-

1925 4943 2010 4989 rat
2039 4933 2181 4997 dies,
2211 4932 2549 5003 spectacula.
2609 4926 2939 4984 Confluehat
2996 4934 3111 4977 tum
3144 4938 3211 4977 ex
3259 4936 3326 4974 ea
3385 4934 3515 4989 pro-

1922 5027 2132 5091 vincia,
2175 5041 2369 5081 eorum
2403 5025 2497 5095 qui
2552 5024 2909 5092 magisuatus
2966 5028 3022 5072 et
3063 5018 3301 5070 honores
3355 5027 3512 5083 gere-

1932 5118 2087 5184 bant,
2111 5118 2181 5171 ad
2212 5132 2340 5171 eum
2374 5113 2695 5170 multitudo.
2726 5112 2899 5167 Porro
2930 5108 3177 5163 secundo
3225 5113 3511 5174 spectacu—

1931 5210 2110 5264 lorum
2146 5210 2234 5265 die
2273 5219 2476 5264 vestem
2526 5222 2592 5261 ex
2648 5214 2878 5272 argento
2906 5203 3048 5256 miro
3086 5199 3325 5252 artificio
3377 5212 3508 5251 eon-

1933 5315 2136 5361 textam
2170 5302 2368 5366 induit,
2405 5309 2462 5354 et
2491 5300 2547 5354 in
2589 5299 2865 5352 theatrum
2900 5309 3023 5348 cum
3055 5294 3231 5360 prima
3260 5291 3383 5343 luce
3414 5304 3510 5343 ve-

1934 5399 2034 5453 nit.
2057 5397 2137 5451 Ibi
2169 5395 2365 5466 primis
2386 5393 2650 5448 solarium
2678 5388 2964 5443 radiorum
2990 5386 3192 5438 ictibus
3220 5392 3514 5453 argentum.

1937 5492 2275 5544 illustratum
2328 5484 2642 5539 mirandum
2680 5482 2735 5536 in
2767 5482 2989 5533 modum
3026 5475 3369 5537 eoruseabat,
3400 5489 3514 5526 mo-

1941 5580 2206 5633 tnendum
2239 5589 2406 5647 atque
2429 5574 2769 5629 horrendum
2806 5570 3067 5640 quiddam
3100 5566 3511 5634 inspicientium

1937 5673 2113 5728 oculis
2147 5670 2440 5740 splendore
2459 5683 2558 5721 suo
2595 5667 2853 5720 inferens.
2891 5660 3080 5731 Itaque
3144 5666 3519 5713 assentatores

1941 5765 2069 5820 hinc
2107 5774 2161 5820 et
2192 5762 2339 5833 inde,
2368 5760 2598 5819 vocibus
2628 5773 2694 5813 ne
2720 5755 2821 5829 ipsi
2849 5753 3071 5826 quidem
3103 5752 3247 5807 bono
3288 5747 3517 5813 futuris,

325 5902 761 5977 (t)(.‘.ap.8;et
813 5903 884 5958 Dc
915 5903 1036 5958 bell.
1094 5903 1302 5960 luitis.
1358 5904 1456 5960 lib.
1510 5919 1570 5969 ιι,
1628 5919 1745 5974 cap.
1810 5906 1858 5971 ti,
1914 5904 1999 5959 10.
