4212 6440
249 385 353 448 789

1214 394 1819 456 ECCLESIASTIC/E
1864 397 2254 458 HlSTORIxE
2285 399 2433 461 LlB.
2470 399 2551 462 II.

3402 397 3510 461 ’ΐθο

253 505 312 554 ὲν
370 502 549 566 ἄλλοις
607 504 787 559 ἔθνεσι
839 507 929 561 καὶ
977 507 1187 579 πρῶτος
1234 509 1357 574 θεὸς
1412 513 1825 580 προσκυνεῖται.

1937 528 2154 581 quoque
2199 515 2521 570 nationibus
2557 512 2767 582 primus
2798 511 2951 566 deus
2987 509 3212 578 colitur.
3266 509 3409 577 Quin
3450 521 3507 565 et

253 592 364 647 Kal
409 595 596 667 Ἑλένη
627 598 684 652 δέ
709 616 789 662 τις
824 603 1385 671 συμπερινοστήσασα
1432 603 1631 671 τούτῳ,
1686 603 1822 672 πρό-

251 700 412 754 τερον
435 686 482 739 δ’
510 689 601 739 ἐπὶ
628 689 722 742 τοῦ
757 690 949 758 τέγους
972 693 1232 745 σταθεῖσα
1263 693 1321 744 ἐν
1366 692 1531 762 Τύρῳ
1576 694 1675 762 τῆς
1706 693 1826 744 Φοι-

256 777 435 848 νίκης,
456 779 564 832 τῶν
595 780 724 834 ῐσων
750 782 899 851 αὑτῷ
921 782 1166 848 ἀξιοῦται
1201 783 1379 852 γερῶν
1411 801 1425 816 ο
1469 786 1536 855 ἦν
1586 783 1685 854 τὴν
1727 783 1823 838 ἀπ’

254 871 424 924 αὑτοῦ
456 872 683 942 πρώτην
710 872 921 928 ἔννοιαν
962 875 1203 944 λέγουσι.
1253 873 1440 928 Ταῦτα
1471 877 1528 928 tv
1573 876 1641 944 τῇ
1688 873 1827 942 πρὸς

265 957 586 1015 ’Λντωνῖνον
617 963 758 1034 ὕπὶρ
787 964 881 1018 τοῦ
903 964 1027 1018 καθ’
1059 966 1208 1036 ἡμᾶς
1236 965 1510 1035 δόγματος
1553 965 1827 1034 ἀπολογίᾳ.

255 1054 284 1105 6
324 1055 382 1108 ὲν
406 1054 643 1126 μάρτυσι
670 1056 959 1128 φιλόσοφος
995 1061 1284 1124 Ὶουστῖνος
1317 1059 1540 1124 διέξεισι
1573 1075 1588 1091 ο
1630 1056 1702 1111 τὰ
1731 1059 1825 1112 ῐσα

255 1143 314 1197 δὲ
347 1147 443 1198 καὶ
496 1148 786 1218 Είρηναῖος
823 1150 852 1203 6
891 1150 1245 1218 Λουγδούνων
1273 1153 1330 1203 έν
1383 1150 1462 1220 τῷ
1509 1150 1668 1218 Πρὸς
1720 1149 1828 1216 τὰς

254 1239 518 1306 αἱρέσεις
553 1242 755 1313 πρώτῳ
798 1242 942 1312 λόγῳ
974 1242 1166 1307 αὑτοῦ,
1191 1243 1254 1297 οὐ
1274 1243 1410 1297 πολὺ
1459 1244 1566 1295 τῶν
1595 1243 1830 1296 ἀποστόο

255 1331 366 1384 λων
392 1331 610 1402 ὕστεροι
641 1335 930 1402 γεγονότες
951 1352 964 1367 ·
999 1337 1128 1407 περὶ
1160 1331 1234 1390 ῶν
1271 1338 1330 1390 tv
1372 1335 1452 1407 τῷ
1497 1335 1828 1406 προσήκοντι

256 1425 409 1494 τόπῳ
433 1425 501 1478 τὰ
527 1427 713 1480 εἰκότα
749 1427 1070 1498 διέλθωμεν.
1095 1429 1282 1501 Πάσης
1316 1430 1414 1499 μὲν
1441 1424 1534 1483 οὖν
1563 1427 1832 1499 αίρέσεως

256 1515 503 1585 ἀρχηγὸς
544 1518 640 1570 καὶ
695 1519 916 1590 πρῶτος
969 1521 996 1572 6
1046 1521 1233 1588 Σίμων
1288 1514 1431 1574 εἶναι
1470 1519 1828 1573 πιστεύεται·

258 1609 318 1673 ἑξ
346 1604 406 1663 οὖ
440 1612 532 1664 καὶ
560 1612 610 1664 οί
644 1613 701 1674 ις
732 1613 906 1682 δεῦρο
942 1613 1052 1684 δτὴν
1104 1614 1269 1668 αὐτοῦ
1320 1614 1597 1684 μετιόντες
1647 1612 1829 1680 δόξαν,

257 1703 358 1770 τὴν
381 1706 635 1772 σώφρονα
663 1707 754 1758 καὶ
781 1704 1078 1776 ἀκίϐδηλον
1102 1705 1202 1777 τῆς
1238 1707 1382 1761 κατά
1413 1705 1651 1776 Χριστὸν
1683 1706 1835 1776 φιλο·

261 1797 462 1863 σοφίας
509 1796 789 1852 πολιτείαν
833 1798 1274 1870 ὑποκρινόμενοι,
1329 1798 1674 1870 ἀπηλλάχθαι
1731 1801 1834 1864 μὲν

257 1891 359 1957 τῆς
416 1890 543 1959 περὶ
594 1890 664 1943 τὰ
730 1891 928 1945 είδωλα
983 1867 1196 1962 πλάνης
1254 1867 1507 1948 δοκοῦσιν
1537 1867 1748 1948 ’.οὐδὲν
1776 1867 1910 1947 δὲΒ

256 1976 424 2050 ἦττον
457 1983 664 2050 ταύτης
691 1986 1034 2054 ἀντέχονται,
1072 1985 1268 2039 εἴδωλα
1314 1988 1410 2040 καὶ
1458 1986 1675 2050 είκόνας
1733 1987 1834 2039 αὐ-

257 2076 355 2128 τοῦ
393 2093 454 2129 τε
485 2074 734 2146 Σίμωνος
766 2079 860 2131 καὶ
906 2078 1126 2148 Ἑλένης
1154 2080 1255 2149 τῆς
1286 2080 1626 2151 δηλωθείσης
1669 2097 1834 2134 σπον-

256 2167 372 2229 δαῖς
405 2169 498 2220 καὶ
531 2168 854 2237 θρησκείαις
897 2170 1228 2240 θρησκεύειν
1290 2172 1696 2242 ἐπιχειροῦντες
1742 2172 1838 2225 αὐ-

256 2261 412 2320 τούς.
447 2263 528 2315 Τὰ
557 2264 613 2316 δὲ
638 2265 845 2316 τούτων
882 2263 1302 2334 ἀποῤῥητότερα
1327 2265 1575 2334 θάμϐους
1597 2265 1672 2328 ὡς
1705 2266 1838 2336 ἀληέ

257 2353 367 2418 θῶς
401 2356 497 2408 καὶ
530 2356 848 2425 ἐκπλήξεως
880 2359 1068 2427 γέμει,
1092 2358 1317 2412 τοιαῦτά
1351 2375 1416 2427 γε
1448 2359 1598 2419 ὄντα,
1657 2358 1731 2422 ὡς
1761 2359 1834 2428 μὴ

255 2446 500 2514 γραφαῖς
535 2445 694 2498 ἱκανά
723 2443 1124 2500 δίδοσθαιεῖναι
1160 2461 1176 2478 ⁶
1211 2447 1390 2516 πολλῷ
1436 2465 1499 2515 γε
1535 2448 1642 2518 μὴν
1698 2448 1836 2501 ἐνδεῖ

260 2535 564 2605 σωφρόνων
590 2535 796 2606 χείλεσι
835 2537 900 2591 δι’
927 2538 1234 2615 ὑπερϐολὴν
1288 2540 1686 2611 ἀρῤητοποιίας
1736 2539 1836 2592 λαο

258 2627 493 2680 λεῖσθαι.
525 2631 593 2682 ὐ
624 2648 676 2682 τι
703 2629 834 2682 ποτὶ
860 2634 967 2698 γὰρ
1000 2631 1066 2684 ἀν
1103 2627 1220 2702 ᾖ.ἢ
1249 2632 1586 2702 ἐπινοηθείη,
1637 2632 1838 2696 παντὸς

259 2720 494 2791 αἰσχροῦ
532 2738 627 2790 μισ
636 2720 1064 2793 ρώτερον,τοῦτο
1082 2725 1188 2778 πᾶν
1212 2725 1680 2794 ὑπερηκόντισενξή
1698 2724 1837 2779 τῶνο

255 2812 316 2866 δε
344 2815 717 2884 μυσαρωτάτη
777 2817 1010 2884 αἵρεσις,
1062 2819 1184 2881 ταῖς
1229 2816 1444 2879 ἀθλίαις
1498 2818 1594 2872 καὶ
1650 2817 1835 2888 ἀμαρ-

256 2907 407 2970 τίαις
441 2909 883 2978 σεσωρευμέναις
907 2909 1155 2976 γυναιξὶν
1202 2908 1603 2978 ᾶμπαιζόντων.
1646 2907 1838 2961 Τοιοῦ-

262 3017 354 3052 τον
391 2985 605 3070 πατέρα
653 3000 744 3053 καὶ
799 3000 1040 3071 ἀρχηγὸν
1087 3001 1194 3054 τῶν
1233 3001 1488 3068 μεγάλων
1543 3001 1836 3055 ἀντίπαλον

257 3093 501 3161 Χριστοῦ
566 3094 828 3163 μαθητῶν
871 3093 1035 3153 εὐθὺς
1088 3094 1183 3145 καὶ
1234 3095 1298 3146 ἐκ
1334 3093 1637 3163 προοιμίων
1670 3096 1702 3162 ἡ
1737 3094 1836 3162 τῆς

1931 605 2138 659 Helena
2168 605 2244 675 (1)
2285 607 2535 676 quaelam
2561 619 2746 662 comes
2790 603 2929 671 eius,
2965 619 3088 672 qua:
3117 601 3248 671 Tyri
3285 602 3509 657 Phemi-

1932 710 2081 762 cum,
2126 704 2252 752 ante
2284 697 2387 750 bac
2411 697 2465 750 in
2495 696 2748 766 lupanari
2769 710 3001 764 corpore
3037 695 3333 765 prostituto
3359 711 3509 763 qure-

1932 797 2078 844 stum
2107 787 2336 852 fecerat,
2367 804 2555 859 parem
2587 803 2710 842 cum
2749 804 2814 843 eo
2854 791 3120 842 honorem
3170 795 3465 842 consecuta
3493 826 3508 848 ,

1931 881 2125 952 prima)
2147 881 2345 936 mentis
2369 895 2568 934 nomen
2589 879 2826 934 obtinet.
2858 878 2981 933 Haec
3002 879 3080 934 sic
3106 878 3158 932 in
3191 878 3512 934 defensione

1933 971 2292 1041 professionis
2308 979 2508 1026 nostra:
2523 970 2589 1026 ad
2606 971 2941 1025 Antoninum
2963 970 3320 1041 philosophus
3342 970 3514 1023 idem-

1933 1073 2281 1135 que-martyr
2304 1061 2563 1119 Justinus
2591 1070 3017 1118 commemorat.
3051 1061 3264 1126 Quibus
3311 1062 3526 1114 similia-

1934 1169 2157 1225 qnoque
2186 1153 2385 1209 scribit
2418 1155 2474 1210 in
2506 1155 2686 1225 primo
2712 1148 2810 1210 suo
2835 1154 3037 1210 Contra
3087 1156 3306 1208 hereses
3367 1154 3512 1206 libro

1933 1244 2181 1302 lrenaens~
2207 1245 2595 1318 Lugdunensis
2642 1249 2957 1318 episcopus.
3021 1247 3269 1316 Uterque
3323 1255 3504 1300 autem

1937 1352 2047 1393 non
2078 1338 2242 1408 longe
2279 1349 2401 1410 post
2431 1341 2807 1410 apostolorum
2838 1351 3084 1412 tempora
3104 1340 3275 1394 vixit:
3302 1340 3368 1393 de
3385 1339 3511 1406 qui-

1937 1429 2043 1486 bus
2073 1446 2174 1486 suo
2203 1431 2349 1496 loco»,
2377 1447 2499 1502 qua:
2527 1447 2631 1503 par
2668 1444 2775 1499 est,
2807 1448 3166 1504 exponemus.
3211 1430 3512 1484 llwrcsium

1937 1538 2106 1594 porro
2130 1522 2378 1577 omnium
2412 1523 2522 1577 dux
2551 1531 2605 1578 et
2631 1525 2888 1595 princeps
2904 1525 3092 1581 Simon
3121 1524 3224 1578 iste
3257 1524 3508 1577 habetur.

1943 1614 2100 1671 Unde
2131 1614 2185 1669 in
2217 1615 2553 1671 hodiernum
2582 1632 2759 1686 usque
2791 1618 2958 1679 diem,
2991 1617 3084 1686 qui
3121 1617 3241 1687 ejus
3268 1624 3397 1668 sunt
3420 1630 3517 1668 εει--

1939 1715 2040 1761 ciae
2069 1715 2124 1760 et
2162 1709 2441 1777 opinionis
2473 1707 2573 1779 (2),
2625 1710 2894 1772 sobrium,
2936 1708 3094 1778 155
3149 1717 3206 1763 et
3233 1707 3507 1761 sincerum

1939 1798 2266 1855 Christianae
2323 1799 2688 1870 philosophiae
2729 1801 3041 1856 institutum
3102 1806 3318 1870 egregie
3374 1799 3510 1852 assi-

1937 1891 2235 1957 mulautes,
2279 1893 2634 1948 renuntiasse
2655 1887 2883 1962 quidem
2911 1879 3183 1946 idolorum
3217 1890 3392 1944 errori
3432 1890 3512 1940 νῖ-

1937 1983 2166 2039 dentur:
2201 1984 2566 2040 nihilominus
2600 1995 2782 2039 tamen
2835 2000 2956 2040 eam
2993 1983 3233 2037 retinere
3285 1993 3510 2035 conten-

1936 2075 2095 2141 dunt,
2139 2075 2433 2130 simulacra
2485 2075 2860 2146 etimagines
2910 2073 3152 2129 Simonis
3189 2082 3245 2128 et
3298 2072 3514 2126 Helenae

1938 2167 2098 2222 istius
2131 2168 2427 2237 erigentes,
2457 2167 2927 2235 libationibusque
2955 2175 3011 2220 et
3041 2165 3382 2220 caeremoniis
3406 2179 3502 2218 eos

1939 2259 2126 2313 colere
2150 2238 2471 2313 studentes.
2497 2257 2706 2313 Horum
2737 2273 2826 2314 res
2861 2258 3189 2328 turpissima:
3235 2265 3515 2325 stuporem

1936 2359 1991 2404 et
2043 2352 2554 2407 consternationem
2618 2352 2824 2407 mentis
2880 2351 3202 2406 hominibus
3253 2349 3512 2404 atl‘eruut.

1937 2441 2148 2512 Quippe
2189 2458 2310 2512 qua:
2346 2442 2483 2498 tales
2537 2443 2671 2509 sint,
2723 2450 2784 2497 ut
2813 2451 3024 2497 tantum
3078 2441 3221 2496 absit
3261 2451 3322 2495 ut
3376 2441 3516 2510 sty-lo

1937 2535 2158 2604 scriptis
2184 2544 2333 2590 recte
2366 2535 2618 2590 mandari
2647 2535 2884 2606 possint,
2925 2542 2988 2590 ut
3017 2541 3243 2604 propter
3268 2532 3518 2586 obscenae

1937 2626 2202 2683 foeditatis
2231 2627 2674 2692 exuberantiam,
2713 2629 2928 2682 nullum
2966 2641 3061 2682 eas
3090 2624 3401 2681 modestum
3462 2629 3518 2675 et

1938 2721 2198 2792 pudicum
2231 2736 2294 2776 os
2328 2721 2642 2792 eloquatur.
2681 2719 2964 2790 Quidquid
2999 2720 3148 2775 euim
3181 2727 3399 2772 exstare
3422 2726 3519 2769 aut

1938 2810 2275 2879 cogitatione
2305 2811 2522 2881 concipi
2559 2819 2763 2881 potest,
2785 2812 2931 2881 quod
2959 2802 3302 2878 turpitudine
3327 2805 3520 2876 quavis

1936 2904 2009 2958 sit
2040 2905 2332 2973 impurius,
2390 2885 2445 2956 id
2477 2919 2642 2957 omne
2687 2903 2913 2958 heresis
2967 2903 3068 2956 ista
3105 2901 3354 2956 omnium
3395 2912 3517 2951 sce-

1937 2997 2230 3051 lestissima
2272 3003 2436 3064 atque
2477 2994 2872 3048 nefandissima
2911 2994 3220 3053 hominum,
3279 2991 3371 3058 qui
3411 2989 3518 3041 mi-

1937 3089 2077 3144 seris
2131 3098 2187 3142 et
2246 3087 2483 3158 peccatis
2541 3088 2788 3142 oneratis
2849 3085 3194 3140 mulierculis
3251 3082 3514 3145 illudunt,

256 3185 368 3237 τῶν
402 3185 709 3253 ἀνθρώπων
739 3185 1012 3254 σωτηρίας
1041 3185 1329 3246 ἐπίϐουλος
1361 3187 1454 3238 καὶ
1487 3185 1700 3255 πονηρά
1746 3186 1838 3238 δύ-

1940 3180 2098 3251 longe
2126 3183 2427 3250 superavit.
2457 3179 2694 3234 Tantum
2757 3186 3072 3249 parentem,
3107 3187 3411 3240 auctorem,
3466 3184 3517 3228 et

259 3294 426 3344 ναμις
467 3276 822 3342 προεῦἀλετο.
867 3273 1008 3326 Ἀλλ’
1050 3276 1082 3344 ἡ
1128 3274 1246 3328 θεία
1279 3276 1437 3346 χάρις
1489 3276 1586 3329 καὶ
1629 3275 1840 3346 ἄμαχος

259 3369 493 3437 δύναμις
516 3370 628 3432 τοῖς
658 3368 872 3437 ἐκείνης
922 3367 1190 3430 διακόνοις
1236 3372 1303 3438 τῇ
1366 3367 1519 3435 oper
1565 3370 1838 3441 παρουσίᾳ

258 3463 358 3528 τὴν
390 3460 502 3513 τῶν
530 3461 718 3513 κακῶν
745 3460 922 3527 φλόγα
973 3460 1253 3530 πανταχοῦ
1309 3460 1675 3530 ριπιζομένην
1720 3461 1843 3514 ὅσον

257 3553 427 3620 ταχος
459 3552 738 3614 ἐσϐέννυε,
777 3551 884 3603 πᾶν
925 3549 1126 3619 ὕψωμα
1150 3552 1516 3619 ἐπαιρόμενον
1548 3553 1691 3604 κατὰ
1741 3551 1858 3620 τῆς

260 3643 518 3711 γνώσεως
551 3643 642 3696 τοῦ
669 3643 804 3696 Θεοῦ
836 3644 1173 3697 ταπεινοῦσα
1223 3645 1316 3696 καὶ
1360 3645 1838 3716 καταῤῥίπτουσα.

262 3737 352 3786 Διὸ
406 3737 500 3787 καὶ
544 3735 699 3786 οὐδέν
756 3752 806 3786 τι
868 3735 976 3788 τῶν
1025 3735 1146 3787 κατ’
1195 3735 1436 3797 ἐκείννιυς
1500 3735 1842 3802 ἐπιφυέντων

257 3827 383 3887 τοὺς
412 3826 638 3894 χρόνους
670 3827 750 3887 είς
782 3825 1080 3877 ὑπόστασιν
1115 3827 1303 3896 ἦγετο.
1329 3827 1401 3878 Τὸ
1442 3827 1548 3895 γὰρ
1585 3827 1685 3896 τῆς
1715 3828 1844 3898 ἀλη-

265 3915 413 3977 θείας
507 3915 706 3982 φέγγος
789 3915 1082 3984 ὑπερφυῶς
1143 3916 1358 3985 λάμπον
1421 3917 1840 3985 ὲξήστραπτενο

261 4008 559 4078 οὐρανόθεν
586 4025 645 4059 τε
671 4008 794 4077 ἄρτι
824 4007 1100 4074 αὐγάζων,
1122 4009 1354 4075 ἁκμαῖὸς
1382 4026 1464 4071 τις
1486 4004 1552 4080 ἦν
1581 4010 1673 4063 καὶ
1705 4011 1843 4064 ἀκα-

261 4101 602 4168 ταγώνιστος
655 4103 680 4152 ό
733 4101 911 4167 λόγος,
962 4103 1029 4171 τῇ
1076 4101 1187 4167 τῶν
1234 4103 1550 4155 ἀποστόλων
1594 4103 1842 4172 πολιτείᾳ

259 4192 678 4262 διαφαινόμενος
709 4206 722 4220 ⁶
763 4191 890 4244 ὅθεν
924 4192 1016 4244 καὶ
1044 4192 1071 4242 6
1103 4193 1398 4260 εἰρημένος
1429 4195 1580 4262 γόης,
1624 4196 1840 4264 πρῶτον

263 4287 354 4337 ἐπὶ
399 4283 661 4345 Ἰουδαίας
688 4283 825 4352 πρὸς
869 4283 960 4334 τοῦ
1000 4282 1143 4335 θείου
1186 4284 1396 4355 Πέτρου
1440 4285 1515 4347 ὡς
1575 4286 1636 4337 ἐκ
1695 4303 1840 4350 τινος

265 4377 578 4442 κρείττονος
603 4375 798 4441 αἴγλης
820 4374 920 4435 τὰς
957 4374 1057 4443 τῆς
1083 4375 1322 4437 διανοίας
1366 4375 1532 4445 κόρας
1579 4376 1838 4444 πληγεὶς,

263 4464 530 4531 πρίασθαι
563 4462 662 4528 τὴν
693 4461 850 4530 χάριν
877 4464 903 4514 6
924 4461 1154 4522 δείλαιος
1181 4461 1409 4529 οἰηθεὶς,
1435 4463 1711 4532 μεγίστην
1743 4463 1838 4516 καὶ

1948 3272 2165 3337 ducem,
2191 3272 2568 3327 adversarium
2598 3271 2811 3341 magnis
2838 3270 3046 3324 Christi
3072 3268 3383 3338 discipulis,
3405 3268 3518 3338 jam

1947 3365 2075 3420 inde
2101 3367 2169 3420 ab
2205 3365 2360 3420 initio
2390 3364 2642 3418 humanae
2687 3363 2883 3418 salutis
2929 3360 3243 3418 insidiatrix
3297 3367 3518 3414 verSuta

1947 3458 2039 3511 illa
2070 3459 2148 3511 vis
2177 3457 2399 3528 objecit.
2431 3461 2503 3511 At
2529 3458 2714 3510 divina
2743 3471 2773 3512 e
2804 3456 3028 3511 diverso
3049 3454 3223 3525 gratia
3272 3463 3328 3507 et
3364 3453 3522 3506 inex-

1943 3550 2260 3620 pugnabilis
2291 3550 2489 3614 virtus,
2526 3549 2796 3603 ministris
2826 3549 2942 3618 ipsa
2981 3548 3096 3600 suis
3138 3545 3331 3601 sedulo
3387 3545 3522 3598 assi-

1943 3652 2114 3710 stens,
2152 3654 2428 3697 tantorum
2461 3643 2732 3696 malorum
2771 3640 2946 3695 facem
2980 3639 3181 3708 ubique
3204 3637 3518 3691 incendium

1946 3744 2316 3804 spargentem,
2353 3751 2518 3803 quam
2550 3733 2840 3788 celerrime
2871 3731 3154 3795 exstinxit,
3211 3729 3523 3784 sublimita-

1948 3835 2054 3881 tem
2083 3843 2305 3881 omncm
2338 3842 2461 3895 quas
2495 3842 2552 3881 se
2582 3826 2852 3881 adversus
2881 3824 3254 3894 cognitionem
3289 3821 3383 3875 Dei
3438 3821 3521 3874 ef-

1945 3920 2134 3983 ferret,
2193 3921 2478 3990 disjiciens
2531 3930 2700 3990 atque
2761 3918 3144 3989 pessumdans.
3178 3916 3522 3984 Quapropter

1943 4009 2080 4063 nihil
2108 4026 2302 4064 eorum
2344 4025 2466 4080 qua:
2495 4018 2609 4064 tum
2637 4009 2902 4079 temporis
2938 4001 3285 4063 succrescere
3335 4017 3520 4074 coepe-

1946 4111 2076 4155 ruut
2105 4102 2398 4166 malorum,
2431 4101 2497 4156 ad
2524 4111 2728 4156 statum
2761 4111 2818 4155 et
2850 4100 3092 4170 vigorem
3125 4114 3286 4152 suum
3323 4111 3520 4165 perve-

1945 4196 2046 4251 nit.
2084 4197 2342 4252 Veritatis
2369 4196 2516 4250 enim
2542 4194 2716 4264 ipsius
2742 4193 2855 4258 lux,
2881 4191 3112 4246 miriﬁce
3141 4189 3519 4259 resplendens,

1944 4289 2272 4344 coruscabat
2296 4296 2373 4350 ,et
2403 4302 2599 4343 recens
2625 4287 2846 4340 etelitus
2878 4285 3131 4338 relucens
3170 4280 3522 4335 ineluctabile

1944 4378 2164 4448 vigebat
2199 4380 2450 4441 verbum,
2480 4377 2852 4446 apostolorum
2886 4375 3249 4429 concionibus
3281 4383 3335 4425 et
3365 4374 3522 4449 insti-

1946 4473 2081 4526 tutis
2103 4471 2278 4541 magis
2300 4470 2974 4538 magisqueinvalesceus.
3032 4466 3269 4520 Proinde
3308 4475 3364 4517 et
3408 4481 3524 4517 ma-

262 4554 632 4623 ὑπερπόντιον
661 4553 888 4622 πορείαν
915 4554 1155 4622 ἀπάρας,
1186 4555 1250 4606 ὲκ
1287 4553 1387 4622 τῆς
1420 4554 1534 4608 Ἕω
1565 4555 1701 4625 πρὸς
1733 4558 1837 4608 Δυ-

1944 4584 2045 4639 gus
2075 4569 2201 4633 iste,
2237 4567 2465 4636 gratiam
2503 4568 2669 4621 miser
2705 4566 2949 4618 venalem
3012 4579 3133 4618 esse
3177 4563 3515 4628 existimans,

264 4647 406 4714 σμάς
444 4644 668 4715 ἐχώρει.
699 4645 1108 4714 Προκατασχὼν
1126 4643 1181 4696 δὲ
1210 4645 1310 4713 τὴν
1347 4646 1636 4716 Ῥωμαίων
1663 4645 1843 4710 πόλιν,

265 4741 530 4808 συνήργει
565 4737 619 4789 δὲ
645 4737 752 4807 ἀρα
787 4737 936 4806 αὖτῴ
962 4739 1032 4790 τὰ
1057 4737 1290 4805 μέγιστα
1317 4738 1412 4790 καὶ
1455 4739 1488 4808 ἠ
1538 4740 1720 4792 ἐκεῖσε
1746 4755 1845 4793 κα·

260 4831 540 4898 τάρχουσα
570 4829 807 4893 ἐξουσία,
837 4829 895 4880 ἑν
945 4828 1136 4898 βραχεῖ
1161 4827 1416 4882 τοσοῦτον
1450 4830 1598 4900 αὐτῷ
1620 4830 1686 4882 τά
1709 4831 1844 4900 πρὸς

265 4919 461 4988 βουλῆς
497 4920 846 4988 ἐπεραίνετο,
881 4920 957 4983 ὡς
988 4922 1171 4973 πᾶσαν
1206 4920 1355 4990 αὐτῷ
1387 4922 1486 4992 τὴν
1537 4923 1691 4976 πόλιν
1738 4924 1842 4976 ὑπὸ

265 5015 421 5080 χεῖρα
458 5012 654 5065 θέσθαι
686 5015 806 5075 ταῖς
845 5013 1236 5082 μαγγανείαις,
1286 5016 1382 5067 καὶ
1439 5016 1714 5084 ἀναθέσει,
1764 5016 1839 5081 ὦς

262 5122 320 5173 γε
356 5105 603 5174 είρηται,
638 5104 983 5171 ἀνδριάντος,
1014 5099 1102 5158 οἷα
1136 5105 1256 5175 Θεῷ
1296 5111 1389 5159 καὶ
1424 5107 1573 5177 αὐτῷ
1613 5109 1680 5161 τά
1740 5110 1841 5180 τῆς

262 5197 519 5268 λατρείας
552 5197 832 5264 ἀφοσιοῦν.
877 5197 1140 5251 Ἀλλόὑκ
1185 5201 1264 5260 είς
1317 5199 1535 5267 μακρὰν
1589 5201 1844 5254 ἀπώνατο

263 5290 357 5357 τῆς
389 5291 636 5359 ἀπάτης.
681 5291 808 5343 Ἐπὶ
838 5290 1074 5361 γὰρ-τῆς
1106 5292 1276 5360 αὐτῆς
1312 5293 1612 5360 βασιλείας,
1660 5293 1842 5346 Κλαύ-

263 5380 371 5443 διος
409 5383 465 5434 δὲ
507 5383 620 5450 ἄρα
641 5376 730 5452 ἦν,
767 5383 800 5450 ἡ
826 5383 898 5434 τὰ
933 5383 1113 5435 πάντα
1158 5384 1334 5450 σοφῶς
1382 5383 1477 5435 καὶ
1534 5400 1570 5452 φ
1595 5383 1840 5452 λανθρώ-

265 5487 380 5533 πως
410 5473 741 5539 διεξάγουσα
773 5473 1006 5542 πρόνοια
1059 5473 1150 5525 τὸν
1188 5474 1474 5543 πρόμαχον
1529 5475 1625 5527 καὶ
1679 5474 1843 5528 οἱονεὶ

266 5562 483 5631 ἀρραγῆ
514 5561 617 5630 τῆς
665 5561 902 5624 πίστεως
951 5563 1237 5630 πρόϐολον,
1292 5562 1382 5615 τὸν
1427 5563 1628 5632 ἀρετῆς
1677 5563 1843 5617 ἕνεκα

339 5700 413 5765 (Ι)
445 5698 710 5752 Nonnulli
745 5698 885 5752 hanc
917 5699 1068 5754 Selen
1098 5711 1312 5754 vocant.

335 5770 411 5838 (2)
445 5768 687 5840 Περι-θεῖε
730 5769 972 5824 Simonis
1016 5772 1365 5840 spurcissima
1407 5780 1462 5824 et
1510 5771 1831 5833 ftedissima.

269 5856 383 5910 quae
409 5839 624 5894 Christi
667 5840 889 5895 nomine
927 5839 1186 5910 tanquam
1228 5841 1455 5897 obtentu
1489 5852 1539 5896 ct
1573 5851 1836 5912 przetextu

1942 4659 2179 4727 primum
2203 4659 2257 4709 in
2287 4656 2472 4710 Judaea
2511 4670 2538 4707 a
2563 4655 2692 4708 divo
2727 4655 2914 4714 Petro,
2952 4662 3214 4720 tanquam
3251 4651 3373 4704 luce
3407 4650 3521 4701 ela-

1942 4749 2114 4815 riore,
2162 4747 2363 4802 mentis
2408 4747 2599 4802 oculos
2647 4748 3004 4815 perstrictus,
3047 4743 3282 4796 maxima
3348 4754 3520 4808 caque

1941 4836 2217 4893 maritima
2247 4837 2591 4907 profectione
2651 4843 2934 4903 suseepta,
2987 4849 3053 4887 ex
3088 4833 3314 4886 Oriente
3359 4831 3522 4885 Occi-

1940 4931 2160 4986 dentem
2192 4945 2388 4986 versus
2413 4930 2630 4998 migrat,
2657 4929 3071 4995 Romanamque
3094 4925 3284 4980 urbem
3317 4939 3512 4994 prmoc-

1943 5031 2123 5090 cupat.
2161 5021 2338 5090 Atque
2373 5020 2448 5073 ibi
2471 5035 2600 5075 cum
2628 5019 2823 5086 cceptis
2853 5019 2974 5088 ejus
3000 5018 3235 5071 maxime
3265 5029 3518 5083 suprema

1943 5109 2235 5163 inserviret
2259 5118 2526 5178 potestas,
2567 5109 2718 5163 brevi
2751 5107 3050 5161 admodum
3081 5116 3326 5174 tempore
3349 5117 3519 5171 usque

1943 5203 2081 5256 adeo
2107 5217 2193 5255 res
2223 5218 2290 5255 ex
2326 5202 2602 5256 sententia
2659 5201 2989 5263 succedunt,
3048 5206 3105 5251 ut
3133 5213 3255 5250 cum
3303 5196 3404 5250 sibi
3440 5196 3520 5247 in-

1947 5295 2352 5348 cantationibus
2370 5306 2424 5349 et
2453 5293 2743 5363 prastigiis
2773 5300 2940 5346 totam
2961 5290 3280 5344 conciliaret
3303 5288 3518 5341 urbem:

1949 5390 2064 5436 tum
2111 5393 2290 5437 statua
2329 5388 2534 5453 posita,
2582 5393 2652 5437 ut
2678 5382 2887 5437 dictum
2941 5390 3044 5443 est,
3086 5380 3256 5433 divini
3298 5379 3349 5432 ei
3401 5387 3518 5429 tan-

1949 5489 2112 5544 quam
2141 5475 2252 5529 Deo
2304 5475 2705 5530 exhiberentur
2755 5475 2944 5546 cultus
2987 5481 3044 5526 et
3090 5472 3349 5525 honores.
3410 5468 3518 5523 Sed

1950 5566 2098 5620 enim
2129 5581 2237 5620 non
2271 5566 2366 5621 diu
2426 5566 2504 5620 illi
2559 5566 2752 5622 fraude
2781 5581 2846 5622 ea
2894 5565 2973 5620 uti
3023 5577 3346 5618 concessum
3395 5569 3516 5613 est:

1948 5706 2185 5829 ριὶοιέιιηι
2220 5707 2285 5762 ad
2335 5706 2536 5780 ﬂagitia
2580 5714 2635 5763 et
2668 5705 2870 5776 probra
2917 5703 3099 5761 omnia
3130 5701 3357 5772 tegenda
3385 5700 3533 5755 abu-

1971 5791 2000 5829 e
2041 5792 2068 5829 a
2102 5793 2185 5829 ur.

1971 5791 2185 5832 enatur.
