4212 6440
246 421 358 485 793
1214 436 1822 505 ECCLESIASTICJE
1865 448 2257 511 ntsronua
2298 455 2446 515 LIB.
2488 456 2563 520 tt.
3409 454 3513 533 ἂν

245 534 572 598 γεγονότων,
626 534 761 588 ἀλλὰ
826 538 921 592 καὶ
976 548 1568 618 προσαποδεχὸμενος’,
1626 555 1819 625 καίπερ

1933 557 2157 626 Iudaeis,
2200 570 2266 616 ut
2305 565 2545 626 videtur,
2601 564 3021 637 progenitorum
3070 565 3316 621 virorum
3361 584 3376 622 :
3413 550 3507 624 sed

243 624 483 677 πλεῖστα
540 626 649 679 τῶν
707 630 959 685 παλαιῶν
1000 634 1311 691 Ἰουδαϊκῶν
1379 642 1522 695 ἐθῶν
1577 624 1819 716 τηνικάδ¹

1933 649 1985 702 id
2017 666 2237 727 quoque
2270 655 2481 725 judicio
2517 672 2618 711 suo
2669 624 3012 726 comprobat,
3046 659 3299 728 quamvis
3346 660 3507 713 etiam

240 717 689 811 ἑπισυρομένων.
738 723 1196 798 ’Δπισχυρίζεται
1241 732 1298 786 δὲ
1347 735 1423 805 τῷ
1457 736 1619 808 λόγῳ,
1657 741 1828 811 μηδέν

240 823 301 860 τι
334 810 431 878 τῆς
464 812 726 881 ἀληθείας
763 819 1163 890 π’ροτιμότερον
1205 824 1415 887 θέσθαι.
1453 830 1577 898 μηδ’
1604 832 1662 894 ἐξ
1698 810 1827 886 ἐαυ-

241 900 343 953 τοῦ
375 917 427 954 τι
453 908 808 972 προστιθέναι
832 914 1129 981 αίρείσθαι.
1164 917 1333 982 Σώζει
1368 938 1430 987 γε
1464 924 1571 994 μήν
1599 925 1657 977 τὸ
1690 926 1826 994 0'57-

244 1010 488 1092 Tpattpa
516 999 844 1069 ἀκραιφνεῖς
892 1008 1015 1067 τοὺς
1048 1011 1217 1062 εἷο-ἐτι
1266 1014 1358 1066 νῦν
1408 1021 1471 1085 τῇ
1528 1018 1825 1092 Ἐκκλησία

244 1089 709 1158 πεφυλαγμένους
755 1097 1005 1161 κανόνας.
1056 1100 1121 1153 Ἠ
1169 1103 1214 1155 δ’
1249 1107 1529 1179 ἐπιγραφή
1556 1110 1703 1180 αὐτῷ
1730 1089 1824 1166 τοῦ

243 1180 430 1247 λόγου,
471 1185 774 1252 Περὶβίου
808 1192 1191 1258 θεωρητικοῦ,
1226 1197 1255 1265 ἢ
1288 1199 1419 1267 περὶ
1450 1202 1658 1255 ίκετῶν
1688 1206 1823 1267 ἐστι,

244 1273 593 1339 θεραπευτὰς
649 1279 829 1331 καλῶν
890 1284 1017 1345 τοὺς
1072 1287 1169 1356 τὴν
1230 1284 1485 1360 τοιαύτην
1544 1295 1825 1349 πολιτείαν

246 1369 714 1437 μετερκσμένους·
759 1372 790 1441 ῆ
842 1374 922 1443 τῷ
979 1376 1153 1441 οὕτως
1208 1384 1463 1448 τηνικάδε
1517 1385 1821 1452 καλεῖσθαι,

244 1459 541 1554 μήᾷπωπῆς
567 1463 914 1532 Χριστιανῶν
937 1470 1187 1541 κλήσεως
1210 1474 1290 1527 ἔτι
1325 1480 1786 1554 πεπλατυσμένης
1803 1500 1819 1516 '

239 1550 275 1619 ἦ
315 1551 397 1603 ὅτι
451 1553 556 1623 τῆς
596 1559 726 1627 περὶ
766 1561 827 1612 τὸ
872 1561 1017 1616 θεῖον
1068 1567 1320 1636 καθαρᾶς
1367 1574 1463 1624 καὶ
1495 1550 1824 1646 εἰλικρινοῦς

241 1647 548 1743 θεραττε,ίας
580 1652 762 1719 ἕνεκα,
793 1655 826 1725 ή
859 1646 958 1726 τῷ,
987 1659 1089 1723 τὰς
1126 1662 1241 1714 τῶν
1282 1668 1622 1734 προσιόντων
1647 1671 1824 1743 ψυχὰς

241 1739 691 1807 ἀπαλλάττοντας
725 1747 836 1800 τῶν
866 1750 973 1802 ἀπὸ
1020 1756 1219 1816 κακίας
1248 1757 1464 1820 παθῶν,
1504 1739 1704 1832 οἷάπερ
1724 1739 1823 1819 ⁷ίοι-

239 1832 409 1895 τροὺς
471 1836 723 1891 ἀκεῖσθαι
800 1843 895 1895 καὶ
954 1842 1319 1912 θεραπεύεινο
1373 1851 1404 1921 ἢ
1459 1853 1819 1927 ὀπωσίήποτε

1933 747 2045 794 tum
2094 744 2360 811 plurimas
2410 757 2658 801 veterum
2700 747 3017 802 Judaeorum
3078 749 3507 803 consuetudines

1929 832 2309 891 observarent.
2342 839 2635 893 Asseverat
2675 855 2897 907 quoque
2929 840 3112 895 verbis
3138 842 3385 903 disertis,
3424 842 3493 894 ni-

1929 923 2003 977 hil
2049 942 2107 980 se
2154 930 2387 984 veriute
2420 929 2623 986 ducere
2675 932 2828 1001 prius
2857 940 2954 985 aut
2986 932 3292 1001 antiquius,
3332 946 3507 999 neque

1928 1017 2227 1086 quidquam
2264 1035 2331 1075 ex
2375 1035 2434 1075 se
2478 1022 2597 1091 ipso
2632 1023 2710 1076 rei
2750 1023 2853 1093 ipsi
2891 1021 3094 1076 addere
3126 1020 3503 1075 constituisse.

1927 1106 2276 1179 Quapropter
2315 1114 2590 1182 scriptum
2632 1114 2711 1178 id,
2745 1129 2987 1169 canones
3019 1122 3074 1167 et
3113 1113 3351 1182 regulas,
3385 1127 3525 1180 quas.

1927 1202 2091 1253 etiam
2118 1219 2268 1257 nunc
2292 1204 2345 1258 in
2378 1205 2624 1260 Ecclesia
2656 1215 2972 1267 servantur,
3004 1204 3212 1274 liquido
3237 1205 3503 1258 continet.

1928 1291 2225 1362 Inscriptio
2255 1307 2439 1350 autem
2487 1296 2619 1350 libri
2656 1307 2763 1360 est,
2793 1310 2848 1352 et
2876 1297 3089 1360 titulus,
3136 1294 3208 1349 De
3238 1297 3347 1349 vita
3380 1311 3507 1347 con-

1927 1382 2281 1453 templatrice,
2332 1386 2450 1442 sive
2501 1390 2565 1442 de
2610 1389 2960 1459 supplicibus.
3015 1387 3122 1442 Eos
3176 1400 3358 1441 autem
3408 1387 3503 1455 qui

1927 1474 2093 1529 vitam
2124 1477 2461 1547 ejuscemodi
2501 1481 2739 1551 amplexi
2776 1489 2983 1543 essent,
3018 1478 3365 1547 θεραπευτὰς
3401 1478 3500 1547 (Ι),

1929 1567 2031 1621 hoc
2070 1577 2177 1630 est,
2220 1572 2463 1625 cultores
2511 1587 2607 1626 seu
2657 1581 2946 1627 curatores
2990 1579 3195 1625 vocat:
3236 1570 3320 1624 vel
3357 1568 3503 1639 quod

1928 1655 2000 1707 ita
2034 1671 2145 1710 tum
2179 1659 2619 1726 appellarentur,
2654 1660 2901 1715 nondum
2932 1659 3374 1714 Christianorum
3406 1641 3503 1711 no;

1930 1749 2076 1802 utine
2120 1750 2230 1805 late
2269 1750 2471 1807 diffuso
2513 1770 2528 1808 :
2562 1754 2648 1807 vel
2697 1764 2924 1823 propter
2967 1769 3166 1823 purum
3203 1754 3503 1822 sincerum-

1928 1858 2034 1913 que
2068 1844 2163 1899 Dei
2195 1845 2403 1899 cultum
2446 1862 2460 1899 :
2496 1848 2579 1901 vel
2614 1848 2761 1917 quod
2794 1858 3054 1916 tanquam
3089 1846 3309 1904 medici.
3340 1860 3497 1899 exer-

239 1925 421 1989 ἄλλως
480 1928 779 1999 ἔχει.,οῦτι
814 1952 901 1991 πω
930 1936 1293 1996 διατείνεσθαι
1340 1918 1679 2015 ἀναγκαίους
1711 1951 1819 2015 Οὓς

1925 1944 2137 1998 cerent,
2173 1945 2458 2003 curarent,
2493 1949 2665 2007 atque
2682 1939 2925 1992 colerent
2962 1954 3154 1991 eorum
3181 1937 3275 2007 qui
3306 1936 3371 1991 ad
3406 1951 3502 1991 eos

237 2024 524 2092 καταρχὰς
577 2026 687 2079 τῶν
739 2030 958 2083 οἰκείων
1012 2033 1326 2100 ἐξίστασθαι
1372 2039 1520 2107 λέγει
1570 2048 1666 2099 καὶ
1710 2048 1821 2101 τῶν

236 2118 561 2183 προσόντων
605 2121 810 2188 αὐτοῖς,
854 2124 1167 2193 φιλοσοφεῖν
1201 2132 1528 2202 ἀρχομένοις
1551 2151 1565 2166 °
1616 2132 1739 2191 εἷτα
1763 2140 1818 2192 δὲ

236 2211 337 2260 καὶ
369 2212 573 2276 πάσαις
605 2217 851 2285 φροντίσι
886 2216 1168 2287 βιωτικαῖς
1198 2223 1482 2295 ἁποταγήν
1515 2235 1819 2299 ποιησαμέο

237 2326 389 2369 νοῦς,
426 2306 530 2370 ἔξω
575 2325 633 2360 τε
682 2313 881 2380 τειχῶν
932 2315 1206 2380 γενέσθαι,
1252 2319 1345 2370 καὶ
1399 2321 1455 2371 ἓν
1501 2339 1609 2375 τισι
1651 2341 1819 2391 μοναί

233 2402 423 2470 γρίοις
466 2403 561 2455 καὶ
592 2408 811 2473 κήποις,
848 2405 880 2476 ἢ
917 2409 1008 2459 καὶ
1044 2408 1195 2475 δρεσί
1240 2426 1350 2463 τισι
1396 2412 1496 2477 τὰς
1533 2414 1818 2483 διατριϐὰς

233 2496 540 2559 ποιεῖσθαι,
593 2496 693 2561 τὰς
724 2498 832 2550 τῶν
882 2499 1154 2568 ἀνομοίων
1190 2503 1471 2571 ἐπιμιξίας
1511 2505 1587 2568 ὡς
1620 2506 1816 2576 βλαϐε-

235 2589 344 2659 ρὰς
403 2588 571 2650 οῦσας
626 2592 1107 2661 ικτρεπομένους,
1161 2594 1251 2647 τὸν
1306 2599 1648 2665 προφητικὸν
1706 2599 1818 2668 βίον

229 2681 468 2734 ἁσιοῦσί
496 2699 555 2734 τε
579 2685 672 2734 καὶ
704 2683 927 2751 ζηλοῦσι
958 2685 1141 2739 πίστει
1182 2688 1403 2759 ζεούσῃ.
1444 2692 1521 2742 0-3
1569 2692 1730 2759 μόνον
1762 2694 1819 2748 δὲ

231 2772 381 2836 εκεῖ,
419 2772 552 2826 ἀλλὰ
593 2775 684 2827 καὶ
740 2776 975 2842 ἀλλαχοῦ
1030 2778 1130 2847 τῆς
1180 2781 1284 2849 γῆς
1334 2781 1495 2835 τοῦτο
1546 2783 1609 2835 τὸ
1662 2785 1819 2849 γένος

230 2860 381 2917 εἷναί
418 2882 606 2934 φησιν·
657 2866 764 2920 ἔδει
798 2868 907 2937 γὰρ
951 2869 1159 2936 ἀγαθοῦ
1190 2872 1400 2927 τελείου
1443 2876 1538 2928 καὶ
1566 2876 1664 2945 τήν
1705 2876 1821 2930 Ἑλ-

231 2957 373 3011 λάδα
414 2960 517 3011 καὶ-
536 2958 637 3029 τὴν
668 2959 957 3031 Βάρὸαρον
985 2966 1305 3034 μετασχεῖν.
1343 2966 1432 3019 Ἐν
1466 2968 1730 3040 Αἰγύπτῳ
1761 2972 1819 3025 δὲ

232 3051 335 3103 καὶ
370 3049 608 3118 μάλιστα
660 3052 956 3116 πλεονάζον
1005 3054 1200 3123 ὁρᾶται
1251 3060 1381 3125 περὶ
1413 3058 1512 3129 τὴν
1564 3060 1817 3123 Ἀλεξάν-

229 3142 449 3210 δρειαν.
494 3144 602 3197 Καὶ
629 3146 686 3196 ὲν
716 3145 928 3217 ἑκάστῃ
984 3146 1041 3199 δὲ
1076 3149 1235 3219 μονιᾷ
1260 3150 1467 3219 οῐκημα
1498 3152 1644 3222 ίερὸν
1672 3154 1820 3207 ἔστιν

1926 2027 2232 2089 venissent,
2275 2030 2681 2093 animos,omni
2740 2047 2838 2085 eos
2892 2031 3153 2084 vitiorum
3210 2026 3504 2099 perturbsv

1929 2121 2077 2174 tione
2110 2120 2410 2178 liberantes
2451 2141 2466 2178 :
2514 2124 2597 2177 vel
2635 2124 2799 2179 aliam
2830 2138 3215 2193 quamcunque
3262 2122 3333 2176 ob
3369 2137 3502 2176 cau-

1925 2226 2039 2265 sam
2081 2229 2318 2284 :.neque
2348 2214 2496 2270 enim
2541 2216 2608 2269 de
2634 2232 2700 2271 eo
2735 2216 3072 2271 contendere
3120 2215 3497 2270 necessarium

1926 2316 2031 2360 est.
2076 2306 2185 2360 llos
2220 2323 2248 2360 a
2286 2308 2563 2377 principio
2586 2349 2601 2372 ,
2635 2324 2760 2363 eum
2796 2309 3106 2365 Christiana
3155 2310 3501 2379 philosophia

1928 2396 2322 2461 initiarentur,
2360 2398 2518 2463 dicit,
2573 2416 2689 2455 rem
2740 2402 3065 2457 familiarem
3103 2402 3501 2472 facultatesque

1926 2504 2056 2543 suas
2107 2490 2424 2557 relinquere
2475 2493 2670 2549 solitos
2715 2509 2839 2549 esse
2888 2511 2902 2549 :
2951 2511 3014 2550 ac
3062 2496 3263 2552 deinde
3302 2480 3502 2554 nuntio

1925 2583 2186 2638 omnibus
2216 2574 2338 2639 vitai
2392 2584 2555 2656 hujus
2600 2586 2750 2641 curis
2796 2596 2851 2642 et
2897 2589 3369 2645 sollicitudinibus
3416 2609 3505 2646 re-

1926 2675 2116 2737 misso,
2149 2684 2301 2729 extra
2338 2691 2527 2731 muros
2577 2676 2632 2730 itt
2670 2678 2900 2732 semotis
2951 2679 3232 2749 aliquibus
3265 2684 3413 2751 agris
3446 2692 3503 2738 et

1926 2766 2125 2827 hortis,
2165 2777 2264 2821 aut
2299 2770 2465 2822 etiam
2512 2771 2796 2824 montibus
2828 2773 3034 2826 versari
3083 2782 3247 2843 atque
3296 2778 3501 2840 vivere,

1925 2856 2388 2928 dissimiliumque
2431 2861 2679 2914 omnium
2731 2864 3189 2940 consuetudinem
3246 2876 3501 2935 tanquam

1925 2951 2291 3020 perniciosam
2308 2964 2649 3017 aversantes,
2670 2955 2835 3008 vitam
2857 2956 3231 3025 propheticam
3255 2958 3503 3029 flagranti

1926 3054 2087 3113 atque
2128 3044 2364 3101 ferventi
2412 3048 2517 3102 fide
2568 3050 2823 3104 meditari
2865 3061 3032 3120 atque
3065 3051 3337 3106 aemulari.
3381 3053 3503 3106 Non

1926 3138 2101 3192 solum
2131 3148 2317 3192 autem
2347 3153 2416 3194 eo
2441 3138 2497 3193 in
2526 3139 2672 3204 loco,
2706 3155 2898 3195 verum
2927 3141 3090 3195 etiam
3119 3143 3247 3197 alibi
3285 3143 3340 3197 in
3368 3144 3504 3198 orbe

236 3234 404 3288 ιδεῖν’
457 3236 485 3287 ὃ
535 3238 787 3305 σεμνεῖον
841 3239 1067 3292 καλοῦσι
1115 3244 1212 3293 καὶ
1249 3246 1642 3315 μοναστήριον,
1689 3249 1747 3298 ὲν
1777 3241 1819 3315 ᾧ

1928 3239 2197 3285 terrarum
2243 3230 2349 3284 hoc
2376 3245 2551 3300 genus
2578 3230 2752 3288 fuisse
2784 3233 3000 3287 scribit.
3034 3233 3272 3290 Decebat
3300 3237 3504 3306 quippe

241 3326 575 3394 μονούμενοι
614 3329 680 3379 τὰ
711 3327 804 3380 τοῦ
830 3328 1032 3399 σεμνοῦ
1064 3331 1181 3400 βίου
1215 3334 1489 3405 μυστήρια
1523 3336 1816 3406 μυοῦνται·

232 3418 298 3467 ἐν
324 3409 372 3483 ᾧ
408 3418 561 3470 οὐδὲν
597 3419 902 3487 εἰσάγεται.
941 3423 1002 3475 οὐ
1046 3424 1241 3489 σιτίον,
1293 3427 1353 3477 οὐ
1394 3427 1579 3493 ποτὸν,
1611 3430 1731 3481 οὐδὲ
1767 3446 1818 3480 τι

236 3506 371 3560 ἄλλο
403 3507 511 3558 τῶν
552 3509 689 3572 πρὸς
729 3512 828 3573 τὰς
864 3514 1187 3579 σωματικὰς
1223 3516 1416 3585 χρείας
1451 3519 1775 3584 ἐπιτηδείων
1802 3537 1815 3553 ⁸

233 3600 381 3653 ἀλλὰ
402 3600 597 3666 λόγους
629 3619 687 3653 τε
717 3603 812 3655 καὶ
845 3605 1065 3673 νόμους,
1099 3608 1289 3676 ῥήσεις
1314 3625 1370 3661 τε
1400 3611 1695 3680 προφητῶν
1726 3613 1818 3664 καὶ

234 3695 442 3764 ὕμνους
471 3697 891 3762 θεοπνεύστους,
930 3700 1026 3754 καὶ
1059 3701 1195 3755 ἄλλα
1243 3696 1324 3766 οἷς
1383 3706 1664 3777 ἐπιστήμη
1723 3709 1818 3761 καὶ

231 3789 493 3841 εὐσέῢεια
532 3792 614 3851 είς
646 3790 878 3859 αὔξησιν
908 3792 1166 3862 ἥκουσαι,
1199 3795 1353 3858 τέλος
1391 3797 1615 3868 ἄριστον
1647 3801 1819 3851 κτῶν-

230 3895 347 3930 ται.
386 3878 459 3933 Τὸ
499 3878 545 3930 δ’
591 3878 650 3944 ἐξ
679 3880 754 3933 ἔω
804 3881 967 3951 μέχρι
1009 3882 1073 3952 δὴ
1123 3886 1216 3936 καὶ
1270 3886 1510 3956 ἑσπέρας
1542 3888 1821 3958 διάστημα

230 3970 471 4038 ἇ;κησίς
529 3973 675 4023 ἐστιν
722 3976 928 4037 αὐτοῖς.
965 3975 1097 4035 Ταῖς
1138 3978 1251 4044 γὰρ
1302 3978 1472 4047 ἱεραῖς
1528 3981 1820 4048 ἐμφιλοσο·

230 4063 465 4132 ῳοῦντες
498 4063 744 4134 Γραφαῖς
777 4067 877 4136 τήν
921 4068 1155 4135 πάτριον
1205 4072 1559 4139 φιλοσοφοῦσι
1601 4074 1817 4141 φιλοσο-

233 4151 389 4219 φίαν.
431 4153 643 4220 Ὠσπερ
679 4155 788 4224 γάρ
821 4173 941 4207 τινα
993 4159 1235 4227 κρηπῖδα
1269 4159 1497 4229 πρώτην
1535 4178 1815 4231 προκατα-

233 4241 561 4310 σαλλόμενοι
591 4244 691 4314 τὴν
718 4246 1073 4314 ἐγκράτειαν,
1117 4250 1217 4311 τὰς
1242 4249 1436 4313 λοιπὰς
1463 4253 1571 4305 τῶν
1609 4255 1820 4321 ἀρετῶν

226 4333 684 4403 δποικοδομοῦσιν
716 4340 877 4408 αὐτῇ.
913 4340 1020 4392 Καὶ
1046 4340 1153 4409 γὰρ
1176 4342 1353 4394 οὐδενὶ
1376 4342 1556 4395 αὐτῶν
1588 4342 1813 4407 ἐξέσται

227 4423 341 4492 πρὸ
360 4423 519 4493 ἡλίου
549 4424 798 4489 δύνοντος
832 4428 1003 4480 σιτίον
1034 4428 1067 4499 ἦ
1100 4431 1268 4482 ποτὸν
1302 4432 1806 4501 προσενέγκασθαι.

228 4514 307 4568 Τὸ
329 4518 438 4585 γὰρ
469 4518 597 4587 περὶ
623 4519 826 4587 ἀρετήν
853 4519 1174 4589 φιλοσοφεῖν
1202 4523 1382 4588 φωτὸς
1413 4523 1564 4585 ἄξιον
1589 4525 1820 4587 ἐκείνοις

1922 3322 2125 3376 summi
2170 3322 2299 3375 boni
2335 3331 2391 3375 et
2437 3321 2700 3377 Greciam
2745 3333 2802 3377 et
2848 3324 3162 3379 Barbariam
3209 3328 3504 3395 participes

1922 3415 2069 3480 fieri,
2102 3415 2156 3469 in
2204 3413 2441 3485 Egypto
2480 3424 2660 3470 tamen
2708 3426 2765 3470 et
2811 3418 3046 3470 maxime
3095 3418 3240 3471 circa
3274 3420 3506 3473 Alexan—

1920 3508 2109 3563 driam.
2140 3508 2455 3562 institutum
2514 3508 2617 3562 hoc
2653 3509 3017 3578 frequentari.
3062 3509 3124 3577 ⁵Ιιι
3174 3526 3504 3581 unaquaque

1920 3615 2101 3657 autem
2142 3602 2411 3668 solitaria,
2449 3602 2647 3670 inquit,
2694 3604 2983 3656 mansione
3020 3604 3244 3656 'sacram
3278 3605 3501 3656 domum

1921 3694 2186 3763 reperias,
2238 3708 2403 3762 quam
2451 3694 2703 3761 σεμνεῖον
2753 3692 2853 3761 (2),
2905 3693 3010 3747 hoc
3065 3702 3153 3747 est
3199 3695 3504 3749 honestatis

1921 3789 2343 3859 gravitatisque.
2371 3788 2552 3841 locum
2604 3796 2659 3841 et
2699 3790 3095 3842 monasterium
3142 3797 3344 3841 vocant
3388 3807 3401 3840 :
3447 3787 3501 3840 in

1921 3898 2031 3950 qui.
2063 3880 2273 3933 scilicet
2303 3879 2372 3932 ab
2416 3880 2541 3934 aliis
2586 3880 2820 3949 sejuncti
2853 3890 2909 3935 et
2951 3880 3208 3943 solitarii,
3258 3884 3503 3934 honestze

1922 3983 2233 4041 sanctzt'que
2266 3974 2391 4028 vita:
2436 3973 2710 4042 mysteriis
2739 3973 3080 4027 imbuuntur.
3142 3972 3217 4025 Eo
3253 3971 3389 4024 nihil
3425 3972 3506 4022 in-

1924 4067 2099 4120 fertur
2144 4066 2229 4122 vel
2279 4066 2562 4128 frumenti,
2594 4067 2678 4118 vel
2728 4076 2907 4131 potus,
2945 4066 3027 4118 vel
3073 4064 3238 4118 etiam
3278 4065 3505 4118 alterius

1924 4158 2003 4210 rei
2060 4156 2126 4210 ad
2186 4159 2558 4211 necessarium
2619 4159 2870 4225 corporis
2924 4172 3082 4209 nsunt
3147 4155 3503 4223 pertinentis.

1927 4248 2089 4318 158
2140 4249 2436 4303 Sermones
2489 4259 2700 4302 tantum
2754 4258 2804 4301 et
2853 4250 3022 4318 leges,
3075 4249 3329 4317 dictaque
3373 4265 3505 4318 pro—

1924 4341 2216 4407 phetarum
2270 4353 2435 4408 atque
2484 4342 2718 4412 hymnos
2767 4341 3030 4395 divinitus
3083 4341 3379 4409 inspiratos
3431 4341 3504 4393 ibi

1925 4430 2308 4497 meditantur,
2348 4442 2514 4498 atque
2590 4434 2754 4484 etiam
2821 4433 2962 4495 alia,
2998 4431 3201 4500 quibus
3260 4433 3506 4487 doctrina

1923 4532 1979 4574 et
2010 4522 2187 4590 pietas
2219 4538 2546 4591 augescens,
2578 4537 2856 4575 sumntum
2888 4523 3243 4589 consequitur
3276 4522 3505 4574 bonum.

224 4607 307 4669 ὡς
339 4607 488 4669 εἰκὸς
525 4609 797 4678 κρίνεται.
829 4608 1063 4672 Σκότους
1094 4611 1151 4662 δὲ
1185 4611 1245 4663 τὸ
1283 4612 1413 4680 περὶ
1452 4619 1551 4674 τας
1584 4614 1679 4665 τοῦ
1713 4615 1817 4666 σώ-

1926 4614 2280 4667 lntervallum
2330 4630 2493 4682 porro
2537 4616 2804 4683 temporis
2855 4614 2924 4666 ab
2976 4614 3096 4681 ipso
3147 4602 3504 4667 diluculo'ad

228 4715 407 4767 ματος
438 4698 686 4765 ἀνάγκας
727 4699 1058 4769 ἑστράφθαι.
1092 4700 1211 4752 Εἰσὶ
1240 4700 1381 4769 διδοῖ
1413 4704 1508 4754 καὶ
1543 4703 1629 4755 διὰ
1655 4705 1822 4773 τριῶν

228 4792 327 4844 καὶ
372 4792 635 4844 πλειονων
662 4786 1184 4863 ὑπομιμνήσκονται
1219 4795 1452 4863 τροφῆς,
1496 4790 1578 4855 οἷς
1615 4796 1821 4849 πλείων

226 4887 255 4937 ὁ
292 4884 461 4947 πόθος
484 4885 582 4953 τῆς
622 4886 936 4956 ἐπιστήμης
988 4886 1287 4954 ἐνίδρυται.
1340 4888 1499 4950 Τινὲς
1548 4888 1593 4940 δ’
1624 4889 1818 4965 ⁴οὕτως

229 4980 683 5046 ὲνευφραίνονται
715 4984 811 5033 καὶ
848 4980 1131 5050 τρυφῶσιν
1172 4980 1277 5032 ὑπὸ
1321 4984 1516 5047 σοφίας
1551 4981 1818 5048 ἑστιώμε-

224 5087 332 5131 νοι,
376 5068 587 5136 ἄφθονα
623 5076 970 5141 χορηγούσης
1007 5074 1074 5124 τὰ
1118 5072 1388 5141 δόγματα,
1424 5074 1498 5135 ὡς
1540 5075 1633 5125 καὶ
1686 5076 1819 5143 πρὸς

223 5159 557 5212 διπλασίονα
593 5161 785 5231 χρόνον
809 5162 1079 5232 ἀντέχειν,
1108 5166 1202 5216 καὶ
1227 5163 1379 5230 μόλις
1407 5164 1472 5215 δι’
1501 5164 1558 5229 ἒξ
1589 5165 1818 5233 ἡμερῶν

224 5255 443 5322 τροφῆς
485 5254 792 5321 ἀναγκαίας
843 5257 1097 5324 μετέχειν
1150 5257 1600 5327 προσεθισθῆναι.
1655 5256 1729 5309 Δί
1755 5274 1817 5325 γε

302 5406 380 5470 (l)
406 5404 566 5460 Iesus
595 5404 867 5461 Hebraieo
900 5421 1155 5462 sermone
1189 5416 1413 5461 curator
1439 5408 1668 5470 dicitur,
1695 5410 1811 5465 sive

227 5476 482 5530 medicus
529 5488 581 5528 et
622 5478 863 5529 salvator
905 5496 919 5531 :
956 5487 1009 5532 et
1041 5482 1110 5532 ah
1162 5478 1266 5530 hoc
1321 5477 1553 5531 fortasse
1590 5480 1815 5534 nomine

226 5546 417 5602 Jessaai
463 5547 617 5613 prius
666 5545 800 5600 dicti
843 5558 993 5607 sunt.
1029 5563 1191 5616 quam
1238 5546 1682 5602 Christianorum
1719 5566 1814 5604 co-

226 5630 469 5688 gnomen
504 5618 689 5672 tideles
713 5618 1089 5671 obtinuerunt.
1114 5618 1196 5672 Ab
1228 5616 1515 5671 Antiochia
1550 5634 1813 5688 namque,

230 5685 399 5739 sicuti
440 5689 690 5741 veritatis
740 5699 1128 5753 argumentum
1190 5688 1394 5745 habet.
1449 5685 1710 5755 discipuli
1761 5703 1816 5743 et

230 5756 481 5810 Ecclesia
546 5757 641 5810 Dei
677 5758 934 5812 universa
989 5758 1287 5812 Christiani
1337 5757 1445 5811 dici
1500 5771 1810 5825 cmperunt.

235 5826 504 5893 μενοι-ἱεὶς
537 5828 657 5896 ejus
704 5829 782 5881 rei
829 5838 1236 5896 argumentum.
1286 5829 1331 5882 si
1380 5828 1628 5881 Philonis
1661 5844 1813 5882 com-

241 5897 546 5953 mentarios
572 5900 768 5968 legeris
795 5898 848 5951 in
882 5898 1023 5954 libro
1054 5899 1170 5967 ejus
1200 5913 1361 5970 quem
1390 5898 1461 5951 De
1487 5897 1695 5953 Jesmt's
1732 5901 1812 5955 in-

1927 4720 2211 4772 vesperam
2248 4721 2446 4773 usque,
2481 4706 2534 4758 itt
2581 4706 2847 4759 exercitio
2879 4720 2976 4757 eos
3009 4705 3279 4758 continet.
3319 4705 3505 4759 Sacris

1924 4795 2070 4847 enim
2106 4795 2490 4848 incumbentes
2525 4794 2771 4857 Litteris,
2819 4795 2872 4847 itt
2898 4795 3086 4864 lpatria
3118 4795 3311 4848 sedulo
3343 4801 3490 4848 desu-

1925 4886 2056 4940 dattt
2092 4887 2459 4956 philosophia.
2501 4892 2577 4941 At:
2605 4887 2766 4955 quasi
2805 4888 3229 4941 fundamentum
3269 4889 3503 4955 prin-um
3542 4910 3545 4913 ·

1918 4982 2189 5051 jacientes
2235 4981 2408 5047 ipsam
2455 4978 2883 5041 continentiam,
2938 4981 3182 5046 reliquas
3216 4977 3267 5030 ei
3304 4992 3503 5045 super-

1924 5082 2142 5125 struunt
2177 5073 2450 5136 virtutes;
2499 5084 2673 5139 neque
2709 5080 2836 5121 ante
2870 5069 3003 5123 solis
3035 5084 3289 5121 occasum
3337 5068 3503 5122 alicui

1921 5182 1988 5221 ex
2033 5167 2114 5218 eis
2166 5181 2359 5234 panem
2416 5173 2510 5217 aut
2568 5174 2753 5233 potum
2810 5178 3026 5217 sumere
3081 5163 3229 5214 licet.
3278 5160 3505 5214 Virtutis

1921 5260 2067 5312 enim
2105 5257 2348 5311 studium
2382 5258 2502 5311 luce
2530 5256 2783 5326 dignum,
2820 5256 2891 5309 ita
2924 5266 3109 5323 utpar
3139 5262 3224 5309 est
3258 5270 3271 5307 :
3307 5265 3501 5308 contra

1921 5406 2166 5474 scripsit.
2208 5405 2311 5473 Qui
2347 5405 2544 5458 horum
2586 5404 2711 5458 vitm
2734 5402 3195 5457 consuetudinem
3224 5410 3278 5474 et
3311 5400 3503 5474 laudes

1919 5471 2311 5543 exponens,'et
2337 5476 2669 5528 monasteria
2703 5490 2825 5537 qttze
2859 5474 2911 5526 in
2947 5473 3173 5541 regione
3209 5472 3354 5543 circa
3392 5471 3502 5543 hla-

1920 5541 2013 5600 rize
2063 5548 2243 5600 lacum
2304 5545 2547 5598 habuere
2598 5558 3062 5603 commemorans,
3124 5541 3333 5594 nonde
3381 5541 3503 5595 aliis

1918 5632 2082 5686 quam
2118 5615 2445 5670 Christianis
2475 5614 2685 5686 primis,
2719 5613 3002 5686 historiam
3029 5614 3217 5674 texuit,
3247 5609 3385 5664 locis
3416 5613 3501 5664 eis

1919 5682 2243 5762 peragratis.
2279 5682 2498 5762 (Epiplt.
2529 5700 2605 5762 tx_,
2644 5683 2717 5735 De
2749 5682 3068 5762 Nazarytis.)
3269 5750 3282 5762 ι
3320 5751 3333 5762 1
3454 5751 3465 5762 ⁸

1991 5750 2077 5826 (ἳῖ
2103 5750 2473 5823 Σεμνείαιιῐιη
2512 5756 2701 5826 solum
2716 5753 3112 5826 monachorum
3141 5790 3155 5814 ,
3188 5750 3283 5807 scd
3320 5751 3499 5812 humi.

1919 5824 2049 5882 num
2076 5827 2516 5881 Christianorum
2557 5824 2804 5877 omnium
2839 5824 3102 5877 oratoria.
