4212 6440
220 460 320 524 801

1179 460 1784 521 ΕΩῸῘΕΞΙΑΒΤΙΠΛΞ
1828 461 2219 519 ΙΗΞΤΟΗΗΞ
2258 462 2401 520 LIB.
2450 463 2527 521 lI.

3361 460 3468 529 ΒΗ

210 583 307 630 τὸν
342 576 501 639 Θεὸν,
534 575 626 631 καὶ
658 577 769 635 τοῖς
814 574 1125 646 ἀνθρώποις
1179 576 1463 646 ὑποθήκας
1508 575 1601 629 τοῦ
1662 575 1779 645 βῖου

1889 592 2016 629 νει-ο
2049 578 2125 642 (l)
2168 592 2195 629 a
2229 576 2390 631 Musis
2422 586 2595 632 morte
2640 591 2812 646 usque
2864 576 2932 631 ad
2980 578 3314 643 Artaxerxis,
3367 580 3465 648 qui

214 671 590 741 περιέχουσιν.
642 670 772 721 me.
806 669 863 721 δὲ
904 666 1269 736 Ἀρταξέρξου
1311 668 1473 738 μέχρι
1527 667 1621 720 τοῦ
1661 667 1782 721 καθ’

207 762 366 831 ἡμᾶς
418 765 612 832 χρόνου
656 762 969 831 γέγραπται
1008 759 1107 828 μὲν
1158 760 1399 811 ἕκαστα*
1453 760 1685 821 πίστεως
1729 760 1784 812 δὲ

210 858 313 921 οὐχ
342 856 533 923 ὁμοίας
585 853 812 925 ἡξίωιαι
842 854 954 913 τοῖς
987 851 1093 921 πρὸ
1143 850 1347 911 αὐτῶν,
1370 850 1455 903 διὰ
1488 850 1551 903 τὸ
1583 851 1656 920 μὴ
1687 868 1783 917 γε·

211 946 400 999 νέσοαι
442 947 541 1014 τὴν
570 946 676 997 τῶν
712 943 1013 1015 προφητῶν
1045 941 1251 1013 ἀκριδῆ
1298 942 1576 1012 διαδοχήν.
1616 943 1786 1012 Δῆλον

210 1036 257 1089 δ’
292 1037 410 1088 ἐστὶ
442 1036 559 1098 πῶς
587 1037 745 1104 ἡμεῖς
771 1034 917 1105 ἔργῳ
958 1035 1227 1105 πρόσιμεν
1251 1037 1365 1097 τοῖς
1410 1034 1565 1097 ίδίοις
1600 1034 1783 1104 γράμ-

216 1144 387 1197 μασι·
424 1128 678 1180 τοσούτου
714 1130 822 1197 γὰρ
849 1128 1045 1189 αίῶνος
1073 1127 1175 1197 ἢδη
1208 1128 1628 1195 παρῳχηκὸτος,
1659 1127 1785 1179 οὕτε

214 1219 539 1289 προσθεῖναί
569 1236 652 1282 τις
677 1218 804 1272 οὔτε
832 1218 1056 1288 ἀφελεῖν
1086 1218 1184 1272 ἀπ’
1228 1217 1410 1271 αὐτῶν
1462 1216 1586 1271 οὕτε
1619 1235 1786 1287 μετα-

214 1313 390 1366 θεῖναι
423 1313 751 1383 τετόλμηκε.
790 1314 932 1366 [lth
962 1312 1017 1365 δὲ
1047 1311 1329 1381 σύμφυτόν
1358 1313 1507 1364 ἐστιν
1535 1312 1599 1363 ὲκ
1630 1308 1786 1380 πρώ-

213 1422 313 1474 της
347 1406 615 1473 γενέσεως
655 1404 925 1468 Ἰουδαίοις
954 1406 1015 1458 τὸ
1056 1404 1303 1468 νομίζειν
1335 1403 1476 1457 αὐτὰ
1505 1403 1627 1456 θεῖα
1666 1405 1788 1470 δόγ-

174 1486 187 1496 “
217 1514 391 1564 ματα,
440 1498 536 1550 καὶ
564 1499 772 1558 τούτοις
818 1498 1103 1567 ἐπιμένειν
1125 1536 1141 1561 ,
1194 1498 1288 1549 καὶ
1339 1497 1478 1566 ὑπὲρ
1500 1496 1701 1558 αὐτῶν,
1737 1496 1786 1547 εί

214 1588 348 1651 δέοι,
378 1588 636 1658 θνήσκειν
660 1591 847 1658 ἡδέως.
889 1608 908 1642 ι
954 1590 1095 1660 Πρὸς
1121 1589 1176 1641 δὲ
1206 1588 1284 1658 τῷ
1307 1588 1451 1642 τέλει
1483 1588 1582 1657 τῆς
1611 1586 1660 1640 κ’
1685 1588 1788 1654 dp-

216 1681 573 1749 χαιολογίας
636 1681 992 1754 ἐμφαίνεσὲν
1037 1680 1301 1751 τέσσαρσι
1356 1680 1671 1749 συγγράψαι
1704 1680 1787 1747 βι-

215 1771 389 1834 ϐλίοις
422 1772 559 1840 Περὶ
590 1771 760 1835 Θεοῦ,
793 1772 917 1824 ὅσαι
947 1772 1178 1839 πάτριαι
1198 1770 1368 1837 δόξαι,
1406 1772 1499 1825 καὶ
1520 1770 1661 1841 ’περὶ
1689 1771 1786 1839 τῆς

215 1865 407 1926 οὐσίας
434 1865 621 1930 αὐτοῦ,
658 1866 751 1917 καὶ
780 1866 909 1934 περὶ
933 1865 1044 1917 τῶν
1076 1865 1261 1933 νόμων
1282 1882 1295 1895 ·
1334 1864 1420 1917 διὰ
1460 1863 1514 1916 τί
1542 1862 1663 1915 κατ’
1692 1863 1789 1914 αὐ-

1896 668 2037 737 apud
2096 669 2289 723 Persas
2335 667 2501 722 Xerxi
2553 670 2841 733 successit,
2886 679 3135 739 regnum,
3190 671 3284 739 qui
3340 682 3464 741 post

1893 758 2076 813 Mosen
2114 758 2358 824 fuerunt,
2404 760 2706 829 prephctze,
2755 763 3096 830 temporibus
3131 762 3213 815 eis
3260 767 3460 829 gestas,

1894 859 2023 903 sunt
2056 851 2333 919 persecuti
2367 852 2531 905 libris
2560 852 2844 906 tredecim.
2874 852 2976 919 Qui
3011 869 3138 907 vero
3172 863 3298 906 sunt
3334 855 3459 907 reli-

1893 942 1987 1011 qui
2023 954 2281 1011 quatuor,
2319 944 2550 1015 hymnos
2586 953 2641 998 et
2688 945 2882 1000 laudes
2926 946 2978 999 in
3033 946 3200 999 Deum
3245 962 3467 1014 compo-

1895 1039 2050 1099 sitas,
2090 1044 2145 1089 et
2174 1046 2443 1105 praecepta
2474 1037 2761 1091 hominum
2788 1040 2913 1092 vitae
2941 1038 3164 1093 habent.
3188 1040 3271 1094 Ab
3304 1041 3464 1094 Arta-

1894 1142 2061 1182 xerxe
2090 1138 2274 1181 autem
2309 1129 2373 1180 ad
2409 1138 2652 1182 nostram
2691 1144 2865 1197 usque
2893 1140 3110 1183 :etalem
3148 1132 3467 1199 perscriptas

1893 1219 2113 1290 quidem
2139 1228 2267 1272 sunt
2294 1233 2381 1272 res
2410 1220 2678 1275 universa:
2703 1240 2717 1273 :
2743 1221 2837 1275 sed
2866 1237 2971 1275 non
2997 1237 3115 1275 eam
3149 1223 3273 1276 libri
3306 1223 3461 1289 tales,

1894 1326 2058 1379 quam
2092 1309 2309 1363 illorum
2346 1310 2440 1378 qui
2480 1323 2575 1363 eos
2603 1320 3000 1379 pra-cesserunt
3032 1310 3174 1380 apud
3208 1327 3309 1365 nos
3350 1328 3461 1365 me-

1896 1408 2129 1453 ruerunt
2174 1400 2338 1455 ﬁdem
2387 1418 2400 1454 :
2450 1412 2739 1470 propterea
2785 1403 2929 1472 quod
2981 1418 3091 1457 non
3152 1413 3260 1456 tam
3313 1414 3464 1459 certe

1893 1502 2056 1562 atque
2074 1494 2350 1562 explorata
2374 1494 2758 1562 prophetarum
2783 1500 3145 1564 posteriorum
3165 1495 3235 1550 sit
3253 1512 3471 1550 succes-

1895 1584 1998 1639 sio.
2034 1584 2179 1638 Salis
2220 1600 2389 1653 porro
2437 1600 2524 1639 res
2560 1586 2677 1653 ipsa
2737 1588 3001 1650 declarat,
3052 1604 3158 1656 qua
3205 1588 3471 1655 religione

1895 1689 1995 1728 nos
2018 1674 2189 1729 libros
2222 1683 2439 1729 nostros
2482 1676 2634 1729 adire
2686 1685 2848 1745 atque
2906 1691 3121 1731 versare
3169 1676 3479 1746 soleamus.-

1894 1766 2031 1821 Cum
2067 1768 2213 1821 enim
2250 1775 2329 1821 tot
2355 1768 2466 1837 jam
2500 1768 2695 1821 smeula
2731 1758 3121 1837 praeterierint,
3170 1782 3331 1821 uerno
3368 1783 3467 1818 uu-

1897 1873 2059 1924 quam
2095 1859 2351 1912 inventus
2395 1869 2502 1920 est,
2538 1858 2631 1927 qui
2665 1858 2748 1912 vel
2786 1858 2991 1913 addere
3027 1858 3352 1927 quidquam,
3385 1873 3450 1911 ve

215 1955 349 2015 τοὺς
396 1956 462 2007 τὰ.
496 1955 597 2023 μὲν
624 1954 799 2019 ἔξεστι
827 1956 1108 2026 πράττειν,
1140 1958 1209 2007 τὰ
1237 1954 1293 2007 δὲ
1319 1954 1648 2008 κεκώλυται.
1666 1953 1789 2006 Καὶ

1897 1949 2209 2012 detrahere,
2238 1950 2321 2002 vel
2355 1959 2569 2003 Imitare
2598 1949 2836 2017 denique
2874 1951 2925 2001 in
2954 1959 3272 2002 sacrosanct
3296 1963 3321 2000 s
3351 1963 3474 2001 ora-

216 2046 357 2099 ἄλλα
402 2047 458 2099 δὲ
487 2047 637 2117 αὐτῷ
670 2048 1074 2119 σπουδασθῆναι
1106 2049 1134 2100 ὁ
1162 2049 1324 2111 αὐτὸς
1374 2050 1434 2101 ὲν
1474 2050 1589 2109 τοῖς
1617 2046 1784 2099 αὐτοῦ

217 2138 507 2203 καταλέγει
567 2142 1019 2209 συγγράμμασιν.
1064 2140 1151 2191 Ἐν
1177 2139 1233 2192 δὲ
1284 2139 1362 2209 τῷ
1390 2140 1487 2206 τῆς
1514 2140 1785 2208 Ἀρχαιο-

214 2226 433 2292 ⁸τογίας
455 2223 597 2276 τέλει
627 2224 934 2277 διαὸάλλων
950 2223 1184 2276 Ἰοῦστον
1213 2225 1471 2293 Τιϐεριέα
1500 2226 1621 2276 τινὰ
1646 2224 1787 2277 κατὰ

216 2316 352 2377 τοὺς
397 2317 595 2371 αὐτοὺς
624 2315 775 2386 αὐτῷ
808 2318 1037 2387 καιροὺς
1091 2319 1166 2387 μὴ
1218 2317 1392 2388 ἀληθῆ
1445 2318 1785 2386 γεγραφότα,

220 2406 327 2458 σὺν
363 2407 584 2469 πολλαῖς
618 2408 713 2462 καὶ
762 2407 953 2471 ἄλλαις
984 2409 1051 2472 ἃς
1087 2410 1284 2478 ὲπάγει
1336 2410 1513 2479 τούτῳ
1557 2410 1789 2471 εὐθύνας

220 2502 319 2550 καὶ
353 2500 540 2562 αὑταῖς
576 2499 750 2565 λέξεσι
780 2500 957 2555 ταῦτα
984 2503 1184 2571 φησίνο
1242 2518 1260 2552 ι
1298 2504 1373 2554 Οὐ
1409 2501 1516 2571 μὴν
1563 2502 1675 2568 ἐγώ
1707 2518 1789 2554 σοι

215 2590 314 2641 τὸν
343 2591 505 2644 αὐτὸν
537 2594 741 2662 τρόπον
763 2593 886 2662 περὶ
918 2594 1015 2662 τῆς
1051 2592 1294 2662 ἐμαυτοῦ
1328 2594 1542 2664 γραφῆς
1571 2592 1783 2646 ἔδεισαο

215 2682 337 2733 ἀλλ’
370 2684 550 2747 αὐτοῖς
588 2684 835 2737 ἐπέδωκα
864 2688 974 2747 τοῖς
1030 2686 1428 2756 αὐτοκράτορσι
1474 2696 1541 2737 τα
1570 2685 1781 2754 βιϐλία,

220 2775 453 2842 μονονοὺ
488 2779 598 2828 τῶν
635 2775 812 2845 ἔργων
832 2776 933 2846 ήδη
966 2776 1341 2847 βλεπομένων.
1392 2762 1647 2847 Συνῄδειν
1680 2779 1787 2847 γὰρ

216 2866 449 2934 ἐμαυτῷ
484 2869 812 2937 τετηρηκότι
860 2868 958 2937 τὴν
990 2872 1090 2939 τῆς
1146 2868 1408 2938 ἀληθείας
1454 2869 1787 2940 παράδοσινο

218 2959 312 3027 ἐφ’
417 2962 727 3030 μαρτυρίας
757 2962 1045 3026 τεύξεσθαι
1104 2954 1508 3032 προσδοκήσας,
1564 2962 1625 3015 οὺ
1676 2963 1792 3031 διή-

222 3066 461 3119 μαρτον.
497 3050 607 3105 Καὶ
650 3053 832 3115 ἄλλοις
865 3053 921 3106 δὲ
974 3052 1189 3116 πολλοῖς
1219 3053 1467 3106 ἐπέδωκα
1498 3053 1595 3123 τὴν
1643 3055 1792 3106 ἱστο-

222 3142 373 3209 ρίαν,
406 3136 482 3195 ὧν
530 3143 662 3196 ἔνιοι
708 3146 802 3196 καὶ
850 3145 1377 3213 παρατετυχήκεσαν
1425 3145 1503 3214 τῷ
1546 3145 1789 3214 πολέμῳ,

1887 2039 2028 2092 culis
2060 2055 2229 2093 ausus
2266 2038 2455 2093 fuerit.
2493 2040 2768 2094 Omnibus
2800 2042 3026 2109 quippe,
3066 2041 3133 2093 ab
3169 2040 3289 2108 ipso
3320 2049 3469 2102 ortu,

1884 2130 2086 2185 Judzeis
2115 2131 2417 2199 ingenitum
2448 2144 2551 2195 est,
2598 2132 2865 2185 divinitus
2895 2131 3162 2198 proditam
3206 2146 3325 2184 eam
3352 2145 3473 2184 esse

1888 2223 2199 2277 doctrinam
2236 2224 2491 2289 credere,
2544 2223 2598 2276 in
2635 2239 2809 2292 eaque
2844 2232 3162 2275 constanter
3212 2236 3469 2289 perseve-

1893 2330 2043 2376 rare,
2072 2325 2238 2384 atque
2281 2316 2441 2378 adeo,
2484 2317 2527 2369 si
2565 2331 2705 2385 Opus
2757 2318 2848 2377 sit,
2886 2332 2985 2384 pro
3038 2330 3102 2367 ea
3142 2315 3305 2367 etiam
3360 2328 3469 2366 non

1887 2419 2108 2474 gravate
2160 2408 2334 2477 ipsam
2396 2410 2548 2462 adire
2598 2418 2658 2463 et
2712 2409 2957 2477 perferre
3007 2418 3261 2461 mortem.
3322 2425 3341 2458 ι
3388 2405 3469 2459 Ad

1890 2498 2051 2550 linem
2099 2508 2281 2553 autem
2334 2500 2581 2555 vicesimi
2637 2501 3034 2569 Antiquitatum
3067 2500 3191 2553 libri
3237 2498 3466 2561 iudicat,

1896 2598 2133 2656 quatuor
2174 2605 2232 2644 se
2261 2593 2634 2660 composuisse
2666 2594 2837 2646 libros
2860 2592 2933 2645 De
2958 2592 3085 2657 Deo,
3106 2607 3227 2660 qua
3252 2580 3477 2645 Judaei?

1886 2696 2007 2734 rum
2050 2682 2117 2735 de
2166 2698 2232 2736 eo
2280 2683 2390 2737 sint
2438 2686 2628 2752 patriae
2677 2686 2984 2754 opiniones.
3040 2687 3107 2740 de
3150 2685 3462 2739 substantia

1886 2771 2029 2840 ejus,
2062 2779 2117 2824 et
2159 2771 2226 2824 de
2257 2771 2490 2840 legibus.
2529 2774 2876 2843 Quapropter
2900 2776 3042 2845 apud
3074 2792 3170 2831 eos
3212 2776 3464 2845 quaedam

1890 2867 2224 2934 permissum
2251 2868 2323 2923 sit
2349 2868 2551 2933 facere,
2581 2873 2827 2939 quaedam
2860 2887 2991 2925 vero
3018 2872 3127 2925 sint
3157 2871 3460 2940 prohibita.

1897 2958 2015 3012 Alia
2052 2944 2283 3029 insuper
2314 2976 2342 3013 a
2372 2976 2430 3015 se
2468 2964 2613 3015 edita
2646 2978 2764 3017 esse
2799 2964 2939 3016 idem
2975 2965 3093 3033 ipse
3124 2966 3177 3017 in
3210 2966 3473 3033 operibus

1892 3050 2008 3102 suis
2062 3060 2356 3103 asseverat.
2417 3050 2613 3105 Verum
2667 3052 2721 3105 in
2773 3052 2877 3105 ﬁne
2941 3055 3370 3120 Antiquitatum,
3417 3055 3470 3106 in

1891 3138 2115 3194 Justum
2161 3142 2454 3211 qurmdam
2511 3159 2575 3197 ex
2627 3143 2935 3205 Tiberiade,
2987 3147 3079 3214 qui
3124 3146 3191 3198 de
3243 3147 3472 3211 eisdem,

220 3233 482 3301 καθάπερ
515 3232 770 3302 βασιλεὺς
810 3235 1145 3304 Ἀγρίππας,
1180 3236 1271 3286 καί
1307 3253 1450 3297 τινες
1496 3235 1659 3289 αὐτοῦ
1686 3237 1794 3289 τῶν

1900 3234 2103 3301 quibus
2128 3233 2243 3301 ipse
2278 3235 2623 3302 temporibus
2658 3244 2710 3287 ιιι
2748 3237 2931 3297 rebus,
2968 3238 3148 3289 minus
3179 3252 3300 3290 vera
3331 3238 3471 3290 scri-

226 3316 535 3380 συγϊενῶν.
586 3317 645 3369 Ὀ
687 3319 783 3384 μὲν
812 3317 918 3386 γὰρ
957 3319 1315 3387 αὐτοκράτωρ
1346 3319 1499 3377 Τῖτος
1528 3318 1702 3381 οὕτως
1737 3322 1799 3370 ὲκ

230 3408 414 3472 μόνων
449 3406 629 3458 αὐτῶν
665 3408 935 3477 ἐϐουλήθη
967 3408 1066 3479 τὴν
1100 3409 1303 3475 γνῶσιν
1345 3412 1456 3472 τοῖς
1489 3410 1800 3481 ἀνθρώποις

228 3496 571 3565 πιραδοῦναι
617 3499 724 3551 τῶν
755 3500 1030 3569 πράξεων,
1064 3499 1205 3553 ὥστε
1250 3502 1494 3571 χαράξας
1528 3504 1594 3571 τῇ
1630 3501 1795 3554 αὑτοῦ

226 3591 379 3659 χειρὶ
428 3590 494 3642 τὰ
540 3590 743 3658 βεδλία,
797 3592 1221 3660 δημοσιεύεσθαι
1272 3592 1644 3662 προσέταξεν·
1681 3591 1797 3645 δ’δὲ

229 3682 490 3750 βασιλεὺς
526 3683 835 3750 ’Δγρίππας
868 3681 910 3747 ξ’
944 3685 1036 3736 καὶ
1100 3685 1144 3752 β’
1188 3684 1428 3755 ἔγραψεν
1483 3685 1796 3745 ἐπιστολὰς,

224 3772 293 3838 τῇ
350 3770 445 3838 τῆς
492 3773 751 3841 ἀληθείας
785 3774 1083 3843 παραδόσει
1141 3777 1464 3844 μαρτυρῶν.
1508 3795 1527 3828 ι
1574 3776 1689 3843 Ἀφ’
1724 3769 1798 3829 ὧν

226 3860 326 3913 καὶ
357 3861 452 3913 δύο
498 3864 856 3933 παρατίθησι.
908 3865 1176 3918 Τοσοῦτον
1228 3866 1282 3918 δὲ
1322 3866 1401 3937 τῷ
1435 3866 1799 3935 συγγραφικῷ

226 3955 552 4025 χαρακτῆρι
585 3956 754 4021 ἀνθεῖ,
809 3956 901 4011 τὸν
954 3957 1286 4027 Θουκυδίδην
1321 3958 1679 4029 μιμούμενος,
1723 3959 1829 4022 ὡς,

226 4045 439 4113 μηδένα
467 4050 526 4099 το
568 4048 627 4112 ἐξ
668 4050 878 4102 ἐκείνου
907 4050 1065 4103 ἐᾶσαι
1100 4049 1162 4102 τὸ
1208 4050 1475 4119 πρωτεῖον
1510 4048 1798 4118 κληρώσα-

225 4138 382 4197 adat,
413 4140 534 4200 ταῖς
568 4141 783 4202 καιναῖς
829 4141 918 4193 ἀεὶ
950 4140 1157 4210 χαίρων
1188 4142 1296 4193 τῶν
1337 4140 1672 4201 ὑποθέσεων,
1706 4140 1799 4191 καὶ

228 4227 354 4297 μετ’
380 4229 631 4292 εὐκολίας
670 4234 851 4302 πάσης
872 4248 888 4264 ·
929 4234 1005 4304 μὴ
1039 4233 1134 4285 τοῦ
1162 4234 1263 4301 τῆς
1290 4234 1487 4303 τέχνης
1506 4234 1664 4285 τόνου
1698 4249 1799 4302 χαι

226 4320 360 4383 λῶν,
394 4322 573 4389 ἠπίως
613 4321 759 4391 μάλα
803 4327 900 4377 καὶ
929 4324 1130 4393 ἱλαρῶς
1171 4326 1465 4395 διέρχεται,
1500 4325 1796 4395 ὑπερφυῶς

226 4413 547 4483 ἑκιρρὰζων,
586 4418 687 4468 κάν
720 4417 796 4484 τῷ
829 4418 1169 4488 δημηγορεῖν
1200 4418 1595 4488 ἁϐρυνὸμενος.
1618 4417 1675 4469 ⁸0
1701 4419 1798 4487 μὲν

221 4506 324 4559 οὖν
357 4508 531 4559 Φίλων
566 4510 631 4577 τῇ
665 4510 955 4579 φιλοςοφεᾳ
981 4509 1232 4575 φαίνεται
1262 4510 1323 4562 τὸ
1362 4508 1526 4561 πλέον
1568 4509 1798 4577 ὲσχολα-

224 4595 340 4659 κώς
364 4610 378 4624 ·
431 4597 694 4666 Ἰώσηπος
724 4597 781 4649 δὲ
815 4599 924 4651 τῶν
959 4598 1059 4667 τῆς
1088 4601 1376 4668 ῥητορείας
1405 4599 1609 4669 ὀργίων
1653 4600 1797 4651 ἔοικε

223 4687 417 4740 πλεῖον
457 4692 891 4759 μετεσχηκέναι·
936 4694 1183 4754 κακεῖνος
1232 4694 1332 4762 μὲν
1370 4694 1508 4763 πρὸς
1538 4693 1799 4745 Πλάτωνα

223 4780 463 4849 ἀφορᾷν,
494 4776 652 4843 οὗτος
701 4782 760 4833 δὲ
809 4783 946 4853 πρὸς
979 4784 1072 4835 τὸν
1122 4784 1477 4855 Θουκυδίδην.
1520 4785 1799 4837 Ἀλλὰιτὰ

227 4872 331 4940 μὲν
364 4872 508 4924 κατὰ
560 4874 772 4927 Φίλωνα
804 4875 896 4928 καὶ
942 4876 1204 4946 Ἰώσηπον
1239 4879 1297 4930 ὲν
1334 4880 1569 4939 τούτοις.
1608 4878 1801 4949 ἸΙμεῑς

222 4964 282 5016 δὲ
348 4963 513 5016 πάλιν
570 4965 660 5016 ἐπὶ
714 4967 811 5035 τὴν
877 4968 1202 5021 ἀκολουθίαν
1255 4972 1364 5023 τῶν
1432 4972 1810 5025 ἀποστυλικῶν

223 5056 623 5125 ἐπανέλθωμεν
669 5061 944 5127 πράξεων,
986 5063 1046 5113 ὲν
1093 5063 1345 5133 ἐπιτόμῳ
1379 5065 1548 5127 αὑτὰς
1592 5066 1808 5136 διερχό-

229 5163 410 5214 μενοι.

1907 3325 2037 3391 psit,
2065 3327 2205 3394 siylo
2235 3328 2518 3391 invehens,
2550 3328 2801 3381 cum'alia
2830 3336 3098 3395 permulta
3123 3332 3169 3383 ci
3198 3332 3329 3384 vitio
3357 3331 3471 3393 dat,

1905 3423 2017 3467 tum
2054 3417 2199 3470 hisce
2247 3416 2417 3469 utitur
2469 3418 2650 3472 verbis
2686 3438 2696 3470 :
2736 3438 2755 3469 ι
2790 3420 2908 3473 Νυιι
2953 3421 3230 3489 equidem,
3267 3423 3470 3490 inquit,

1902 3506 2089 3559 itidem
2122 3517 2286 3575 atque
2315 3518 2394 3571 tu,
2431 3511 2656 3581 scriptis
2696 3513 2831 3565 meis
2864 3514 3043 3567 timui.
3090 3515 3194 3567 Sed
3231 3516 3470 3582 impera-

1901 3598 2116 3652 toribus
2164 3602 2293 3669 ipsis
2347 3602 2521 3657 libros
2572 3619 2722 3658 meos
2768 3607 2965 3668 obtuli,
3021 3622 3145 3659 cum
3198 3622 3285 3659 res
3338 3607 3471 3673 ipsa:

1900 3702 2064 3761 gesta:
2106 3695 2499 3763 propemodum
2547 3697 2727 3750 adhuc
2773 3709 3153 3752 cernerentur.
3203 3698 3475 3755 Conscius

1900 3784 2048 3836 enim
2102 3784 2217 3852 ipse
2268 3798 2389 3837 sum
2445 3784 2601 3848 mihi,
2658 3802 2743 3840 me
2791 3788 3042 3842 veritatis
3093 3792 3473 3844 consectando.-

1901 3881 2169 3939 praecepta
2201 3886 2573 3927 conservasse.
2615 3873 2783 3942 Cujus
2814 3892 2937 3930 cum
2977 3891 3062 3932 me
3098 3881 3471 3933 testiinonium

1901 3971 2331 4017 consecuturum
2382 3979 2684 4033 sperarem,
2730 3984 2837 4022 non
2899 3986 2983 4024 me
3032 3972 3223 4027 fefellit
3265 3975 3471 4042 opinio.

1900 4054 2261 4114 Cunt‘multis
2312 4077 2552 4132 namque
2590 4064 2715 4117 aliis
2746 4066 3029 4121 historiam
3074 4086 3246 4123 meam
3288 4072 3474 4140 legen-

1903 4147 2027 4201 dam
2059 4151 2309 4217 exbibui,
2342 4168 2407 4206 ex
2442 4156 2646 4223 quibus
2674 4159 2928 4211 nonuulii
2965 4160 3019 4213 in
3058 4161 3254 4214 bellum
3294 4164 3470 4230 ip~uiu

1901 4241 2065 4293 etiam
2104 4242 2447 4311 inciderunt,
2481 4248 2945 4314 quemadmodum
2978 4254 3214 4319 Agrippa
3250 4269 3339 4305 res
3375 4256 3473 4321 (‘2),

1907 4333 2063 4402 163
2110 4343 2166 4388 et
2215 4336 2438 4403 quidam
2488 4342 2703 4406 cognati
2758 4343 2874 4407 ejus
2926 4360 2940 4397 :
2996 4354 3109 4397 tum
3173 4348 3476 4415 imperator

1904 4422 2065 4476 Titus
2092 4465 2104 4488 ,
2148 4428 2285 4480 adeo
2320 4444 2417 4496 per
2460 4434 2783 4499 scriptorum
2827 4449 3069 4488 nieorum
3121 4454 3475 4492 monumenta

1906 4518 2288 4571 tantummodo
2331 4535 2514 4573 rerum
2568 4532 2844 4589 gestarum
2878 4527 3250 4594 cognitionem
3295 4530 3344 4583 in
3378 4533 3477 4583 hu-

1908 4610 2082 4662 mines
2122 4610 2331 4677 vulgari
2386 4611 2581 4677 voluit,
2620 4622 2680 4665 ut
2728 4631 2923 4669 manus
2964 4631 3076 4671 suze
3120 4621 3473 4678 adnotatione

1908 4700 2192 4753 historiam
2242 4702 2620 4772 consignatam
2673 4706 2937 4774 publicari
2985 4714 3322 4779 pra-ceperit.
3361 4715 3476 4769 Rex

1908 4799 2171 4858 praetcrea
2213 4790 2447 4861 Agrippa
2486 4795 2766 4863 sexaginta
2814 4807 2868 4851 et
2904 4799 3042 4853 duas
3090 4804 3310 4870 Scripsit
3361 4808 3478 4873 epi-

1907 4885 2095 4947 stolas,
2127 4885 2329 4952 quibus
2374 4886 2499 4938 lidei
2551 4896 2717 4957 atque
2749 4890 2996 4944 veritatis
3042 4892 3293 4949 Historia:
3342 4914 3477 4951 mem

1906 4977 2159 5044 perhibet
2195 4977 2591 5031 testimonium.
2632 4998 2650 5029 ι
2708 4980 2780 5032 Ex
2826 4983 3027 5051 quibus
3078 4986 3214 5038 duas
3256 5004 3476 5057 quoque

1906 5070 2153 5138 apponit.
2199 5071 2511 5140 Tantopere
2547 5084 2731 5127 autem
2781 5078 3066 5141 historico,
3108 5084 3273 5135 rebus
3307 5087 3476 5153 gestis

1904 5161 1968 5213 ad
1999 5161 2358 5215 imitationem
2390 5164 2731 5233 Thucydidis
2762 5169 3095 5235 scribendis,
3120 5174 3259 5243 style
3279 5176 3472 5238 enitet,

229 5250 288 5292 ut
317 5243 591 5294 neminem
627 5243 678 5296 in
718 5259 780 5298 ea
816 5245 975 5299 laude
1008 5248 1213 5315 primas
1284 5248 1428 5304 ferre
1495 5253 1758 5321 patiatur.
1836 5252 2117 5321 Siquidem
2173 5257 2329 5309 novis
2378 5259 2613 5311 subinde
2671 5262 2913 5329 gaudens
2950 5267 3307 5331 argumentis,
3351 5283 3475 5320 cum

225 5332 493 5387 facilitate
538 5337 704 5389 multa
730 5377 745 5399 ,
784 5338 920 5391 nihil
966 5340 1032 5391 de
1070 5342 1208 5392 artis
1245 5342 1430 5409 vigure
1482 5344 1791 5407 remittens,
1833 5345 2019 5399 suavis
2080 5348 2373 5401 admodum
2406 5362 2460 5403 et
2528 5351 2683 5405 larius
2718 5353 2922 5407 incedit
2954 5372 2967 5410 :
3005 5367 3057 5409 et
3089 5374 3211 5408 cum
3248 5359 3477 5416 inirilica

225 5427 349 5496 ejus
388 5440 472 5481 est
510 5431 772 5496 elocutio,
813 5441 924 5486 tum
997 5434 1049 5486 in
1112 5437 1475 5509 cum-ionibus
1525 5439 1755 5507 gioriam
1805 5451 1860 5493 et
1902 5441 2115 5494 laudem
2173 5446 2376 5497 meruit
2426 5446 2782 5516 singularem.
2844 5451 2999 5504 I’hilu
3051 5462 3202 5505 certe
3252 5456 3473 5523 quidem

228 5523 594 5593 philosophia:
624 5528 919 5596 plurimum
954 5546 1133 5599 operm
1163 5547 1409 5597 navasse,
1478 5544 1532 5588 at
1593 5535 1871 5605 Josephus
1908 5549 2191 5591 oratorum
2230 5555 2381 5594 sacra
2428 5544 2597 5612 magis
2637 5546 2873 5599 coluisse
2913 5548 3142 5601 videtur.
3185 5551 3250 5603 Et
3286 5554 3376 5606 ille
3407 5553 3473 5605 ad

304 5706 385 5772 (1)
420 5708 618 5784 Euseb.
654 5712 754 5768 lib.
787 5729 867 5776 ιιι,
901 5730 1020 5784 cap.
1068 5716 1154 5770 10.
1204 5716 1527 5774 Theodorus
1561 5718 1801 5772 Biblian-

227 5778 327 5829 der
378 5782 646 5855 autude
690 5786 912 5841 condito
945 5778 1013 5841 ad
1045 5787 1204 5841 Musa:
1256 5792 1492 5855 obitum,
1549 5802 1801 5845 numerat

226 5859 406 5901 annos
423 5848 583 5905 9588.

1982 5723 2057 5789 (σε)
2094 5722 2192 5803 llic
2222 5723 2455 5803 Agrippa
2491 5741 2664 5792 usque
2699 5733 2762 5779 ad
2799 5729 3175 5803 Hierosolymo
3213 5752 3299 5793 um
3328 5738 3480 5790 exci-

1904 5791 2053 5878 dium
2098 5793 2367 5878 _dura’vit.
2406 5796 2634 5878 Herodis
2668 5809 2917 5867 Agl‘lppil'
2948 5791 3190 5878 (ἀίειηο
3219 5791 3355 5860 [με
3421 5823 3474 5860 in

1905 5870 2024 5915 Act.
2063 5865 2205 5918 circa
2249 5865 2640 5932 ﬁnemscribu)
2676 5865 2839 5923 titius.
