4212 6440
715 397 826 462 819

1955 400 2003 460 Ν
2010 397 2376 460 ICEPHORI
2416 399 2762 463 CALLISTI

3887 400 3995 467 820

725 512 960 568 curiosis
1000 511 1219 568 artibus
1253 511 1549 579 vivebant,
1593 511 1768 567 libros
1795 525 1928 568 suos
1970 512 2290 577 vendentes,

2417 514 2667 582 ιργυρίου
2700 514 2865 567 πέντε
2914 512 3316 585 συνεψηφίσθαι
3344 528 3358 543 ⁸
3399 513 3611 566 τούτων
3658 511 3995 582 γινομένων,

725 606 959 673 pretium
992 619 1186 659 eorum
1226 605 1293 658 ad
1336 605 1585 674 quinque
1629 605 1906 675 myriades
1941 603 2298 660 denariorum

725 697 976 764 redigunt
1010 695 1110 765 (ί).
1145 695 1242 750 His
1271 710 1435 764 porro
1465 695 1539 749 ita
1563 697 1729 765 actis,
1761 697 1815 751 in
1844 696 2031 750 animo
2058 695 2301 750 habebat

724 790 925 843 l'aulus
954 806 1054 859 per
1095 788 1476 844 Macedoniam
1512 799 1700 859 petere
1746 789 2006 844 Achaiam
2032 830 2047 854 ,
2081 799 2137 844 et
2174 789 2301 843 inde

725 883 924 936 reverti
961 883 1335 951 Hierosolyma
1359 925 1372 947 ,
1405 883 1604 938 deinde
1635 882 1866 936 Romam
1895 884 2062 937 etiam
2088 882 2298 938 videre.

724 975 858 1027 tium
905 983 1090 1027 autem
1136 974 1319 1027 adhuc
1367 974 1421 1027 in
1454 973 1580 1027 Asia
1625 982 1804 1038 esset,
1854 973 2204 1027 Timotheum
2246 981 2303 1026 et

726 1067 977 1118 [-Jrastum
1021 1066 1076 1119 in
1124 1066 1470 1121 occidentem
1500 1065 1669 1120 misit.
1707 1063 1785 1119 lbi
1823 1075 1936 1120 tum
1966 1064 2300 1132 Demetrius,

727 1160 880 1211 t'aber
912 1159 1289 1228 argentarius,
1327 1159 1473 1228 quod
1501 1159 1689 1223 aurei,
1723 1174 1865 1228 quos
1896 1158 2166 1220 faciebat,
2198 1158 2299 1219 dii.

727 1253 893 1306 Paulo
942 1251 1070 1306 illos
1101 1252 1382 1322 despicere
1429 1253 1800 1321 persuadente
1821 1294 1835 1318 ,
1867 1253 2300 1322 negligerentur,

726 1348 1024 1401 tumultum
1048 1361 1158 1400 non
1184 1362 1418 1415 parvum
1447 1345 1644 1415 Ephesi
1675 1348 1880 1402 excitat
1908 1363 1920 1399 :
1959 1347 2154 1400 Actum
2179 1361 2301 1400 esse

725 1443 789 1495 de
825 1439 930 1493 diis
953 1481 966 1501 ,
1013 1439 1427 1509 periclitarique
1459 1440 1626 1493 etiam
1663 1438 1927 1508 templum
1951 1479 1964 1502 ,
2002 1454 2123 1508 qua:
2157 1438 2301 1507 apud

726 1537 875 1596 ipsos
908 1534 1195 1587 colebatur
1217 1577 1232 1599 ,
1283 1534 1466 1588 Diana:
1487 1577 1501 1600 ,
1553 1533 1849 1603 quiritans.
1881 1531 2087 1602 Vulgus
2120 1532 2303 1601 itaque

729 1629 913 1679 lurore
942 1635 995 1679 et
1026 1625 1405 1693 indignatione
1436 1627 1729 1695 percitum,
1763 1624 1985 1693 Magna,
2011 1625 2302 1691 exclamat,

732 1721 1076 1786 ifplwsiorum
1102 1719 1278 1772 Diana
1305 1736 1321 1773 :
1351 1729 1406 1773 et
1439 1721 1643 1789 impetu
1671 1719 1915 1773 belluiuo
1945 1718 2206 1789 quosdam
2238 1734 2304 1772 ex

730 1810 878 1864 Pauli
901 1811 1269 1864 sectatoribus
1293 1807 1739 1878 comprehcndit.
1768 1811 1842 1863 Ac
1867 1810 1973 1863 nisi
1998 1810 2305 1863 Alexander

727 1905 908 1956 scriba
942 1904 1274 1968 consistens,
1301 1904 1517 1957 sublata
1545 1905 1596 1956 in
1625 1904 1796 1957 altum
1827 1919 2016 1968 manu,
2041 1907 2305 1961 suavibus

731 1995 1139 2049 rnultitudiucm
1179 1995 1530 2048 demulsisset
1566 1996 1767 2058 verbis,
1803 1996 2036 2051 fortasse
2073 1998 2302 2051 l’aulnm

730 2105 905 2155 ipsum
930 2089 1095 2142 etiam
1127 2089 1559 2142 interemissent.
1605 2087 1706 2154 Qui
1752 2088 1967 2157 Epheso
1994 2090 2302 2156 discedens,

729 2177 781 2233 iu
819 2181 1190 2234 Macedoniam
1219 2179 1611 2248 proficiscitur,
1653 2182 1917 2236 ecclesias
1949 2183 2302 2236 confirmans.

729 2277 906 2343 Atque
941 2277 1067 2328 inde
1098 2276 1150 2327 in
1182 2273 1445 2328 Gra:ciam
1481 2276 1648 2328 venit.
1688 2273 1848 2346 174
1873 2275 2142 2329 Cmterurn
2180 2291 2305 2328 cum

732 2368 806 2420 ibi
834 2384 861 2420 a
888 2367 1090 2422 Ιυιίωίε
1114 2367 1164 2421 ei
1188 2378 1533 2422 struerentur
1561 2369 1795 2432 insidiai,
1823 2384 2037 2422 rursum
2069 2385 2165 2438 per
2199 2367 2308 2422 Ma-

731 2467 1020 2520 cedoniam
1077 2466 1390 2525 revertitur,
1444 2465 1832 2536 Sequebantur
1876 2481 2001 2520 cum
2053 2465 2306 2533 Sopater,

731 2561 1127 2624 Aristarchus,
1177 2575 1232 2613 et
1288 2559 1636 2614 Timotheus.
1695 2559 1968 2630 Tychicus
2020 2571 2202 2614 autem
2253 2571 2308 2614 et

731 2654 1090 2723 't'rophimus,
1133 2653 1342 2719 Asiani,
1389 2653 1482 2723 qui
1517 2663 1934 2722 pt'mcesserant,
1967 2654 2180 2707 Troade
2212 2670 2308 2708 eos

731 2743 1152 2812 exspectabant.
1192 2744 1393 2798 Paulus
1438 2756 1606 2812 prmo
1641 2761 1743 2796 una
1786 2762 1909 2798 cum
1947 2745 2092 2798 Luca
2125 2747 2310 2816 (erant

735 2851 848 2890 tum
895 2840 1226 2908 Azymorum
1267 2837 1407 2906 dies)
1458 2830 1724 2907 Philippis
1773 2838 2044 2892 Troadem
2095 2850 2151 2893 et
2195 2840 2309 2908 ipse

736 2935 907 2988 venit.
950 2931 1028 2984 ibi
1073 2933 1163 2986 die
1194 2931 1563 2986 Sabbatorum
1604 2950 1741 2994 una.
1777 2949 1899 2986 cum
1943 2934 2145 2987 Paulus
2179 2951 2310 2986 con-

733 3040 951 3078 ειοιιοιιι
1021 3026 1237 3094 longam
1299 3025 1570 3088 haberet,
1622 3037 1676 3080 et
1729 3028 1906 3081 oratio
1965 3024 2017 3081 ili
2076 3029 2312 3082 mediam

736 3130 953 3172 noctem
1014 3119 1448 3188 produceretur,
1490 3119 1813 3176 adolescens
1869 3122 2091 3192 quidam
2146 3123 2309 3193 Euly-

2403 607 2542 675 πρὸς
2593 605 2792 675 βουλῆς
2843 601 2913 677 ἦν
2963 607 3165 677 Παύλῳ
3217 606 3309 660 διὰ
3358 604 3472 659 τῶν
3522 603 3862 658 Μακεδόνων
3914 605 4000 668 είς

2416 700 2670 769 Ἀχαιίαν
2705 698 2908 766 ἐλθεῖν,
2940 699 3240 753 κάντεῦθεν
3271 698 3618 770 ἀναστρέψαι
3642 699 3724 760 εἰς
3762 697 4002 768 Ἱεροσό-

2403 793 2574 863 λυμα,
2623 794 2764 863 μετὰ
2813 794 2871 848 δέ
2921 793 3084 847 τοῦτο
3121 794 3218 846 καὶ
3260 793 3486 864 Ῥώμην
3537 792 3689 846 ἰδεῖν.
3733 791 3894 854 Τέως
3943 789 3999 844 δι

2403 887 2462 939 tv
2527 886 2681 958 Ἀσίᾳ
2733 886 3048 958 διατρίϐων,
3098 884 3367 956 Τιμόθεον
3419 885 3518 939 καὶ
3577 886 3860 956 Ἔραστον
3921 887 4000 946 είς

2405 981 2646 1048 ἑσπέραν
2692 979 3020 1050 διέπεμψεν.
3064 977 3335 1036 Ἐνταῦθα
3383 979 3707 1050 Δημήτριος
3753 978 3783 1030 δ
3828 978 4004 1046 ἀργυ-

2405 1070 2662 1141 ροκόπος,
2692 1072 2886 1143 ὅτιπερ
2919 1071 3070 1142 αὐτῷ
3101 1071 3152 1125 oi
3184 1072 3385 1141 χρυσοῖ
3421 1069 3536 1123 θεοὶ
3572 1069 3997 1140 παρεώρανται,

2406 1165 2623 1218 Παύλου
2655 1166 3025 1234 καταφρονεῖν
3059 1165 3374 1227 πείσαντος,
3400 1162 3644 1232 τάραχον
3675 1162 3781 1214 οὐκ
3816 1159 4002 1234 ὀλίγον

2417 1257 2688 1325 Ἐφεσίοις
2733 1257 2890 1323 ἐνίει,
2928 1257 3276 1331 ἀπολωλέναι
3331 1257 3506 1324 λέγων
3556 1255 3756 1319 θεοὺς,
3791 1255 3852 1308 tv
3888 1271 4002 1306 κινο

2403 1351 2544 1421 δύνῳ
2593 1351 2648 1404 δὲ
2700 1352 2797 1403 καὶ
2837 1351 2900 1404 τὸ
2949 1349 3093 1419 ἱερὸν
3147 1350 3251 1418 τῆς
3281 1350 3415 1420 παρ’
3454 1348 3641 1411 αὐτοῖς
3673 1347 4003 1417 τιμωμένης

2418 1443 2736 1512 Ἀρτέμιδος
2783 1439 2958 1496 εἶναι’
3002 1442 3050 1495 οἳ
3087 1441 3152 1513 δὴ
3189 1443 3284 1495 καὶ
3319 1441 3478 1511 θυμῷ
3528 1439 3854 1509 νικώμενοι.
3888 1437 4003 1492 Me-

2405 1536 2561 1605 γάλη
2611 1536 2647 1603 ἡ
2699 1536 2981 1602 Ἄρτεμις
3049 1534 3369 1604 Ἐφεσίων,
3420 1533 3638 1586 ἐϐόων·
3696 1533 3796 1585 καὶ
3849 1533 4001 1602 ὁρμῇ

2408 1627 2600 1680 συὼδει
2633 1628 2932 1697 χρώμενοι,
2968 1625 3122 1690 τινὰς
3159 1627 3267 1680 τῶν
3300 1625 3396 1679 τοῦ
3441 1625 3656 1678 Παύλου
3690 1625 3960 1693 συνέσχον
3989 1639 4000 1652 ·

2407 1722 2503 1773 καὶ
2549 1722 2598 1773 εί
2653 1722 2727 1790 μὴ
2775 1723 2804 1773 δ
2861 1719 3233 1790 γραμματεὺς
3279 1719 3414 1782 στὰς
3476 1717 3859 1786 Ἀλέξανδρος,
3906 1718 4004 1786 τὴν

2408 1813 2566 1881 χεῖρά
2592 1829 2650 1862 τε
2685 1814 2764 1873 είς
2795 1811 2929 1881 ὕψος
2955 1812 3244 1879 διαγαγὼν
3277 1811 3463 1880 ἡπίοις
3494 1795 4002 1876 λόγοιςκαθίκετο,

2410 1903 2531 1972 τάχ’
2560 1903 2624 1956 ἂν
2657 1904 2753 1955 καὶ
2794 1903 3005 1957 Παῦλον
3049 1904 3470 1975 διεχειρίσαντο.
3526 1902 3616 1966 Ἐξ
3653 1902 3894 1968 Ἐφέσου
3924 1900 4002 1961 δὲ,

2407 1997 2519 2056 τοίς
2567 1995 2760 2064 μέρεσι
2789 1978 3131 2060 Μακεδονίας
3170 1993 3504 2066 προσϐαλὼν
3530 1996 3557 2048 ὁ
3593 1991 3837 2056 Παῦλος,
3874 2009 4004 2061 στη-

2411 2085 2577 2154 ρίζων
2627 2087 2725 2148 τὰς
2775 2089 3097 2157 ἐκκλησίας,
3150 2089 3408 2158 πρόσεισι
3455 2090 3521 2157 τῇ
3567 2085 3802 2142 Ἑλλάδι.
3850 2085 4004 2137 Ἐπι-

2409 2180 2608 2250 6ουλῆς
2637 2181 2694 2234 δέ
2719 2185 2856 2252 πρὸς
2894 2184 3167 2236 Ἰουδαίων
3197 2184 3467 2252 ραφείσης
3497 2181 3668 2250 αύτῷ,
3695 2181 4003 2248 άνέστρεςνε

2409 2273 2497 2326 διὰ
2550 2275 2882 2328 Μακεδόνων
2931 2271 3108 2337 αὖθις.
3148 2278 3210 2327 Οί
3264 2276 3391 2345 περὶ
3449 2275 3750 2342 Σώπατρον
3793 2273 3878 2334 δὲ,
3910 2274 4008 2325 καὶ

2425 2366 2783 2436 Ἀρίσταρχον
2843 2368 2934 2420 καὶ
2999 2367 3264 2436 Τιμόθεον
3315 2367 3468 2438 αύτῷ
3525 2367 3781 2419 εἵποντο·
3823 2367 3879 2418 οἵ
3942 2383 4002 2431 γε

2415 2462 2523 2533 μὴν
2574 2463 2843 2532 ‘Aatavoi,
2905 2461 3143 2531 Τυχιιιός
3197 2479 3256 2515 τε
3312 2463 3409 2515 καὶ
3457 2462 3757 2532 Τρόφιμος,
3812 2460 4008 2530 προελο

2415 2556 2598 2619 θόντες
2650 2557 2708 2608 ἐν
2763 2557 2980 2626 Τρῳάδι
3034 2557 3238 2618 αὐτοὺς
3299 2555 3650 2624 περιέμενον.
3687 2553 3906 2615 Παῦλος
3953 2553 4008 2604 δὲ

2416 2648 2634 2715 σύναμα
2680 2649 2885 2718 Λουκᾷ,
2929 2649 3138 2718 ἡμέραι
3192 2648 3248 2700 δὲ
3300 2650 3411 2701 τῶν
3454 2647 3710 2716 Ἀζύμων
3743 2641 3912 2716 ἦσαν,
3948 2646 4009 2695 ἐκ

2411 2739 2700 2791 Φιλίππων
2747 2742 2826 2801 εἰς
2859 2739 3092 2809 Τρῳάδα
3145 2741 3241 2791 καὶ
3278 2740 3442 2800 αὐτὸς
3492 2733 3646 2808 ἧκεν.
3695 2738 3914 2789 Ἐκεῖσε
3954 2736 4009 2788 δὲ

2413 2832 2520 2884 τῶν
2565 2831 2860 2884 Σαδδάτων
2904 2833 3004 2902 μιᾷ
3054 2831 3311 2899 διάλογον
3345 2832 3604 2885 πλεῖστον
3653 2829 3876 2883 Παύλου
3911 2846 4011 2881 πε-

2415 2925 2756 2992 ποιημένου,
2829 2923 2996 2993 μέχρι
3060 2923 3420 2995 μεσονυκτίου
3474 2925 3504 2977 δ
3563 2923 3720 2989 λόγος
3780 2921 4007 2992 τροῄει.

2413 3015 2652 3078 Νεανίας
2701 3015 2758 3068 δέ
2796 3033 2880 3077 τις
2935 3014 3177 3085 Εὔτυχος
3209 3015 3287 3086 τῷ
3332 3016 3512 3083 μέλιτι
3558 3017 3668 3067 τῶν
3693 3015 3875 3081 λόγων
3906 3032 4011 3082 κη·

2415 3109 2696 3177 λούμενος,
2732 3109 2824 3160 ἐπί
2875 3126 3020 3169 τινος
3075 3108 3289 3177 θυρίδος
3339 3107 3822 3177 ύπερκαθήμενος,
3855 3107 4013 3175 ῦπνφ

735 3214 873 3266 rbus
896 3213 962 3273 ³³.
997 3211 1092 3280 qui
1128 3213 1182 3266 in
1215 3213 1454 3266 fenestra
1481 3213 1714 3282 quadam
1744 3213 1992 3275 sedebat,
2020 3216 2311 3268 verborum

2420 3199 2574 3268 βαθεῖ
2620 3199 2958 3267 κατάσχετος
2997 3198 3260 3266 γεγονὼς,
3293 3198 3402 3252 ἀπὸ
3449 3197 3543 3249 τοῦ
3577 3197 3877 3266 τριστέγου
3909 3212 4008 3248 πε-

737 3307 1007 3358 suavitate
1055 3303 1370 3368 delibutus,
1408 3313 1464 3358 et
1509 3305 1563 3358 in
1601 3320 1852 3358 somnum
1899 3307 2312 3373 profundiorem

739 3398 1028 3466 delapsus,
1073 3413 1137 3450 ex
1189 3397 1345 3451 tertia
1390 3397 1799 3467 contignatione
1829 3398 2070 3466 decidit,
2107 3408 2163 3453 et
2198 3415 2313 3452 mo-

743 3494 904 3543 ritur.
939 3490 999 3544 Εἰ
1030 3505 1158 3543 vero
1184 3491 1386 3543 Paulus
1416 3489 1764 3551 incumbens,
1797 3491 1942 3545 bono
1963 3493 2148 3546 animo
2169 3507 2312 3556 esse,

741 3581 1079 3649 minimeque
1126 3597 1222 3635 eos
1271 3581 1596 3633 tutunltuari
1631 3581 1820 3650 jubet,
1868 3596 1988 3635 esse
2031 3582 2213 3637 adhuc
2261 3583 2314 3635 in

743 3673 965 3725 homine
991 3673 1232 3724 animam
1262 3672 1542 3725 dictitans.
1577 3671 1653 3725 lta
1688 3674 1912 3739 juvenis
1945 3674 2235 3730 incolumis
2256 3661 2318 3729 et

743 3766 946 3829 salvus,
978 3763 1210 3817 Inuitum
1237 3764 1320 3818 eis
1345 3765 1439 3834 qui
1468 3765 1780 3833 congregati
1812 3764 2054 3829 fuerant,
2081 3767 2318 3837 praebuit

743 3858 945 3911 laetitia:
994 3866 1050 3910 cl
1078 3857 1466 3928 jncnmlitatis.
1513 3857 1579 3910 Et
1620 3857 1902 3926 colloquio
1948 3859 2014 3913 ad
2062 3875 2317 3915 auroram

744 3968 916 4020 usque
961 3953 1259 4020 producto,
1294 3951 1418 4002 inde
1453 3951 1588 4015 abit,
1619 3962 1785 4020 atque
1822 3953 2156 4023 Mitylenem,
2195 3972 2318 4010 mox

743 4045 969 4096 Samum
1019 4043 1210 4105 venit;
1243 4051 1299 4097 et
1353 4043 1624 4113 l‘rougylii
1671 4059 1794 4097 cum
1828 4046 2152 4110 mansisset,
2192 4047 2319 4101 inde

743 4136 988 4188 Miletum
1033 4135 1168 4198 adit,
1209 4133 1766 4204 llierosolymitanum
1816 4138 1920 4190 iter
1951 4154 2174 4207 urgens.
2216 4139 2319 4193 Mi-

744 4229 855 4280 leto
887 4241 1053 4295 porro
1085 4227 1408 4281 sacerdotes
1454 4227 1814 4296 Ephesiorum
1847 4230 2319 4302 ecclesiarumque

741 4321 1031 4388 episcopos
1070 4320 1335 4383 accersit,
1383 4335 1702 4389 moremque
1743 4331 1798 4375 et
1836 4321 2002 4376 vitam
2044 4324 2127 4377 eis
2166 4341 2319 4377 suam

745 4421 1164 4474 connnemoral,
1216 4422 1275 4465 ut
1305 4411 1561 4465 videlicet
1605 4413 1742 4467 nihil
1787 4414 1868 4468 eis
1906 4430 2096 4468 earum
2136 4433 2319 4471 rerum

744 4518 866 4570 qua:
895 4502 1200 4571 profuturae
1233 4501 1474 4567 fuerant,
1514 4503 1758 4558 indicare
1789 4505 2170 4570 intermiserit.
2203 4526 2318 4580 pm-

2422 3294 2550 3358 σιύν,
2589 3291 2780 3362 νεκρὸς
2837 3291 3039 3344 ἔκειτο.
3089 3291 3301 3352 Παῦλος
3355 3291 3411 3344 δὲ
3463 3291 3640 3361 τούτῳ
3695 3289 4008 3352 ἐπιπεσὼν,

2420 3384 2718 3455 παρηγγύα
2771 3383 2848 3456 μὴ
2906 3382 3259 3454 θορυϐεῖσθαι
3288 3401 3300 3414 ο
3333 3385 3392 3436 tv
3444 3383 3593 3453 αὖτῷ
3637 3383 3747 3454 γάρ
3795 3383 3878 3436 ἐτι
3912 3384 4013 3453 τὴν

2417 3478 2599 3546 ψυχὴν
2631 3475 2932 3544 ἐφιζάνειν.
2966 3478 3077 3531 Καὶ
3103 3479 3130 3528 ό
3165 3477 3294 3540 παῖς
3340 3477 3498 3544 ὑγιὴς
3527 3470 3621 3546 ἦν,
3655 3475 3866 3545 πολλὴν
3895 3479 4012 3537 τοῖς

2421 3570 2864 3638 συνειλεγμένοις
2925 3567 3227 3639 παρασχὼν
3287 3569 3592 3638 εὐθυμίαν·
3655 3570 3740 3632 εις
3814 3570 3895 3622 ἕω
3956 3570 4014 3622 δι

2419 3664 2518 3734 τὴν
2567 3664 2788 3732 ὁμιλίαν
2837 3663 3110 3729 ἐκτείνας,
3167 3661 3356 3733 ἐξῄει⁸
3393 3663 3486 3716 καὶ
3534 3662 3624 3716 διά
3679 3661 4012 3732 Μιτυλήνης

2420 3757 2513 3810 καὶ
2548 3757 2731 3824 Σάμου
2768 3758 2824 3809 ἐν
2856 3754 2933 3826 τῷ
2961 3755 3287 3826 Τρογγυλίῳ
3335 3755 3656 3824 γενόμενος,
3699 3755 3785 3817 είς
3830 3754 4015 3824 M517,-

2422 3869 2510 3904 τον
2540 3846 2698 3922 ἦλθε,
2726 3853 2826 3914 τὴν
2881 3851 3021 3920 πρὸς
3062 3848 3420 3918 Ἰεροσόλυμα
3468 3850 3573 3920 ήδη
3607 3849 3972 3918 στελλόμενος
3999 3866 4012 3878 ·

2422 3950 2485 3999 ἐκ
2532 3947 2777 4016 Μιλήτου
2827 3945 2885 3998 δὲ
2930 3947 3055 4008 τοὺς
3105 3947 3272 4014 ίερείς
3327 3945 3597 4014 Ἐφεσίων
3649 3945 4013 4014 μεταστειλά-

2426 4054 2610 4107 μενος,
2663 4037 2757 4090 καὶ
2816 4037 2944 4099 τοὺς
2990 4039 3100 4088 τῶν
3150 4035 3465 4105 ἐκκλησιῶν
3520 4034 3892 4097 ἐπισκόπους,
3925 4036 4018 4087 τδν

2423 4130 2618 4183 ἑαυτοῦ
2652 4129 2766 4199 βίον
2798 4131 2893 4184 καὶ
2924 4130 3125 4200 τρόπον
3160 4129 3428 4191 ὑπετίθει,
3459 4130 3535 4190 ὡς
3576 4129 3640 4180 οὐ
3672 4127 4017 4181 διεστείλατο

2429 4226 2597 4294 μηδέν
2627 4239 2680 4276 τι
2711 4225 2821 4276 τῶν
2853 4222 3161 4292 ὀνησόντων
3190 4222 3388 4284 εἰπεῖν,
3425 4222 3523 4292 τήν
3557 4239 3614 4274 τε
3654 4223 3737 4284 εἰς
3768 4222 4017 4293 Χριστδι

2428 4315 2723 4383 μετάνοιαν
2757 4315 2851 4367 καὶ
2883 4316 3070 4368 πίστιν
3107 4314 3216 4384 ίδίᾳ
3255 4330 3314 4366 τε
3357 4315 3452 4366 καλ⁵
3495 4313 3734 4384 δημοσία
3767 4315 4018 4385 διαμαρ-

2425 4409 2728 4479 τυρόμενος
2752 4425 2764 4437 ·
2799 4410 3097 4478 προσέχειν
3146 4424 3206 4460 τε
3240 4409 3454 4472 ἑαυτοῖς
3509 4410 3605 4462 καὶ
3641 4408 3721 4478 τῷ
3769 4411 4020 4480 ποιμνίῳ

2426 4503 2486 4555 ἐν
2513 4493 2558 4568 ᾧ
2591 4500 2650 4553 τὸ
2683 4500 2909 4570 Πνεῦμα
2958 4499 3022 4552 τὸ
3070 4499 3227 4567 ἆγιον
3272 4501 3471 4565 αὐτοὺς
3519 4504 3866 4564 ἐπισκόπους
3913 4523 4018 4557 κα-

747 4597 1144 4664 nitentiamqne
1173 4605 1229 4649 et
1260 4596 1420 4649 Iidem
1452 4596 1505 4649 in
1539 4595 1820 4650 Christum
1847 4601 2110 4668 privatim
2139 4574 2313 4674 et-pu-

2427 4577 2629 4649 θίσταλ
2686 4594 2985 4663 γρηγορείν
3035 4609 3094 4645 τε
3161 4595 3255 4646 καὶ
3316 4594 3684 4663 μνημονεύειν
3748 4596 3860 4648 τῶν
3925 4579 4021 4650 ἐπὶ

748 4689 892 4742 blice
941 4688 1270 4742 testiﬁcatus
1314 4687 1580 4742 docuerit.
1627 4689 1866 4743 Proinde
1907 4707 2004 4746 eos
2051 4694 2324 4761 hortatur,

750 4791 808 4833 ιιι
831 4790 887 4834 et
917 4796 975 4834 se
1011 4791 1070 4833 et
1105 4795 1321 4849 greges,
1367 4781 1420 4833 in
1449 4781 1654 4849 quibus
1696 4797 1790 4836 eos
1822 4784 2062 4852 Spiritus
2104 4797 2326 4841 sanctus

747 4873 1036 4941 episcopos
1062 4872 1463 4937 constituisset,
1495 4881 1705 4928 attente
1733 4885 2018 4940 curarent,
2051 4887 2108 4931 ut
2137 4879 2328 4949 vigila-

753 4975 905 5026 rent,
959 4963 1264 5032 seduloque
1316 4965 1764 5020 cohortationum
1813 4980 2326 5041 praeceptorumque

750 5074 1009 5120 suorum,
1047 5074 1170 5127 qua.
1211 5071 1309 5111 eos
1352 5058 1591 5112 triennio
1637 5069 1751 5113 toto
1780 5062 2096 5124 docuisset.
2131 5067 2323 5119 memi~

749 5156 982 5217 nissent,
1011 5163 1065 5207 et
1097 5163 1159 5206 ut
1189 5151 1349 5219 lupos
1378 5153 1628 5206 ecclesiis
1655 5155 2091 5225 gravesjamjam
2119 5159 2325 5212 adten-

752 5260 904 5299 turos
930 5254 1205 5299 caverent.
1233 5243 1525 5312 Multisque
1551 5255 1814 5314 pralerea
1836 5249 2142 5303 commodis
2163 5259 2325 5319 atque

752 5340 981 5393 utilibus
1021 5339 1187 5392 rebus
1231 5339 1522 5406 expositis,
1568 5355 1694 5393 eum
1739 5342 1913 5394 multo
1958 5343 2202 5411 planctu,
2237 5344 2326 5396 vix

752 5434 970 5487 tandem
1000 5434 1066 5486 ab
1093 5433 1175 5487 eis
1209 5433 1482 5497 avellitur,
1517 5444 1571 5486 et
1621 5448 1744 5486 cum
1786 5435 1990 5502 ingenti
2028 5436 2324 5500 desiderio,

752 5527 866 5592 ipse
890 5527 1055 5579 simul
1077 5537 1135 5580 et:
1154 5526 1402 5594 przebens
1425 5535 1480 5578 et
1501 5526 1784 5595 excipiens
1810 5529 2015 5591 oscula,
2048 5528 2100 5581 in
2131 5545 2324 5582 navem

752 5621 1069 5670 deduntur.
1109 5621 1293 5686 itaque
1333 5619 1385 5670 in
1422 5619 1652 5671 insulam
1692 5618 1769 5674 Co
1809 5620 2078 5674 defertur.
2116 5621 2324 5677 Deinde

827 5737 868 5767 ³⁷⁵
919 5741 1026 5787 \cl.
1065 5751 1152 5796 at,
1183 5735 1231 5784 .‘t.

832 5885 906 5958 (ιι)
935 5875 1334 5946 Quinquaginta
1366 5873 1531 5926 millia
1564 5871 1793 5940 argenti.

2429 4688 2674 4756 τριετίαν
2701 4687 2830 4756 ὃλην
2871 4684 3166 4738 νουθεσιῶν
3193 4686 3380 4746 αὑτοῦ.
3420 4688 3514 4742 καὶ
3545 4690 3670 4750 τοὺς
3697 4689 3828 4741 ὅσον
3860 4690 4024 4743 οὔπω

2431 4784 2902 4853 ἐγερθησομένους
2956 4781 3153 4845 λύκους
3200 4785 3266 4851 τῇ
3316 4782 3615 4852 Ἐκκλησία
3658 4781 3884 4852 βαρεῑςο
3921 4787 4020 4836 καὶ

2434 4877 2600 4930 πολλὰ
2632 4877 2740 4930 τῶν
2766 4876 3113 4945 ὀνησιφόρων
3142 4875 3304 4943 ἕτερα
3333 4875 3581 4935 διελθὼν,
3617 4876 3760 4942 μετὰ
3795 4875 4020 4944 θρήνων

2433 4969 2662 5030 πολλῶν,
2694 4969 2878 5020 αὐτῶν
2927 4967 3222 5037 ἀπηλλάγη
3280 4967 3432 5036 μόλις
3462 4984 3474 4996 ο
3513 4967 3590 5036 τῷ
3635 4967 3820 5035 πολλῷ
3864 4969 4019 5035 πόθῳ

2427 5063 2596 5131 φιλῶν
2645 5063 2740 5115 καὶ
2788 5061 3131 5129 φιλούμενος,
3176 5061 3255 5121 είς
3290 5061 3351 5112 τὸ
3387 5060 3572 5112 πλοῖον
3617 5062 4018 5129 προεπέμφθη.

2441 5157 2721 5226 Ἀναχθεὶς
2775 5154 2868 5208 οὖν
2921 5156 2997 5216 εἰς
3051 5153 3170 5216 Κῶ,
3219 5147 3340 5205 εἶτα
3365 5155 3444 5214 είς
3501 5153 3689 5205 Ῥόδον
3749 5155 4015 5222 ἔρχεται·

2431 5252 2688 5303 κάκεῖθεν
2717 5247 2803 5299 διὰ
2837 5247 3138 5315 Παττάρων
3172 5246 3247 5308 είς
3278 5246 3535 5314 Φοινίκην
3571 5246 3626 5310 ιε
3651 5244 3848 5313 οὐρίας
3886 5247 4018 5312 ἑορέ-

2433 5360 2558 5412 ρετο
2578 5357 2592 5372 °
2630 5341 2910 5408 εύώνυμόν
2939 5355 2996 5390 τε
3039 5340 3138 5407 τὴν
3167 5337 3392 5406 Κύπρον
3421 5336 3615 5400 λιπὼν,
3646 5336 3778 5388 εὐθὺ
3816 5338 4018 5404 Συρίας

2430 5433 2800 5502 ἔπλει..οΤύρῳ
2854 5433 3035 5483 τοίνυν
3093 5431 3406 5499 προσείων,
3441 5429 3561 5499 πλῷ
3593 5430 3744 5492 αὖθις
3803 5438 4008 5499 χρησα-

2433 5547 2620 5597 μενος,
2665 5528 2744 5590 εἰς
2799 5526 3163 5595 Πτολεμαῖδα,
3210 5521 3330 5578 εἶτα
3385 5527 3464 5587 είς
3523 5526 3868 5594 Καισάρειαν
3924 5528 4018 5594 της

2433 5619 2797 5690 Παλαιστίνης
2829 5614 2991 5690 ἦλθεν
3015 5636 3026 5650 ο
3063 5621 3142 5682 εἰς
3184 5619 3276 5674 τόν
3313 5613 3463 5673 οἶκόν
3506 5635 3564 5672 τε
3596 5618 3688 5671 τοῦ
3724 5619 4020 5686 εὐαγγελιο
