4212 6440
216 385 325 448 825

1175 388 1783 450 ECCLESIASTICE
1828 389 2222 452 HISTORLE
2263 394 2412 456 LIB.
2457 393 2536 456 Il.

3355 392 3460 458 826

216 501 426 566 ἐνδείας
469 500 879 570 ἀπολλυμένους
924 500 1170 572 θεωρεῖν.
1211 502 1397 565 οὓτως
1440 503 1662 571 ἐκράτει
1697 500 1790 554 τοῦ

1901 505 2006 560 vim
2045 506 2283 576 impune
2307 507 2533 562 ﬁebant.
2568 507 2739 562 Tanta
2777 523 2945 578 porro
2982 507 3337 577 pontilicibus
3375 509 3464 562 in-

217 593 431 646 δικαίου
483 594 686 656 παντὸς
735 595 769 663 ἡ
815 595 924 646 τῶν
968 594 1369 659 στασιαζόντων
1400 594 1512 665 βία.
1555 613 1574 646 ι
1620 594 1790 648 Πάλιν

217 686 264 737 δ’
302 689 330 738 ὁ
371 685 534 748 αύτδς
580 687 931 754 συγγραφεὺς
974 687 1116 740 κατὰ
1153 688 1278 751 τοὺς
1313 689 1518 751 αὐτοὺς
1563 689 1792 757 χρόνους

217 780 276 829 ἐν
317 778 714 848 Ἰεροσολύμοις
737 779 1034 848 ἑπιφυῆναι
1063 778 1276 850 λῃστῶν
1306 797 1357 833 τι
1387 776 1522 843 εἶδος
1556 781 1789 850 ίστορεῖ-

218 870 271 925 οῖ
319 871 441 940 μεθ’
488 873 726 942 ἡμέραν,
783 873 858 934 ὥς
891 888 1047 942 φησι,
1093 873 1186 926 καὶ
1245 875 1302 925 έν
1357 877 1498 944 μέση
1539 875 1606 944 τῇ
1641 873 1793 926 πόλει

218 965 476 1032 ὶφόνευον
525 965 653 1028 τοὺς
704 966 1114 1028 συναντῶντας·
1164 965 1400 1035 μάλιστα
1447 967 1556 1036 γὰρ
1588 969 1645 1019 ιν
1671 969 1794 1030 ταῖς

221 1059 441 1123 ἑορταῖς
477 1059 721 1120 ἐκείνους
751 1059 1120 1127 μιγνυμένους
1150 1058 1228 1128 τῷ
1270 1059 1464 1128 πλήθει
1490 1075 1506 1091 ο
1543 1060 1635 1113 καὶ
1672 1061 1796 1122 ταῖς

219 1150 513 1220 ἐσθήσεσιν
566 1151 1016 1220 ὑποκρύπτοντας
1064 1151 1240 1221 μικρὰ
1287 1151 1528 1221 ξιφίδια,
1583 1152 1796 1214 τούτοις

221 1243 438 1297 νύττειν
486 1244 611 1306 τοὺς
652 1244 967 1314 διαφόρους.
1003 1245 1240 1300 Ἔπειτα
1291 1246 1569 1300 πεσόντων
1627 1247 1796 1316 μέρος

221 1335 474 1401 τίνεσθαι
524 1335 633 1389 τῶν
689 1337 1225 1406 ἐπαγανακτούντων
1283 1338 1479 1401 αὐτοὺς
1520 1340 1646 1400 τοὺς
1697 1355 1797 1390 ’πε-ο

222 1429 592 1495 φονιυκόταςο
641 1429 724 1482 διδ
773 1431 867 1484 καὶ
921 1432 1276 1485 παντάπασιν
1315 1431 1407 1484 ὑπ’
1453 1429 1797 1494 ἀξιοπιστίας

220 1521 554 1588 ἀνευρέτους
598 1522 874 1589 γενέσθαι.
909 1524 1150 1593 Πρῶτον·
1187 1522 1426 1595 μὶνδοῦν
1475 1521 1567 1576 ὑπ’
1617 1522 1798 1576 αὐτῶν

236 1609 495 1664 ’Ῑωνάθαν
555 1613 648 1664 τὸν
708 1615 971 1683 ἀρχιερέα
1036 1615 1496 1690 κατασφαγῆναν
1555 1615 1696 1683 μετὰ
1751 1613 1798 1667 δ’

225 1704 393 1756 αὑτὸν
442 1704 768 1776 καθημέραν
815 1705 1159 1775 ἀναιρεῖσθαι
1216 1706 1478 1769 πολλούς·
1539 1707 1634 1759 καὶ
1685 1705 1794 1759 τῶν

225 1792 526 1861 συμφορῶν
565 1795 655 1846 τὸν
706 1795 870 1862 φόϐον
918 1791 1058 1848 εἶναι
1092 1795 1512 1866 χαλεπώτερον·
1555 1797 1792 1851 ἑκάστου

225 1883 482 1954 καθάπερ
513 1887 569 1937 ὲν
608 1886 831 1957 πολέμῳ
860 1886 984 1939 καθ’
1012 1875 1161 1958 ἔδρας
1193 1889 1285 1941 τὸν
1315 1888 1545 1942 θάνατον
1575 1889 1800 1959 προσδεο

224 1976 484 2044 χομένου.
524 1976 682 2046 Ἑξῆς
713 1978 770 2031 δὲ
807 1978 1022 2043 τούτοις
1054 1979 1310 2050 ἐπιφέρει
1351 1981 1474 2050 μεθ’
1509 1981 1671 2047 ἔτερα
1714 1980 1800 2032 λέ-

225 2084 344 2134 γων
368 2085 382 2098 ·
430 2087 449 2119 ι
489 2071 712 2133 Μείζονι
749 2070 808 2124 δὲ
843 2072 1049 2124 τούτων
1102 2072 1307 2143 πληγῇ,
1348 2073 1636 2136 Ἰουδαίους
1673 2073 1802 2126 ἑκά.-

224 2176 406 2214 κωσεν
444 2162 471 2213 ό
501 2161 798 2230 Αἰγύπτιος
830 2163 1318 2235 ψευδοπροφήτηςο
1357 2165 1801 2233 παραγενόμενος

224 2253 340 2323 γὰρ
381 2255 461 2316 είς
506 2253 605 2323 τὴν
638 2254 822 2324 χώραν
873 2255 1164 2325 ἄνθρωπος
1201 2258 1334 2326 γόης
1374 2257 1468 2310 καὶ
1516 2259 1800 2328 προφήτου

227 2345 413 2398 πίστιν
438 2344 648 2408 ἐπιθεὶς
678 2346 884 2416 ἐαυτῷ,
921 2349 1049 2416 περὶ
1072 2350 1440 2420 τρισμυρίους
1483 2350 1581 2420 μὲν
1614 2350 1800 2422 ἁθροί-

224 2438 312 2502 ζει
339 2437 444 2490 τῶν
469 2439 866 2508 ἠπατημένων·
904 2442 1260 2511 περιαγαγὼν
1291 2443 1347 2496 δὲ
1387 2445 1586 2507 αὐτοὺς
1611 2446 1675 2497 ὲκ
1704 2446 1802 2514 τῆς

223 2531 468 2600 ἐρημίας
505 2533 586 2595 είς
632 2532 693 2585 τὸ
735 2531 966 2587 Ἐλαιῶν
1019 2535 1360 2605 καλούμενον
1405 2535 1554 2606 ὅρος,
1589 2537 1798 2590 ἐκεῖθεν

223 2619 341 2684 οἷός
392 2640 452 2675 τε
491 2619 559 2694 ἦν
608 2625 688 2687 είς
729 2623 1079 2694 Ἰεροσόλυμα
1129 2626 1424 2696 παρελθεῖν
1477 2627 1799 2696 βιάζεσθαι·

1897 603 2063 656 cessit
2097 601 2438 671 impudentia
2485 611 2542 656 et
2578 603 2826 667 audacia,
2868 612 2929 656 ut
2982 618 3092 657 non
3127 609 3458 657 vererentur

1895 708 2087 747 servos
2115 708 2246 747 suos
2278 711 2343 748 ex
2387 694 2525 748 urbe
2562 695 2615 748 in
2652 695 2854 763 praedia
2899 704 2954 748 et
2999 695 3179 757 villas,
3214 694 3461 747 decimas

1895 800 1990 838 eas
2039 801 2161 854 qua:
2210 786 2594 840 sacerdotibus
2622 786 2992 849 debebantur.
3021 787 3302 854 direptum
3335 785 3462 839 mit-

1898 883 2039 930 tere.
2069 875 2421 946 Quapropter
2459 879 2665 944 evenit,
2717 888 2774 932 ut
2811 894 2876 932 ex
2910 878 3294 932 sacerdotibus
3331 892 3469 930 non-

1899 968 2034 1024 nulli
2068 970 2134 1022 ad
2173 984 2293 1024 eam
2327 970 2612 1040 penuriam
2645 971 3048 1041 redigerentur,
3089 980 3149 1023 ut
3187 971 3369 1023 inedia
3404 970 3456 1021 in

1896 1072 2200 1131 conspectu
2237 1066 2538 1118 multorum
2568 1077 2919 1120 morerentur
2946 1082 2958 1117 :
2991 1079 3163 1132 usque
3192 1064 3329 1115 adeo
3360 1063 3467 1115 iac-

1899 1156 2164 1211 tiosorum
2203 1157 2288 1212 vis
2317 1167 2372 1212 et
2403 1157 2604 1227 injuria
2631 1157 2741 1228 juri
2772 1167 2824 1212 et
2856 1158 3102 1227 mquitati
3144 1156 3291 1209 omni
3331 1169 3469 1222 ιιι-ςε-

1899 1249 2169 1303 valuerat.
2208 1262 2226 1302 ι
2265 1249 2413 1304 Idem
2467 1251 2582 1320 ipse
2631 1251 2950 1314 historicus,
2999 1264 3219 1302 rursum
3256 1247 3464 1300 eisdem

1897 1343 2244 1410 temporibus
2287 1353 2540 1397 exortum
2586 1343 2909 1413 praedonum
2960 1343 3236 1410 quoddam
3294 1355 3467 1408 genus

1898 1433 2090 1496 refert,
2129 1452 2147 1485 ι
2187 1436 2281 1502 qui
2308 1439 2391 1501 (ut
2421 1435 2535 1502 ipse
2569 1435 2772 1503 inquit)
2807 1434 3048 1488 interdiu
3075 1443 3239 1500 atque
3268 1431 3319 1483 in
3354 1445 3468 1482 me—

1899 1524 1986 1579 dia
2029 1527 2165 1580 urbe
2215 1525 2411 1580 obvius
2453 1525 2866 1578 interimebant.
2919 1523 3273 1577 Potissimum
3315 1521 3463 1574 enim

1898 1618 2096 1672 diebus
2127 1618 2282 1672 festis
2317 1633 2375 1671 se
2407 1617 2599 1671 media:
2631 1617 2778 1686 plebi
2811 1617 3210 1676 immiscentes,
3239 1622 3295 1667 et
3327 1614 3493 1666 sicas-

1901 1710 2002 1765 sul)
2031 1711 2278 1764 vestibus
2309 1720 2480 1764 tectas
2523 1710 2810 1772 habentes,
2845 1707 3194 1762 adversarios
3222 1705 3298 1772 (l)
3333 1719 3468 1758 con-

1904 1806 2211 1860 fodiebant.
2261 1803 2468 1858 Deinde
2511 1802 2770 1871 coliapsis
2823 1801 3145 1854 hominibus
3199 1799 3277 1852 illi
3324 1797 3471 1851 inter

1905 1896 2149 1970 reliquos
2193 1895 2260 1949 de
2295 1894 2505 1949 scelere
2555 1893 2954 1962 querebantur,
2990 1890 3086 1959 qui
3137 1887 3340 1943 caedem
3379 1901 3474 1954 pa-

1905 1998 2158 2042 trarant:
2197 1997 2364 2056 atque
2420 1988 2492 2040 ita
2547 1987 2732 2047 ﬁebat,
2789 1995 2849 2039 ut
2887 1999 2954 2038 eo
3005 1990 3274 2052 praetextu
3312 1980 3473 2033 home

1903 2081 2028 2135 ﬁdei
2095 2080 2287 2142 habiti,
2352 2078 2690 2148 deprehendi
2750 2093 2860 2131 non
2914 2083 3161 2146 possent.
3225 2075 3471 2129 Primum

1902 2171 2160 2239 equidem
2197 2171 2273 2224 illi
2307 2169 2595 2225 Jonatham
2633 2168 2950 2238 pontilicem
3005 2165 3375 2225 trncidavere,
3417 2175 3475 2218 et

1903 2273 2027 2332 post
2057 2278 2183 2317 eum
2235 2262 2485 2331 quotidie
2515 2260 2833 2329 complures
2869 2278 2882 2312 :
2916 2269 2973 2313 et
3001 2259 3320 2313 calamitate
3357 2256 3476 2322 ipse

1903 2353 2238 2408 calamitatis
2282 2361 2462 2406 metus
2501 2352 2720 2422 gravior
2751 2358 2892 2414 erat,
2935 2364 3060 2404 cum
3096 2363 3197 2416 pro
3227 2362 3286 2401 se
3317 2346 3475 2415 quis-

1904 2461 2032 2515 que,
2059 2445 2220 2498 sicuti
2248 2446 2299 2497 in
2334 2444 2500 2505 bello,
2530 2444 2584 2496 in
2615 2444 2781 2497 horas
2807 2453 3040 2495 mortem
3070 2447 3468 2508 exspectaret.»

1905 2541 2115 2595 Deinde
2179 2539 2270 2592 illa
2335 2552 2556 2607 quoque
2620 2536 2809 2605 paucis
2871 2535 3175 2604 interjccris
3249 2533 3476 2585 infert:

1911 2651 1930 2684 ι
1964 2632 2166 2701 Maiore
2220 2631 2448 2699 insuper
2493 2629 2808 2683 calamitate
2857 2626 3074 2681 .Iudaaos
3121 2625 3307 2679 all‘ecit
3353 2640 3482 2692 pro-

225 2720 323 2770 καὶ
356 2721 632 2788 κρατήσας
662 2717 763 2787 τῆς
809 2735 868 2771 τε
914 2716 1227 2788 Ῥωμαῖκῆς
1281 2721 1524 2790 φρουρᾶς
1573 2721 1669 2773 καὶ
1709 2718 1803 2772 τοῦ

1906 2726 2072 2795 pheta
2101 2723 2412 2794 Egyptius.
2443 2722 2757 2776 Adveniens
2778 2720 2931 2774 enim
2978 2721 3031 2772 in
3071 2720 3352 2786 regionem
3387 2732 3481 2771 eo-

222 2811 404 2881 δήμου
450 2813 757 2879 τυραννεῖν,
792 2811 1078 2881 χρώμενος
1112 2813 1227 2874 τοῖς
1257 2810 1600 2881 συμπεσοῦσι
1648 2813 1807 2882 δορυ-

1909 2831 2030 2869 rum
2065 2814 2454 2883 praestigiator,
2489 2821 2546 2866 et
2590 2811 2685 2880 qui
2735 2811 3016 2878 prophetae
3047 2809 3148 2862 sibi
3195 2806 3357 2860 ﬁdem
3392 2823 3482 2859 ar-

226 2906 439 2973 φόροις.
489 2904 683 2958 Φθάνει
735 2904 780 2957 δ’
829 2903 997 2956 αὑτοῦ
1036 2903 1138 2975 τὴν
1183 2903 1362 2974 ὁρμὴν
1411 2903 1579 2972 Φῆλιξ
1639 2903 1808 2957 ὑπαν-

1909 2915 2150 2975 rogaret,
2208 2904 2276 2959 ad
2342 2903 2564 2974 triginta
2631 2903 2889 2967 millium,
2959 2916 3102 2970 quos
3160 2906 3479 2961 seduxerat,

227 2997 430 3058 τιὰσας
465 2997 603 3065 μετὰ
651 2995 759 3049 τῶν
801 2996 1134 3064 Ῥωμαϊκῶν
1181 2995 1456 3048 ὁπλιτῶν⁸
1504 2997 1600 3049 καὶ
1637 2998 1746 3059 πᾶς
1779 2995 1809 3048 ό

1911 2999 2196 3053 hominum
2228 2997 2642 3051 multitudinem
2666 2997 2834 3062 cogit.
2861 2993 2965 3048 Eos
2998 3010 3066 3048 ex
3097 2992 3398 3048 solitudine
3426 2991 3480 3044 in

225 3089 403 3158 δῆμος
457 3088 804 3157 συνεφήψατο
853 3089 951 3158 τῆς
1004 3087 1239 3158 ἀμύνης.
1301 3087 1467 3141 Ὥστε
1530 3088 1804 3159 συμδολῆς

1913 3101 2156 3146 montem
2205 3092 2298 3160 qui
2347 3090 2632 3145 Olivarum
2685 3101 2768 3144 est
2817 3089 3023 3153 dictus,
3061 3087 3233 3141 ducit.
3285 3085 3359 3138 Ex
3414 3099 3483 3138 eo

227 3181 560 3250 γενομένης,
588 3181 682 3234 τὸν
712 3181 815 3250 μὲν
861 3183 1165 3248 Αίγύπτιον
1198 3183 1392 3250 φυγεῖν
1425 3183 1542 3250 μετ’
1587 3181 1806 3250 ὀλίγων,

1912 3185 2036 3239 loco
2077 3194 2294 3253 poterat
2326 3183 2704 3253 Hierosolyma
2735 3183 2785 3247 vi
2818 3197 3017 3251 capere
3054 3200 3068 3235 :
3105 3189 3483 3249 superatoque

227 3277 598 3345 διαφθαρῆναι
629 3275 687 3328 δὲ
715 3276 804 3329 καὶ
838 3275 1198 3347 ζωγρηθῆναι
1234 3275 1520 3338 πλείστους
1554 3279 1679 3338 τοὺς
1711 3279 1808 3331 σὺν

1912 3278 2291 3330 Romanorum
2328 3276 2607 3346 pra‘sidio,
2650 3275 2996 3347 tyrannidem
3032 3273 3136 3346 sibi
3169 3275 3222 3326 in
3254 3271 3478 3342 populo,

227 3369 404 3440 αὐτῷ,
441 3388 462 3422 ι
496 3369 682 3424 Ταῦτα
725 3369 988 3441 Ἰώσηπος
1023 3373 1081 3423 ἐν
1105 3372 1172 3437 τῇ
1199 3370 1430 3439 δευτέρᾳ
1457 3370 1558 3438 τῆς
1595 3369 1814 3423 Ἰουδαῖ-

1910 3368 2173 3425 satellitio
2219 3383 2307 3429 eo.
2350 3368 2494 3437 quod
2530 3382 2721 3422 secum
2756 3367 3024 3440 impetum
3056 3365 3111 3419 in
3146 3364 3341 3419 urbem
3373 3365 3486 3418 I'ac—

226 3462 335 3533 κῆς
367 3460 624 3525 ἁλώσεως
651 3462 873 3528 διέξεισι
905 3462 1012 3515 τῶν
1061 3461 1344 3530 ίστοριῶν.
1374 3462 1580 3515 Τούτου
1615 3462 1679 3531 δὴ
1712 3461 1810 3514 τοῦ

1913 3469 2098 3533 turum
2141 3469 2312 3524 esset,
2343 3460 2517 3512 fretus
2549 3458 2854 3512 vindicare.
2895 3457 3002 3511 Sed
3039 3457 3188 3510 enim
3221 3464 3483 3509 conatum

227 3553 533 3623 Αἰγυπτίου
577 3555 673 3608 καὶ
699 3555 756 3608 ai
793 3554 1032 3624 Πράξεις
1077 3555 1386 3624 μέμνηνται
1425 3554 1534 3606 τῶν
1573 3555 1810 3606 ἀποστό-

1908 3542 2030 3622 ejus
2078 3551 2343 3620 praevenit
2392 3550 2574 3614 Felix;
2613 3564 2738 3603 nam
2785 3549 2832 3603 is
2883 3549 3255 3602 Romanorum
3296 3547 3486 3616 copias

225 3648 363 3711 λων,
383 3645 516 3700 ἔνθα
536 3649 597 3699 τὸ
628 3647 906 3701 Ἰουδαίων
934 3647 1137 3716 πλῆθος
1165 3645 1258 3700 τοῦ
1293 3645 1505 3698 Παύλου
1541 3663 1811 3698 κατεστα-

1911 3659 2019 3697 una
2045 3659 2172 3698 cum
2221 3642 2740 3712 Hierosolymitana
2784 3641 2962 3711 plebis
3009 3640 3256 3702 auxiliis,
3291 3648 3486 3694 contra

229 3737 460 3803 σίαζενο
498 3739 650 3808 λέγει
679 3738 787 3809 γὰρ
822 3741 850 3792 ό
897 3739 1200 3810 χιλίαρχος.
1238 3739 1359 3792 οὐκ
1394 3737 1510 3804 ἄρα
1554 3738 1636 3791 σὺ
1689 3735 1746 3792 εἷ
1783 3740 1815 3792 ό

1911 3752 2041 3791 eum
2093 3735 2294 3789 ducit:
2331 3744 2386 3788 et
2422 3750 2604 3804 pugna
2654 3733 2977 3795 commissa,
3026 3731 3314 3801 Egyptius
3359 3745 3486 3784 cum

226 3832 582 3900 Αίγύπτιος,
623 3833 656 3884 ό
691 3831 804 3899 πρὸ
848 3831 1078 3884 τούτων⁹
1119 3827 1240 3882 τῶν
1283 3829 1519 3898 ἡμερῶν
1549 3829 1816 3883 ἀναστα-

1914 3829 2106 3900 paucis
2137 3827 2324 3896 l'ugere
2355 3827 2590 3895 cogitur,
2648 3825 2811 3894 178
2858 3838 2914 3878 et
2961 3839 3125 3893 quam
3161 3823 3386 3893 plurimi
3431 3823 3487 3876 in

229 3925 433 3994 τώσας
465 3924 566 3978 καί
611 3922 918 3993 ἐξαγαγὼν
952 3925 1022 3976 ἐν
1063 3921 1139 3991 τῇ
1190 3920 1388 3990 ἐρήμῳ
1434 3921 1572 3986 τοὺς
1619 3937 1817 3990 τετρα-

1914 3920 2165 3975 exereitu
2193 3919 2317 3987 ejus
2349 3919 2434 3972 vel
2472 3919 2782 3981 caeduntur,
2826 3917 2914 3972 vel
2961 3918 3278 3984 capiuntur.
3316 3935 3334 3967 ι
3367 3913 3491 3968 Ιιιι·ο

231 4019 590 4086 κισχιλίους
624 4015 850 4083 ἄνδρας
875 4013 996 4067 τῶν
1022 4014 1314 4081 σικαρίων
1330 4029 1349 4076 ;

1918 4011 2194 4081 Josephus
2226 4011 2280 4064 in
2322 4010 2571 4066 secundo
2603 4009 2671 4064 de
2700 4007 3022 4079 captivitate
3044 4007 3272 4062 Judaica
3307 4007 3493 4060 Histo-

232 4116 448 4170 riarum
481 4113 625 4168 libro
658 4111 847 4167 refert.
891 4110 1068 4180 Hujus
1091 4117 1276 4163 autem
1310 4107 1547 4181 Egyptii
1579 4118 1635 4164 et
1674 4111 1809 4164 Acta
1879 4111 2256 4180 apostolorum
2309 4109 2651 4161 mentionem
2741 4104 2974 4170 faciunt,
3032 4104 3122 4157 ubi
3173 4103 3496 4158 Iudaeorum

232 4211 541 4266 multitudo
568 4208 898 4264 seditionem
925 4213 1119 4262 contra
1144 4206 1374 4260 Paulum
1405 4206 1628 4261 excitat.
1657 4207 1800 4262 Dicit
1836 4206 1984 4260 enim
2053 4206 2121 4259 ad
2195 4219 2321 4258 eum
2360 4203 2620 4256 tribunus
2656 4221 2667 4254 :
2714 4199 2839 4253 Non
2875 4210 2930 4253 tu
2965 4199 3242 4268 .Egypmu
3280 4199 3372 4252 ille
3420 4213 3495 4259 es,

231 4309 329 4379 qui
363 4307 546 4372 paucis
573 4315 693 4357 ante
719 4302 895 4355 diebus
920 4299 1152 4354 tumultu
1179 4315 1269 4368 per
1306 4299 1613 4353 seditionem
1649 4309 1912 4354 concttato
1969 4301 2023 4353 in
2085 4297 2426 4352 solitudinem
2452 4296 2520 4348 ad
2552 4304 2783 4366 quatuor
2804 4293 2975 4347 millia
3031 4296 3302 4345 hominum
3365 4294 3498 4345 sica-

233 4415 448 4456 riorum
476 4397 658 4453 eduxit
686 4394 778 4449 ³³2
813 4413 834 4448 ι

815 4516 1059 4572 ΚΕΦΔΛ.
1101 4515 1225 4568 KZ'.

235 4639 380 4708 Περὶ
420 4636 542 4690 τῶν
567 4623 675 4708 τοῦ
701 4633 1053 4708 ἁποᾳζόᾼου
1076 4630 1302 4708 Πέτρου
1342 4629 1680 4708 θαυμάξω-ν,
1716 4627 1815 4708 ita!

306 4696 431 4763 ἰνῶν
456 4705 719 4775 reprimor
748 4701 855 4775 τοῦ
875 4701 1083 4775 Μάγου
1118 4696 1556 4775 ξίμῳνοςῌχὶιαὶ
1711 4696 1818 4765 ἁμ-

309 4767 609 4850 φοτέρὸυς
634 4773 746 4841 τῆς
787 4767 1014 4841 Ῥώμηζ·
1045 4773 1077 4824 d
1118 4767 1320 4837 Νέρων
1340 4767 1672 4834 ἐξήλασεν.

309 4895 567 4966 Νέρωνος
597 4889 653 4942 δὲ
679 4889 780 4958 τὴν
812 4886 991 4958 ἀρχὴν
1024 4883 1377 4946 διοικοῦντος,
1414 4867 1599 4950 Σίμων
1631 4886 1656 4935 ὁ
1690 4882 1815 4936 illi.

232 5010 334 5062 γος
368 4994 428 5044 ὲν
467 4987 680 5057 Ῥώμῃ.
715 4986 918 5055 σημεῖα
946 4982 1036 5036 διὰ
1056 4979 1312 5062 γοητείας
1343 4977 1513 5031 τελῶν
1547 4977 1635 5049 ἦν.
1666 4977 1817 5031 Κύνα

232 5083 374 5154 γοῦν
401 5079 624 5151 πρῶτον
653 5075 760 5146 πρὸ
787 5077 886 5145 τῆς
933 5072 1112 5133 οἰκίας
1155 5069 1414 5139 μέγιστον
1442 5069 1665 5136 δεσμοῖς
1708 5085 1819 5120 τισι

232 5171 562 5242 κατασχὼν,
612 5166 680 5222 δι’
737 5168 946 5221 ἐκείνου
1003 5164 1096 5226 οὒς
1150 5162 1224 5232 μὴ
1278 5163 1416 5231 πρὸς
1467 5161 1696 5230 γνώμης
1751 5155 1819 5230 ἦν

238 5267 398 5334 αὐτῷ
433 5262 714 5333 προσιέναι
748 5261 994 5328 ἀνεῖργε.
1031 5258 1233 5326 Πέτρος
1277 5255 1333 5307 δὲ
1367 5253 1394 5304 ὁ
1424 5253 1599 5322 μέγας
1645 5251 1819 5305 ἐλθὼν

238 5358 552 5414 θεάσασθαι
600 5355 846 5425 Σίμωνα,
907 5350 1001 5405 καὶ
1042 5352 1135 5403 τὸν
1183 5349 1322 5402 κύνα
1366 5347 1817 5416 ἁπηγριωμένον,

239 5454 341 5506 καὶ
372 5449 542 5518 φόϐον
567 5449 777 5500 ὲνιέντα
813 5443 956 5510 ἰδὼν,
988 5442 1149 5509 γνούς
1186 5457 1238 5490 τε
1274 5439 1348 5500 ὡς
1375 5438 1593 5499 πολλοῖς
1634 5436 1817 5488 θανεῖν

242 5547 420 5605 αἴτιος
454 5545 646 5610 γέγονε
692 5541 795 5608 πρὸ
827 5537 920 5590 τοῦ
955 5537 1155 5603 Πέτρον
1191 5530 1385 5593 ἐλθεῖν,
1418 5532 1647 5582 εἰσιέναι
1696 5529 1816 5580 ἐπι-

319 5689 366 5718 “
401 5691 523 5739 Act.
597 5700 706 5745 ut,
741 5683 826 5736 58.

296 5849 375 5914 ιι)
422 5849 749 5918 Διαφόρονς,
783 5842 870 5912 plu
887 5844 931 5895 ri
967 5854 1105 5899 mos,
1140 5840 1340 5891 varios.

1847 4518 1901 4577 D

2476 4504 2698 4559 CAPUT
2741 4501 2953 4557 XXVII.

1921 4623 2000 4677 De
2045 4623 2185 4677 Petri
2223 4619 2449 4692 apostoli
2501 4621 2806 4677 miraculis.
2846 4629 2893 4671 et
2922 4621 3043 4692 item
3085 4617 3312 4692 Simonis
3351 4617 3499 4686 Magi

1991 4689 2270 4764 prmuigiii
2301 4709 2319 4745 :
2369 4699 2418 4742 et
2465 4701 2518 4742 ιιι
2568 4701 2852 4760 utrumque
2910 4689 3049 4741 Nero
3113 4689 3279 4741 lioma
3336 4704 3500 4757 expu-

1992 4765 2132 4817 lerit.

1994 4879 2211 4933 Nerone
2248 4889 2431 4930 autem
2469 4878 2797 4945 imperante,
2851 4874 3040 4928 Simon
3071 4875 3256 4944 Mngus
3306 4876 3491 4928 Roma:

1923 4970 2190 5025 miracula
2222 4985 2318 5038 per
2359 4968 2696 5037 imposturas
2731 4977 2786 5021 et
2823 4967 3100 5036 prazstigia
3134 4965 3362 5020 edebat.
3393 4965 3498 5019 Ca-

1924 5079 2050 5118 nem
2081 5070 2267 5116 autem
2294 5062 2590 5114 maximum
2623 5075 2722 5130 pro
2758 5060 2977 5112 foribus
3006 5059 3216 5113 catenis
3249 5059 3496 5112 vinctum

1929 5157 2186 5216 habebat,
2240 5171 2337 5224 per
2381 5169 2543 5222 quem
2582 5155 2647 5206 ad
2701 5168 2758 5206 se
2809 5153 3001 5206 venire
3056 5152 3322 5216 volentes,
3362 5153 3406 5204 si
3449 5151 3498 5203 ei

1930 5249 2112 5301 minus
2139 5248 2498 5316 placuissent,
2529 5246 2770 5301 arcebat.
2801 5245 3036 5298 Advenit
3069 5260 3236 5314 porro
3271 5259 3501 5312 magnus

1929 5339 2022 5394 ille
2078 5344 2271 5393 Petrus
2325 5340 2392 5392 ad
2443 5336 2725 5391 Simonem
2770 5336 3110 5390 visendum:
3164 5335 3256 5402 qui
3304 5350 3495 5387 canem

1926 5449 2051 5488 cum
2098 5431 2387 5486 ell‘eratum
2419 5440 2473 5484 rt
2512 5432 2853 5484 horrendum
2903 5432 2955 5482 in
3000 5445 3058 5483 se
3103 5428 3230 5482 ferri
3282 5427 3494 5486 videns,

1927 5543 2051 5582 cum
2107 5536 2390 5580 auctorem
2442 5524 2718 5588 eumdem,
2770 5532 2895 5577 ante
2950 5521 3247 5574 adventum
3309 5534 3494 5582 suum,
