4212 6440
725 395 824 461 82Ἱ

1942 394 2366 459 NICEPHORI
2404 395 2750 460 CALLISTI

3870 388 3974 454 828

719 509 920 566 mortis
967 507 1259 579 permultis
1300 506 1497 570 fuisse,
1547 507 1641 578 qui
1688 506 1900 577 ingredi
1957 505 2288 568 voluissent,

2400 509 2812 579 κεχειρηκότας,
2859 507 2975 561 λύει
3018 507 3122 578 μιν
3160 506 3361 562 αὐτίκα
3411 504 3505 560 τδν
3550 506 3704 571 κύνα,
3735 503 3832 558 καὶ
3874 506 3973 557 ἀν·

718 603 1104 666 intellexisset,
1143 601 1381 656 vinculis
1431 617 1557 655 eum
1610 601 1798 665 solvit,
1839 609 2005 669 atque
2050 599 2290 653 humana

720 710 856 749 voce
884 695 1214 748 annuntiare
1249 694 1381 747 hero
1405 708 1530 755 suo,
1560 694 1783 747 Petrum
1822 691 2031 747 Christi
2067 705 2291 746 servum

717 785 938 849 adesse,
959 786 1137 856 jubet.
1164 783 1334 840 Canis
1357 800 1522 854 porro
1552 801 1664 855 quo
1686 784 1873 856 jussus
1899 788 2080 840 fuerat
2104 783 2289 846 modo,

723 878 979 932 nuntium
1017 878 1247 946 perfert.
1287 877 1368 932 Ad
1410 893 1530 934 eam
1567 894 1705 942 rem,
1753 878 1849 947 qui
1893 889 2006 932 tum
2040 892 2166 932 cum
2201 875 2289 929 Si-

722 985 889 1025 mone
947 980 1136 1036 erant,
1187 970 1527 1025 consternati
1585 972 2011 1040 obstupuerunt.
2076 968 2293 1036 Quibus

722 1063 812 1116 ille
843 1081 854 1115 :
887 1063 1028 1116 nihil
1080 1063 1134 1119 id
1168 1065 1295 1118 novi
1325 1079 1468 1128 esse,
1518 1079 1578 1118 se
1609 1078 1831 1133 quoque
1874 1062 2068 1118 eadem
2109 1061 2292 1116 facere

724 1169 890 1222 posse
919 1154 1077 1209 dixit.
1130 1155 1323 1226 Itaque
1352 1171 1546 1211 canem
1570 1156 1749 1216 exire.
1778 1164 1834 1209 et
1861 1155 2188 1224 Apostolum
2223 1154 2291 1209 ad

720 1263 783 1300 se
813 1263 1014 1301 vocare
1054 1248 1232 1318 jubet.
1275 1250 1477 1304 Petrus
1514 1250 1731 1304 accitus.
1756 1249 2084 1318 ingreditur.
2118 1247 2196 1302 lbi
2236 1248 2290 1302 in

717 1339 1006 1406 colloquio
1032 1349 1224 1394 mutuo
1255 1341 1426 1395 multa
1461 1343 1604 1395 inter
1631 1357 1691 1396 se
1725 1342 1892 1396 verba
1923 1341 2151 1396 faciunt.
2189 1339 2290 1395 Mi-

721 1432 930 1486 raculis
982 1433 1238 1502 equidem
1285 1443 1342 1488 et
1386 1435 1556 1488 variis
1606 1434 1982 1503 prodigiorum
2028 1433 2293 1505 operibus

725 1521 915 1575 Simon
957 1525 1110 1590 longe
1145 1534 1462 1592 superatur.
1499 1523 1851 1594 Quapropter
1890 1525 2048 1580 multi
2080 1541 2147 1579 ex
2179 1525 2288 1579 illis

720 1619 786 1666 a-t
826 1615 924 1668 (‘.lu
945 1615 1436 1679 isttumaccedunt,
1468 1625 1632 1684 atque
1661 1616 1997 1685 baptismum
2025 1616 2288 1672 subeunt.

719 1705 1020 1760 Enimvero
1060 1717 1117 1761 et
1153 1706 1344 1760 Simon
1376 1709 1514 1776 ipse,
1551 1708 1862 1762 daemonum
1895 1708 1943 1763 ei
1985 1709 2294 1763 inservien-

723 1797 858 1848 tium
897 1813 1087 1865 opera,
1148 1800 1318 1851 multa
1369 1798 1690 1852 admiranda
1735 1797 1993 1853 faciebat.
2045 1799 2180 1854 Nam
2232 1808 2292 1852 ut

720 1898 917 1940 statua:
949 1899 1301 1942 numerentur
1336 1892 1589 1954 curabat,
1621 1899 1675 1942 et
1707 1889 1762 1943 in
1797 1890 2009 1946 aedibus
2047 1907 2174 1945 vasa
2207 1901 2286 1946 at-

717 1995 832 2045 quo
871 1980 1236 2033 instrumenta
1263 1982 1570 2036 domestica
1597 1998 1657 2038 se
1688 1994 1881 2052 sponte
1911 1986 2134 2054 prOpria
2163 1987 2291 2040 hinc

722 2069 850 2122 inde
890 2071 1320 2137 transferebant,
1364 2082 1422 2126 et
1470 2075 1586 2143 ipse
1635 2075 1868 2129 ﬂammis
1914 2075 2291 2132 circumdatus

726 2177 834 2213 non
866 2165 1150 2216 urebatur.
1184 2165 1486 2219 Ferebatur
1529 2183 1752 2236 quoque
1798 2169 1992 2223 volans
2044 2169 2098 2221 in
2135 2184 2286 2223 acre.

727 2254 889 2323 179
922 2256 995 2308 Ex
1032 2257 1326 2325 lapidibus,
1355 2259 1480 2313 fuco
1512 2260 1830 2314 hominibus
1858 2261 2094 2331 objecto,
2122 2276 2290 2331 panes

724 2348 980 2400 faciebat.
1017 2347 1280 2403 Draconis
1315 2365 1538 2419 quoque
1570 2350 1802 2405 formam
1833 2352 2119 2415 induebat,
2145 2363 2201 2408 et
2234 2352 2290 2407 in

721 2440 906 2492 varias
937 2441 1301 2494 animantium
1334 2445 1550 2511 species
1581 2445 1937 2498 mutabatur:
1969 2444 2175 2513 duplici
2207 2445 2288 2498 fa-

722 2530 806 2583 cie
842 2530 1069 2586 indutus
1110 2536 1576 2604 conspiciebatur,
1631 2538 1687 2591 in
1724 2553 1916 2591 aurum
1953 2553 2073 2592 sese
2120 2548 2290 2592 totum

723 2622 1173 2691 trausformahat,
1223 2627 1370 2682 fores
1413 2629 1667 2683 vectibus
1705 2638 1761 2682 et
1810 2629 2071 2684 claustris
2120 2630 2292 2698 probe

724 2717 1092 2770 communitas
1143 2729 1196 2771 et
1243 2719 1492 2773 occlusas
1541 2721 1689 2773 dicto
1721 2721 2027 2788 aperiebat,
2070 2721 2292 2775 vincula

725 2805 904 2859 ferrea
940 2808 1346 2876 disrumpebat,
1389 2811 1444 2863 in
1479 2812 1752 2866 conviviis
1795 2812 2144 2866 omnifariam
2179 2812 2294 2866 for-

727 2901 1003 2952 mularum
1059 2902 1354 2956 simulacra
1391 2904 1711 2970 exhibebat,
1766 2916 1826 2960 ut
1880 2908 2132 2974 plurima:
2166 2917 2296 2962 ante

725 3007 852 3045 eum
884 2993 1259 3059 praecederent
1291 2998 1496 3050 umbra:
1524 2997 1819 3059 eﬂiciebat,
1846 3015 1983 3067 quas
2008 3001 2299 3055 defuncto-

726 3097 847 3134 rum
909 3083 1115 3138 dudum
1176 3101 1302 3141 esse
1360 3089 1573 3144 animas
1630 3091 1958 3160 uagabatur.
2005 3093 2121 3148 Nec
2178 3094 2297 3162 ipse

2395 601 2641 672 θρωπίνῃ
2687 606 2863 672 φωνῇ,
2896 601 3273 670 εἰσαγγέλλειν
3322 601 3596 666 ἐκέλευεν,
3630 598 3704 662 ὡς
3757 598 3974 668 Πέτρος

2394 697 2423 748 ὁ
2460 693 2555 747 τοῦ
2600 694 2835 764 Χριστοῦ
2884 694 3070 757 δοῦλος
3110 690 3214 766 ἧκε
3251 696 3388 764 πρὸς
3434 697 3519 748 σι.
3554 693 3662 746 Τοῦ
3703 692 3762 745 δὲ
3807 693 3974 751 κυνὸς

2397 785 2518 838 καθ’
2564 784 2624 837 δν
2661 785 2978 854 προσετάγη
3023 787 3228 856 τρόπον
3264 786 3365 857 τὴν
3411 784 3678 852 ἀγγελίαν
3711 782 3974 836 τελέσαν-

2393 895 2506 941 τος.
2537 879 2706 931 ἐννεοὶ
2733 879 2832 948 μὲν
2856 874 3001 950 ἦσαν
3030 879 3079 931 οἶ
3112 880 3352 947 συνῆσαν
3380 878 3459 947 τῷ
3488 878 3692 946 Σίμωνι
3715 893 3728 907 ·
3775 876 3873 928 τὸν
3915 874 3974 926 δὲ

2396 973 2584 1041 φάναι,
2621 972 2698 1044 μὴ
2750 972 2898 1036 ξένον
2945 972 3155 1026 οίεσθαρι
3200 973 3262 1024 τὸ
3309 970 3592 1041 πραχθέν·
3643 969 3817 1038 κάμοὶ
3865 970 3976 1036 γὰρ

2398 1065 2552 1134 ἰσχὺς
2578 1066 2648 1119 τὰ
2667 1065 2830 1135 ὃμοια
2854 1065 3018 1135 δρᾷνο
3055 1065 3151 1118 καὶ
3190 1063 3271 1135 τῷ
3315 1065 3441 1116 κυνὶ
3471 1062 3728 1114 ἐκέλευεν
3763 1061 3976 1123 ἐξιέναι

2395 1158 2492 1211 καὶ
2540 1156 2814 1210 εἰσκαλεῖν
2858 1158 2951 1210 τὸν
2991 1156 3318 1211 ἀπόστολον.
3350 1156 3464 1209 Καὶ
3503 1155 3562 1214 ὃς
3593 1153 3775 1224 εἰσῄει
3809 1170 3978 1222 μετα-

2396 1248 2650 1319 κληθείςο
2683 1250 2823 1319 πρὸς
2870 1248 3066 1318 λόγους
3117 1266 3178 1302 τε
3210 1243 3377 1320 ,ἧκον
3424 1245 3627 1308 ἱκανῶς
3683 1245 3978 1313 διαμιλλη-

2396 1344 2583 1408 θίντες
2623 1342 2895 1414 ἀλλήλοις.
2935 1343 3062 1406 Τοῖς
3099 1359 3165 1409 γε
3198 1343 3305 1412 μὴν
3349 1341 3663 1409 τεραστίοις
3709 1341 3811 1393 καὶ
3855 1339 3980 1398 ταῖς

2395 1437 2504 1490 τῶν
2534 1437 2832 1506 θαυμάτων
2861 1437 3096 1500 πυκναῖς
3119 1434 3424 1503 ἐνεργείαις
3447 1433 3706 1486 ἀπειπεῖν
3729 1431 3976 1499 Σίμωνα·

2396 1528 2625 1589 πολλοὺς
2651 1528 2710 1581 δέ
2748 1527 2858 1580 τῶν
2894 1527 3110 1581 ἐκείνου
3140 1525 3364 1596 Χριστῷ
3401 1522 3749 1595 προσελθεῖν,
3785 1520 3884 1574 καὶ
3913 1520 3974 1570 τὸ

2399 1620 2684 1689 βάπτισμα
2724 1619 3001 1683 δέξασθαι.
3039 1618 3222 1672 Πολλὰ
3276 1617 3333 1670 δέ
3392 1615 3491 1669 καί⁵
3543 1615 3729 1682 Σίμων
3791 1611 3974 1663 ἐποίει

2395 1715 2506 1775 τοῖς
2538 1713 2948 1782 παρεπομένοις
2979 1710 3236 1780 δαίμοσιν
3265 1706 3659 1778 ἐνεργούμενος
3679 1723 3693 1737 ·
3737 1707 3836 1758 καὶ
3861 1704 3973 1772 γὰρ

2396 1805 2721 1874 ἀνδριάντας
2774 1801 3044 1856 κινεῖσθαι
3103 1800 3312 1852 ἐποίει·
3353 1798 3449 1851 καὶ
3519 1798 3587 1849 τά
3641 1795 3766 1848 κατ’
3827 1791 3981 1845 οῖκσιν

2399 1897 2590 1965 σκεύη,
2629 1895 2782 1948 ἔνθεν
2827 1894 3086 1947 κάκεῖθεν
3132 1893 3417 1960 αὐτόματα
3464 1887 3780 1961 μετετίθει·
3814 1886 3980 1947 αὐτός

2394 2007 2453 2042 τε
2509 1989 2642 2058 πυρὶ
2701 1965 3056 2058 βαλλόμενος,
3107 1986 3208 2038 οὐκ
3258 1983 3503 2046 ἐκαίετο,
3549 1980 3647 2035 καὶ
3707 1981 3788 2042 εἰς
3838 1978 3980 2046 ἀέρα

2393 2082 2690 2136 ἁνίπτατο·
2726 2083 2793 2134 ἐκ
2824 2081 2987 2133 λίθων
3031 2078 3232 2148 ἄρτους
3267 2075 3560 2145 φαντάζων
3594 2073 3769 2126 ἐποίει
3792 2090 3805 2104 ο
3845 2071 3980 2140 δρα-

2393 2175 2584 2237 κοντός
2614 2190 2672 2227 τε
2707 2170 2923 2243 μορφὴν
2960 2171 3247 2230 ὑπεδύετο,
3281 2167 3374 2220 καί¹
3406 2167 3487 2230 εἰς
3532 2166 3770 2234 διάερορα
3815 2162 3974 2228 ζώων

2392 2269 2506 2338 είδη
2542 2267 2825 2336 ἠμείϐετο.
2857 2265 2963 2318 Δύο
2996 2263 3268 2335 πρόσωπα
3298 2260 3692 2330 περικείμενος
3720 2257 3970 2324 ἑωρᾶτο·

2393 2362 2472 2423 είς
2499 2360 2700 2431 χρυσὸν
2729 2357 2942 2428 ἁθρόως
2983 2356 3371 2427 μετεϐάλλετο.
3405 2351 3590 2421 Θύρας
3625 2350 3846 2419 μοχλοῖς
3879 2347 3977 2400 καὶ

2393 2455 2570 2508 κλεισὶ
2643 2450 3168 2521 κατησφαλισμένας
3243 2448 3486 2515 διήνοιγε
3560 2445 3818 2514 ῥήματι·
3879 2442 3978 2494 καὶ

2393 2549 2567 2616 δεσμὰ
2590 2550 2652 2601 ὲκ
2682 2547 2917 2614 σιδήρων
2943 2546 3150 2598 διέλυε·
3186 2545 3287 2595 κᾶν
3318 2544 3431 2605 τοῖς
3467 2540 3709 2598 δείπνοις
3747 2536 3808 2590 δὲ
3844 2553 3982 2588 παν-

2395 2639 2642 2694 τοδαπῶν
2705 2638 2856 2692 ἰδεῶν
2903 2637 3104 2690 εἴδωλα
3162 2636 3442 2706 παρίστη⁶
3492 2631 3649 2694 σκιάς
3696 2645 3756 2682 τε
3804 2643 3983 2697 προη-

2396 2734 2612 2801 γεῖσθαι
2656 2731 2851 2783 τούτου
2902 2729 3163 2790 πλείστας
3212 2722 3644 2795 παρεσκεύαζεν,
3695 2721 3762 2784 ἃς
3803 2721 3985 2790 ψυχάς

2395 2820 2536 2879 εἶναι
2590 2824 2698 2878 τῶν
2741 2823 2911 2874 πάλαι
2956 2819 3300 2889 τεθνηκότων
3345 2816 3628 2887 ἐληρώδει.
3660 2815 3775 2867 Οὐκ
3811 2812 3982 2874 αὐτὸς

2394 2917 2452 2972 δὲ
2484 2917 2642 2986 μόνος
2669 2913 2804 2983 πρὸς
2837 2911 2896 2964 τὸ
2921 2909 3114 2963 δοκοῦν
3145 2905 3672 2979 μετεσχηματίξετο,
3703 2903 3848 2957 ἀλλὰ
3879 2905 3982 2955 καὶ

2397 3010 2488 3072 οὒς
2537 3009 2716 3078 ἧθελε,
2763 3005 2900 3075 πρὸς
2947 3005 3060 3073 είόη
3102 3001 3372 3055 παντοίων
3429 3000 3584 3064 ζώων
3639 2995 3985 3066 amem:-

2400 3103 2496 3156 καὶ
2526 3101 2674 3162 τινὰς
2703 3100 2761 3152 δὲ
2798 3097 2999 3149 πλάνον
3038 3095 3420 3165 πειρωμένους
3460 3092 3723 3161 ἐλέγχειν,
3758 3105 3985 3159 προσω-

728 3175 915 3242 modo,
954 3177 1020 3230 ad
1049 3193 1212 3246 quem
1241 3181 1429 3246 vellet,
1463 3181 1965 3237 transformabatur
2001 3186 2242 3254 Speciem
2276 3207 2291 3242 :

2405 3195 2540 3264 πείῳ
2599 3193 2708 3246 τινὶ
2778 3189 2964 3258 φιλίας
3024 3185 3540 3254 ὑποποιησάμενος,
3601 3181 3731 3251 βοῦν
3800 3179 3985 3241 θύων,

724 3281 920 3319 verum
947 3268 1114 3322 etiam
1143 3270 1279 3325 alios
1305 3288 1445 3340 quos
1479 3274 1768 3338 voluisset,
1799 3276 1853 3329 in
1880 3277 2156 3331 variarum
2179 3279 2302 3343 ani-

731 3359 997 3412 mantium
1041 3362 1244 3416 formas
1285 3365 1553 3418 tiuitabat.
1589 3365 1865 3431 Quosdam
1923 3378 2128 3431 autem,
2171 3385 2297 3424 cum

732 3453 955 3517 planum
987 3467 1113 3506 eum
1148 3463 1205 3507 et
1225 3471 1474 3510 scurram
1500 3473 1622 3512 esse
1653 3474 1950 3527 coarguere
1979 3470 2037 3514 et
2066 3463 2300 3516 convin-

736 3556 861 3595 cere
917 3552 1216 3607 tentarent,
1267 3547 1525 3604 amicitia:
1576 3559 1842 3618 praetextu
1880 3551 2160 3617 simulato,
2204 3553 2302 3607 bo-

736 3647 857 3684 rem
885 3635 1227 3699 sacrificans,
1262 3638 1328 3691 ad
1357 3640 1549 3706 epulas
1583 3641 1876 3706 invitabat,
1912 3653 1969 3697 et
2003 3645 2128 3699 inde
2157 3647 2301 3698 mul-

738 3723 1050 3781 tiformibus
1076 3729 1266 3797 eisque
1293 3730 1696 3787 incurabilibus
1723 3735 1930 3789 morbis
1955 3747 2008 3790 et
2047 3736 2305 3792 immani-

736 3816 838 3869 lrus
870 3816 1213 3873 daemonibus
1235 3821 1586 3890 subjiciebat.
1615 3823 1739 3879 Haec
1769 3839 1935 3896 atque
1960 3828 2042 3882 his
2073 3830 2300 3894 similia,

730 3921 858 3959 cum
903 3908 1061 3964 divus
1101 3914 1326 3980 quidem
1361 3915 1558 3970 Petrus
1596 3934 1727 3972 vere
1757 3936 1822 3973 ac
1859 3921 2062 3991 reipsa,
2106 3923 2300 3977 Simon

731 4011 918 4055 autent
956 4006 1092 4060 falso
1123 4018 1178 4061 et
1217 4009 1647 4078 imposturarum
1679 4013 1806 4070 fuco
1855 4015 2123 4081 facerent,
2159 4017 2302 4072 Nero

733 4104 1029 4164 utrumque
1055 4111 1286 4154 evocat:
1320 4113 1374 4155 et
1412 4119 1561 4167 cum,
1608 4105 1755 4175 quod
1789 4106 1987 4162 melius
2035 4120 2183 4164 esset
2219 4109 2304 4164 di-

727 4187 952 4253 βρίθει-ιι
991 4204 1098 4244 non
1146 4204 1358 4261 posset,
1394 4205 1505 4249 tum
1537 4197 1788 4266 quidem,
1830 4210 1905 4253 .ut
1939 4202 2299 4257 insolentium

2405 3285 2692 3355 συνεστιᾷν
2728 3282 2902 3335 ἐποίει
2929 3297 2941 3310 ’
2991 3277 3288 3332 κάντεῦθεν
3339 3274 3619 3336 ποικίλαις
3665 3275 3764 3326 καὶ
3795 3270 3988 3323 δυσιά-

2402 3397 2516 3441 τοις
2546 3376 2851 3439 νόσοιςκαί.
2897 3372 3152 3440 δαίμοσιν
3191 3369 3408 3439 ἀγρίοις
3461 3363 3755 3419 ὑπέϐαλλε.
3789 3362 3986 3416 Ταῦτα

2403 3473 2467 3541 δὴ
2501 3471 2676 3524 καίτοι
2719 3470 2860 3522 αὐτὰ
2901 3464 2993 3518 τοῦ
3047 3465 3146 3532 μὲν
3178 3461 3394 3532 ἀληθῶς
3440 3457 3534 3512 τοῦ
3565 3457 3711 3511 θείου
3743 3455 3988 3523 Πέτρου,

2408 3564 2651 3630 Σίμωνος
2697 3560 2753 3613 δὲ
2804 3558 2974 3627 ψευδῆ
3029 3554 3422 3625 φαντάζοντος.
3456 3551 3645 3617 Νέρων
3685 3547 3784 3600 καὶ
3818 3547 3993 3614 ἄμφω

2406 3653 2704 3708 εἰσεκάλει.
2741 3650 2965 3712 Ἰκανῶς
3009 3649 3065 3701 δὲ
3115 3648 3192 3718 μὴ
3241 3640 3351 3708 οἷός
3390 3660 3449 3694 τε
3492 3642 3565 3694 ὢν
3593 3639 3899 3706 διαγνῶναι
3930 3637 3991 3689 τὸ

2410 3747 2677 3814 κρεῖττον,
2707 3743 2802 3795 καὶ
2828 3744 2920 3794 τὸν
2953 3739 3137 3814 άληθῆ
3158 3737 3252 3792 τοῦ
3281 3737 3476 3806 γόητος
3508 3733 3810 3802 διακρῖναι,
3846 3731 3991 3790 τέως

2404 3835 2481 3898 ὡς
2522 3834 2728 3888 καινῶν
2775 3832 3078 3901 τεραστίων
3123 3825 3613 3897 ἐπιδημιουργοὺς,
3665 3823 3765 3876 καὶ
3813 3820 3993 3889 ἄμφω

2403 3930 2495 3981 τόν
2541 3946 2599 3980 τε
2647 3926 2853 3995 Πέτρον
2895 3925 2990 3976 καὶ
3041 3920 3263 3991 Σίμωνα
3315 3919 3432 3972 τότε
3480 3917 3578 3986 μὲν
3627 3915 3727 3981 τῆς
3765 3912 3994 3981 Ῥώμης

2404 4021 2605 4073 ὡσανεῖ⁹
2636 4019 2872 4078 πλάνους
2901 4014 3198 4085 ἐξήλαυνεν
3219 4028 3231 4043 ·
3282 4011 3508 4080 ὕστερον
3539 4008 3618 4069 δὲ,
3650 3999 3857 4072 οἷάπερ
3900 4005 3996 4054 καὶ

2405 4115 2566 4176 αὐτὸς
2619 4111 2845 4182 βέϐηλος
2895 4110 2993 4161 καὶ
3049 4107 3287 4169 ἀνόσιος,
3315 4105 3392 4174 τῷ
3441 4101 3658 4173 βεϐήλῳ
3689 4098 3786 4151 καὶ
3829 4096 3996 4164 γόητι

2408 4207 2647 4271 μάλιστα
2676 4203 2883 4271 Σίμωνι
2918 4196 3254 4263 προσετέθη.

731 4281 1106 4352 prodigiorum
1167 4288 1478 4354 effectores,
1541 4290 1759 4354 ambos,
1823 4302 2082 4363 tauquam
2145 4311 2374 4354 errones
2408 4307 2465 4350 et
2532 4310 2774 4357 scurras,
2849 4294 3019 4346 Roma
3084 4286 3332 4358 expellit.
3371 4284 3568 4341 Postea
3602 4291 3789 4338 autem
3871 4282 3998 4333 aui-

731 4393 884 4430 iuum
954 4377 1020 4430 ad
1089 4378 1444 4448 impostorem
1502 4391 1560 4436 et
1617 4383 1894 4451 impurum
1965 4385 2293 4457 Simonem,
2332 4390 2538 4460 quippe
2604 4398 2660 4443 et
2697 4388 2812 4456 ipse
2858 4387 3109 4455 impurus
3177 4393 3233 4437 et
3275 4381 3500 4450 impius,
3559 4377 3798 4432 maxime
3853 4386 3998 4431 cou-

730 4470 859 4525 fort.

1260 4589 1486 4648 CAPUT
1529 4591 1762 4649 XXVIII.

735 4705 782 4759 li
843 4704 1044 4759 Paulus
1074 4705 1455 4778 Hierosolymis
1496 4725 1612 4760 cum
1665 4717 1831 4774 esset,
1859 4725 1969 4761 sese
2001 4711 2223 4778 tempori
2253 4722 2305 4764 et

808 4778 917 4829 loco
945 4777 1230 4849 prudenter
1251 4778 1703 4849 raccommodarit,
1722 4781 1774 4830 in
1804 4795 1862 4831 eo
1890 4781 2028 4847 quod
2057 4777 2128 4834 ibi
2141 4782 2306 4849 juxta

806 4860 1026 4899 veterem
1056 4846 1180 4914 legis
1214 4848 1372 4898 ritum
1397 4849 1526 4918 vixit
1555 4864 1572 4900 .'
1603 4856 1649 4900 et
1691 4857 1745 4899 ut
1779 4846 1932 4918 gravi
1972 4846 2159 4903 catena
2193 4852 2307 4903 vin-

804 4931 915 4970 cms
943 4934 974 4968 a
1017 4918 1230 4986 tribuno
1256 4917 1732 4979 concionabundus,
1767 4935 1884 4986 qua:
1909 4921 1955 4972 ei
1989 4921 2300 4983 acciderint,

808 4988 1134 5040 disseruerit.
1168 4985 1302 5038 Item
1330 4995 1387 5038 ut
1422 4985 1724 5041 Casaream
1756 4991 1826 5040 ad
1852 4991 2128 5057 pra’sidem
2163 4989 2305 5044 Feli-

803 5075 914 5111 cem
945 5059 1012 5108 sit
1055 5058 1325 5119 deductus,
1362 5059 1414 5109 in
1444 5058 1840 5128 custodiamque
1877 5061 2162 5129 cogtjectus.

807 5191 1028 5244 Eisdem
1065 5189 1430 5257 temporibus,
1475 5187 1680 5245 Paulus
1710 5207 1817 5246 una
1842 5206 1967 5246 cum
2010 5193 2304 5261 discipulis

732 5283 875 5344 suis,
912 5281 1158 5334 collectis
1187 5281 1445 5342 sarcinis,
1476 5281 1723 5336 Caesarea
1747 5284 2000 5337 ascendit
2038 5284 2303 5338 Hieroso-

731 5376 919 5443 alyma:
956 5383 1012 5427 et
1052 5374 1140 5427 die
1172 5375 1427 5442 sequenti
1469 5373 1536 5426 ad
1567 5373 1752 5426 divum
1782 5374 2048 5428 Iacobum
2091 5376 2302 5429 bierar-

729 5470 894 5520 cham
941 5473 999 5520 et
1033 5467 1400 5536 presbyteros
1429 5467 1680 5529 veniens,
1711 5483 1807 5520 eos
1840 5468 2063 5530 salutat,
2099 5479 2155 5522 et
2184 5485 2308 5536 qua:

735 5560 886 5612 Deus
934 5571 1031 5627 per
1076 5557 1257 5626 ipsum
1307 5556 1450 5626 apud
1490 5565 1684 5626 gentes
1718 5557 2015 5622 effecisset,
2058 5561 2285 5628 exponit

736 5652 820 5704 .I.li
859 5666 1024 5718 porro
1068 5650 1299 5717 gloriam
1349 5650 1586 5719 primum
1635 5651 1745 5703 Deo
1778 5651 2071 5705 ferebant:
2109 5653 2310 5707 deinde

735 5743 968 5797 Paulum
1005 5744 1394 5806 admonebant,
1451 5760 1614 5812 quant
1649 5746 1882 5812 plurima
1940 5763 2057 5798 esse
2091 5747 2310 5803 .lmld-o-

739 5853 870 5891 .ium
899 5837 1144 5890 fidelium
1177 5837 1370 5901 millia,
1410 5839 1500 5899 qui
1547 5839 1681 5895 leuis
1718 5840 1834 5891 telo
1871 5851 1921 5892 et
1958 5842 2307 5894 a’muiattnnt‘

2329 4598 2378 4657 D

2982 4591 3235 4643 ΚΕΦΑᾹ.
3268 4587 3362 4641 ΚΗ
3387 4623 3403 4642 .

2427 4713 2522 4781 Ὧς
2558 4713 2794 4775 Παῦλος
2823 4712 2891 4763 ἐν
2924 4709 3368 4781 Ἱεροσολύμοις
3390 4705 3734 4781 reseritur-oc,
3761 4703 4000 4781 οἰκοῖτο-

2483 4775 2591 4853 ίιίςι
2617 4782 2944 4849 ἐχρήσατο,
2994 4775 3143 4853 κατὰ
3195 4775 3304 4853 τόν·
3359 4776 3560 4853 πάλαι
3586 4775 3993 4853 νᾴμονᾼαολι-

2485 4847 2896 4921 τεὺσάλιενοςο
2946 4850 3147 4913 καίὠς
3183 4849 3403 4921 ἀλύξει
3450 4847 3996 4921 πεδηθείςλβαρείᾳ

2485 4925 2603 4977 ὑπὸ
2665 4917 2771 4975 ἑοῦ
2833 4921 3166 4988 χιλιάρχου,
3220 4917 3443 4988 διεξῄει
3499 4918 3572 4969 τὰ
3623 4917 3768 4988 κατί
3803 4918 3999 4970 αὐτὸν

2483 4985 2866 5062 δημηγορῶκξ
2881 4992 2998 5064 ΔΚιιί
3025 4991 3105 5052 ὡς
3129 4989 3217 5064 είς
3241 4985 3709 5064 ιςαισὰρειαγςτῷ
3738 4987 3996 5064 ἡγεμόνι

2485 5056 3082 5130 Φῆίιῗλὶι-διεπέμρθη,
3111 5058 3358 5112 κάκεῖσε
3386 5056 3629 5124 φυλακῆ
3662 5056 3993 5124 παρεδόθη.

2485 5198 2707 5259 Τούτοις
2757 5197 2821 5264 δὴ
2859 5195 2966 5252 τοῖς
3000 5191 3212 5260 χρόνοις
3244 5189 3332 5241 καί
3375 5186 3585 5250 Παῦλος
3627 5187 3738 5240 ἀπδ
3779 5187 3997 5238 Καισα-

2419 5293 2567 5362 ρείας
2589 5294 2801 5357 σύναμα
2830 5289 2938 5346 τοῖς
2959 5283 3124 5336 αὑτοῦ
3157 5281 3433 5350 μαθηταῖς
3465 5280 3996 5346 ἐπισκευασάμενοι,

2409 5385 2680 5445 ἀνέϐησαν
2708 5382 2785 5443 είς
2831 5375 3204 5443 Ἱεροσόλυμα.
3242 5374 3320 5442 Τῇ
3353 5372 3399 5424 δ’
3433 5372 3681 5440 ἐπιούσῃ,
3715 5372 3866 5438 πρὸς.
3901 5373 3996 5422 τὸν

2415 5476 2557 5528 θεῖον
2585 5475 2847 5540 ίεράρχην
2875 5467 3134 5523 Ἰάκωϐον
3175 5467 3268 5518 καὶ
3298 5468 3425 5527 τοὺς
3469 5463 3878 5533 πρεσϐυτέρους
3912 5465 4000 5514 ἐλ-

2417 5569 2544 5628 θὼν,
2581 5566 2878 5632 ἠσπάζετο,
2914 5561 3212 5630 ἐπιφέρων,
3241 5560 3332 5613 καὶ
3369 5557 3404 5611 ἃ
3430 5558 3558 5618 Θεὸς
3591 5557 3655 5609 δι’
3676 5556 3842 5609 αὐτοῦ
3884 5567 4000 5617 τοις

2415 5658 2594 5709 ἒθνεπ
2645 5651 3046 5719 κατεπράξατο.
3086 5650 3195 5701 Καὶ
3220 5650 3285 5700 τὰ
3318 5647 3415 5715 μὲν
3453 5645 3641 5715 πρώτα
3671 5645 3834 5707 δόξαν
3870 5648 4001 5708 iui,

2418 5766 2512 5815 γῆν
2545 5748 2700 5812 Θεῷ⁹
2743 5739 2864 5796 εἶτα
2903 5741 3200 5810 παρῄνουν.
3229 5741 3300 5801 ὡς
3338 5739 3534 5790 "alia".
3570 5738 3829 5805 μυριάδες
3888 5738 3998 5786 τῶν

2418 5842 2824 5892 πιστευσάντων
2879 5835 3148 5889 Ἰουδαίων
3182 5835 3288 5885 εἰσὶ
3340 5833 3484 5896 Cultu
3536 5832 3626 5884 τοῦ
3670 5834 3832 5898 νιιιοι
3875 5847 3966 5881 νοτ
