4212 6440
221 405 338 470 833

821 516 1079 573 ΚΕΦΑΛ.
1122 520 1201 575 A'.

217 612 360 680 Περὶ
409 611 700 677 Ἀγρίππα
734 611 828 664 και
856 612 1175 679 Βερνίκης,
1231 612 1328 664 καὶ
1369 611 1480 678 τῆς
1509 611 1658 680 πρὸς
1688 613 1797 666 αὺ-

467 683 608 747 τοὺς
640 683 1006 749 δημηγορίας
1035 683 1142 736 τοῦ
1177 683 1444 735 Παύλου.

305 797 429 849 Ἐπὶ
463 796 671 858 τούτοις
708 796 1024 864 Ἀγρίππας
1049 797 1078 847 ὁ
1110 797 1384 865 βασιλεὺς,
1431 795 1646 863 σύναμα
1671 796 1802 864 Βερ-

218 892 348 960 νίκῃ
381 893 446 958 τῇ
506 891 752 956 γυναικῖ,
809 891 888 951 είς
950 889 1293 958 Καισάρειαν
1347 889 1610 956 ἀφίκοντο
1667 887 1803 957 πρὸς

216 984 447 1049 Φῆστον.
483 979 778 1048 Διατριόἦς
811 979 856 1031 δ’
887 980 972 1047 ἐφ’
1000 979 1219 1047 ἡμέρας
1263 979 1464 1039 πολλὰς
1492 979 1669 1029 ἐκεῖσε
1707 993 1799 1041 γε·-

218 1075 549 1142 γενηςιένης,
581 1073 789 1140 Φῆστος
828 1072 895 1124 τά
935 1071 1075 1124 κατὰ
1107 1072 1197 1123 τδν
1236 1069 1444 1122 Παῦλον
1473 1068 1553 1138 τῷ
1591 1069 1804 1137 βασιλεί

218 1168 445 1217 ἀνεῖπεν
469 1180 483 1193 ·
539 1164 687 1223 ὅπως
739 1162 961 1229 δέσμιος
997 1161 1102 1214 ὑπὸ
1142 1162 1372 1231 Φήλικος
1401 1158 1802 1229 καταληφθείη,

221 1259 319 1310 καὶ
347 1259 422 1320 ὡς
452 1257 609 1324 δίκην
647 1256 766 1307 κατ’
797 1255 968 1307 αὑτοῦ
1019 1255 1364 1323 αἰτουμένων
1416 1253 1526 1306 τῶν
1566 1252 1807 1321 πρεσϐυ-

219 1352 398 1420 τέρων
421 1351 514 1402 καὶ
539 1350 857 1418 ἀρχιερέων,
885 1348 975 1400 ἐπὶ
1000 1347 1062 1400 τὸ
1093 1347 1240 1416 βῆμα
1269 1348 1360 1399 τὸν
1393 1346 1563 1416 ἄνδρα
1592 1348 1805 1416 ἤγαγον

220 1444 334 1494 τῶν
366 1442 689 1510 κατηγόρων
722 1441 1036 1508 παρόντων·
1079 1439 1350 1508 μηδεμιᾶς
1383 1439 1427 1491 δ’
1466 1439 1650 1499 αἰτίας
1677 1438 1806 1489 τάν-

219 1534 311 1600 δρὶ
334 1532 618 1599 φανείσης,
657 1530 731 1592 ὥς
766 1547 828 1598 γε
882 1530 1136 1582 ὑπονοεῖν
1168 1525 1258 1599 ἦν,
1298 1532 1434 1599 πρός
1484 1545 1549 1596 γε
1581 1528 1687 1597 μὴν
1717 1526 1810 1579 αὖ·

221 1627 339 1690 τδν,
367 1623 657 1692 ζητήματά
702 1641 822 1676 τινα
856 1621 1175 1691 προῦτεινον
1205 1623 1332 1690 περὶ
1383 1622 1481 1690 τῆς
1514 1621 1665 1688 σφῶν
1696 1621 1809 1672 δει-

224 1715 586 1784 σιδαιμονξας,
623 1715 717 1767 καὶ
772 1716 898 1782 περί
927 1731 1072 1776 τινος
1119 1711 1294 1782 Ἰησόῦ
1343 1713 1707 1783 τεθνηκότος⁶
1749 1712 1811 1764 ὃν

224 1809 466 1874 ἔνρασκεν
495 1809 522 1859 ό
546 1803 756 1867 Παῦλος
782 1805 906 1874 ζῇν.
939 1805 1107 1874 Ἐμοῦ
1135 1806 1177 1858 ε’
1204 1808 1260 1856 ἐν
1289 1806 1496 1874 ἀπορία
1529 1803 1811 1857 καθεστῶ-

224 1919 318 1961 τος
354 1900 489 1968 πρὸς
524 1900 624 1965 τὴν
679 1898 885 1951 τούτων
912 1899 1221 1966 διάκρισιν,
1256 1901 1282 1951 ὁ
1336 1898 1549 1959 Παῦλος
1579 1899 1678 1967 τὴν
1709 1897 1806 1950 τοῦ
1841 1883 1882 1936 Β

225 1989 509 2058 Καίσαρος
535 1989 829 2054 διάγνωσιν
874 1988 1254 2056 ἐπικέκληται.
1291 1988 1350 2038 '0
1386 1987 1430 2038 δ’
1473 1986 1804 2054 Ἀγρίππας,

238 2081 605 2148 ’116ουλόμην,
641 2078 766 2148 ἔφη,
803 2081 898 2131 καὶ
948 2078 1109 2139 αὐτὸς
1141 2079 1366 2147 τάνδρὸς
1398 2079 1633 2132 ἀκοῦσαι
1665 2096 1677 2108 ·
1717 2079 1810 2130 καὶ

227 2177 256 2226 ὁ
275 2175 502 2242 Φῆστος,
531 2173 621 2234 Ἐς
653 2172 868 2240 αὔριον,
901 2171 1076 2236 ἔλεγε.
1105 2171 1256 2223 Μετά
1291 2171 1450 2240 δόξης
1472 2170 1518 2222 δ’
1548 2171 1631 2223 ὃτι
1671 2171 1813 2221 πλεῖ.

229 2285 365 2335 στης
417 2269 514 2320 σὺν
573 2266 808 2336 Βερνίκῃ
867 2265 984 2334 ἅμα
1042 2264 1119 2334 ἕῳ
1177 2263 1494 2333 Ἀγρίππας
1552 2265 1811 2332 μέγιστον

232 2360 615 2430 συγκροτήσας
649 2357 1042 2426 ἀκροατήριον,
1079 2356 1376 2425 συμπαρῆν
1403 2355 1459 2407 δὲ
1495 2355 1590 2408 καὶ
1622 2355 1813 2407 τούπί-

233 2468 411 2520 σημον
440 2449 587 2502 ἀπαν
606 2449 704 2518 τῆς
738 2447 970 2510 πόλεως,
1014 2448 1227 2515 Φήστου
1266 2447 1645 2510 κελεύσαντος,
1677 2447 1810 2513 ἀγε-

230 2561 328 2596 ται
355 2542 567 2598 Παῦλος
598 2542 818 2610 δεσμοῖς
845 2540 1125 2609 ἐχόμενος.
1151 2540 1262 2592 Καὶ
1289 2539 1384 2592 τοῦ
1411 2539 1573 2606 λόγου
1602 2539 1811 2608 Φῆστος

229 2639 442 2706 ἡγεῖτο,
470 2634 753 2704 ’Δγρίππα
786 2633 1034 2703 βασιλεῦ,
1080 2634 1275 2700 λέγων,
1333 2634 1428 2686 καὶ
1457 2632 1507 2685 οἶ
1560 2632 1814 2701 συμπλη-

236 2731 397 2798 ροῦτε
427 2729 518 2783 τὸν
548 2729 830 2795 σύλλογον,
861 2722 1038 2790 οὗτος,
1071 2729 1202 2795 περὶ
1231 2721 1291 2779 οῦ
1331 2743 1422 2796 μοι
1456 2727 1517 2778 τὸ
1538 2725 1646 2778 τῶν
1681 2726 1815 2777 Ἰου-

233 2823 402 2873 δαίων
438 2819 639 2890 πλῆθος
685 2819 944 2888 ὲντυχδν,
979 2817 1212 2888 θορύϐου
1254 2818 1492 2886 πλήρεις
1539 2810 1701 2885 ἦσαν,
1737 2813 1812 2884 μὴ

233 2917 348 2968 δεῖν
374 2915 536 2966 αὐτὸν
578 2913 680 2983 ζῇν
709 2913 898 2983 ἁπάσῃ
928 2911 1092 2983 τέχνῃ
1138 2909 1552 2978 διατεινάμενοι.
1587 2905 1731 2974 Ἐγὼ
1758 2910 1815 2959 δὲ

241 3005 410 3076 μηδέν
461 3022 514 3057 τι
546 3004 707 3055 αὑτὸν
747 3003 897 3066 ἀξιον
953 3001 1188 3054 θανάτου
1220 2999 1428 3068 πρᾶξαι
1465 2995 1812 3055 καταλαϐὼν,

237 3098 338 3149 καὶ
366 3095 531 3149 αὐτοῦ
577 3096 633 3147 δὲ
665 3094 765 3165 τὴν
800 3092 894 3146 τοῦ
928 3091 1201 3145 Σεσαστοῦ
1235 3089 1520 3160 ἐπίκρισιν
1556 3087 1818 3140 ἐκκαλου-

236 3186 428 3251 μένου,
455 3185 571 3234 ἐκεῖ
610 3181 827 3251 πέμψαι
851 3180 1016 3232 αὑτὸν
1052 3179 1165 3231 δεῖν
1193 3179 1414 3246 ἥγημαι
1443 3193 1458 3207 ·
1495 3175 1619 3246 μηδ’
1643 3178 1819 3242 ἀσφα-
1845 3215 1889 3272 c

237 3276 366 3336 λοῦς
397 3274 441 3326 δ’
472 3273 681 3334 ὲνόντος
714 3273 969 3340 γράφειν,
1010 3273 1103 3323 ἐπὶ
1127 3271 1228 3340 τὴν
1258 3269 1357 3340 σὴν
1396 3270 1716 3338 προήγαγον
1739 3266 1818 3318 δίο

239 3385 370 3435 κην,
395 3365 531 3429 ἀναξ
569 3364 852 3433 Ἀγρίππα
871 3380 884 3394 ⁸
917 3363 993 3425 ὼς
1019 3362 1110 3426 ἂν,
1140 3362 1579 3430 διαγνωσθείσης
1610 3361 1708 3430 τῆς
1737 3361 1819 3412 δί-

237 3475 368 3528 κης,
443 3457 548 3526 ἔχω
601 3473 653 3508 τι
717 3454 1090 3525 παραδηλοῦν.
1153 3456 1264 3508 Καὶ
1324 3456 1433 3524 γὰρ
1474 3453 1662 3522 ἔμοιγε
1712 3452 1820 3505 τῶν

237 3551 460 3603 ἀτόπων
483 3549 650 3611 δοκεῖ,
680 3547 902 3612 δέσμιον
931 3547 1240 3615 πέμποντα,
1277 3547 1351 3616 μὴ
1379 3547 1473 3598 καὶ
1506 3545 1604 3608 τὰς
1639 3545 1818 3605 αἰτίας

238 3640 533 3709 σημαίνειν
564 3638 766 3690 ἐθέλειν
794 3638 894 3707 τῆς
917 3638 1093 3706 δίκης,
1139 3637 1449 3706 Ἀγρίππας
1477 3637 1532 3690 δὲ
1565 3635 1643 3705 τῷ
1677 3635 1821 3687 Παύ-

235 3737 314 3803 λῳ
353 3734 477 3800 Esi},
513 3732 754 3799 Ἐφείται
782 3734 866 3784 σοὶ
898 3731 1040 3800 ὑπὲρ
1084 3731 1318 3785 σεαυτοῦ
1349 3731 1384 3785 ἃ
1419 3731 1595 3801 βούλει
1625 3730 1818 3796 διεξιέ-

236 3843 329 3877 ναι
351 3841 365 3854 ·
401 3823 659 3893 συνηθείᾳ
693 3823 748 3875 δέ.
773 3840 884 3875 τινι
912 3825 941 3875 ό
973 3823 1185 3885 Παῦλος
1212 3823 1340 3885 ἴσως
1383 3822 1690 3892 χρώμενος,
1718 3821 1815 3891 τὴν

239 3919 405 3984 χεῖρα
445 3915 714 3976 ἐκτείνας,
748 3914 904 3981 ἔλεγε
937 3914 1116 3966 τοιάδε
1145 3930 1159 3944 σ
1207 3915 1430 3983 Πρῶτον
1483 3913 1642 3984 σοφία
1677 3914 1809 3978 τινὶ,

233 4008 311 4068 ὡς
346 4006 554 4058 δίκαιον
577 4005 776 4074 ἄνδρα,
809 4006 945 4075 ἴδριν
974 4005 1030 4058 δὲ
1063 4005 1172 4057 τῶν
1195 4007 1332 4058 κατά
1363 4005 1652 4067 Ἰουδαίους
1677 4005 1815 4058 ὲθῶν

238 4117 298 4151 τε
341 4099 438 4151 καὶ
469 4097 800 4166 ζητημάτων
827 4098 920 4150 τὸν
938 4098 1249 4168 Ἀγρίππαν
1272 4098 1510 4150 ἐπαινῶν
1533 4100 1632 4151 οὐκ
1656 4101 1814 4164 ἀνίει,

241 4189 546 4256 εὐδαίμονά
575 4204 632 4238 τε
659 4188 853 4240 ἑαυτὸν
899 4189 1164 4254 οἰόμενος,
1192 4183 1272 4250 οἷς
1314 4191 1556 4259 ἀκροατῇ
1599 4189 1821 4260 περιτύ-

241 4298 330 4350 χοι
364 4283 590 4347 τοιούτῳ
612 4299 624 4311 ·
656 4279 800 4332 οὕτω
842 4279 905 4348 δὴ
943 4283 1444 4349 προοιμιασάμενος
1477 4281 1544 4333 τά
1573 4283 1693 4333 κατ’
1727 4283 1822 4333 αὑ·

240 4380 338 4425 τον
367 4371 589 4442 διεξῄει,
613 4372 725 4440 Τὴν
759 4371 859 4439 μὲν
889 4373 954 4424 ικ
980 4375 1102 4423 νέου
1137 4390 1259 4442 μου,
1289 4372 1488 4441 λέγων,
1514 4375 1722 4444 τροφὴν
1750 4369 1825 4426 εἷ-

241 4483 335 4518 ναι
366 4465 508 4515 κατά
552 4463 650 4532 τὴν
705 4462 914 4532 ἀκριϐῆ
953 4462 1052 4515 καὶ
1085 4458 1318 4533 πάτριον
1358 4464 1465 4516 τῶν
1516 4465 1825 4532 Φαρισαίων

241 4557 464 4624 αἰρεσιν
484 4573 498 4586 ·
531 4557 626 4607 καὶ
672 4556 767 4609 νῦν
794 4554 838 4607 δ’
877 4556 1103 4609 ἑστάναι
1144 4559 1250 4626 πρὸ
1276 4557 1518 4626 βήματος
1542 4557 1617 4626 μὴ
1643 4557 1708 4609 δι’
1731 4556 1823 4607 ἇλ-
1855 4563 1894 4615 ι)
1927 4560 2205 4629 prmmissa
2232 4601 2246 4624 ,

242 4650 348 4716 λην
368 4646 550 4701 αἰτίαν
578 4646 609 4715 ἦ
633 4647 716 4699 ὅτι
761 4645 937 4714 λέγων
974 4647 1090 4716 είμὶ
1122 4646 1422 4699 ἀνάστασιν
1471 4648 1680 4715 νεκρῶν
1705 4645 1823 4698 ἔσει

249 4736 404 4798 σθαι,
444 4734 474 4785 ὃ
509 4737 620 4797 τοῖς
674 4734 914 4802 πατράσι
946 4734 1114 4786 πάλαι
1160 4735 1290 4786 ποτὲ
1329 4734 1458 4795 Θεὸς
1492 4734 1823 4802 ἐπηγγείλα-

247 4846 332 4881 το.
368 4827 503 4895 Περὶ
541 4826 722 4895 μέντοι
741 4827 840 4895 τῆς
867 4826 1110 4893 κλήσεως
1141 4825 1318 4895 Ἰησοῦ
1350 4825 1445 4878 τοῦ
1475 4827 1822 4894 Ναζωραίου,

250 4920 369 4986 ἐγὼ
401 4920 506 4987 μὲν
554 4918 778 4969 ἐδόκουν
811 4916 977 4986 ζῆλον
1010 4917 1152 4988 ὑπὲρ
1203 4917 1311 4971 τῶν
1346 4919 1592 4986 πατρίων
1644 4919 1825 4986 νόμων

249 5012 459 5081 αὐχῶν,
489 5010 662 5062 πολλά
691 5009 800 5062 τῶν
843 5009 919 5079 μὴ
973 5009 1153 5062 καλῶν
1206 5009 1642 5079 διαπράξασθαι·
1671 5009 1700 5061 ὃ
1732 5011 1826 5061 καὶ

245 5105 459 5174 δράσας
489 5103 680 5172 ὤφθην
707 5120 721 5133 ’
780 5103 994 5171 μάρτυς
1039 5103 1191 5154 πᾶσα
1230 5101 1607 5171 Ἱεροσόλυμαο
1636 5101 1730 5154 καί
1762 5117 1824 5170 γε

253 5195 446 5249 πολλοὶ
477 5195 861 5247 κατάκλειστοι
898 5193 1172 5264 φυλακαῖς
1199 5194 1292 5246 ὑπ’
1318 5193 1454 5263 ἐμοῦ
1481 5195 1825 5264 γεγένηνται,

249 5286 356 5354 τὴν
409 5287 558 5355 παρὰ
584 5286 694 5338 τῶν
737 5286 928 5355 ἱερέων
957 5285 1207 5349 ἐξουσίαν
1247 5285 1522 5348 λαϐόντος.
1579 5286 1748 5338 Τόσον
1784 5286 1828 5336 δ’

251 5375 325 5448 ἦν
361 5395 454 5446 im
478 5380 539 5430 τὸ
566 5378 668 5447 τῆς
701 5380 895 5447 μανίας
919 5379 1130 5448 περιὸν,
1164 5377 1305 5431 ὥστε
1332 5381 1430 5431 καὶ
1452 5379 1533 5441 εἰς
1566 5381 1663 5441 τὰς
1696 5381 1830 5449 πόρ-

256 5475 340 5540 ῥω
373 5470 600 5540 προῄειν
622 5470 824 5534 πόλεις,
853 5469 1066 5524 διώκων
1103 5471 1198 5524 καὶ
1227 5472 1404 5525 πάντα
1438 5471 1618 5525 κάλων
1641 5473 1827 5536 κινῶν,

252 5566 320 5616 τὸ
351 5564 447 5618 τοῦ
472 5565 654 5633 λόγου,
688 5567 1024 5634 ἀνατρέπειν
1065 5564 1275 5636 ταύτην
1325 5566 1424 5637 τὴν
1453 5567 1687 5638 αἰρεσιν.
1722 5568 1831 5622 Καὶ

255 5659 394 5725 δῆτα
446 5661 537 5710 καὶ
578 5661 655 5722 είς
698 5660 989 5728 Δαμασκὸν
1044 5659 1355 5727 ποιουμένῳ
1400 5676 1491 5728 μοι
1551 5661 1650 5729 τὴν
1688 5660 1826 5724 ὁδὸν,

258 5751 468 5818 ἡμέρας
491 5750 550 5802 τὸ
578 5749 952 5821 μεσημϐρινὸν
987 5751 1317 5820 ἐπεχούσης.
1359 5747 1498 5804 εἶδον
1536 5752 1828 5822 οὐρανόθεν

261 5842 407 5910 ὑπὲρ
429 5845 516 5894 τὸν
537 5843 688 5913 ἥλιον
716 5842 1126 5916 περιαστράψαν
1156 5859 1222 5912 με
1260 5843 1394 5909 φῶς.
1434 5843 1540 5896 Καὶ
1567 5847 1630 5912 τῇ
1665 5845 1829 5910 ὑπερ-

1203 404 1807 468 ECCIESIASTIGE
1847 399 2237 464 HISTORIA!
2277 397 2421 460 LIB.
2461 397 2546 458 ῐῐ.

3379 394 3485 462 83ι

2467 504 2695 564 CAPUT
2739 507 2906 565 XXX.

1902 606 1979 660 De
2001 605 2235 676 Agrippa
2268 611 2317 656 et
2359 601 2604 676 Berenice
2634 610 2723 676 :_¢t
2753 601 2816 676 de
2846 599 3113 676 concione,
3147 613 3311 668 quam
3338 597 3484 667 apud

2419 689 2504 724 eos
2535 670 2735 723 Paulus
2770 670 2969 723 habuit.

1974 792 2190 847 Interea
2225 789 2466 858 Agrippa
2510 803 2632 848 rex.
2673 801 2781 840 una
2819 801 2945 839 cum
2983 784 3214 839 Bernice
3251 784 3485 854 conjuge

1905 885 2207 940 Czesaream
2245 883 2311 936 ad
2340 883 2560 936 Festum
2593 880 2765 935 venit.
2795 879 2972 948 Atque
3014 879 3087 932 ibi
3124 895 3248 934 cum
3299 879 3486 948 plures

1907 979 2026 1032 dies
2055 986 2385 1037 moraretur,
2416 975 2610 1028 Festus
2641 989 2862 1028 causam
2896 973 3052 1028 Pauli
3085 973 3199 1041 regi
3229 974 3483 1042 exponit,

1908 1078 1968 1123 ut
1993 1070 2204 1123 scilicet
2237 1070 2282 1121 is
2314 1068 2532 1120 vinctus
2564 1081 2594 1120 a
2627 1066 2807 1120 Felice
2850 1066 3076 1119 relictus
3117 1065 3305 1126 fuerit,
3340 1072 3395 1117 et
3428 1072 3488 1116 nt

1908 1160 2210 1229 presbyteri
2247 1169 2303 1214 et
2336 1157 2647 1226 pontifices,
2686 1156 2927 1209 ofﬁcium
2973 1155 3180 1225 judicis
3225 1155 3491 1207 adversus

1910 1267 2039 1306 eum
2085 1251 2436 1319 implorarint
2468 1268 2480 1302 :
2516 1259 2576 1302 ut
2606 1249 2846 1317 denique
2888 1263 2984 1317 pro
3021 1247 3279 1301 tribunali
3319 1247 3486 1298 homi-

1913 1359 2035 1397 nem
2067 1342 2492 1397 accusatoribus
2519 1341 2885 1411 praesentibus
2915 1339 3194 1402 statuerit,
3222 1348 3385 1406 atque
3416 1337 3492 1389 ἰιιί

1910 1438 2049 1491 nihil
2083 1435 2336 1491 criminis
2373 1435 2425 1488 in
2460 1449 2572 1498 reo,
2617 1444 2887 1502 quantum
2937 1431 3206 1500 suspicari
3248 1428 3492 1489 licuerit,

1910 1537 2256 1598 compertum
2279 1529 2371 1592 sit,
2395 1538 2763 1597 praeterquam
2795 1524 2940 1594 quod
2976 1525 3312 1594 quastiones
3342 1539 3493 1591 quae-

1911 1621 2035 1674 dam
2069 1620 2136 1674 de
2171 1620 2565 1692 superstitione
2599 1620 2869 1688 ipsorum,
2899 1627 2955 1672 et
2991 1617 3058 1671 de
3089 1617 3327 1686 quodam
3361 1617 3502 1685 Jcsn-

1912 1713 2203 1777 defuncto,
2235 1729 2399 1782 quem
2447 1713 2649 1766 Paulus
2681 1712 2867 1764 vivere
2897 1719 3191 1774 assereret,
3221 1710 3290 1762 ab
3324 1724 3493 1762 accu-

1913 1806 2196 1860 satoribus
2224 1807 2274 1861 ei
2299 1806 2698 1874 ubjicerentur.
2735 1804 2953 1858 Etcum
2999 1805 3116 1871 ipse
3155 1802 3362 1856 dubius
3398 1818 3495 1854 an-

1913 1913 2150 1968 cepsque
2185 1898 2253 1951 de
2278 1898 2494 1968 judicio
2524 1898 2628 1951 hoc
2658 1912 2860 1959 essem,
2893 1896 3100 1950 Paulus
3128 1895 3193 1949 ad
3226 1896 3496 1965 cognitio-

1914 2006 2036 2043 nem
2072 1989 2307 2042 Cmsaris
2349 1986 2685 2055 provocavit.
2729 1987 2827 2040 Hic
2868 1986 3107 2055 Agrippa
3144 2000 3158 2038 :
3200 1985 3494 2047 Pervelim,

1914 2082 2117 2151 inquit,
2145 2090 2202 2135 et
2241 2079 2358 2149 ipse
2389 2084 2569 2131 virum
2599 2078 2829 2142 audire;
2868 2088 2924 2132 et
2962 2077 3156 2131 Festus
3186 2093 3200 2131 :
3226 2077 3361 2132 Cras
3395 2094 3496 2131 au-

1913 2173 2053 2238 dies,
2087 2173 2186 2226 ait.
2215 2172 2406 2239 Itaque
2443 2171 2680 2222 maxime
2715 2183 2838 2222 eum
2871 2179 3136 2238 apparatu
3166 2171 3342 2238 prima
3373 2170 3497 2223 Iu(e

1914 2264 2152 2333 Agrippa
2195 2278 2322 2317 cum
2374 2262 2605 2315 Berniee
2659 2261 2924 2330 frequens
2967 2271 3231 2315 convocat
3275 2263 3496 2315 audito-

1916 2358 2084 2412 rium.
2112 2355 2179 2408 Et
2212 2354 2440 2406 aderant
2468 2352 2542 2406 ibi
2571 2352 2768 2417 etiam,
2801 2352 2944 2406 Festi
2973 2354 3158 2421 jussu,
3180 2352 3495 2422 quicunque

1915 2448 1970 2501 in
2006 2462 2070 2500 ea
2103 2445 2241 2517 urbe
2277 2442 2434 2498 fuere
2466 2444 2570 2496 viri
2603 2443 2758 2497 clari.
2808 2443 2996 2512 Itaque
3041 2444 3244 2498 Paulus
3278 2444 3497 2498 vinctus

1915 2538 2232 2591 adducitur.
2293 2535 2431 2588 Tum
2487 2534 2563 2587 ibi
2613 2533 2810 2587 Festus
2862 2548 3174 2588 sermonem
3216 2548 3495 2588 exorsus:

1915 2629 2156 2698 Agrippa
2207 2643 2324 2689 rex,
2363 2635 2419 2678 et
2467 2628 2787 2693 quicunque
2838 2624 2893 2676 in
2935 2632 3211 2675 conventu
3249 2623 3353 2676 hoc
3399 2622 3499 2675 ad-

1916 2722 2076 2785 estis,
2113 2718 2319 2787 inquit,
2363 2717 2452 2770 hic
2489 2716 2580 2769 ille
2624 2724 2729 2779 est,
2762 2729 2923 2781 quem
2955 2712 3273 2767 Judaeorum
3307 2714 3498 2766 multi-

1919 2813 2073 2876 tudo,
2110 2811 2347 2865 tumultu
2385 2808 2593 2874 ingenti
2634 2807 2935 2868 concitato.
2971 2805 3038 2860 ad
3076 2822 3163 2860 me
3207 2803 3434 2860 veniens
3464 2822 3497 2860 e

1918 2908 2056 2959 vivis
2102 2903 2405 2958 tollendum
2464 2916 2589 2956 esse
2643 2899 2903 2953 omnibus
2959 2898 3137 2952 modis
3190 2898 3498 2952 contendit.

1921 2997 2080 3067 183
2111 2996 2222 3063 Ego
2247 3008 2400 3058 vero,
2423 3009 2546 3047 cum
2573 2991 2712 3044 nihil
2737 3006 2863 3044 eum
2889 3002 3066 3044 morte
3089 2990 3316 3059 dignum
3349 3005 3501 3044 com-

1918 3091 2137 3144 misisse
2168 3084 2683 3147 animadverterim,
2715 3092 2773 3137 et
2812 3084 2926 3152 ipse
2963 3084 3230 3152 judicium
3268 3084 3498 3152 Augusti

1920 3181 2300 3251 appellaverit,
2317 3194 2384 3232 eo
2409 3176 2741 3231 mittendum
2769 3190 2890 3230 esse
2913 3176 3064 3229 duxi.
3087 3176 3224 3231 Cum
3258 3192 3386 3230 vero
3412 3179 3500 3228 ni-

1925 3270 2000 3324 hil
2033 3268 2348 3338 certi,quod
2373 3269 2439 3320 de
2474 3281 2540 3320 eo
2557 3266 2820 3330 scribam,
2841 3267 3096 3331 habeam,
3127 3268 3193 3320 ad
3224 3268 3496 3337 judicium

1925 3369 2081 3415 tuum
2107 3376 2236 3414 eum
2269 3360 2528 3429 produxi,
2554 3374 2646 3412 rex
2677 3360 2949 3429 Agrippa:
2975 3370 3035 3413 ut
3065 3375 3228 3414 causa
3256 3360 3499 3429 cognita,

1925 3455 2142 3506 tandem
2196 3451 2457 3514 habeam,
2506 3450 2640 3520 quid
2691 3434 2770 3503 de.
2802 3464 2870 3502 eo
2915 3448 3116 3503 Caesari
3171 3449 3498 3518 significem.

1923 3543 2231 3597 Admodum
2261 3543 2412 3596 enim
2447 3541 2748 3595 absurdum
2797 3540 2934 3594 mibi
2971 3540 3214 3605 videtur,
3252 3542 3500 3594 vinctum

1922 3651 2254 3705 quemquam
2297 3635 2540 3696 mittere.
2572 3642 2628 3687 et
2659 3648 2769 3687 non
2802 3633 2969 3687 simul
2997 3647 3218 3686 causam
3253 3633 3501 3687 vinenlo-

1922 3745 2042 3781 rum
2073 3729 2318 3782 indicare
2346 3728 2509 3781 velle.
2539 3727 2678 3781 Tum
2706 3728 2945 3796 Agrippa
2969 3728 3037 3780 ad
3064 3725 3292 3779 Paulum
3326 3747 3337 3779 :
3368 3727 3501 3782 Pcr-

1920 3822 2158 3875 mittitur
2206 3821 2326 3884 tibi,
2361 3820 2563 3888 inquit,
2605 3820 2672 3874 de
2723 3829 2775 3872 te
2825 3821 2941 3887 ipso
2979 3819 3127 3888 quod
3176 3821 3348 3873 visum
3393 3831 3500 3884 est,

1920 3915 2129 3968 dicere.
2171 3913 2247 3967 lbi
2295 3913 2497 3966 Paulus
2531 3911 2938 3968 consuetudine
2970 3911 3203 3966 fortasse
3236 3912 3499 3981 quadam,

1921 4020 2086 4058 manu
2131 4014 2377 4065 extenta,
2410 4003 2580 4057 verba
2617 4002 2770 4057 fecit.
2801 4003 2871 4057 Et
2911 4003 3153 4072 primum
3204 4015 3322 4058 arte
3359 4019 3500 4072 qua-

1922 4096 2046 4151 dam
2090 4097 2392 4165 prudenter
2431 4094 2751 4164 Agrippam,
2786 4104 2847 4148 ut
2885 4095 3066 4148 virum
3102 4097 3339 4165 justum,
3371 4111 3501 4148 con-

1922 4188 2386 4256 suetudinumque
2413 4198 2470 4242 et
2499 4187 2870 4256 quaestionum
2894 4187 3248 4242 Judalcarum
3279 4189 3498 4259 egregie

1924 4283 2184 4350 peritum,
2219 4282 2440 4335 laudare
2472 4297 2580 4335 non
2615 4282 2820 4336 omisit.
2858 4281 3066 4335 Deinde
3097 4282 3320 4336 felicem.
3342 4297 3402 4336 se
3433 4298 3499 4336 eo

1928 4375 2170 4437 nomine,
2200 4374 2344 4441 quod
2376 4374 2431 4427 in
2465 4374 2624 4428 talem
2661 4373 2972 4427 auditorem
3011 4388 3189 4428 causae
3220 4391 3332 4429 suae
3363 4375 3502 4429 inci-

1931 4467 2142 4531 disset,
2193 4466 2498 4536 judicavit;
2557 4476 2723 4534 atque
2791 4466 3107 4535 hujusmodi
3179 4466 3502 4535 praefatione

2333 4573 2422 4612 res
2497 4575 2625 4612 suas
2704 4574 2984 4627 exponens
3044 4577 3058 4613 :
3125 4559 3210 4613 Ab
3277 4561 3500 4614 ineunte

1925 4661 2108 4716 aetate,
2139 4653 2337 4720 inquit,
2366 4661 2623 4705 accurate
2650 4661 2704 4706 et
2752 4652 3044 4721 diligenter
3077 4653 3129 4705 in
3161 4653 3333 4720 patria
3363 4654 3502 4706 Plia-

1928 4744 2211 4798 riszorum
2263 4753 2409 4797 secta
2458 4743 2726 4798 educatus
2772 4752 2828 4797 et
2880 4743 3076 4796 doctus
3124 4758 3265 4797 sum.
3307 4746 3384 4797 Ac
3430 4760 3499 4799 nc

1927 4852 2077 4891 nunc
2106 4837 2329 4905 quidem
2373 4836 2480 4889 alia
2511 4837 2578 4888 de
2609 4851 2771 4889 causa
2805 4835 2872 4888 ad
2911 4836 3152 4888 tribunal
3195 4845 3300 4898 sto,
3335 4851 3498 4905 quam

1929 4929 2075 4998 quod
2110 4939 2454 4982 mortuorum
2482 4928 2952 4981 resurrectionem
2984 4927 3223 4980 futuram
3252 4944 3374 4983 esse
3405 4929 3503 4983 do-

1930 5037 2049 5085 ceo,
2083 5036 2246 5090 quam
2279 5019 2421 5075 Deus
2447 5021 2576 5074 olim
2609 5021 2865 5074 Patribus
2896 5021 3167 5088 promisit.
3197 5021 3351 5086 Quod
3381 5024 3506 5091 qui-

1930 5113 2054 5167 dem
2095 5113 2162 5166 ad
2199 5127 2397 5166 nomen
2441 5110 2571 5166 Jesu
2617 5111 2884 5165 Nazareni
2933 5114 3193 5181 pertinet,
3226 5115 3404 5166 zelum
3446 5124 3503 5168 et

1931 5203 2309 5258 defensionem
2343 5204 2642 5272 patriarum
2680 5202 2863 5272 legum
2901 5203 3141 5271 epirans,
3176 5204 3347 5256 multa
3381 5220 3504 5272 qua:

1930 5311 2041 5349 non
2082 5294 2387 5348 det-uerunt
2418 5293 2638 5354 admisi,
2669 5308 2846 5363 eaque
2887 5294 3071 5348 omnia
3102 5303 3292 5363 aperte
3322 5294 3504 5349 facere

1931 5404 2050 5443 sum
2091 5388 2264 5441 visus.
2309 5386 2565 5441 Testatur
2609 5386 2663 5440 id
2704 5387 2958 5442 universa
2993 5386 3338 5449 Jerusalem;
3382 5400 3506 5455 per-

1932 5482 2087 5536 multi
2119 5483 2266 5535 enim
2307 5497 2338 5534 a
2373 5496 2480 5545 mc,
2512 5481 2606 5550 qui
2646 5489 2971 5550 potestatem
3017 5495 3136 5533 eam
3176 5495 3206 5532 a
3240 5480 3502 5534 sacerdo-

1935 5575 2080 5629 tibus
2102 5590 2442 5643 acceperam,
2467 5574 2521 5628 in
2546 5573 2829 5628 custodias
2851 5583 2978 5626 sunt
2998 5573 3253 5644 conjecti.
3270 5572 3503 5626 Tantum

1931 5676 2112 5719 autem
2138 5667 2190 5720 in
2217 5682 2302 5719 me
2323 5666 2476 5719 furor
2510 5666 2555 5720 is
2582 5667 3002 5730 exubeeaverat,
3027 5675 3086 5719 ut
3110 5666 3273 5719 etiam
3301 5665 3354 5719 in
3385 5666 3505 5720 lou-

1932 5756 2250 5826 ginquiores
2298 5758 2465 5810 urbes
2509 5759 2610 5811 sim
2651 5755 2957 5831 profectus,
2991 5770 3348 5825 persequens,
3382 5771 3503 5809 om-

1935 5847 2098 5914 nique
2152 5847 2320 5914 (quod
2361 5847 2586 5906 dicitur)
2630 5849 2758 5903 fune
2808 5859 2975 5913 moto,
3003 5857 3250 5904 evertere
3294 5860 3497 5903 seelam
