4212 6440
191 373 299 437 837

1159 371 1765 437 ECCLESIAS’I‘ICIE
1801 369 2192 435 HISTORIA!
2232 374 2378 438 LIB.
2421 366 2496 436 li.

3338 374 3442 447 838

179 490 328 543 κατά
361 485 684 560 Σαλμώνην.
716 491 944 544 Ἔπειτα
973 492 1028 546 ἑν
1058 489 1241 562 χώρῳ.
1270 483 1314 559 ᾧ
1345 488 1519 544 Καλοὶ
1535 489 1750 560 λιμένες

1863 488 1998 544 Boni
2050 495 2246 558 portus
2296 504 2495 544 nomen
2548 493 2655 553 est,
2695 483 3023 543 deferuntur
3057 503 3136 546 :.a
3178 505 3290 560 quo
3335 509 3444 550 non

175 584 373 652 ὄνομα,
412 583 685 654 ἤχθησαν.
720 583 884 647 Πόλις
927 577 976 637 δ’
1002 583 1169 652 ἔγγὺς
1201 577 1270 654 ἦν
1308 581 1504 652 ἐκείνῳ
1541 580 1757 634 Λασαία

177 673 279 744 τὴν
308 675 524 743 κλῆσιν.
570 673 934 743 Ἐπισφαλοῦς
957 673 1014 727 δὲ
1037 673 1134 728 τοῦ
1163 671 1300 726 πλοῦ
1331 672 1505 736 δντος,
1539 671 1754 735 Παῦλος

178 764 522 836 προηγγελεν
543 769 618 830 ὡς
651 768 746 821 καὶ
773 768 868 820 τὸν
892 767 1090 837 φόρτον
1107 765 1467 818 ἀποϐαλεῖται
1489 765 1548 818 τὸ
1571 763 1758 818 πλοῖον

179 854 302 922 μεθ’
335 854 571 925 ῦδρεως,
607 857 706 908 καὶ
737 857 796 907 ιν
831 857 951 926 χρῷ
988 854 1236 908 κινδύνου
1271 855 1400 926 ἀχρι
1436 855 1500 922 δὴ
1534 855 1629 908 καὶ
1652 853 1755 923 ψυ-

175 946 290 1015 χῶν
316 949 578 1015 γενέσθαι
606 964 622 980 ο
656 949 894 1019 παρῄνει
942 963 1000 1001 τε
1061 949 1138 1017 μὴ
1179 948 1394 1001 ἑκεῖθεν
1425 946 1752 1019 ἀνάγεσθαι.

184 1041 249 1092 Ὀ
280 1040 327 1092 δ’
365 1041 778 1110 ἑκατοντάρχης
809 1039 890 1109 τῷ
961 1039 1276 1109 κυϐερνήτῃ
1336 1039 1536 1110 μᾶλλον
1598 1039 1633 1108 ἢ
1678 1040 1758 1110 τῷ

174 1134 378 1202 Παύλῳ
408 1134 686 1189 ἐπείθετο.
731 1133 975 1187 Ἐκεῖθεν
1005 1132 1187 1185 τοίνυν
1226 1133 1516 1202 ἀνήγοντο,
1546 1133 1750 1201 ἥκιστα

173 1226 598 1296 παραχειμάσαι
635 1226 829 1280 ίκανοῦ
862 1227 1018 1290 δντος
1057 1225 1168 1278 τοῦ
1223 1224 1465 1295 λιμένος.
1497 1225 1674 1277 Νότου
1704 1223 1750 1277 δ’

173 1315 604 1381 ἐκπνεύσαντος,
659 1317 895 1386 ἄραντες
972 1317 1163 1381 ’Δσον,
1213 1315 1588 1385 παρελέγοντο
1652 1313 1752 1384 τὴν

171 1408 426 1477 Κρήτην.
470 1407 794 1476 Τυφωνικδς
855 1407 902 1460 δ’
929 1407 1134 1476 ἄνεμος
1181 1406 1523 1472 ἑκπνεύσας,
1579 1407 1752 1476 Εὗρο-

178 1498 394 1552 κλύδων
424 1499 783 1573 ὠνόμασται-⁸
825 1500 921 1552 καὶ
952 1498 1048 1552 τοῦ
1086 1499 1279 1551 πλοίου
1346 1498 1755 1567 συναρπασθέν-

169 1607 287 1653 τος,
324 1591 732 1661 ἀντοφθαλμεῖν
772 1607 833 1644 τε
864 1591 940 1661 μὴ
971 1590 1255 1661 ἰσχύοντος
1284 1590 1364 1660 τῷ
1391 1592 1602 1661 ἀνέμῳ,
1662 1608 1756 1660 μι-

168 1682 306 1750 κρὸν
355 1682 631 1744 ἐπιδόντες
681 1682 987 1752 ἐφέροντοο
1044 1683 1140 1735 καὶ
1210 1682 1348 1751 δῆτα
1405 1681 1648 1752 νησίδιόν
1698 1698 1753 1734 τι

169 1772 578 1840 ὑποδραμόντες
679 1771 899 1842 Κλαύδη
942 1766 1011 1842 ἦν
1041 1773 1235 1840 ὄνομα,
1280 1771 1439 1841 μόλις
1473 1772 1576 1840 τῆς
1611 1772 1755 1825 σκά-

1863 579 2024 650 longe
2054 578 2251 635 civitas
2280 588 2418 644 erat,
2451 578 2636 633 Lasma
2664 578 2837 633 dicta.
2869 577 2937 633 Et
2969 593 3094 634 eum
3132 580 3444 649 periculosa

1861 676 2007 724 esset
2031 669 2329 740 navigatio,
2357 669 2560 724 Paulus
2584 682 2779 724 navem
2808 679 3133 738 tempestate
3164 671 3228 724 ad
3253 671 3440 740 jactu-

1863 774 1980 814 ram
2017 774 2190 831 usque
2234 775 2360 815 cum
2404 761 2631 831 injuria,
2663 768 3027 830 vectoresquc
3063 763 3131 816 de
3168 764 3276 818 vita
3320 763 3438 833 ipsa

1862 865 2076 906 summe
2123 852 2538 921 periclitaturos
2587 867 2957 921 prmmonens,
2990 869 3102 907 non
3153 857 3440 909 transmit-

1865 944 2089 998 tendum
2127 945 2255 1000 inde
2287 945 2502 1000 suadet.
2543 943 2648 1000 Sed
2685 946 2940 1000 centurio
2975 948 3028 1001 in
3067 962 3132 1000 eo
3165 947 3438 1017 guberna-

1864 1047 2037 1090 torem
2077 1040 2256 1104 navis,
2295 1039 2471 1108 magis
2512 1054 2676 1109 quam
2716 1039 2945 1094 Paulum
2987 1040 3265 1094 audiebat.
3296 1041 3442 1106 Qua-

1864 1139 2086 1197 propter
2142 1131 2308 1198 inde,
2357 1133 2504 1202 quod
2553 1142 2748 1203 portus
2802 1133 2868 1186 ad
2924 1133 3277 1188 hiemandum
3329 1148 3440 1187 non

1862 1223 1996 1275 satis
2040 1221 2274 1277 idoneus
2315 1233 2488 1287 esset,
2520 1222 2814 1277 discedunt
2847 1240 2860 1276 :
2894 1233 2950 1277 et
2989 1224 3130 1278 Nato
3173 1223 3438 1290 spirante,

1858 1315 1996 1366 Asso
2026 1323 2305 1380 superata,
2341 1314 2558 1370 Cretam
2597 1314 2873 1384 legebant.
2911 1313 3032 1367 Mox
3071 1323 3272 1368 ventus
3300 1330 3436 1368 exo-

1860 1401 2004 1454 ritur
2032 1402 2362 1471 typltunicus
2385 1414 2441 1457 et
2469 1403 2846 1467 turbulentus,
2873 1419 3037 1473 quem
3069 1404 3435 1471 procellosum

1859 1493 2088 1560 Eurum,
2131 1509 2226 1550 seu
2274 1494 2740 1564 Euroaquilonem
2790 1505 3012 1550 vocant.
3071 1496 3262 1566 Itaque
3311 1496 3437 1550 navi

1858 1588 1928 1641 ab
1970 1602 2039 1642 eo
2075 1598 2253 1657 rapta,
2287 1604 2410 1643 cum
2465 1597 2659 1643 contra
2709 1589 2810 1643 niti
2861 1604 2969 1643 non
3022 1599 3264 1659 possent,
3305 1599 3440 1643 tem-

1859 1680 2058 1749 pestati
2093 1681 2438 1747 aliquantum
2469 1679 2751 1744 cedentes,
2782 1679 3058 1734 feruntur.
3091 1681 3156 1734 Et
3186 1683 3254 1734 ad
3288 1682 3440 1736 insu-

1859 1772 1969 1826 lam
2003 1773 2297 1841 quamdam
2331 1787 2582 1842 parvam,
2612 1770 2734 1841 quae
2764 1771 2970 1826 Clauda
3011 1772 3238 1836 dicitur,
3270 1788 3437 1827 cursu

169 1876 280 1928 φης
310 1862 668 1928 περικρατεῖς
716 1855 877 1929 ἦσαν.
910 1861 1022 1914 Καὶ
1055 1861 1132 1930 τῷ
1191 1861 1366 1931 πλοίῳ
1413 1862 1621 1933 ταύτην
1668 1863 1750 1915 ὲν-

1859 1863 2096 1928 directo,
2127 1864 2215 1918 vix
2248 1863 2467 1932 scapha:
2499 1873 2784 1932 compotes
2817 1862 2936 1917 ﬁeri
2974 1873 3294 1932 potuerunt.
3329 1863 3438 1919 Ea-

169 1951 416 2019 θέμενοι,
474 1951 637 2023 ῥώμῃ
693 1954 844 2024 πάσῃ
886 1954 987 2024 τὴν
1037 1953 1172 2008 ναῦν
1229 1952 1576 2019 διεζὼννυον,
1613 1959 1753 2025 πρὸς

167 2045 270 2108 τὰς
311 2045 556 2114 ὲμδολάς
591 2045 703 2098 τῶν
756 2048 1024 2115 κυμάτων
1081 2047 1336 2116 ἀντέχειν
1387 2048 1752 2117 παρασκευά-

167 2137 380 2199 ζοντες.
426 2136 516 2191 Ἐν
546 2137 698 2206 φόὸῳ
721 2139 769 2192 δ’
801 2137 953 2201 ὄντες
994 2138 1069 2208 μὴ
1119 2139 1250 2209 περὶ
1304 2140 1405 2201 τάς
1443 2140 1753 2208 λεγομένας

168 2231 403 2298 Σύρτεις
431 2231 746 2298 ἐμπέσωσι,
772 2230 834 2281 τὸ
866 2230 1040 2282 ἱστίον
1070 2229 1166 2283 τοῦ
1193 2229 1390 2283 πολλοῦ
1416 2232 1570 2284 τόνου
1593 2232 1752 2285 ἀνέν-

166 2339 285 2384 τες,
330 2322 612 2390 εφέροντο.
683 2320 929 2391 Σφοδροῦ
971 2322 1017 2375 δ’
1069 2323 1406 2392 ἐγκειμένου
1457 2322 1750 2392 χειμῶνος,

162 2403 404 2480 τριταῖοι
432 2410 753 2480 αὐτόχειρες
799 2411 899 2480 τὴν
924 2409 1136 2479 σκευὴν
1179 2411 1276 2463 τοῦ
1306 2410 1495 2462 πλοίου
1531 2411 1752 2465 ἀπασαν

165 2504 248 2572 τῷ
280 2503 517 2571 πελάγει
547 2503 806 2570 ἀφίεσαν,
851 2503 1089 2566 Ἱκαναῖς
1141 2502 1186 2554 δ’
1227 2503 1315 2572 ἐφ’
1347 2503 1583 2574 ἡμέραις
1619 2503 1750 2574 μήθ’

162 2595 332 2664 ἡλίου
369 2597 508 2666 μήτε
551 2595 769 2664 ἄστρων
808 2595 948 2665 ὑπὲρ
1000 2594 1231 2665 οὐρανὸν
1273 2596 1593 2665 ὁρωμένων,
1657 2597 1753 2648 καὶ

165 2689 377 2742 πολλοῦ
419 2689 515 2742 τοῦ
571 2689 841 2751 κλύδωνος
893 2691 1308 2761 περιρρέοντος,
1366 2692 1522 2744 πᾶσα
1571 2693 1603 2754 ὴ
1653 2694 1751 2761 τῆς

170 2783 458 2853 σωτηρίας
497 2785 822 2854 περιῃρεῖτο
876 2783 1055 2845 ἐλπίς.
1109 2783 1321 2853 Ἀσιτέᾳ
1347 2799 1406 2834 τε
1451 2783 1542 2835 διά
1573 2783 1750 2835 ταῦτα

166 2876 527 2944 πιεζομένων
576 2875 688 2928 τῶν
719 2877 778 2927 ιν
833 2873 913 2945 τῷ
973 2874 1145 2945 πλοίῳ
1198 2874 1390 2945 πολλῇ,
1455 2875 1482 2925 ὁ
1517 2873 1748 2940 Παῦλος,

179 2970 389 3039 Ἐχρῆν
424 2967 547 3038 μὲν,
579 2967 755 3035 ἔλεγε,
786 2968 1106 3035 πειθηνίους
1131 2985 1196 3036 γε
1226 2967 1410 3031 ὄντας,
1437 2967 1512 3037 μὴ
1545 2971 1608 3019 ὲκ
1649 2967 1751 3034 τῆς

167 3063 408 3132 Κρήτης
433 3060 761 3128 ἀνάγεσθαι,
797 3060 900 3129 τῆς
930 3077 990 3113 τε
1014 3049 1230 3130 ὕϐρεως
1277 3063 1374 3114 καὶ
1409 3059 1614 3130 ζημίας
1672 3059 1752 3122 ὡς

169 3152 517 3223 πορρωτάτω
551 3146 694 3203 εἶναι
721 3167 737 3183 ο
767 3150 908 3204 ἀλλά
955 3156 1053 3205 κα)⁵
1081 3150 1178 3204 νῦν
1212 3152 1469 3222 παραινῶ
1497 3152 1752 3222 εὐθύμως

168 3248 323 3314 ἔχειν
355 3245 537 3314 ὑμᾶς’
584 3243 725 3313 πλὴν
751 3244 860 3314 γάρ
917 3244 1013 3297 τοῦ
1070 3244 1284 3311 πλοίου,
1343 3245 1573 3314 οὐδεμία
1633 3245 1750 3298 τῶν

169 3339 324 3388 ἔνδον
355 3337 718 3389 ἀποπεσεῖται
745 3335 916 3406 ψυχή.
969 3336 1157 3406 Ταύτῃ
1185 3335 1296 3406 γὰρ
1332 3336 1398 3406 δὴ
1463 3338 1530 3406 τῇ
1569 3342 1746 3400 νυκτὶ,

169 3427 312 3480 Θ;οῦ
345 3421 648 3495 ἀγγελοςῷ
689 3427 884 3498 λάτρις
935 3428 1052 3496 sip).
1101 3429 1412 3497 παραστὰς,
1443 3428 1747 3499 παρηγγύα

166 3536 234 3571 τε
267 3519 345 3588 μὴ
379 3517 670 3587 φοϐεῖσθαι
693 3533 708 3548 ⁸
730 3519 824 3570 Δεῖ
846 3517 955 3587 γάρ
989 3534 1050 3570 σε
1083 3518 1326 3588 Καίσαρι
1376 3517 1745 3590 παραστῆναιο

169 3611 342 3678 χάριν
373 3623 433 3659 τε
465 3607 551 3659 σοὶ
580 3605 848 3676 πλείστην
877 3606 1059 3670 εἰδὼς,
1092 3607 1222 3669 τοὺς
1247 3607 1583 3676 συμπλώτας
1615 3607 1749 3659 πάν-

167 3715 273 3757 τας
323 3696 408 3748 σοί
454 3713 518 3763 γε
560 3695 836 3765 δωρεῖται.
893 3695 1188 3749 Ἐκπεσεῖν
1227 3695 1273 3747 δ’
1328 3697 1544 3767 ἀνάγκη
1598 3697 1747 3766 ἡμᾶς

167 3793 330 3859 νήσῳ
376 3788 506 3843 τινί.
547 3788 1138 3859 Τεσσαρεσκαιδεκάτη
1166 3787 1264 3854 νὺξ
1304 3788 1553 3859 παρῆλθε
1578 3787 1641 3841 τὸ
1691 3787 1750 3853 ἐξ

167 3883 410 3946 ἐκείνου,
446 3881 496 3933 οί
549 3880 605 3934 δὶ
662 3880 740 3950 τῷ
809 3879 1006 3951 Ἀδρίᾳ
1060 3878 1509 3951 ἐταλαιπώρουν·
1548 3879 1641 3933 καὶ
1687 3880 1748 3930 τὸ

171 3974 344 4045 βάθος
404 3972 836 4044 ἀηδιφώμενοι,
881 3974 1014 4044 περὶ
1067 3972 1298 4044 ὀργυιὰς
1351 3972 1605 4043 εὕρισκον
1665 3973 1746 4026 εῖ-

171 4084 323 4122 κοσι.
354 4067 588 4136 Τραχεῖς
611 4067 668 4120 δι
696 4069 896 4130 τόπους
953 4068 1211 4119 ικπεσεῖν
1247 4066 1501 4132 δεδιότες,
1549 4066 1749 4120 τέσσα-

173 4178 278 4229 ρας
308 4159 558 4228 ἀγκύρας
607 4160 866 4229 ῥίψαντες
933 4156 1280 4228 πρύμνηθεν,
1326 4153 1542 4228 ἡμέραν
1597 4158 1750 4226 γενέ-

169 4253 308 4305 σθαι
340 4250 719 4304 ὲθεοκλύτουν.
762 4251 825 4302 Ol
879 4250 936 4302 δὲ
995 4249 1190 4302 ναῦται
1249 4251 1342 4301 καὶ
1395 4250 1493 4320 τὴν
1531 4250 1748 4317 σκάφην

165 4350 232 4398 ἐκ
293 4343 390 4396 τοῦ
425 4343 615 4395 πλοίου
678 4342 818 4396 κατά
858 4342 1131 4409 πελάγους
1186 4342 1471 4412 ἔρριπτον,
1526 4343 1749 4410 φεύγειν

163 4436 661 4508 διασκοπούμενοι.
692 4436 997 4506 Εῖσηγήσει
1024 4434 1081 4488 δὲ
1134 4435 1351 4487 Παύλου
1383 4438 1432 4488 ot
1483 4437 1611 4506 περὶ
1657 4438 1750 4490 τὸν

1855 1969 1965 2022 que
1992 1954 2051 2007 in
2082 1953 2265 2006 navim
2301 1952 2547 2014 sublata,
2579 1953 2762 2007 navim
2796 1953 2968 2020 ipsam
3004 1967 3168 2021 quam
3208 1961 3439 2020 possunt

1855 2043 2208 2108 ﬁrmissime,
2257 2053 2453 2098 contra
2510 2044 2861 2098 incursiones
2909 2051 2967 2097 et
3019 2043 3290 2112 procellas
3337 2043 3440 2096 ilu-

1855 2145 2043 2190 ctuum
2068 2136 2376 2207 cingentes,
2402 2136 2685 2190 instruunt
2713 2144 2769 2189 et
2793 2135 3202 2190 communiunt.
3227 2133 3436 2190 Deinde

1857 2241 1926 2282 ne
1981 2230 2034 2281 in
2095 2226 2316 2296 Syrtes,
2363 2243 2485 2296 quae
2537 2227 2820 2288 dicuntur,
2874 2226 3180 2280 inciderent
3237 2226 3435 2290 veriti,

1856 2319 1980 2373 velo
2040 2319 2223 2372 laxato
2269 2319 2565 2372 vehuntur.
2615 2318 2684 2372 Et
2731 2317 3201 2372 turbulentissima
3244 2327 3435 2372 coorta

1854 2411 2037 2464 hieme
2070 2420 2125 2464 et
2169 2419 2519 2480 tempestate,
2559 2413 2723 2464 tertio
2765 2411 2986 2464 demum
3027 2409 3117 2463 die
3156 2409 3432 2479 jacturam

1853 2502 2172 2568 faciunt,-et
2217 2503 2474 2556 manibus
2516 2503 2618 2571 ipsi
2663 2503 2780 2556 suis
2825 2502 3011 2556 omnia
3053 2505 3210 2558 navis
3254 2519 3435 2558 arma-

1854 2604 2039 2650 menta
2084 2597 2138 2650 in
2184 2594 2410 2665 pelagus
2462 2595 2782 2664 projiciunt.
2823 2594 2961 2650 Cum
3006 2604 3190 2650 autem
3237 2595 3434 2652 diebus

1854 2687 2132 2759 pluribus,
2174 2704 2353 2758 neque
2387 2689 2492 2752 sol,
2528 2703 2709 2758 neque
2753 2699 2897 2742 astra
2936 2690 2989 2742 in
3021 2691 3160 2744 cmlo
3203 2692 3430 2759 conspi-

1853 2791 2138 2844 cerentur,
2191 2780 2558 2849 immanisque
2605 2791 2866 2848 praaterea
2925 2773 3244 2836 immineret
3289 2790 3430 2836 tem-

1854 2883 2075 2944 pestas,
2116 2874 2299 2926 omnis
2349 2887 2478 2940 spes
2520 2871 2714 2926 salutis
2751 2872 3094 2941 praeciditur.
3131 2872 3320 2941 anue
3362 2873 3432 2928 de

1853 2981 2018 3020 causa
2051 2977 2302 3020 vectores
2331 2965 2444 3020 cibi
2479 2964 2812 3019 abstinentia
2853 2973 2910 3020 et
2955 2964 3140 3019 inedia
3181 2966 3434 3035 longiore

1853 3068 2227 3112 macerantur.
2274 3058 2482 3126 Atque,
2510 3057 2586 3111 ibi
2631 3056 2835 3111 Paulus
2871 3073 2886 3110 :
2930 3057 3190 3121 Decebat,
3231 3059 3432 3128 inquit,

1854 3167 1953 3205 vos
1985 3151 2120 3204 mihi
2173 3166 2380 3203 morem
2425 3163 2640 3218 gerere,
2675 3158 2730 3204 et
2763 3165 2792 3203 e
2824 3148 2990 3203 Creta
3038 3164 3144 3203 non
3192 3151 3431 3206 solvere.

1859 3244 1952 3297 Sic
1981 3244 2128 3297 enim
2169 3243 2513 3312 tempestatis
2539 3242 2706 3311 hujus
2728 3241 2931 3310 injuria
2959 3243 3248 3313 etjactura
3281 3259 3434 3298 care-

1858 3336 2014 3389 retis.
2053 3335 2159 3388 Sed
2209 3349 2354 3388 nunc
2384 3347 2607 3402 quoque
2639 3333 2829 3404 quieto
2871 3348 2970 3388 vos
3005 3333 3262 3403 bonoque
3310 3349 3434 3391 esse

1851 3427 2022 3498 jubeo
2055 3427 2263 3479 animo.
2310 3425 2515 3479 Praeter
2550 3425 2733 3477 navim
2779 3425 2927 3479 enim
2964 3425 3113 3479 nulla
3149 3436 3431 3481 vectorum

1855 3520 2154 3574 intercidet
2202 3519 2408 3572 anima.
2457 3517 2569 3571 Hac
2619 3517 2770 3571 enim
2824 3519 2939 3588 ipsa
2985 3529 3148 3573 nocte
3194 3521 3439 3588 Angelus

1856 3613 1977 3672 Dei,
2009 3625 2172 3680 quem
2223 3610 2366 3673 colo,
2403 3609 2538 3662 mihi
2585 3611 2869 3672 assistens,
2903 3610 3157 3665 timorem
3204 3627 3291 3666 me
3337 3614 3434 3667 ab—

1849 3704 2024 3775 jicere
2045 3703 2214 3774 jussit
2244 3721 2256 3756 :
2281 3701 2517 3772 Oportet
2544 3703 2715 3768 enim,
2747 3702 2960 3766 dicens,
2982 3707 3126 3772 apud
3157 3704 3430 3759 Caesarem

1857 3807 1908 3851 te
1937 3797 2080 3851 sisti.
2108 3796 2177 3850 Et
2201 3795 2349 3865 quod
2379 3794 2655 3865 gratiosus
2687 3794 2832 3864 apud
2870 3795 3040 3850 Deum
3069 3811 3154 3861 es,
3185 3806 3437 3854 vectores

1855 3889 2022 3944 simul
2069 3903 2262 3943 omnes
2311 3887 2408 3941 tibi
2460 3885 2551 3940 ille
2601 3884 2819 3941 donat:
2853 3886 2910 3941 in
2965 3887 3198 3942 insulam
3245 3901 3429 3944 autem

1855 3995 1960 4035 nos
2008 3979 2303 4049 quamdam
2358 3977 2482 4048 ejici
2535 3991 2761 4032 necesse
2811 3989 2916 4033 est.
2964 3977 3170 4044 Quarta
3219 3982 3429 4036 decima

1855 4072 2054 4128 deinde
2101 4070 2424 4139 supervenit
2470 4084 2604 4133 nos,
2647 4069 2810 4140 186
2839 4078 2892 4123 et
2934 4070 3013 4124 illi
3057 4071 3110 4125 in
3149 4071 3430 4127 Adriatico

1854 4164 2187 4236 aﬂlictantur
2234 4162 2374 4216 mari
2414 4178 2427 4215 :
2462 4171 2629 4230 atque
2679 4160 3030 4216 altitudinem
3081 4161 3430 4232 inquirentes

1855 4257 2038 4319 undae,
2062 4254 2132 4309 ad
2176 4253 2369 4324 viginti
2397 4268 2591 4320 passus
2621 4252 2931 4306 inveniunt.
2957 4252 3023 4305 Et
3046 4269 3115 4308 ne
3147 4256 3203 4308 in
3234 4269 3437 4324 aspera

1856 4352 2169 4407 inciderent
2193 4349 2314 4404 loca
2347 4357 2680 4415 metuentes,
2708 4358 2946 4420 quatuor
2976 4364 3006 4403 e
3035 4352 3203 4420 puppi
3227 4353 3434 4406 ancho-

1856 4445 1934 4498 ris
1977 4442 2262 4515 projectis,
2304 4441 2452 4495 diem
2496 4456 2526 4494 a
2574 4441 2686 4496 Deo
2738 4441 2994 4511 precibus
3034 4452 3246 4510 optant.
3289 4443 3440 4498 Tum

163 4532 600 4599 ἑκατόνταρχον,
650 4529 752 4591 τάς
804 4527 1051 4598 σχοίνους
1089 4527 1307 4597 ἐκείνης
1372 4528 1748 4597 διατεμόντες,

1856 4533 2076 4588 demum
2115 4541 2298 4586 nauta:
2335 4531 2592 4600 scapham
2623 4547 2655 4586 e
2683 4532 2807 4585 navi
2841 4533 2898 4586 in
2931 4547 3080 4586 mare
3108 4535 3432 4605 projiciunt,

160 4623 246 4691 τῷ
307 4621 543 4688 πελάγει
594 4620 697 4690 τὴν
747 4620 966 4689 σκάφην
995 4620 1122 4673 εῐων
1174 4619 1400 4688 ἀνέμοις
1462 4621 1750 4690 φέρεσθαι.

166 4715 350 4786 "pavi;
387 4713 432 4765 δ’
467 4714 687 4782 ἡμέραν
735 4712 1014 4780 γενέσθαι,
1066 4715 1276 4783 τροφῆς
1329 4715 1583 4783 μετέχειν
1613 4717 1750 4768 πᾶσι

165 4805 414 4876 παρῄνει
452 4807 480 4858 ὁ
507 4805 720 4868 Παῦλος
745 4821 759 4836 ο
793 4805 928 4875 μηδὲ
965 4806 1076 4874 γὰρ
1094 4807 1263 4875 τρίχα
1288 4807 1406 4869 ἐνὸς
1434 4806 1542 4859 τῶν
1578 4808 1752 4860 ἀπάνο

160 4913 277 4948 των
353 4895 457 4960 τῆς
523 4891 767 4962 κεφαλῆς
819 4892 1180 4946 ἀποπίπτειν.
1215 4894 1485 4955 Κάκεῖνος
1531 4896 1748 4964 πρῶτος

161 4985 286 5055 θεῷ
317 4983 718 5054 ἀφοσιούμενος
749 4984 816 5037 τὰ
849 4983 1059 5048 εἰκότα,
1098 4989 1305 5055 τροφῆς
1325 4985 1555 5058 ἥπτετο.
1597 4988 1750 5040 Ἐπί-

166 5098 268 5150 σης
293 5079 350 5130 δὲ
381 5079 476 5130 καὶ
507 5079 558 5129 οί
597 5077 689 5130 τοῦ
715 5076 905 5130 πλοίου
951 5078 1194 5146 ἐποίουν,
1240 5078 1298 5145 ἒξ
1330 5079 1484 5144 ὄντες
1512 5080 1747 5151 ἐϐδομή-

169 5174 338 5225 κοντα
360 5186 421 5222 τε
455 5169 549 5222 καὶ
573 5170 863 5224 διακόσιοι.
927 5170 1017 5234 Ὦς
1049 5171 1094 5223 δ’
1135 5172 1320 5241 ἡμέρα
1379 5168 1470 5242 ἦν,
1516 5173 1748 5240 διαγνῶ-

166 5285 256 5316 ναι
293 5266 397 5332 μὲν
427 5264 527 5314 οὐκ
552 5261 699 5332 εἰχον
729 5263 829 5332 την
881 5264 984 5332 γῆν
1012 5280 1026 5297 ο
1065 5264 1266 5317 κόλπον
1305 5265 1362 5318 δέ
1402 5284 1524 5319 τινα
1561 5265 1750 5338 ἑώρων

167 5357 422 5422 οἱγιαλὸι
454 5354 677 5424 ἔχοντα.
723 5356 832 5417 Τὰς
864 5352 958 5408 οὖν
984 5357 1237 5427 ἀγκύρας
1267 5358 1629 5429 περιελόντες,
1658 5363 1751 5413 καὶ

168 5455 267 5510 τὰς
305 5447 418 5498 τῶν
451 5448 730 5516 πηδαλίων
787 5446 1121 5518 ζευκτηρίας
1179 5451 1421 5514 ἀνέντες,
1463 5452 1662 5520 μικρὸν
1692 5453 1746 5505 δὲ

173 5541 612 5609 μετεωρίσαντες
635 5541 725 5593 τὸν
757 5542 1072 5612 ἀρτέμωνα,
1104 5546 1169 5612 τῇ
1202 5545 1535 5618 ὲπιπνεούεῃ
1588 5547 1747 5599 δυνά-

174 5651 269 5702 μει
293 5635 376 5695 είς
406 5632 498 5685 τὶν
541 5632 788 5700 αἰγιαλὸν
827 5635 1086 5703 κατῆγον.
1131 5635 1197 5688 Ἢ
1255 5637 1353 5705 μὲν
1401 5634 1496 5690 οὖν
1549 5640 1745 5708 πρώρα

173 5727 232 5776 ὲν
264 5723 342 5792 τῷ
377 5723 618 5790 ἀσφαλεῖ
652 5725 953 5779 καθίστατο
975 5745 989 5758 ο
1025 5731 1057 5794 ἠ
1085 5728 1141 5780 δὲ
1179 5730 1402 5799 πρύμνα
1433 5734 1498 5800 τῇ
1527 5732 1616 5802 βία
1640 5733 1745 5785 τῶν

173 5817 446 5884 κυμάτων
477 5815 682 5867 ἐλύετο.
728 5818 832 5871 Καὶ
887 5816 1166 5888 βούλευμα
1210 5822 1310 5891 μὲν
1344 5818 1409 5892 ἦν
1452 5823 1592 5891 ξφα
1626 5825 1742 5876 δια,

1852 4635 1909 4682 et
1938 4626 2077 4696 fugae
2109 4625 2402 4680 consilium
2450 4625 2696 4692 capiunt.
2734 4623 3000 4679 Centurio
3030 4637 3238 4690 autem,
3274 4627 3430 4684 Pauli

1855 4731 2046 4780 suasu,
2081 4714 2242 4769 funes
2273 4714 2490 4784 scaphae
2535 4714 2703 4768 incidi
2751 4714 2930 4785 jubet,
2976 4732 3210 4786 eamque
3247 4722 3438 4774 ventis

1853 4808 2211 4863 auferendum
2244 4805 2560 4860 committit.
2602 4806 2668 4859 Et
2702 4807 3022 4876 priusquam
3055 4808 3426 4875 illucescerct,

1856 4899 2060 4954 Paulus
2091 4915 2305 4961 omnes,
2339 4908 2396 4952 ut
2427 4899 2611 4952 cibum
2658 4899 2900 4967 capiant,
2936 4905 3210 4968 hortatur,
3245 4918 3313 4956 ne
3337 4917 3428 4956 ca-

1854 4995 2051 5064 pillum
2092 4992 2318 5061 quidem
2369 4993 2590 5045 unicum
2640 5006 2669 5045 e
2716 4992 2893 5058 capite
2943 5007 3135 5047 eorum
3181 4995 3430 5048 omnium

1857 5087 2172 5142 decisuruin
2237 5086 2525 5155 pollicens.
2581 5084 2809 5155 Ipseque
2866 5085 3077 5154 primus
3128 5086 3243 5142 Deo
3293 5105 3431 5158 quas

1856 5179 2087 5235 decebat
2115 5180 2310 5247 gratiis
2339 5181 2588 5245 sacratis,
2619 5179 2802 5233 cibum
2831 5179 2995 5232 sumit
3025 5196 3038 5232 :
3067 5181 3211 5249 quod
3237 5181 3436 5236 itidem

1855 5286 2106 5328 vecwres
2151 5273 2373 5342 reliqui,
2411 5272 2507 5341 qui
2554 5271 2780 5326 ducenti
2829 5281 2884 5327 et
2936 5277 3280 5343 septuaginta
3323 5290 3436 5356 sex

1854 5379 2032 5432 erant,
2068 5367 2297 5424 iaciunt.
2332 5369 2401 5424 Ut
2429 5378 2611 5423 autem
2645 5370 2763 5426 dies
2807 5370 3004 5434 illuxit,
3053 5382 3254 5426 terram
3302 5376 3426 5442 qui;

1855 5462 1977 5515 dem
2011 5462 2338 5530 dignoscere
2361 5473 2639 5531 nequeunt
2669 5480 2682 5516 :
2708 5464 2890 5516 sinum
2920 5479 3050 5517 vero
3078 5466 3434 5534 conspiciunt

1855 5551 2011 5604 littus
2045 5551 2359 5607 habentem.
2402 5552 2702 5607 Subductis
2737 5555 2921 5622 itaque
2957 5555 3195 5621 ancoris,
3226 5558 3422 5626 guber«

1855 5642 2296 5712 naculorumque
2327 5643 2575 5698 remissis
2601 5647 2815 5715 junctui
2835 5648 2899 5711 is,
2934 5658 2988 5700 et
3018 5657 3299 5701 artemone
3329 5649 3432 5702 ali-

1853 5735 2180 5804 quantulum
2216 5735 2455 5802 sublato,
2485 5740 2748 5806 Spirantis
2775 5741 2922 5793 venti
2952 5742 3000 5793 vi
3028 5741 3094 5794 ad
3124 5741 3280 5796 littus
3309 5751 3428 5796 ten—

1853 5829 2012 5881 dunt.
2063 5829 2126 5883 Et
2168 5843 2331 5898 prora
2378 5830 2600 5899 quidem
2639 5832 2849 5902 integra
2893 5847 3196 5903 permanet,
3232 5837 3432 5902 puppis-
