4212 6440
183 415 283 477 8Π

1115 403 1712 471 ECCLESIASTICB
1753 398 2144 463 HISTORle
2186 399 2333 458 LlB-
2381 398 2460 459 ll.

3314 395 3417 461 δτι

177 530 345 596 ψανον
400 525 805 588 Κωνστάντιος,
832 524 858 577 6
903 521 1000 575 τοῦ
1052 523 1292 591 μεγάλου
1337 518 1745 576 Κωνσταντίνου
1777 522 1823 579 Α

1777 522 1823 579 Α
1852 515 2050 569 tiosum
2084 526 2223 579 opus
2256 520 2340 565 est
2388 509 2620 563 illattuu.
2673 506 2955 577 Reliquias
2993 506 3217 574 quidem
3266 516 3416 560 certe

178 621 315 683 υίὸς,
339 617 408 672 δι’
449 617 737 687 ’Δρτεμίου
784 614 878 669 τοῦ
912 615 1171 684 μεγίστου
1212 614 1487 684 μάρτυρος
1521 613 1584 664 ικ
1632 610 1743 680 Θη-

177 712 287 766 σῶν
313 710 829 781 μετακομισάμενος
850 748 865 771 ,
893 708 1157 770 ὡσαύτως
1182 707 1238 760 δὲ
1273 707 1367 759 καὶ
1391 711 1451 759 τὸ
1482 706 1575 758 τοῦ
1598 721 1746 773 πρω-

174 799 440 865 τοκλήτου
478 796 733 865 ’Δνδρέου
777 798 841 848 ἐκ
875 795 1101 865 Πατρῶν
1133 796 1235 865 τῆς
1289 795 1531 866 Ἀχαΐας1
1568 792 1647 845 ἔτι
1685 793 1742 845 δὲ

174 890 267 940 καὶ
298 891 362 940 ὲκ
388 887 486 953 τῆς
519 889 577 941 ὲν
618 886 774 954 Ἀσία
816 886 1043 953 Ἐφέσου
1071 884 1343 953 Τιμοθέου
1380 886 1472 938 τοῦ
1513 884 1745 938 ἀποστό-

174 979 289 1038 λου,
325 980 381 1030 ὲν
410 978 474 1047 τῇ
506 974 779 1044 ἐπωνύμῳ
804 972 900 1027 τοῦ
926 973 1135 1042 πατρὸς
1161 972 1327 1025 αὑτοῦ
1349 972 1502 1025 πόλει
1537 971 1615 1041 τῷ
1633 971 1742 1023 τῶν

174 1066 335 1134 ἱερῶν
373 1064 690 1118 ἀποστόλων
729 1062 883 1134 σηκῷ
915 1063 1231 1132 σεδασμίως
1256 1061 1539 1116 κατέθετο.
1579 1060 1742 1115 Ἀλλὰ

174 1160 304 1227 περὶ
344 1156 442 1224 μὲν
474 1154 584 1208 τῶν
616 1155 778 1208 θείων
803 1154 901 1208 τοῦ
934 1153 1174 1224 Χριστοῦ
1205 1152 1480 1223 φοιτητῶν
1508 1151 1742 1221 ἀρκούν-

172 1266 277 1312 τως
314 1248 380 1302 ἂν
412 1249 543 1318 ἔχοι.
587 1248 677 1300 Ἐν
715 1248 896 1315 μέντοι
933 1246 1011 1316 τῷ
1042 1246 1209 1315 τρίτῳ
1245 1244 1437 1316 βιϐλίῳ
1468 1245 1561 1298 καὶ
1612 1247 1743 1314 περὶ

172 1343 281 1392 τιῖιν
313 1340 517 1392 λοιπῶν
560 1340 875 1392 ἀποστόλων
923 1339 1018 1390 καὶ
1070 1338 1178 1389 τῶν
1223 1338 1453 1400 ἐκείνοις
1482 1337 1742 1407 διαδόχων

174 1431 436 1500 ἐροῦμεν,
469 1432 567 1484 καὶ
604 1432 720 1483 ὅσοι
751 1434 957 1483 τούτων
997 1430 1248 1501 ἒγγραφα
1278 1429 1573 1482 κατέλιπον
1609 1430 1742 1482 ὑπο-

174 1525 455 1593 μνήματα.
489 1523 639 1583 Τέως
670 1538 732 1588 γε
768 1521 874 1591 μὴν
915 1523 1004 1573 ἐπὶ
1041 1520 1119 1590 τῷ
1153 1520 1387 1590 παρόντι
1425 1519 1569 1581 τίνες
1598 1514 1740 1589 ἦσαν

169 1613 217 1662 οι
251 1611 495 1680 μαθηταὶ
522 1610 760 1681 Χριστοῦ
793 1612 988 1682 ῥητέον
1010 1627 1025 1641 ο
1060 1614 1205 1672 τίνες
1254 1610 1299 1663 δ’
1331 1606 1398 1663 αὖ
1431 1612 1493 1664 ἐκ
1534 1610 1743 1663 τούτων

170 1702 267 1768 τὴν
298 1700 565 1769 συζυγίαν
592 1701 932 1770 ἠσπάσαντο,
960 1703 1054 1755 καὶ
1081 1702 1194 1755 ὅσοι
1220 1703 1332 1754 τῶν
1362 1699 1600 1773 Χριστοῦ
1629 1699 1743 1753 δια-

170 1791 373 1860 τριϐῶν
400 1792 691 1845 κατέλιπον
722 1794 1093 1863 ὑπομνήματα
1122 1810 1135 1823 ·
1168 1794 1315 1855 τινες
1344 1808 1403 1845 τε
1432 1777 1589 1853 αὖθις
1623 1794 1741 1844 ἑπε-

1848 608 1990 677 ejus,
2020 605 2229 658 honore
2258 600 2458 672 quovis
2487 600 2701 669 dignas,
2738 599 3117 664 Constantius,
3146 597 3417 653 Constant-

1851 697 1950 750 tini
1988 694 2163 765 Magni
2206 692 2369 756 filius,
2403 705 2502 761 per
2538 691 2871 753 Artemium,
2918 689 3217 742 maximum
3260 687 3414 741 illum

1847 800 2164 860 martyrem,
2221 785 2447 849 Thebis,
2498 783 2662 839 sicuti
2718 782 2886 839 etiam
2937 783 3033 852 qui
3090 783 3299 852 primus
3347 782 3414 835 ad

1847 882 2211 952 apostolatutn
2236 887 2319 934 est
2348 886 2595 939 vocatus,
2618 876 2867 939 Andreae,
2892 875 3072 929 Patris
3098 890 3165 929 ex
3186 875 3415 938 Achaia,

1846 983 1901 1028 et
1942 972 2132 1027 itidem
2176 969 2453 1025 Timothei
2500 967 2734 1037 apostoli
2783 982 2850 1021 ex
2893 968 3033 1022 Asia:
3065 966 3307 1036 Epheso.
3360 967 3416 1020 in

1844 1064 2224 1135 cognominem
2260 1061 2403 1131 patri
2448 1074 2550 1115 suo
2597 1061 2785 1113 urbem
2834 1058 3155 1122 translatas,
3217 1057 3420 1126 templo

1846 1157 2055 1215 sanctis
2089 1155 2356 1225 apostolis
2408 1167 2568 1209 sacro
2615 1153 2827 1206 intulit.
2867 1149 3067 1205 Verum
3114 1153 3183 1205 de
3216 1151 3418 1204 divinis

1844 1249 2051 1305 Christi
2094 1247 2377 1316 discipulis
2425 1245 2542 1299 haec
2600 1244 2741 1297 dicta
2795 1242 3090 1296 sufﬁciant.
3141 1242 3197 1295 In
3256 1252 3418 1294 tertio

1845 1342 1991 1396 enim
2026 1339 2225 1393 deinde
2251 1338 2416 1399 libro,
2443 1336 2513 1389 de
2541 1335 2765 1403 reliquis
2795 1334 3083 1401 apostolis.
3116 1348 3418 1399 eorumque.

1845 1428 2279 1489 successoribus,
2334 1437 2391 1479 et
2440 1440 2563 1494 qua:
2615 1425 2852 1493 quisque
2901 1438 3089 1477 eorum
3135 1423 3421 1491 reliquerit

1847 1522 2074 1590 scripta,
2116 1517 2404 1573 historiam
2437 1525 2707 1570 texemus.
2751 1515 2807 1568 In
2840 1513 3130 1583 praesentia
3176 1514 3264 1566 illa
3294 1527 3420 1581 pcr-

1845 1612 2128 1682 sequenda
2177 1610 2433 1670 veniunt,
2489 1609 2712 1677 quinam
2759 1606 2970 1659 fuerint
3025 1604 3230 1659 Christi
3287 1620 3420 1670 apo-

1846 1703 1969 1758 stoli
2001 1719 2016 1757 :
2048 1701 2204 1769 211
2242 1700 2335 1769 qui
2360 1715 2426 1752 ex
2460 1698 2527 1752 iis
2557 1699 2816 1767 coojuges
2848 1696 3074 1758 fuerint,
3104 1694 3198 1764 qui
3233 1709 3418 1748 rerum

1846 1812 1875 1850 a
1944 1794 2166 1850 Christo
2216 1804 2489 1861 gestarum
2548 1800 2905 1843 monumenta
2959 1788 3271 1850 ediderint,
3322 1786 3417 1853 qui

173 1880 369 1944 στολάς
394 1898 408 1910 ·
444 1881 564 1934 τίνα
597 1899 656 1934 τε
707 1883 817 1936 τῶν
878 1882 1350 1953 συγγραμμάτων,
1382 1881 1459 1945 ὡς
1485 1881 1741 1951 ἀναντίρσ
1776 1894 1816 1950 Β

1776 1894 1816 1950 Β
1847 1889 2013 1942 etiam
2044 1887 2307 1956 epistolas
2340 1903 2353 1937 :
2387 1898 2508 1953 qua:
2541 1883 2670 1937 item
2708 1884 2931 1968 scripta,
2970 1890 3030 1935 ut
3068 1879 3418 1949 irrefragabi-

175 1975 311 2040 ρητα
343 1974 440 2025 καὶ
472 1974 771 2044 ὲνδιὰθηκα
802 1976 835 2045 ἡ
878 1975 1176 2044 Ἐκκλησία
1212 1974 1535 2045 προσήκατο
1555 1991 1568 2004 ο
1619 1972 1741 2025 τίνα

173 2082 228 2117 τε
258 2065 428 2119 πάλιν
455 2065 531 2130 ὡς
558 2067 686 2120 νόθα
721 2070 815 2122 καὶ
844 2070 1252 2140 παρέγγραπτα
1289 2066 1598 2119 ἀπεώσατο.

734 2206 985 2261 ΚΕΦΑΛ.
1040 2208 1171 2263 MA'.

181 2319 347 2384 Τίνες
375 2320 533 2372 εἰσὶν
566 2323 619 2373 cl
648 2319 874 2392 δώδεκα
908 2322 1166 2392 Χριστοῦ
1190 2324 1447 2390 μαθηταί
1480 2322 1745 2376 καὶάπό-

241 2395 480 2450 στολοι,
515 2392 612 2443 καὶ
647 2390 782 2444 ὅσοι
821 2392 887 2443 ἐκ
907 2390 1144 2445 τούτων
1179 2393 1342 2462 γάμῳ
1373 2394 1709 2461 ὡμίλησαν.

244 2505 464 2558 Δώδεκα
504 2506 602 2574 μὲν
634 2506 727 2560 οὖν
757 2503 897 2565 ἦσαν
931 2509 980 2561 οἱ
1008 2509 1320 2571 ἀπόστολοι,
1374 2509 1745 2576 ἐϐδομήκοντα

174 2598 228 2650 δὲ
271 2598 515 2667 μαθηταί
547 2613 560 2627 ·
606 2599 756 2653 ἄλλοι
793 2600 837 2652 δ’
867 2602 964 2653 ἐπὶ
1005 2601 1217 2663 τούτοις
1252 2602 1455 2671 μυρίοι.
1503 2602 1653 2653 Ἐπεὶ
1700 2601 1743 2653 δ’

176 2691 392 2756 ἀγνοεῖν
420 2691 630 2751 πολλοῖς
664 2691 864 2751 ἔπεισι.
892 2692 1037 2755 τίνες
1066 2694 1117 2744 ot
1151 2691 1412 2762 μαθηταὶ,
1448 2693 1747 2759 ἀναγκαῖον

174 2777 358 2846 ᾠήθην
384 2780 482 2831 καὶ
504 2779 674 2841 αὐτας
707 2781 801 2841 τὰς
835 2781 986 2849 ἱερὰς
1015 2780 1194 2834 αὐτῶν
1222 2782 1445 2850 κλήσεις
1473 2784 1585 2844 τοῖς
1606 2799 1749 2849 παρ-

174 2870 326 2924 οῦσιν
356 2873 598 2936 ἐντάξαι.
635 2873 947 2941 Κορυφαῖος
982 2873 1082 2942 μὲν
1111 2869 1204 2927 οὖν
1232 2874 1322 2926 τοῦ
1347 2874 1513 2943 χοροῦ
1545 2876 1748 2942 Πέτρος

176 2962 327 3015 ἐστί·
385 2963 639 3032 δεύτερος
683 2963 936 3030 ’Δνδρέας
984 2967 1012 3017 6
1042 2964 1273 3031 ἀδελφὸς
1320 2965 1482 3017 αὑτοῦ
1517 2982 1530 2995 ’
1568 2965 1748 3034 τρίτος

188 3054 444 3117 Ἰάκωϐος
480 3057 507 3108 6
528 3055 620 3108 τοῦ
649 3055 1285 3125 Ζεϐεδαίου-ἐπικληθείς
1312 3072 1327 3088 ο
1365 3057 1457 3108 καὶ
1496 3056 1749 3124 Ἰωάννης

176 3149 202 3196 6
234 3147 466 3214 ἁδελφὸς
520 3145 709 3211 αὐτοῦ,
738 3147 766 3197 6
809 3147 1190 3215 ἡγαπημένος,
1228 3147 1497 3215 παρθένος
1534 3164 1592 3197 τε
1633 3146 1751 3213 ἅμα

176 3237 267 3290 καὶ
299 3235 622 3304 ὲπιστήθιος
643 3252 657 3267 ·
688 3237 941 3304 πέμπτος
961 3238 1227 3299 Φίλιππος
1250 3252 1263 3266 ·
1297 3238 1451 3299 ἕκτος
1486 3236 1749 3306 Βαρθολο-

172 3330 377 3397 μαῖοςο
436 3329 638 3398 Θωμᾶς
685 3328 953 3400 ἕϐδομος*
1008 3328 1131 3383 εἶτα
1182 3329 1461 3390 Ματθαῖος
1504 3330 1750 3397 ,εὐαγγε-

178 3422 362 3490 ὶιστὴς
394 3422 585 3489 ὄγδοος
608 3437 623 3451 ⁶
661 3420 851 3484 ἔνατος
881 3422 1018 3491 πρὶς
1047 3422 1260 3485 τούτοις
1303 3423 1561 3485 Ἰάκωϐος
1590 3426 1616 3475 6
1654 3422 1749 3476 τοῦ

188 3513 416 3578 ’Δλφαίυ
467 3513 603 3576 υἱὸς,
634 3513 741 3580 οὐχ
784 3513 813 3565 6
842 3512 1165 3581 ωελφὸθεος
1197 3528 1211 3543 ο
1234 3513 1466 3576 δέκατος
1508 3514 1707 3577 Ἰούδας
1730 3527 1747 3543 ⁸

179 3597 221 3670 ᾦ
244 3602 507 3665 Θαδδαῖος
538 3619 598 3655 τε
628 3604 723 3657 καὶ
746 3602 979 3666 Δεόαῖος
1006 3600 1074 3673 ἦν
1096 3604 1284 3673 ἕτερον
1310 3603 1482 3673 ὄνομα
1505 3618 1520 3635 ⁸
1552 3604 1609 3666 6;
1636 3605 1750 3667 υἱὸς

183 3695 277 3759 μὲν
310 3693 615 3762 ἐτύγχανεν
665 3693 741 3746 ὣν
779 3693 874 3746 τοῦ
907 3696 1209 3761 μνήστορος
1250 3694 1469 3762 Ἰωσὴφ,
1520 3693 1750 3761 ἁδελφὸς

176 3787 231 3840 δὲ
277 3786 561 3846 Ἰακώϐου,
591 3785 649 3847 ὃς
676 3785 1005 3852 ὰδιλφόθεος
1034 3784 1390 3853 ἰπωνόμαστο
1418 3800 1432 3817 ·
1467 3785 1750 3847 ἑνδέκατος

178 3878 271 3929 ἐπὶ
300 3877 515 3938 τούτοις
541 3876 726 3945 Σίμνω
747 3878 774 3928 6
798 3876 1055 3947 Ζηλωτής
1078 3892 1092 3906 ·
1115 3877 1212 3929 καὶ
1236 3876 1533 3939 δωδέκατος
1561 3876 1589 3928 6
1614 3892 1750 3946 προ-

176 3970 333 4040 δύτης
372 3956 616 4032 Ἰούδαςο
671 3964 732 4022 οὗ
778 3973 852 4038 ’τῇ
911 3970 1189 4040 ἀπληστίᾳ
1234 3973 1332 4040 τῆς
1385 3971 1751 4040 φιλαργυρίας

178 4060 594 4130 διαρραγέντος,
642 4060 899 4121 Ματθίας
935 4060 1027 4112 τὸν
1079 4060 1381 4113 δωδέκατον
1432 4062 1751 4130 ιπλήρωσεν

180 4154 431 4222 ἀριθμόν.
469 4147 631 4205 Οὗτοι
680 4152 778 4220 μὲν
809 4150 901 4203 οῦν
949 4151 998 4203 οἱ
1041 4152 1161 4214 ταῖς
1191 4151 1470 4221 ἀληθείαις
1511 4150 1749 4221 Χριστοῦ

185 4242 446 4313 μαθηταί.
479 4243 538 4295 '0
573 4243 756 4309 μέντοι
788 4241 1018 4304 Παῦλος,
1052 4241 1111 4293 τὸ
1145 4241 1337 4303 σκεῦος
1366 4244 1466 4311 τῆς
1493 4242 1748 4311 ἐκλογῆς.

180 4333 298 4385 οὔτε
342 4336 456 4396 τοῖς
504 4333 713 4385 δώδεκα
746 4333 1216 4399 συγκατείὶεκται,
1246 4331 1373 4385 οὔτε
1406 4335 1512 4404 μὴν
1537 4336 1597 4386 ὲν
1638 4336 1749 4397 τοῖς

184 4426 587 4495 ἑϐδομήκοντα·
615 4424 728 4477 ἀλλ’
758 4426 816 4476 ὲν
864 4424 1028 4476 πᾶσίν
1062 4425 1179 4475 ἐστι
1230 4428 1322 4476 καὶ
1376 4425 1483 4495 πρὸ
1532 4424 1750 4478 πάντων

182 4518 273 4566 καὶ
303 4516 445 4585 μετὰ
468 4515 707 4575 πάντων,
737 4508 932 4583 οἷάπερ
961 4513 1254 4580 οὐρανόθεν
1288 4514 1527 4582 κληθεὶς,
1563 4514 1749 4577 διαφε-

186 4610 383 4676 ρόντως
422 4607 563 4673 ὑπὲρ
608 4604 851 4665 ἅπαντας
887 4604 962 4672 τῷ
1002 4605 1131 4674 θείῳ
1161 4604 1477 4671 Εὑαγγεὶ.ίῳ
1508 4620 1747 4670 πεπονη-

183 4699 423 4760 κώς.“Ἐκ
461 4700 559 4764 μὲν
583 4701 785 4749 τούτων
814 4695 913 4763 τὴν
941 4694 1201 4761 συζυγίαν
1228 4688 1375 4745 οὗτοι
1407 4694 1743 4762 ἠσπάσαντο,

181 4788 252 4849 ὡς
300 4804 435 4857 φησι
473 4786 705 4853 Κλήμης
735 4789 766 4838 6
796 4786 1154 4854 στρωματεὺς
1203 4785 1260 4836 ιν
1294 4783 1371 4852 τῷ
1417 4783 1586 4851 τρίτῳ
1638 4784 1748 4836 τῶν

184 4879 379 4945 λόγων,
418 4877 513 4940 οὓς
549 4877 916 4945 Στρωματεῖς
953 4874 1246 4944 ἐπιγράφει
1275 4892 1290 4909 ο
1342 4877 1481 4928 κατά
1508 4876 1615 4943 γὰρ
1641 4875 1750 4926 τῶν

183 4969 523 5025 ἀθετούντων
543 4971 671 5028 τοὺς
692 4968 901 5035 γάμους
926 4967 1072 5035 μάλα
1103 4966 1424 5035 φερόμενος,
1448 4965 1591 5039 οὕτω
1612 4965 1750 5017 κατὰ

181 5061 318 5126 ὶέξιν
365 5063 460 5113 καὶ
490 5060 617 5113 τάδε
644 5058 895 5123 διέξεισιν
920 5076 934 5089 ·
967 5078 983 5109 ι
1035 5060 1102 5111 Ἢ
1129 5058 1274 5114 οὗτοί
1316 5059 1366 5125 γ’
1407 5059 1472 5109 ἀν
1501 5059 1593 5109 καὶ
1625 5058 1749 5117 τοὺς

182 5153 511 5212 ἁποστὸλους
545 5151 1054 5218 ἁποδοκιμάσουσις
1105 5151 1310 5217 Πέτρος
1347 5150 1448 5216 μὲν
1501 5149 1607 5214 γὰρ
1657 5146 1749 5197 καὶ⁵

184 5242 446 5302 Φίλιππος
476 5240 994 5307 ὲτιαιδοττοιήσαντο⁸
1028 5239 1293 5300 Φίλιππος
1325 5238 1380 5290 δὲ
1410 5236 1500 5288 καὶ
1530 5235 1625 5298 τὰς
1656 5235 1749 5287 θυ-

183 5336 416 5400 γατέρας
460 5333 721 5401 ἀνδράσιν
773 5332 1024 5394 ἐξέδωκε.
1062 5331 1169 5384 Καὶ
1200 5332 1228 5383 ὅ
1276 5347 1338 5397 γε
1396 5328 1603 5391 Παῦλος
1651 5329 1749 5379 οὐκ

183 5429 325 5477 ὖκιεῖ
354 5426 412 5477 ἓν
442 5442 553 5476 τινι
588 5421 843 5491 ἐπιστολῇ
876 5422 973 5492 τὴν
1005 5422 1169 5473 αὑτοῦ
1204 5421 1436 5489 σύζυγον
1476 5438 1749 5490 προσαγο-

185 5515 390 5583 ρεῦσαι,
420 5516 489 5583 ἣν
520 5515 580 5565 οὐ
628 5515 977 5583 περιεκόμιζε
1004 5513 1092 5564 διὰ
1122 5513 1181 5563 τὸ
1206 5513 1301 5580 τῆς
1334 5513 1634 5580 ὑπηρεσίας
1664 5511 1750 5562 εύ-

186 5609 394 5669 σταὶές.
438 5627 456 5659 ι
500 5608 635 5673 Περὶ
684 5607 865 5674 μέντοι
906 5606 999 5658 τοῦ
1032 5606 1176 5656 θείου
1213 5606 1418 5675 Πέτρου
1449 5608 1541 5658 καὶ
1583 5606 1639 5655 ἐν
1674 5603 1749 5673 τῷ

182 5697 386 5766 ὲὸξὸμῳ
432 5700 749 5765 στρωματεί
793 5697 887 5748 τὸν
926 5697 1199 5765 μακάριόν
1241 5713 1372 5766 φησι
1420 5697 1606 5748 τοῦτον
1649 5697 1749 5765 τὴν

174 5790 370 5845 τουτιῦ
402 5792 638 5855 γυναῖκα
663 5790 1000 5863 θεασάμενον
1026 5788 1381 5859 ἀπαγομένην
1412 5788 1508 5858 τὴν
1536 5791 1624 5841 ἐπὶ
1649 5789 1747 5840 θά-

1846 1980 1916 2033 lia
1940 1988 1990 2031 et
2024 1975 2455 2037 testamentaria,
2494 1974 2728 2028 Ecclesia
2760 1972 3029 2042 receperit
3062 1987 3075 2023 :
3104 1986 3225 2039 qua:
3252 1970 3418 2024 etiam

1848 2080 1907 2123 ut
1932 2069 2115 2139 Spuria
2145 2078 2200 2121 et
2229 2066 2540 2120 adulterina
2568 2065 2839 2134 rejecerit.

2404 2205 2630 2261 CAPUT
2672 2205 2859 2260 XLIV.

1849 2319 1951 2384 Qui
1983 2319 2086 2372 sint
2110 2318 2383 2371 duodecim
2407 2317 2601 2372 Christi
2630 2315 2877 2385 discipuli
2904 2324 2950 2370 et
2989 2316 3231 2385 apostoli,
3256 2326 3305 2370 et
3327 2318 3418 2385 qui

2122 2405 2186 2442 ex
2216 2391 2286 2441 eis
2322 2389 2724 2441 matrimonium
2756 2389 3141 2440 contraxerint.

1919 2503 2096 2573 Atque
2118 2501 2375 2572 equidem
2424 2500 2713 2556 duodecim
2745 2501 2972 2555 fuerunt
2996 2502 3259 2570 apostoli:
3291 2515 3418 2569 sep-

1849 2598 2094 2665 tuaginta
2133 2609 2320 2649 autem
2352 2594 2632 2663 discipuli.
2669 2595 2735 2648 Et
2777 2604 2973 2662 prater
3001 2594 3120 2658 hos,
3161 2595 3418 2647 innume—

1850 2687 2050 2741 rabiles
2073 2686 2187 2740 alii.
2225 2686 2679 2753 Quandoquidem
2712 2700 2845 2740 vero
2875 2686 3056 2747 multi,
3085 2686 3177 2753 qui
3211 2685 3418 2739 fuerint

1852 2777 2132 2847 discipuli,
2170 2777 2444 2847 ignorant,
2476 2775 2790 2831 faciendum
2822 2776 3031 2844 putavi,
3056 2787 3116 2829 ut
3145 2791 3297 2830 saera
3320 2793 3417 2829 eo-

1853 2883 1974 2921 rum
2011 2868 2233 2921 nomina
2277 2867 2485 2936 scripto
2536 2867 2667 2921 huic
2707 2867 3032 2920 iusererem.
3080 2866 3419 2936 Corypha-us

1853 2960 2037 3029 itaque
2089 2969 2146 3014 et
2189 2960 2444 3029 princeps
2475 2959 2633 3013 chori
2663 2961 2807 3029 ejus,
2835 2969 2919 3014 est
2947 2961 3179 3025 Petrus;
3214 2975 3414 3015 secun-

1852 3050 1977 3115 dus,
2023 3049 2191 3103 frater
2245 3049 2363 3115 ejus
2416 3051 2698 3115 Andreas;
2753 3052 2973 3115 tertius,
3024 3051 3283 3117 Jacohus,
3320 3052 3415 3120 qui

1854 3143 2103 3198 Zebedaei
2128 3152 2213 3196 est
2242 3143 2453 3208 dictus;
2486 3152 2740 3212 quartus,
2778 3143 3021 3198 Joannes
3070 3144 3243 3198 frater
3272 3146 3414 3214 eius,

1774 3220 1816 3278 ο
1850 3235 2085 3290 dilectus
2120 3237 2233 3301 ille,
2266 3246 2323 3292 et
2367 3240 2545 3308 virgo,
2592 3239 2686 3308 qui
2720 3254 2888 3305 supra
2930 3250 3122 3308 pectus
3174 3240 3416 3307 Magistri

1851 3330 2134 3395 recubuit;
2193 3331 2443 3400 quintus,
2495 3330 2815 3400 Philippus;
2870 3341 3079 3395 sextus,
3121 3331 3418 3385 Bartholo-

1851 3440 2054 3489 matus;
2123 3423 2384 3488 Thomas,
2450 3424 2749 3493 septimus;
2816 3425 3019 3479 deinde
3079 3424 3417 3494 evangelista

1851 3517 2159 3581 Mattheus,
2192 3525 2461 3581 octavus;
2496 3531 2677 3569 nonus
2717 3527 2844 3585 post
2888 3517 3009 3581 hos,
3049 3517 3290 3571 Jacobus
3324 3519 3418 3571 Al-

1852 3608 1992 3677 phaai
2027 3607 2192 3672 filius,
2224 3622 2333 3660 non
2364 3606 2503 3661 alter
2537 3608 2627 3661 ille
2651 3607 2825 3662 frater
2858 3608 3107 3674 Domini;
3143 3608 3413 3673 decimus,

1850 3700 2039 3763 Judas,
2072 3700 2167 3768 qui
2220 3700 2347 3753 item
2375 3699 2707 3763 'l‘haddzeus,
2740 3708 2905 3768 atque
2938 3701 3103 3755 etiam
3139 3701 3414 3757 Lebbmus

1850 3802 1937 3845 est
1968 3791 2187 3845 dictus:
2243 3792 2287 3844 is
2320 3791 2466 3845 illius
2505 3792 2729 3860 quidem
2782 3792 2888 3847 fuit
2926 3792 3149 3861 Josephi
3204 3796 3415 3862 sponsi,

1851 3880 2024 3936 frater
2054 3891 2238 3936 autem
2270 3882 2461 3937 Jacobi
2494 3898 2656 3950 quem
2685 3884 2919 3940 fratrem
2952 3885 3047 3939 Dei
3072 3885 3286 3949 dixere;
3317 3901 3419 3939 un-

1852 3972 2099 4027 decimus
2132 3974 2351 4035 horum,
2381 3974 2569 4027 Simon
2600 3973 2816 4029 Zelotes
2839 3993 2853 4039 ;
2880 3975 3261 4040 duodecimns,
3291 3991 3419 4043 pro-

1851 4064 1999 4119 ditor
2029 4064 2198 4120 ludas
2228 4081 2241 4116 :
2279 4066 2374 4134 qui
2403 4080 2525 4119 cum
2576 4065 2895 4134 inexplebili
2930 4067 3176 4120 avaritia:
3204 4068 3418 4134 cupidi-

1854 4165 1966 4209 tate
2017 4158 2346 4225 erepuisset,
2397 4158 2658 4213 Matthias
2708 4158 3110 4212 duodenarium
3173 4161 3419 4228 explevit

1852 4263 2168 4302 numerum.
2201 4249 2267 4302 Et
2293 4249 2328 4301 ii
2362 4250 2584 4317 quidem
2618 4260 2748 4304 sunt
2785 4267 2973 4306 revera
3008 4252 3211 4306 Christi
3252 4257 3417 4307 disci-

1851 4340 1988 4409 puli.
2024 4339 2229 4393 Paulus
2262 4354 2417 4402 vero,
2440 4341 2732 4395 electionis
2760 4356 2874 4406 vas,
2906 4358 3084 4405 neque
3111 4344 3255 4397 inter
3278 4345 3418 4396 duo-

1853 4431 2054 4493 decim,
2085 4446 2266 4499 neque
2301 4432 2445 4484 inter
2490 4434 2834 4501 septuaginta
2886 4447 3208 4489 recensetur
3240 4453 3253 4490 :
3317 4439 3414 4490 sed

1778 4547 1824 4603 ι)
1854 4523 1909 4575 in
1949 4524 2211 4578 omnibus
2250 4526 2297 4579 is
2343 4535 2449 4589 est,
2483 4537 2539 4581 et
2570 4537 2697 4582 ante
2738 4544 2950 4594 omnes,
2982 4541 3036 4584 et
3076 4548 3199 4585 cum
3231 4536 3410 4585 omni-

1852 4613 1992 4676 bus;
2029 4614 2234 4683 quippe
2285 4617 2377 4684 qui
2443 4617 2661 4672 caelitus
2716 4632 2944 4673 vocatus
2988 4623 3082 4683 sit,
3134 4632 3188 4676 et
3249 4640 3413 4690 supra

1850 4719 2043 4758 omnes
2076 4706 2349 4773 prmeipue
2391 4707 2578 4761 divino
2616 4709 2914 4779 Evangelio
2956 4714 3416 4779 propapaimiida-

1852 4794 2149 4848 boraverit.
2183 4794 2258 4848 Ex
2293 4796 2380 4850 his
2411 4797 2726 4867 coniugium
2761 4811 2886 4853 sunt
2918 4804 3177 4869 amplexi,
3209 4816 3262 4856 ut
3295 4810 3405 4871 qui-

1853 4882 1976 4935 dem
2025 4884 2281 4938 Clemens
2332 4898 2642 4951 contestor,
2698 4888 2751 4941 in
2805 4890 2970 4943 tertio
3025 4892 3165 4945 libro
3222 4908 3412 4945 eorum

1850 4970 2381 5026 Commentariorum
2413 4990 2551 5043 quos
2588 4977 2942 5043 Στρωματείς
2974 4980 3273 5047 inscripsit,
3308 4991 3416 5034 tra-

1852 5060 1975 5115 dit:
2014 5061 2066 5114 in
2100 5074 2511 5131 oppugnatores
2547 5081 2783 5134 namque
2820 5069 3058 5137 conjugii
3110 5069 3295 5122 acrius
3332 5070 3413 5122 iii-

1850 5152 2083 5215 vehens,
2110 5154 2189 5204 sic
2229 5153 2412 5206 verbis
2456 5154 2605 5209 hisce
2641 5158 2851 5211 utitur:
2891 5176 2910 5208 ι
2949 5167 3030 5212 An
3064 5162 3152 5213 Isti
3186 5162 3408 5214 laudent

1852 5245 2132 5312 apostolos
2180 5261 2399 5314 quoque
2454 5248 2743 5315 rejicieut?
2797 5249 2991 5305 Petrus
3039 5252 3313 5320 siquidem
3360 5265 3413 5307 ρει

1854 5334 2138 5403 Philippus
2172 5335 2365 5389 liberis
2404 5338 2659 5391 creandis
2692 5354 2912 5406 operam
2951 5341 3243 5396 dederunt.
3278 5342 3413 5397 Phi-

1852 5425 2033 5492 lippus
2063 5440 2228 5489 porro
2259 5425 2395 5479 ﬁlias
2413 5427 2577 5479 etiam
2609 5442 2737 5479 suas
2763 5428 2893 5480 viris
2918 5429 2970 5481 in
3002 5433 3412 5488 matrimonium

1851 5515 2073 5567 locavit.
2131 5515 2335 5567 l’aulus
2380 5530 2598 5582 quoque.
2643 5530 2752 5567 non
2806 5528 3027 5571 veretur
3077 5520 3129 5572 in
3180 5523 3411 5588 epistola

1853 5604 2091 5672 quadam
2124 5621 2437 5674 comparent
2474 5621 2627 5659 suam
2661 5609 2993 5663 salutatione
3027 5612 3357 5680 compellare
3398 5630 3412 5667 ς

1853 5697 2015 5766 212
2048 5712 2209 5764 quam
2243 5696 2463 5765 quidem
2500 5698 2589 5751 ilic
2627 5711 2916 5767 propterea
2949 5717 3134 5754 secum
3171 5718 3278 5755 non
3312 5706 3419 5755 cin-

1855 5789 2163 5854 cumduxit,
2198 5799 2251 5843 ut
2291 5790 2503 5844 facilius
2533 5791 2581 5845 ei
2616 5794 3039 5863 expeditinsque
3074 5804 3224 5849 esset
3251 5797 3415 5861 Verbi
