4202 6444
162 395 264 461 937

1089 398 1699 464 ECCLESIASTIC£
1742 394 2134 455 HISTORL‘E
2177 395 2323 455 LIB.
2369 395 2480 455 IlI.

3303 391 3406 458 938

159 507 564 577 ἐμνημόνευσα,
591 509 879 576 συντάξαι.
907 526 1026 574 ταις
1051 512 1371 582 ἑρμηνείαις
1392 507 1737 564 διαϐεϐαιού-

1851 507 1987 572 iavi,
2015 508 2303 562 veritatem
2341 523 2533 562 eorum
2577 506 3028 576 interpretatione
3054 509 3410 565 conﬁrmans.

161 614 318 669 μενος
346 602 488 671 ὑπὲρ
538 602 718 654 αὐτῶν
768 602 1053 672 ἀλήθειαν.
1103 605 1178 658 Οὐ
1239 603 1348 673 γὰρ
1401 605 1513 666 τοῖς
1563 600 1735 654 πολλά

157 689 409 757 λεγουσιν
439 690 684 759 ἔχαιρον,
740 691 934 762 ὥσπερ
974 694 1024 746 oi
1074 695 1282 757 πολλοὶ,
1314 693 1452 746 ἀλλά
1486 694 1599 755 τοῖς
1643 691 1739 743 τά-

1841 599 1940 652 tibi
1995 614 2292 668 exponere.
2353 598 2576 653 Minime
2606 599 2752 654 enim
2786 598 2854 655 iis
2907 615 3050 667 sum,
3106 611 3165 656 ut
3219 603 3414 671 vulgus

1843 690 2126 744 hominum
2153 691 2315 754 solet,
2349 689 2674 754 delectatus,
2700 691 2792 756 qui
2825 690 2995 745 multa
3022 689 3292 758 dicerent,
3321 693 3414 749 scil

157 783 296 851 ληθῆ
326 783 691 836 διδάσκουσιν⁸
740 785 864 839 οὐδὲ
902 788 1017 850 τοῖς
1041 789 1140 849 τάς
1179 787 1473 856 ἀλλοτρίας
1517 784 1739 846 ιντολάς

1851 782 1934 853 qui
1980 798 2106 838 vera
2149 783 2415 838 docerent
2448 801 2460 837 ε
2494 797 2674 854 neque
2715 785 2810 854 qui
2844 784 3042 850 aliena,
3096 787 3190 841 sed
3238 788 3332 856 qui
3386 801 3414 840 a

160 876 620 944 μνημονεύουσιν,
654 878 790 931 ἀλλὰ
821 881 934 940 τοῖς
964 880 1062 941 τὰς
1109 880 1261 949 παρά
1294 877 1388 932 τοῦ
1432 878 1640 949 Κυρίου
1669 879 1736 947 τῇ

159 967 346 1020 πίστει
394 969 710 1039 δεδομένας,
745 973 839 1024 καὶ
884 971 1017 1042 παρ’
1050 971 1228 1040 αὐτῆς
1276 971 1736 1040 παραγινομένοις

157 1059 260 1126 τῆς
295 1061 582 1128 ἀληθείας.
614 1063 675 1115 Εἰ
721 1063 778 1116 δέ
815 1082 919 1117 που
970 1065 1067 1119 καὶ
1119 1063 1625 1134 παρηκολουθηκώς
1654 1078 1740 1124 τις

156 1158 269 1215 τοίς
301 1156 696 1223 πρεσϐυτέροις
729 1156 894 1219 ἔλθοι,
922 1158 1051 1220 τοὺς
1076 1156 1186 1210 τῶν
1209 1155 1598 1226 πρεσϐυτέρων
1621 1155 1744 1208 ἀνέ-

157 1264 351 1314 κρινον
379 1249 596 1315 λόγουςο
624 1250 677 1300 τί
721 1250 999 1320 Ἀνδρέας,
1033 1250 1067 1320 ἢ
1097 1250 1148 1301 τί
1182 1251 1388 1316 Πέτρος
1419 1244 1596 1313 εἶπεν,
1625 1247 1656 1316 ἢ
1687 1246 1740 1299 τί

156 1341 384 1408 Θωμᾶς,
419 1343 450 1410 ἢ
483 1342 782 1405 Mirm“,
810 1344 841 1412 ἢ
894 1343 948 1395 τί
987 1344 1192 1412 Σίμων,
1241 1342 1273 1410 ἢ
1320 1341 1598 1405 Ἰάκωϐος,
1627 1340 1659 1408 ἢ
1687 1341 1740 1392 τί

170 1434 451 1504 Ἰωάννης,
488 1436 520 1504 ἢ
555 1438 850 1498 Ματθατος·
880 1435 916 1507 ἡ
942 1453 1026 1498 τις
1057 1435 1244 1506 ἔτερος
1271 1434 1380 1486 τῶν
1411 1434 1505 1486 τοῦ
1533 1433 1740 1503 Κυρίου

161 1524 447 1592 μαθητῶν,
484 1526 517 1578 ἆ
547 1542 604 1577 τε
649 1526 943 1596 Ἀριστίων
965 1528 1058 1577 καὶ⁵
1083 1528 1112 1578 ὁ
1143 1525 1514 1595 πρεσϐύτερος
1564 1525 1743 1577 Ἰωάν-

156 1633 282 1683 νης,
311 1616 406 1667 τοῦ
451 1616 660 1686 Κυρὶου
695 1618 962 1688 μαθηταὶ,
995 1616 1270 1681 λέγουσιν.
1301 1617 1376 1668 Οὐ
1421 1615 1530 1684 γὰρ
1569 1614 1641 1667 τά
1679 1618 1744 1668 ὲκ

1845 878 2097 942 Domino,
2123 884 2180 932 et
2200 879 2268 932 ab
2289 880 2370 932 eis
2400 877 2606 947 quibus
2638 892 2762 932 cum
2798 878 2912 948 ipsa
2931 878 3163 933 veritate
3183 893 3420 934 consue~

1843 969 1977 1024 tudo
2004 967 2128 1033 fuit,
2153 968 2222 1022 de
2248 968 2353 1024 iide
2376 968 2575 1023 tradita
2600 975 2876 1037 praecepta
2893 977 3414 1024 commemorarent.

1843 1061 2004 1132 252
2029 1060 2184 1127 Quod
2220 1060 2264 1115 si
2297 1060 2516 1130 quando
2545 1058 2747 1129 aliquis
2773 1058 3216 1130 presbyterorum
3243 1068 3419 1115 secta-

1844 1164 1930 1209 tor
1960 1155 2268 1219 adveniret,
2317 1167 2511 1208 eorum
2543 1152 2787 1221 ipsorum
2820 1152 3166 1222 requirebam
3209 1168 3419 1209 sermo.

1844 1261 1944 1302 nes
1977 1264 1991 1300 :
2021 1245 2153 1315 quid
2186 1246 2392 1301 scilicet
2433 1245 2703 1310 Andreas,
2741 1244 2879 1315 quid
2918 1244 3114 1300 Petrus
3146 1245 3416 1301 dixisset:

1843 1341 1975 1409 quid
2017 1339 2278 1404 Thomas,
2309 1348 2403 1394 aut
2426 1338 2737 1409 Philippus,
2772 1348 2868 1394 aut
2894 1338 3108 1402 Simon,
3145 1348 3240 1394 aut
3266 1338 3423 1394 Jaco-

1846 1433 1992 1487 bus:
2025 1439 2121 1485 aut
2173 1431 2301 1500 quid
2335 1431 2601 1496 Joannes,
2654 1440 2748 1485 aut
2799 1431 3106 1497 Mattheus,
3141 1441 3237 1489 aut
3286 1430 3420 1502 quid

1845 1521 1986 1575 alius
2032 1521 2325 1590 quisquam
2379 1521 2596 1575 Domini
2652 1519 3089 1590 discipulorum:
3136 1530 3233 1576 aut
3285 1521 3421 1590 quid

1844 1615 2008 1668 etiam
2037 1612 2300 1676 Aristion,
2327 1612 2642 1670 etJoannes
2676 1614 2984 1684 presbyter,
3016 1622 3072 1669 et
3109 1613 3211 1684 ipsi
3257 1614 3423 1669 disci-

155 1708 269 1758 τῶν
300 1706 522 1776 βιϐλίων
553 1710 806 1762 τοσοῦτόν
835 1727 901 1778 με
928 1709 1160 1776 ὠφελεῑν
1186 1706 1593 1778 ὑπελάμϐανον,
1619 1707 1744 1760 ὅσον

1851 1704 1960 1774 puli
1992 1703 2207 1758 Domini
2238 1704 2444 1758 dicant.
2504 1703 2626 1760 Non
2676 1705 2826 1761 enim
2880 1713 3093 1761 tantum
3131 1721 3217 1762 me
3266 1705 3424 1760 libris

155 1803 224 1851 τὰ
257 1801 410 1870 παρὰ
453 1801 638 1870 ζώσης
667 1803 854 1870 φωνῆς
899 1804 996 1856 καὶ
1034 1807 1327 1870 μενούσης.
1368 1819 1386 1852 ι
1436 1800 1746 1872 Ἐπισημή-

1851 1798 2119 1868 adjuvari,
2159 1807 2427 1868 quantum
2464 1797 2587 1852 viva
2613 1807 2669 1853 et
2702 1800 2962 1868 praesenti
2994 1814 3150 1864 voce,
3191 1799 3425 1854 arbitra-

155 1893 359 1946 νασθαι
387 1895 443 1946 δὲ
472 1896 597 1966 χρὴ,
644 1896 720 1957 ὡς
748 1896 828 1959 δὶς
855 1895 954 1966 τὴν
1010 1896 1262 1950 Ἰωάννου
1307 1895 1634 1965 ὁμωνυμίαν
1663 1894 1741 1964 τῷ

1851 1897 1934 1944 lus
1963 1904 2104 1942 sum.
2143 1907 2161 1940 ›
2190 1887 2502 1944 Notandum
2533 1903 2701 1958 porro
2730 1899 2835 1952 est.
2864 1890 2950 1946 bis
2972 1904 3098 1946 eum
3128 1892 3182 1945 in
3215 1890 3423 1960 scripto

159 1988 567 2056 συγγράμματι
619 1986 935 2055 καταλέγει·
971 1980 1046 2038 ὧν
1073 1987 1174 2055 τὴν
1212 1986 1314 2055 μὲν
1363 1990 1478 2049 τοῖς
1508 1989 1743 2039 ἀποστό-

155 2081 278 2142 λοις
331 2081 757 2148 συγκαταλέγει,
797 2081 872 2142 ὡς
917 2081 1040 2146 ἐξὸν
1085 2076 1226 2132 εἶναι
1253 2081 1348 2132 τὸν
1379 2080 1744 2149 ἠγαπημένον

156 2177 326 2227 νοεῖν·
358 2177 422 2245 τῇ
459 2175 516 2227 δὲ
570 2175 930 2244 προστίθησιν
974 2174 1325 2246 Ἀριστίωνα,
1357 2174 1454 2226 καὶ
1503 2173 1743 2243 πρεσϐύ-

157 2284 324 2336 τερον
352 2267 651 2335 ὀνομάζει·
704 2259 766 2320 οὗ
798 2283 942 2328 τινες
995 2267 1369 2334 ἀγνοήσαντες
1399 2268 1498 2336 τὴν
1531 2269 1744 2335 ὁμωνυ-

161 2360 319 2427 μίαν,
338 2361 436 2422 es;
467 2359 605 2429 μετά
635 2359 735 2430 τὴν
767 2359 993 2428 πρώτην
1017 2358 1110 2412 δύο
1140 2357 1462 2420 Ἐπιστολάς
1496 2357 1744 2411 Ἰωάννου

159 2452 260 2503 καὶ
288 2450 387 2520 τὴν
426 2449 795 2520 Ἀποκάλυψιν
826 2445 967 2502 εἶναι
1003 2449 1283 2518 ὲνόμισαν’
1313 2449 1369 2500 ὲν
1406 2448 1614 2516 Ἐφέσῳ
1638 2446 1747 2514 γὰρ

159 2545 260 2597 καὶ
290 2537 444 2606 οὗτος
471 2546 498 2596 ὁ
526 2544 896 2613 πρεσϐύτερος
930 2543 1226 2612 διατρίϐων
1250 2538 1339 2614 ἦν,
1374 2542 1504 2594 ἔνθα
1537 2541 1749 2596 καὶδύο

165 2639 430 2707 μνήματα
461 2638 617 2705 λόγος
643 2639 811 2690 είσέτι
849 2637 1122 2700 σώζεσθαι
1175 2638 1463 2706 ἀμφότερα
1500 2637 1748 2689 Ἰωάννου

164 2733 414 2798 μνημεῖα
441 2731 748 2800 ὁμωνύμως
772 2731 1067 2800 λεγόμενα.
1111 2731 1266 2783 Ἐπεὶ
1303 2729 1348 2782 δ’
1381 2731 1408 2782 ὁ
1459 2728 1750 2800 εἰρημένος

162 2823 390 2884 Παπίας
423 2825 513 2874 καὶ
560 2822 698 2876 ἄλλα
743 2821 867 2875 τινὰ
898 2820 1178 2891 παράδοξα
1229 2822 1437 2889 ἱστορεῖ
1467 2822 1585 2881 ταῖς
1625 2819 1752 2871 ἐαυ-

157 2913 260 2967 τοῦ
299 2914 526 2985 βίϐλοις,
553 2914 628 2976 ὠς
655 2915 720 2968 ὲκ
753 2914 1111 2984 παραδόσεως
1144 2913 1252 2966 τῶν
1279 2912 1386 2983 πρὸ
1428 2914 1639 2964 ἐκείνου
1668 2911 1750 2974 είς

162 3009 336 3061 αὑτὸν
364 3008 608 3071 ἐλθόντα,
639 3007 773 3076 φέρε
807 3007 904 3060 καὶ
939 3007 1066 3077 περὶ
1095 3005 1304 3060 τούτων
1335 3006 1543 3076 βραχέα
1567 3004 1753 3074 διαλη-

159 3098 429 3166 ψώμεθα.
475 3097 685 3150 Λύτίκα
722 3096 826 3168 γάρ
857 3095 951 3149 τὸν
986 3096 1128 3149 κατά
1159 3096 1258 3166 τὴν
1320 3096 1620 3164 Ἰεράπολιν
1661 3096 1752 3148 Φί-

162 3194 395 3252 λιππον,
433 3184 495 3243 οὗ
550 3191 772 3252 καὶτὰς
824 3191 1128 3260 θυγατέρας
1184 3189 1525 3260 προφήτιδας
1565 3188 1752 3243 εῐναιὸ

162 3285 332 3352 λόγος
355 3283 656 3352 διείληφεν,
688 3283 785 3335 ἕνα
809 3281 918 3335 τῶν
959 3282 1171 3336 δώδεκά
1207 3299 1374 3350 φησιν
1409 3282 1748 3346 ἀποστόλων,

162 3377 231 3431 οὑ
262 3376 374 3429 τῶν
396 3377 539 3429 ἑπτά
576 3375 864 3438 διακόνων,
891 3374 966 3437 ῶς
993 3375 1203 3436 Λουκᾶς
1230 3376 1287 3426 ὲν
1310 3374 1580 3445 Πράξεσιν
1606 3376 1748 3426 ἱστο-

169 3474 280 3542 ρεῖ.
325 3469 686 3538 Ὠμιληκέναι
721 3469 776 3520 δὲ
805 3467 900 3522 καὶ
932 3471 1053 3530 ταῖς
1098 3468 1311 3520 ἐκείνου
1340 3468 1641 3538 θυγατράσι
1666 3468 1754 3520 λέ-

166 3577 283 3628 γει·
323 3559 456 3625 παρ’
509 3554 583 3613 ῶν
633 3559 841 3628 γνῶναί
890 3576 1026 3627 φησι
1072 3559 1164 3611 καὶ
1221 3559 1417 3629 νεκροῦ
1453 3561 1752 3612 ἀνάστασιν

167 3652 299 3706 κατ’
331 3654 513 3704 ἐκεῖνο
559 3652 865 3721 γενομένην
913 3652 1131 3720 καιροῦ.
1177 3652 1311 3722 Περὶ
1347 3653 1446 3722 μέν
1477 3669 1563 3706 τοι
1614 3653 1755 3723 Βαρ-

155 3745 342 3807 σαϐἄ,
376 3745 434 3806 ὃς
466 3744 748 3814 ἐπεκλήθη
800 3743 1058 3806 Ἰοῦστος,
1087 3737 1147 3797 οὗ
1179 3747 1235 3796 αἱ
1271 3744 1507 3814 ιΙράξεις
1565 3746 1751 3814 μνείαν

165 3839 528 3907 πετοίηνται,
555 3837 727 3905 λέγει,
763 3837 834 3900 ὡς
865 3839 1196 3908 δηλητηρίου
1250 3839 1548 3908 φαρμάκου
1585 3839 1754 3909 ὑπέρ-

170 3949 329 4002 τερος
365 3930 523 4000 dy.qu
575 3931 663 3982 διὰ
695 3933 796 3998 τὴν
825 3931 917 3983 τοῦ
952 3933 1160 4000 Κυρίου
1216 3933 1377 4001 χάριν
1431 3931 1592 3985 πιών.
1644 3933 1754 3985 Καὶ

167 4025 310 4078 ἄλλα
343 4024 400 4078 δὲ
440 4024 671 4076 πλεῖστα
701 4022 775 4085 ῶς
809 4026 875 4076 ἐκ
905 4025 1258 4093 παραδόσεως
1289 4025 1540 4094 ἀγράφου
1573 4043 1756 4096 παρα-

166 4119 336 4181 ϐολάς
371 4134 523 4179 τινας
546 4117 641 4169 καὶ
669 4115 1023 4180 διδασκαλίας
1052 4116 1146 4170 τοῦ
1188 4118 1463 4188 Σωτῆρος,
1515 4118 1607 4169 καί
1631 4135 1754 4170 τινα

165 4212 310 4267 ἀλλα
351 4211 427 4272 ὡς
475 4211 539 4263 ἂν
595 4209 974 4281 μυθικώτερον
1027 4212 1252 4282 ἱστορεῖ.
1306 4213 1415 4264 Καὶ
1463 4211 1678 4282 χιλιάδα
1710 4213 1754 4266 δ’

169 4303 314 4356 ἑτῶν
364 4300 588 4354 ἔσεσθαι
625 4302 768 4370 μετὰ
815 4304 914 4371 τὴν
955 4304 1018 4354 ὲκ
1056 4303 1269 4373 νεκρῶν
1313 4303 1605 4357 ἀνάστασιν
1653 4304 1756 4373 τῆς

167 4395 422 4463 Χριστοῦ
459 4395 736 4465 βασιλείας
769 4394 1226 4463 σωματικώτερον
1256 4397 1347 4448 ἐπὶ
1377 4399 1610 4468 ταυτησὶ
1653 4399 1754 4467 τῆς

169 4490 280 4556 γῆς
308 4487 789 4555 ὑποστησομένης·
814 4484 1018 4555 ἃοῖμαι
1039 4488 1385 4556 ἀγνοήσαντα
1408 4489 1474 4542 τὰ
1497 4492 1554 4542 ὲν
1581 4492 1757 4558 ἐπαγ-

1846 1983 1950 2038 hoc
1982 1983 2211 2038 Joannis
2240 1985 2462 2038 nomine
2489 1984 2567 2037 uti
2607 1999 2622 2036 :
2659 1983 2841 2053 primo
2866 1983 3114 2053 quidem,
3158 1984 3249 2038 ubi
3279 1999 3420 2053 apo-

1846 2077 2112 2130 stolorum
2183 2076 2656 2131 nomenclaturam
2710 2075 2969 2142 instituit,
3035 2085 3097 2134 ut
3155 2076 3420 2132 dilectum

1847 2168 2001 2222 illum
2058 2169 2367 2240 intelligere
2428 2170 2636 2235 liceat;
2701 2168 2948 2226 secundo
3010 2178 3192 2225 autem
3255 2170 3418 2232 loco,

1847 2260 2181 2315 Aristionem
2235 2271 2291 2316 et
2339 2261 2610 2317 Joannem
2669 2263 2876 2334 adjicit,
2933 2271 2988 2318 et
3037 2265 3421 2335 presbyterum

1847 2361 2027 2409 vocat.
2084 2351 2254 2424 Cujus
2301 2353 2526 2423 quidam
2583 2353 2903 2424 ignorantes
2944 2369 3242 2410 commune
3297 2370 3424 2410 cum

1849 2446 2096 2514 apostolo
2122 2461 2344 2510 nomen,
2370 2446 2704 2517 posteriores
2722 2448 2860 2503 duas
2895 2448 3124 2505 Joannis
3150 2449 3424 2520 Epistolas

1850 2542 1906 2587 et
1937 2535 2318 2606 Apocalypsim
2375 2537 2622 2607 apostolo
2669 2538 2768 2608 ipsi
2803 2539 3194 2611 ascripserunt.
3225 2543 3426 2611 Ephesi

1852 2642 2088 2697 namque
2138 2629 2424 2701 presbyter
2469 2646 2690 2701 quoque
2740 2634 2844 2687 iste
2895 2634 3054 2701 vixit,
3105 2635 3197 2689 ubi
3254 2637 3423 2691 etiam

1852 2736 1999 2776 nunc
2021 2721 2131 2774 duo
2153 2733 2371 2779 exstare
2403 2724 2665 2780 dicuntur
2685 2738 3063 2795 monumenta,
3087 2746 3210 2802 qua:
3227 2731 3420 2786 eodem

1853 2814 2076 2868 nomine
2123 2813 2353 2885 Joannis
2410 2817 2684 2874 feruntur.
2729 2808 3185 2893 Quandoquidem
3245 2835 3426 2881 autem

1856 2905 1999 2959 idem
2049 2905 2244 2978 Papias
2297 2909 2401 2963 alia
2455 2926 2674 2982 quoque
2703 2914 3023 2969 admiranda
3058 2917 3309 2986 quaedam
3370 2919 3426 2972 in

1853 2997 2009 3052 libris
2049 3002 2164 3054 suis
2218 3003 2407 3068 refert,
2457 3019 2486 3056 a
2542 3005 2932 3062 decessoribus
2967 3009 3083 3062 suis
3106 3025 3204 3079 per
3236 3027 3430 3066 manus

1855 3090 1962 3144 sibi
2001 3092 2221 3160 tradita,
2253 3094 2484 3164 agedum
2504 3095 2571 3152 de
2601 3099 2681 3152 eis
2702 3114 2921 3170 quoque
2956 3118 3126 3172 pauca
3157 3104 3426 3159 dicamus.

1859 3182 2058 3238 Statim
2086 3185 2234 3238 enim
2267 3187 2606 3257 Philippum,
2655 3205 2781 3244 eum
2822 3192 2916 3260 qui
2958 3193 3234 3264 Hierapoli
3300 3196 3426 3263 fuit,

1856 3285 1912 3329 et
1949 3275 2089 3330 tilias
2115 3278 2514 3348 prophetissas,
2559 3289 2615 3334 ut
2649 3291 2808 3340 antea
2836 3283 3044 3340 dictum
3079 3295 3185 3349 est,
3215 3287 3427 3351 habuit,

1858 3382 2028 3421 unum
2061 3384 2128 3422 ex
2155 3369 2450 3425 duodecim
2497 3375 2796 3442 apostolis,
2829 3391 2937 3430 non
2988 3393 3051 3433 ex
3082 3389 3291 3450 septem
3324 3382 3433 3436 illis

1854 3459 2121 3527 diaconis,
2156 3477 2296 3534 quos
2330 3464 2382 3516 in
2418 3464 2567 3518 Actis
2604 3478 2854 3523 recenset
2885 3467 3083 3534 Lucas,
3117 3471 3285 3526 fuisse
3318 3488 3434 3528 me-

1855 3563 2073 3619 morat;
2100 3562 2154 3607 et
2184 3568 2241 3608 se
2272 3569 2395 3607 cum
2433 3556 2651 3612 filiabus
2677 3558 2794 3628 ejus
2831 3560 3161 3616 collocutum
3192 3579 3311 3618 esse
3334 3566 3430 3631 ait,

1857 3649 2004 3698 unde
2045 3645 2380 3701 intellexerit
2411 3656 2568 3704 aatate
2606 3665 2670 3704 ea
2712 3661 2986 3708 mortuum
3013 3657 3307 3724 quemdam
3343 3676 3432 3714 re-

1859 3738 2189 3794 surrexisse.
2239 3741 2315 3795 De
2365 3739 2600 3796 Barsaba
2630 3758 2762 3800 sane
2803 3747 3027 3814 quidem
3055 3789 3068 3811 ,
3117 3752 3210 3819 qui
3243 3750 3432 3808 Justus

1858 3829 2275 3899 cognominatus
2297 3843 2401 3895 est,
2423 3843 2479 3888 et
2501 3836 2657 3905 cujus
2691 3837 2742 3890 in
2770 3838 2921 3893 Actis
2951 3838 3012 3893 tlt
3037 3844 3264 3908 mentio,
3297 3845 3428 3902 iilnd

1858 3922 2043 3987 refert,
2079 3924 2247 3991 quod,
2286 3940 2500 3980 veneno
2544 3927 2806 3997 pestifero
2847 3930 3066 3997 hausto,
3118 3935 3255 3988 nihil
3309 3951 3433 3989 scn-

1858 4014 1995 4070 serit
2035 4028 2132 4084 per
2168 4014 2382 4072 Domini
2429 4021 2659 4088 gratiam
2697 4023 3036 4081 detrimenti.
3084 4026 3190 4081 Sed
3224 4037 3278 4081 et
3329 4031 3434 4084 alia

1857 4106 2094 4180 plurima
2121 4123 2187 4162 ex
2207 4111 2478 4179 majorum
2503 4112 2620 4166 sine
2638 4113 2846 4183 scripto
2872 4117 3168 4172 traditione
3186 4131 3432 4200 accepta,

1858 4209 1919 4251 ut
1947 4200 2237 4267 parabolas
2268 4210 2325 4258 et
2374 4202 2654 4260 doctrinas
2703 4206 3010 4264 Servatoris
3040 4212 3329 4282 quasdam,
3377 4225 3433 4268 et

1860 4289 1990 4345 item
2047 4293 2150 4346 alia
2198 4293 2444 4350 fabulose
2497 4302 2734 4366 quodam
2782 4301 2944 4354 modo
3011 4316 3427 4363 commemorat.

1860 4383 2002 4438 Mille
2033 4401 2252 4456 quoque
2287 4403 2555 4442 annorum
2613 4401 2733 4466 post
2788 4404 3131 4448 mortuorum
3184 4413 3428 4454 resurrcs

1863 4478 2100 4532 ctionem
2155 4480 2273 4534 fore
2304 4480 2437 4535 dicit
2490 4483 2690 4537 Christi
2757 4500 3023 4555 regnum,
3072 4494 3434 4560 corporaliter

170 4581 390 4650 γελίαις
419 4579 688 4648 εἰρημένα
720 4580 1021 4646 μυστικῶς,
1054 4583 1365 4650 παχύτερον
1408 4582 1750 4637 ὲκλαϐέσθαι·

1867 4571 1918 4623 in
1947 4571 2046 4625 hac
2078 4579 2218 4625 terra
2242 4573 2678 4640 producendum,
2709 4588 2853 4645 quou
2880 4579 3054 4644 illum,
3091 4582 3431 4651 ignorantem

170 4671 276 4722 ἁτε
305 4669 371 4734 δη
402 4669 499 4718 καὶ
544 4668 635 4717 τὸν
667 4665 793 4718 νοῦν
822 4665 1088 4732 τοιοῦτος,
1118 4669 1192 4726 ῶς
1243 4671 1308 4720 ὲκ
1337 4670 1445 4722 τῶν
1474 4671 1638 4723 αὑτοῦ
1665 4670 1756 4721 λό-

171 4779 295 4829 γων
329 4756 829 4827 τεκμηριώσασθαι
856 4757 1033 4822 ἔξεστι
1054 4775 1068 4790 ο
1108 4759 1247 4829 πλὴν
1289 4761 1516 4822 πολλοὺς
1551 4763 1633 4823 είς
1665 4763 1758 4816 τὸν

168 4853 367 4920 ὅμοιον
400 4849 563 4916 ζῆλον
595 4848 816 4901 εἵλκυσε
849 4850 909 4899 τὸ
941 4851 1168 4917 ἀρχαῖον
1203 4849 1295 4902 τοῦ
1327 4851 1521 4918 ἀνδρδς
1572 4852 1758 4904 αἰδου-

175 4946 383 5013 μένους
406 4940 622 5011 ·ῶσπερ
643 4936 735 4994 οὖν
762 4941 1071 5011 Εἰρηναῖος,
1099 4942 1192 4994 καὶ
1215 4945 1268 4994 εί
1285 4961 1365 5006 τις
1388 4944 1544 5006 ἄλλος
1565 4946 1758 5015 ἐκείνῳ

170 5037 381 5102 ἐπίσης
421 5035 634 5103 φρονῶν
657 5033 988 5101 ὲναπέφηνε.
1019 5034 1130 5086 Καὶ
1160 5033 1316 5085 ἄλλαι
1347 5035 1402 5087 δὲ
1430 5037 1758 5103 παραδόσεις

170 5133 240 5180 ὲκ
275 5128 390 5178 τῶν
427 5124 919 5194 προδεδηλωμένων
962 5125 1310 5194 Ἀριστίωνος
1344 5127 1438 5178 καὶ
1466 5127 1559 5180 τοῦ
1591 5143 1761 5196 πρεσ-

171 5223 416 5288 ϐυτέρου
461 5220 712 5275 Ἰωάννου
743 5217 886 5286 ἔχειν
921 5219 1108 5287 φησίν·
1133 5219 1218 5285 ἐφ’
1249 5217 1313 5278 ἃς
1361 5217 1486 5280 τοὺς
1527 5218 1760 5286 φιλομα-

171 5315 296 5371 θεῖς
327 5312 828 5380 παραπέμψαντες,
861 5310 1179 5376 ἀναγκαίως
1214 5309 1249 5362 ἆ
1287 5327 1417 5380 φησι
1445 5314 1572 5379 περὶ
1606 5313 1760 5381 Μάρ-

172 5424 279 5456 κου
314 5404 412 5455 καὶ
447 5403 733 5458 Ματθαίου
788 5403 895 5453 τῶν
949 5403 1357 5469 εὑαγγελιστῶν
1396 5402 1752 5471 διαλήψομαι.

169 5501 350 5563 Λέγει
384 5496 440 5546 δὲ
475 5495 638 5546 οὕτω·
679 5513 698 5545 ι
751 5495 862 5548 Kal.
909 5497 1056 5547 τοῦθ’
1086 5499 1114 5546 ὸ
1160 5495 1528 5564 πρεσϐύτερος
1575 5498 1760 5564 ἔλεγεν

183 5589 474 5655 Ἰωάννης·
511 5587 738 5657 Μάρκος
773 5587 873 5655 μὲν
907 5587 1249 5656 ἑρμηνευτὴς
1291 5587 1496 5655 Πέτρου
1529 5587 1756 5654 γενόμε.

170 5698 298 5743 νος,
328 5682 429 5732 δσα
456 5680 891 5752 ἐμνημόνευσεν,
924 5680 1169 5749 ἀκριϐῶς
1215 5682 1474 5749 ἔγραψεν.
1517 5682 1589 5733 Οὐ
1634 5681 1761 5750 μέν-

1866 4665 2263 4732 promissiones
2290 4681 2491 4720 arcano
2523 4670 2759 4739 quodam
2801 4673 3060 4742 mysterio
3090 4688 3211 4728 esse
3258 4675 3436 4730 editas

1866 4757 1938 4808 ita
1980 4757 2220 4811 crassius
2276 4761 2555 4827 accepisse
2600 4761 2797 4826 credo,
2867 4763 3069 4832 quippe
3111 4765 3204 4833 qui
3253 4781 3434 4820 mente

1864 4850 1976 4906 acri
2006 4865 2112 4902 non
2167 4850 2354 4912 fuerit,
2399 4851 2453 4906 id
2483 4853 2628 4920 quod
2682 4868 2746 4907 ex
2801 4853 2957 4909 libris
3000 4856 3118 4925 ejus
3159 4858 3433 4927 conjicere

1864 4943 2026 5005 licet;
2058 4947 2260 4996 multos
2292 4955 2470 4998 tamen
2520 4947 2574 4998 in
2602 4947 2848 4999 eamdem
2884 4950 3309 5013 aemulationem,
3339 4968 3433 5004 ve-

1868 5044 2125 5089 tustatem
2187 5037 2289 5089 viri
2338 5038 2653 5100 admiratus,
2721 5041 3022 5107 pertraxit:
3061 5041 3221 5111 253
3271 5045 3432 5096 sienti

1865 5126 2127 5191 lremeus,
2167 5137 2224 5181 et
2269 5131 2313 5182 si
2365 5132 2490 5199 quis
2547 5142 2809 5200 praeterea
2856 5134 2999 5187 alius
3026 5137 3270 5204 ejusdem
3305 5154 3430 5192 cum

1866 5218 1959 5270 illo
1985 5228 2070 5271 est
2100 5221 2387 5273 sententiae
2435 5229 2491 5274 et
2521 5222 2800 5290 opinionis
2847 5225 2948 5293 (l),
2982 5227 3242 5279 ostendit.
3290 5229 3432 5294 Quin

1865 5310 1999 5364 alias
2035 5313 2196 5363 etiam
2229 5325 2309 5377 Se,
2344 5313 2412 5366 ab
2449 5313 2529 5367 eis
2560 5315 2650 5381 qui
2694 5315 2825 5368 dicti
2860 5328 2986 5369 sunt
3012 5358 3025 5382 ,
3078 5319 3352 5374 Aristione
3381 5332 3437 5378 et

1867 5403 2188 5472 presbytero
2227 5403 2474 5468 Joanne,
2511 5407 2835 5462 traditiones
2887 5408 3090 5463 habere
3132 5410 3267 5464 dicit
3299 5432 3310 5465 :
3365 5416 3433 5471 ad

1868 5510 2003 5562 quas
2033 5495 2313 5549 studiosos
2345 5498 2622 5565 rejiciens,
2643 5515 2763 5568 qua:
2788 5500 2855 5554 de
2886 5500 3064 5554 Marco
3098 5512 3153 5555 et
3185 5503 3435 5560 Mattiaco

1867 5589 2215 5655 evangelistis
2241 5591 2426 5652 tradit,
2451 5595 2762 5647 necessario
2793 5593 2879 5646 hic
2913 5599 3288 5663 persequenda
3312 5614 3433 5653 esse

1869 5683 2074 5748 putavi.
2121 5681 2198 5734 Ita
2233 5685 2376 5736 enim
2409 5685 2601 5738 scribit
2643 5702 2656 5738 :
2721 5704 2738 5737 ι
2783 5687 2897 5741 lloc
2930 5703 3149 5757 quoque
3194 5686 3432 5749 Joannes

249 5868 335 5935 (Ι)
369 5867 470 5931 Qui
491 5866 768 5932 opinionis
793 5874 847 5920 et
884 5866 1108 5918 haeresis
1139 5865 1259 5936 ejus
1281 5880 1430 5930 sunt,
1452 5867 1741 5921 Χιλιασταὶ

1851 5884 1908 5920 oc
1940 5879 2041 5931 est,
2078 5867 2367 5924 .\lilienarii
2412 5868 2691 5928 dicmitur.

433 5963 702 6021 1Ἀτιιοι..
745 5965 862 6021 (in.
929 5963 1138 6020 CXLV.

3107 5957 3187 6023 30
