4202 6444
169 401 274 466 937

1101 403 1710 468 ΕΕΟΕΕΞΙΑΒΤΙΟΕ
1753 399 2145 460 HISTORLE
2189 400 2333 460 LIB.
2379 400 2490 460 IlI.

3313 396 3416 464 938

166 512 574 582 ἐμνημόνευσα,
601 514 889 581 συντάξαι,
917 531 1037 579 ταις
1061 517 1383 587 ἑρμηνείαις
1403 513 1748 569 διαϐεϐαιού-

1861 512 1998 577 lavi,
2025 513 2314 567 veritatem
2351 528 2544 567 eorum
2588 511 3038 582 interpretatione
3065 514 3420 570 conﬁrmans.

169 619 327 674 μενος
355 607 498 675 ὑπὲρ
547 607 728 659 αὐτῶν
779 607 1064 677 ἀλήθειαν.
1114 610 1189 662 Οὐ
1250 609 1359 678 γάρ
1413 610 1525 670 τοῖς
1575 605 1747 659 πολλά

165 695 419 762 λεγουσιν
449 696 694 764 ἔχαιρον,
750 695 944 768 ὥσπερ
985 699 1036 751 oi
1085 699 1292 762 πολλοὶ,
1325 697 1463 751 ἀλλά
1497 699 1610 760 τοῖς
1655 696 1750 748 τά-

165 787 306 857 ληθῆ
336 788 700 842 διδάσκουσιν·
751 790 874 844 οὐδὲ
913 793 1028 854 τοῖς
1051 794 1151 854 τάς
1190 792 1484 861 ἀλλοτρίας
1528 789 1751 851 ὶντολάς

169 881 630 949 μνημονεύουσιν,
664 883 801 937 ἀλλά
831 886 944 946 τοῖς
975 885 1074 946 τάς
1120 885 1272 954 παρά
1305 883 1400 938 τοῦ
1443 883 1650 954 Κυρίου
1681 884 1747 952 τῇ

167 971 356 1025 πίστει
404 975 720 1044 δεδομένας,
755 977 849 1029 καὶ
895 976 1028 1047 παρ’
1061 977 1238 1045 αὐτῆς
1287 977 1747 1045 παραγινομένοις

166 1063 270 1131 τῆς
305 1067 591 1133 ἀληθείας.
623 1069 685 1120 Et
731 1069 790 1121 δέ
825 1087 929 1122 που
981 1070 1078 1124 καὶ
1130 1068 1636 1140 παρηκολουθηκώς
1665 1083 1751 1129 τις

166 1164 279 1220 τοῖς
310 1161 707 1229 πρεσϐυτέροις
739 1162 905 1224 ἔλθοι,
933 1164 1062 1225 τοὺς
1087 1161 1197 1215 τῶν
1221 1160 1609 1232 πρεσϐυτέρων
1632 1161 1756 1213 ἀνί-

167 1269 362 1320 κρινον
389 1254 605 1320 λόγουςο
635 1257 687 1306 τί
731 1255 1010 1326 Ἀνδρέας,
1044 1255 1078 1325 ἢ
1107 1255 1159 1307 τί
1193 1256 1399 1321 Πέτρος
1431 1250 1607 1318 εἶπεν,
1635 1253 1668 1322 ἢ
1698 1251 1750 1304 τί

168 1346 394 1413 Θωμᾶς,
430 1348 461 1415 ἢ
493 1348 792 1410 Φίλιππος,
821 1349 852 1418 ἢ
905 1348 958 1400 τί
998 1349 1202 1417 Σίμων,
1251 1347 1284 1416 ἢ
1332 1346 1608 1411 Ἰάκωόος,
1639 1345 1670 1414 ἢ
1699 1346 1751 1398 τί

182 1439 461 1509 Ἰωάννης,
498 1441 530 1510 ἢ
565 1443 861 1503 Ματθαῖος·
891 1441 927 1512 ἡ
953 1459 1037 1504 τις
1067 1441 1254 1512 ἔτερος
1282 1439 1391 1491 τῶν
1422 1439 1516 1491 τοῦ
1544 1439 1751 1509 Κυρίου

173 1529 458 1598 μαθητῶν,
494 1532 528 1583 ὃ.
556 1548 614 1582 τε
659 1532 954 1601 Ἀριστίων
976 1534 1069 1583 καὶ
1095 1533 1122 1584 ὁ
1155 1530 1526 1600 πρεσὸύτερος
1575 1531 1754 1582 Ἰωάν-

169 1638 292 1688 νης,
322 1621 416 1672 τοῦ
462 1623 671 1691 Κυρίου
705 1623 972 1694 μαθηταὶ,
1006 1622 1281 1687 λέγουσιν.
1311 1621 1387 1673 Οὐ
1431 1621 1541 1688 γὰρ
1581 1619 1652 1672 τά
1689 1623 1755 1673 ἐκ

169 1713 280 1764 τῶν
310 1711 532 1781 βιϐλίων
564 1715 818 1768 τοσοῦτόν
847 1732 912 1784 με
939 1714 1170 1782 ὼῳελεῑν
1197 1712 1603 1783 ὑπελάμϐανον,
1630 1713 1755 1765 ὅσον

168 1807 237 1856 τά
268 1806 421 1876 παρά
463 1805 649 1877 ζώσης
678 1809 864 1875 φωνῆς
910 1810 1006 1861 καὶ
1045 1813 1338 1876 μενούσης.
1379 1825 1397 1858 ι
1446 1805 1756 1877 Ἐπισημή-

1853 604 1952 657 tibi
2005 619 2303 672 exponere.
2364 603 2587 658 Minime
2616 605 2762 659 enim
2797 603 2864 660 iis
2917 620 3060 672 sum,
3117 616 3176 661 ut
3230 609 3424 676 vulgus

1853 695 2137 748 hominum
2164 696 2325 758 soiet,
2360 694 2684 759 delectatus,
2710 697 2802 761 qui
2835 696 3005 751 multa
3033 695 3303 763 dicerent,
3331 699 3425 753 sed

1852 788 1944 858 qui
1990 803 2117 843 vera
2160 788 2471 843 docerent:
2505 803 2685 859 neque
2725 790 2820 859 qui
2854 790 3052 855 aliena,
3106 792 3201 846 sed
3248 793 3342 861 qui
3397 806 3424 845 a

1855 883 2108 947 Domino,
2134 889 2191 937 et
2211 884 2279 938 ab
2300 885 2381 938 eis
2411 883 2616 952 quibus
2648 897 2772 938 cum
2808 883 2923 954 ipsa
2941 883 3172 938 veritate
3193 898 3430 939 consue~

1853 974 1988 1028 tudo
2015 973 2140 1038 fuit,
2164 973 2233 1027 de
2260 973 2364 1029 nde
2387 973 2586 1028 tradita
2611 980 2886 1042 praecepta
2903 981 3424 1030 commemorarent.

1853 1066 2015 1137 252
2039 1065 2195 1132 Quod
2231 1065 2275 1120 si
2308 1065 2526 1136 quando
2555 1064 2758 1134 aliquis
2783 1063 3226 1135 presbyterorum
3253 1073 3429 1120 secta-

1855 1169 1941 1214 tor
1971 1160 2279 1224 adveniret,
2328 1172 2521 1212 eorum
2554 1157 2798 1226 ipsorum
2831 1157 3176 1227 requirebam
3219 1173 3429 1214 sermo,

1855 1266 1956 1307 nes
1989 1269 2002 1304 :
2032 1251 2164 1320 quid
2197 1251 2403 1306 scilicet
2444 1249 2714 1314 Andreas,
2751 1249 2889 1320 quid
2928 1249 3125 1304 Petrus
3156 1250 3426 1306 dixisset:

1854 1346 1987 1414 quid
2029 1344 2288 1411 Thomas,
2320 1353 2414 1398 aut
2437 1343 2747 1414 Philippus,
2783 1353 2878 1398 aut
2905 1343 3118 1408 Simon,
3155 1353 3250 1399 aut
3277 1343 3434 1400 Jaco-

1856 1439 2003 1492 bus:
2036 1444 2131 1490 aut
2183 1437 2312 1504 quid
2346 1437 2612 1500 Joannes,
2664 1445 2759 1490 aut
2809 1435 3116 1502 Mattheus,
3152 1445 3248 1493 aut
3297 1436 3431 1506 quid

1856 1526 1997 1580 alius
2043 1527 2336 1596 quisquam
2390 1526 2607 1580 Domini
2662 1524 3099 1595 discipulorum:
3147 1535 3243 1580 aut
3296 1526 3431 1596 quid

1855 1619 2020 1672 etiam
2048 1617 2311 1681 Aristion,
2338 1617 2653 1675 etJoanncs
2687 1619 2994 1689 presbyter,
3028 1627 3083 1674 et
3120 1619 3222 1688 ipsi
3267 1619 3434 1674 disci-

1858 1709 1971 1779 puli
2004 1708 2217 1764 Domini
2249 1708 2455 1764 dicant.
2515 1709 2636 1765 Non
2687 1711 2836 1766 enim
2891 1719 3104 1766 tantum
3141 1725 3228 1766 me
3277 1711 3434 1765 libris

1860 1803 2129 1873 adjuvari,
2170 1812 2438 1872 quantum
2475 1803 2598 1857 viva
2624 1812 2680 1858 et
2712 1805 2973 1873 praesenti
3005 1819 3161 1870 voce,
3202 1804 3436 1859 arbitra-

168 1899 370 1951 νασθαι
397 1900 454 1952 δὲ
482 1901 607 1971 χρὴ,
654 1901 731 1963 ὡς
759 1901 840 1964 δὶς
866 1901 964 1971 τὴν
1021 1901 1273 1954 Ἰωάννου
1317 1900 1645 1970 ὁμωνυμίαν
1673 1899 1752 1970 τῷ

1861 1902 1945 1949 lus
1974 1909 2115 1948 sum.
2154 1912 2172 1946 ι
2200 1892 2513 1948 Notandum
2544 1908 2712 1962 porro
2741 1904 2846 1956 est.
2875 1895 2961 1951 bis
2983 1909 3109 1951 eum
3139 1897 3193 1949 in
3226 1895 3434 1965 scripto

173 1993 578 2061 συγγράμματι
630 1991 945 2060 καταλέγει·
981 1985 1057 2044 ὦν
1085 1992 1185 2060 τὴν
1223 1990 1326 2060 μὲν
1374 1995 1489 2055 τοῖς
1519 1994 1754 2045 ἀποστό-

167 2087 290 2147 λοις
341 2087 767 2154 συγκαταλέγει,
808 2086 882 2148 ὼς
929 2086 1050 2152 ὲξδν
1096 2081 1237 2138 εἶναι
1265 2086 1359 2138 τὸν
1391 2085 1754 2155 ἠγαπημένον

168 2183 336 2232 νοεῖν·
369 2182 433 2250 τῇ
469 2180 525 2233 δὲ
579 2180 940 2250 προστίθησιν
985 2179 1336 2251 Ἀριστίωνα,
1368 2179 1464 2231 καὶ
1514 2178 1754 2248 πρεσϐύ-

170 2289 335 2342 τερον
363 2271 624 2340 ὀνομάζει
649 2288 662 2301 ⁸
714 2264 777 2325 οὗ
809 2288 953 2333 τινες
1005 2273 1380 2339 ἀγνοήσαντες
1411 2273 1508 2342 τὴν
1542 2274 1754 2340 ὁμωνυ-

174 2365 330 2434 μίαν,
350 2367 447 2427 τάς
478 2364 615 2434 μετά
645 2364 746 2436 τὴν
778 2364 1004 2434 πρώτην
1029 2363 1121 2417 δύο
1151 2363 1474 2426 Ἐπιστολάς
1507 2362 1755 2416 Ἰωάννου

172 2458 272 2508 καὶ
300 2455 398 2525 τὴν
437 2454 806 2525 Ἀποκάλυψιν
837 2450 978 2507 εἶναι
1013 2454 1294 2523 ὲνόμισαν’
1324 2455 1380 2505 ὲν
1417 2453 1625 2521 Ἐφέσῳ
1648 2452 1758 2519 γὰρ

172 2551 272 2602 καὶ
301 2543 455 2611 οὗτος
482 2551 509 2602 ὀ
537 2548 907 2618 πρεσϐύτερος
941 2548 1236 2618 διατρίὸων
1261 2543 1351 2619 ἦν,
1385 2547 1515 2600 ἔνθα
1548 2546 1760 2600 καὶδύο

179 2644 441 2713 μνήματα
471 2642 628 2710 λόγος
654 2645 822 2696 εἰσέτι
859 2642 1133 2705 σώζεσθαι
1185 2643 1474 2711 ἀμφότερα
1511 2642 1759 2694 Ἰωάννου

177 2738 424 2804 μνημεῖα
452 2736 759 2805 ὁμωνύμως
784 2736 1078 2805 λεγόμενα.
1122 2735 1277 2787 Ἐπεὶ
1314 2735 1360 2787 δ’
1393 2736 1420 2786 ὁ
1470 2733 1761 2804 είρημένος

176 2828 400 2889 Παπίας
432 2830 524 2880 καὶ
571 2827 708 2881 ἄλλα
753 2827 878 2880 τινά
909 2825 1189 2896 παράδοξα
1240 2827 1449 2893 ίστορεϊ
1478 2827 1596 2886 ταῖς
1636 2825 1764 2876 ἐαυ-

170 2919 271 2972 τοῦ
310 2919 538 2991 βίϐλοις,
564 2919 638 2982 ὡς
667 2920 731 2973 ἐκ
765 2919 1122 2988 παραδόσεως
1154 2917 1263 2971 τῶν
1290 2917 1398 2987 πρὸ
1439 2919 1650 2969 ἐκείνου
1679 2917 1761 2979 είς

175 3015 346 3066 αὐτὸν
375 3014 619 3076 ἐλθόντα,
650 3013 784 3080 φέρε
817 3012 915 3065 καὶ
949 3013 1077 3082 περὶ
1107 3011 1315 3064 τούτων
1345 3011 1554 3081 βραχέα
1579 3009 1764 3079 διαλη-

172 3103 439 3172 ιᾇριὶνμεθα.
486 3103 695 3155 Αὐτίκα
733 3101 837 3173 γὰρ
869 3099 962 3154 τὸν
997 3101 1140 3154 κατά
1170 3101 1269 3171 τὴν
1332 3101 1632 3169 Ἰεράπολιν
1673 3101 1764 3153 Φί-

175 3199 405 3257 λιππον,
443 3189 506 3248 οὗ
561 3195 783 3257 καὶτὰς
836 3195 1139 3265 θυγατέρας
1195 3194 1536 3265 προφήτιδας
1576 3193 1764 3248 εῐναιὸ

175 3289 343 3357 λόγος
366 3288 668 3357 διείληφεν,
698 3288 796 3340 ἕνα
820 3286 928 3340 τῶν
970 3287 1182 3341 δώδεκά
1218 3303 1385 3354 φησιν
1420 3286 1760 3351 ἀποστόλων,

175 3383 243 3436 οὺ
274 3381 385 3434 τῶν
408 3381 550 3433 ἑτιτά
587 3380 875 3444 διακόνων,
901 3379 977 3442 ὼς
1005 3381 1214 3442 Λουκᾶς
1241 3381 1298 3430 ὲν
1321 3379 1591 3450 Πράξεσιν
1617 3381 1760 3431 ἱστο-

181 3479 292 3547 ρεῖ.
337 3475 697 3543 Ὠμιληκέναι
731 3473 787 3525 δὲ
815 3472 910 3527 καὶ
943 3475 1064 3535 ταῖς
1109 3473 1322 3525 ἐκείνου
1351 3473 1652 3543 θυγατράσι
1677 3473 1766 3526 λέ-

177 3583 294 3634 γει·
335 3564 467 3630 παρ’
519 3559 594 3618 ὦν
643 3564 852 3633 γνῶναί
901 3581 1037 3632 φησι
1083 3564 1175 3616 καὶ
1232 3564 1428 3634 νεκροῦ
1465 3566 1763 3618 ἀνάστασιν

178 3657 310 3711 κατ’
343 3659 524 3710 ἐκεῖνο
570 3657 876 3726 γενομένην
924 3657 1142 3725 καιροῦ.
1189 3657 1322 3727 Περὶ
1358 3658 1458 3728 μέν
1488 3674 1574 3710 τοι
1626 3658 1766 3729 Βαρ-

173 3751 354 3812 σαῦᾶ,
387 3750 444 3812 ὃς
476 3750 758 3819 ἐπεκλήθη
811 3748 1070 3811 Ἰοῦστος,
1098 3742 1159 3802 οὗ
1190 3751 1246 3802 αἱ
1282 3750 1518 3819 ιιράξεις
1576 3751 1762 3819 μνείαν

179 3844 538 3912 πεποίηνται,
566 3842 737 3910 λέγει,
773 3842 845 3905 ὡς
876 3844 1208 3914 δηλητηρίου
1261 3844 1560 3913 φαρμάκου
1596 3844 1766 3914 ὺπέρ-

185 3955 340 4006 τερος
376 3935 534 4005 ὥιρθη
587 3937 674 3988 διά
706 3938 807 4003 τὴν
837 3935 928 3988 τοῦ
963 3938 1171 4005 Κυρίου
1226 3938 1388 4006 χάριν
1442 3936 1603 3990 πιών.
1656 3939 1766 3990 Καὶ

183 4030 322 4082 ἀλλα
355 4029 411 4083 δὲ
451 4029 682 4081 πλείστα
711 4027 786 4090 ὡς
820 4031 886 4080 ὲκ
916 4029 1270 4099 παραδόσεως
1301 4030 1551 4099 ἀγράφου
1584 4047 1768 4100 παρα-

183 4124 348 4186 σολάς
383 4139 534 4185 τινας
558 4122 652 4174 καὶ
680 4121 1034 4184 διδασκαλίας
1063 4121 1158 4175 τοῦ
1199 4123 1474 4192 Σωτῆρος,
1526 4123 1618 4174 καί
1642 4139 1766 4175 τινα

185 4217 322 4272 ἀλλα
362 4216 438 4277 ὡς
486 4217 550 4268 ἂν
606 4214 985 4286 μυθικώτερον
1038 4217 1263 4287 ἱστορεῖ.
1317 4218 1427 4268 Καὶ
1474 4216 1690 4287 χιλιάδα
1721 4218 1766 4271 δ’

187 4308 327 4361 ἑτῶν
376 4306 599 4359 ἔσεσθαι
637 4307 779 4375 μετὰ
827 4309 925 4376 τὴν
966 4310 1029 4360 ὲκ
1067 4308 1281 4378 νεκρῶν
1325 4309 1616 4362 ἀνάστασιν
1664 4309 1767 4378 τῆς

188 4400 434 4469 Χριστοῦ
471 4400 747 4470 βασιλείας
779 4399 1238 4468 σωματικὼτερον
1267 4402 1358 4453 ἐπὶ
1388 4404 1621 4474 ταυτησὶ
1663 4404 1765 4472 τῆς

188 4495 293 4561 γῆς
320 4493 800 4560 ὑποστησομένης·
825 4489 1028 4561 ἀοῖμαι
1050 4492 1396 4560 ἀγνοήσαντα
1419 4493 1486 4547 τὰ
1509 4497 1564 4546 ἐν
1593 4496 1769 4564 ἐπαγ-

1857 1989 1962 2044 hoc
1993 1988 2222 2043 Joannis
2251 1989 2473 2043 nomine
2500 1989 2578 2042 uti
2618 2004 2633 2042 :
2669 1988 2852 2058 primo
2878 1988 3125 2058 quidem,
3168 1989 3259 2043 ubi
3290 2004 3430 2058 apo-

1857 2082 2123 2136 stolorum
2193 2081 2667 2136 nomenclaturam
2721 2081 2980 2147 instituit,
3046 2090 3108 2139 ut
3166 2081 3430 2138 dilectum

1858 2173 2012 2228 illum
2070 2175 2377 2245 intelligere
2439 2175 2646 2240 liceat;
2712 2173 2958 2230 secundo
3021 2184 3203 2230 autem
3266 2175 3429 2237 loco.

1857 2265 2191 2320 Aristionem
2246 2276 2302 2321 ct
2350 2266 2621 2322 Joannem
2679 2268 2887 2339 adjicit,
2943 2276 3000 2322 et
3048 2269 3432 2340 presbyterum

1859 2367 2038 2414 vocat.
2095 2356 2265 2430 Cujus
2312 2358 2536 2428 quidam
2594 2357 2914 2430 ignorantes
2955 2375 3253 2415 commune
3307 2375 3435 2415 cum

1861 2450 2107 2519 apostolo
2133 2466 2355 2514 nomen,
2381 2451 2715 2522 posteriores
2733 2453 2871 2508 duas
2906 2453 3135 2510 Joannis
3161 2455 3435 2525 Epistolas

1861 2548 1916 2592 et
1949 2540 2330 2610 Apocalypsim
2386 2544 2634 2612 apostolo
2680 2543 2779 2613 ipsi
2813 2544 3205 2616 ascripserunt.
3236 2547 3437 2617 Ephesi

1862 2647 2099 2702 namque
2149 2635 2435 2705 presbyter
2480 2651 2701 2706 quoque
2752 2639 2855 2692 iste
2907 2639 3065 2706 vixit,
3116 2641 3208 2694 ubi
3265 2641 3433 2696 etiam

1864 2741 2010 2780 nunc
2032 2726 2142 2780 duo
2164 2739 2382 2784 exstare
2414 2729 2676 2785 dicuntur
2696 2743 3074 2800 monumenta,
3099 2751 3221 2806 qua:
3238 2737 3431 2790 eodem

1864 2819 2087 2873 nomine
2135 2819 2363 2890 Joannis
2421 2822 2694 2879 feruntur.
2740 2826 3195 2898 Quandoquidem
3256 2841 3438 2886 autem

1867 2910 2010 2964 idem
2060 2910 2255 2983 Papias
2308 2914 2413 2968 alia
2467 2931 2685 2987 quoque
2715 2919 3035 2974 admiranda
3069 2922 3320 2990 quaedam
3381 2924 3436 2976 in

1864 3002 2021 3058 libris
2060 3007 2175 3059 suis
2228 3008 2418 3073 refert,
2468 3024 2497 3061 a
2553 3009 2942 3066 deccssoribus
2977 3013 3094 3068 suis
3118 3030 3215 3084 per
3247 3032 3440 3071 manus

1867 3095 1974 3149 sibi
2013 3097 2232 3164 tradita,
2264 3099 2495 3169 agedum
2515 3101 2582 3156 de
2612 3104 2692 3157 eis
2713 3119 2933 3175 quoque
2966 3123 3138 3176 pauca
3168 3109 3437 3164 dicamus.

1870 3187 2069 3242 Statim
2097 3190 2245 3243 enim
2278 3191 2616 3262 Philippum,
2666 3209 2792 3249 eum
2833 3197 2928 3264 qui
2968 3199 3245 3270 Hierapoli
3311 3202 3436 3268 fuit,

1867 3289 1923 3334 et
1960 3280 2100 3334 ﬁlias
2126 3283 2525 3352 prophetissas,
2570 3294 2626 3339 ut
2660 3296 2818 3344 antea
2847 3288 3055 3345 dictum
3090 3300 3196 3353 est,
3226 3292 3438 3356 habuit,

1869 3387 2039 3426 unum
2072 3389 2139 3427 ex
2166 3374 2461 3430 duodecim
2509 3380 2772 3448 apostolis
2793 3421 2806 3444 ,
2841 3396 2948 3435 non
2999 3397 3062 3437 ex
3093 3393 3302 3454 septem
3335 3387 3444 3441 illis

1865 3464 2132 3531 diaconis,
2167 3482 2306 3538 quos
2341 3469 2393 3521 in
2429 3469 2578 3523 Actis
2615 3483 2865 3527 recenset
2896 3473 3095 3538 Lucas,
3128 3475 3297 3531 fuisse
3329 3493 3445 3533 nte-

1866 3568 2084 3622 morat;
2111 3567 2165 3612 et
2196 3573 2252 3613 se
2283 3574 2406 3612 cum
2445 3561 2661 3616 ﬁliabus
2688 3563 2806 3634 ejus
2841 3565 3172 3620 collocutum
3203 3584 3322 3623 esse
3345 3571 3441 3636 ait,

1869 3653 2015 3703 unde
2057 3651 2390 3706 intellexerit
2421 3661 2579 3708 attate
2617 3669 2680 3710 ea
2723 3666 2997 3712 mortuum
3025 3662 3318 3729 quemdam
3354 3681 3443 3719 re-

1871 3743 2200 3798 surrexisse.
2250 3745 2326 3800 De
2377 3744 2612 3800 Barsaba
2641 3763 2773 3805 sane
2815 3752 3038 3820 quidem
3065 3793 3079 3816 ,
3129 3757 3220 3824 qui
3254 3756 3444 3813 Justus

1869 3834 2286 3903 cognominatus
2308 3848 2411 3900 est,
2434 3847 2490 3892 et
2512 3841 2668 3910 cujus
2701 3842 2754 3894 in
2781 3842 2932 3898 Actis
2963 3843 3022 3898 οι
3047 3849 3275 3913 mentio,
3307 3850 3440 3908 illud

1869 3927 2054 3992 refert,
2091 3929 2258 3997 quod,
2296 3945 2511 3986 veneno
2555 3932 2816 4002 pestifero
2859 3936 3078 4001 hausto,
3129 3940 3266 3994 nihil
3321 3957 3445 3994 scn-

1869 4019 2006 4076 serit
2045 4033 2144 4089 per
2179 4019 2393 4077 Domini
2440 4025 2670 4092 gratiam
2709 4028 3048 4086 detrimenti.
3094 4031 3201 4086 Sed
3235 4042 3289 4086 et
3340 4036 3444 4089 alia

1868 4110 2105 4183 plurima
2132 4128 2198 4167 ex
2219 4115 2489 4185 majorum
2514 4117 2632 4171 sine
2650 4118 2857 4188 scripto
2883 4122 3178 4177 traditione
3197 4136 3443 4205 accepta,

1869 4214 1930 4256 ut
1958 4204 2248 4272 parabolas
2280 4215 2336 4262 ct
2386 4206 2666 4266 doctrinas
2714 4211 3021 4269 Servatoris
3051 4204 3340 4286 quasdam,
3389 4230 3444 4274 et

1871 4293 2001 4350 item
2059 4298 2161 4351 alia
2209 4298 2456 4354 fabulose
2509 4307 2745 4371 quodam
2793 4306 2956 4359 modo
3021 4321 3438 4368 commemorat.

1871 4387 2013 4443 Mille
2045 4405 2264 4460 quoque
2298 4407 2567 4447 annorum
2625 4407 2745 4470 post
2799 4409 3142 4452 mortuorum
3195 4418 3439 4459 rcsurrcs

1874 4483 2111 4536 ctionetn
2167 4485 2284 4540 fore
2315 4485 2449 4540 dicit
2501 4488 2702 4542 Christi
2768 4505 3035 4560 regnum,
3083 4499 3445 4564 corporaliter

189 4586 402 4653 γελίαις
430 4585 700 4654 εἰρημένα
731 4585 1031 4651 μυστικῶς,
1065 4588 1376 4655 παχύτερον
1419 4587 1761 4642 ὲκλαὸέσθαι·

1878 4575 1930 4628 in
1958 4575 2058 4630 hac
2089 4584 2229 4630 terra
2254 4577 2690 4645 producendum,
2721 4593 2864 4650 quotl
2891 4583 3066 4648 illum,
3103 4587 3442 4656 ignorantem

190 4675 288 4726 ἅτε
317 4674 383 4740 δη
413 4675 510 4723 καὶ
555 4673 646 4723 τὸν
679 4670 804 4723 νοῦν
833 4670 1099 4737 τοιοῦτος,
1130 4674 1204 4731 ὼς
1254 4675 1319 4725 ὲκ
1348 4675 1456 4726 τῶν
1486 4676 1649 4728 αὑτοῦ
1677 4675 1768 4726 λό-

190 4783 307 4832 γων
341 4762 841 4832 τεκμηριώσασθαι
867 4762 1080 4828 ἔξεστι⁹
1119 4764 1258 4835 πλὴν
1300 4766 1528 4828 πολλοὺς
1563 4767 1645 4828 είς
1676 4768 1769 4820 τὸν

189 4857 378 4925 ὅμοιον
411 4854 574 4922 ζῆλον
606 4853 827 4907 εἵλκυσε
859 4856 920 4905 τὸ
952 4856 1180 4923 ἀρχαῖον
1213 4855 1307 4907 τοῦ
1339 4856 1532 4924 ἀνδρδς
1583 4857 1768 4909 αίδου-

195 4951 395 5018 μένους
418 4964 429 4976 ·
445 4945 633 5016 ὥσπερ
655 4941 747 4999 οὖν
773 4947 1083 5016 Εἰρηναῖος,
1110 4948 1203 4999 καὶ
1227 4950 1279 5000 εί
1296 4966 1376 5011 τις
1399 4950 1556 5011 ἄλλος
1576 4951 1770 5020 ἐκείνῳ

191 5041 392 5108 ἐπίσης
432 5040 646 5108 φρονῶν
669 5038 999 5106 ὲναπέφηνε.
1030 5039 1142 5091 Καὶ
1171 5039 1328 5090 ἄλλαι
1358 5040 1414 5092 δὲ
1441 5041 1770 5109 παραδόσεις

191 5136 256 5184 ὲκ
290 5133 402 5183 τῶν
439 5130 931 5199 προδεδηλωμένων
974 5130 1321 5198 ’Δριστίωνος
1355 5132 1449 5183 καὶ
1477 5132 1571 5185 τοῦ
1602 5149 1772 5202 πρεσ-

191 5227 428 5294 ϐυτέρου
472 5225 724 5279 Ἰωάννου
755 5222 898 5292 ἔχειν
932 5225 1119 5292 φησίν·
1145 5223 1229 5290 ἐφ’
1261 5222 1324 5283 ἃς
1372 5222 1498 5285 τοὺς
1538 5224 1772 5292 φιλομα-

192 5318 309 5376 θεῖς
338 5317 840 5386 παραπέμψαντες,
873 5315 1190 5381 ἀναγκαίως
1225 5314 1260 5367 ἆ
1298 5332 1429 5385 φησι
1457 5319 1583 5384 περὶ
1617 5318 1772 5386 Μαρ-

193 5427 294 5460 κου
327 5409 424 5460 καὶ
459 5409 745 5462 Ματθαίου
799 5407 907 5458 τῶν
961 5408 1368 5474 εύαγγελιστών
1407 5407 1763 5476 διαλήψομαι.

190 5506 362 5568 Λέγει
395 5501 452 5551 δὲ
487 5499 651 5551 οῦτω’
691 5518 710 5550 ι
763 5501 874 5553 Καὶ
921 5501 1067 5552 τοῦθ’
1098 5505 1126 5551 ὁ
1171 5500 1540 5570 πρεσϐύτερος
1586 5503 1772 5569 ἔλεγεν

204 5595 487 5659 Ἰωάννης·
524 5591 750 5661 Μάρκος
785 5592 885 5660 μὲν
919 5591 1261 5661 ἑρμηνευτὴς
1303 5592 1507 5660 Πέτρου
1541 5593 1768 5659 γενόμε.

192 5702 312 5747 νος,
341 5687 441 5736 ὅσα
468 5685 903 5758 ἐμνημόνευσεν,
937 5685 1181 5753 ἀκριῦῶς
1226 5687 1486 5754 ἔγραψεν.
1529 5688 1600 5738 Οὐ
1645 5687 1772 5755 μέν-

1877 4670 2275 4737 promissiones
2301 4686 2502 4725 arcano
2534 4675 2770 4743 quodam
2813 4678 3071 4746 mysterio
3101 4693 3223 4732 esse
3269 4680 3447 4734 editas

1877 4762 1949 4814 ita
1991 4762 2232 4816 crassius
2288 4767 2566 4832 accepisse
2611 4766 2808 4830 credo,
2879 4768 3081 4837 quippe
3123 4770 3215 4838 qui
3265 4787 3445 4824 mente

1876 4854 1988 4911 acri
2018 4869 2124 4907 non
2179 4855 2366 4917 fuerit,
2411 4856 2464 4911 id
2495 4858 2640 4925 quod
2693 4873 2758 4912 ex
2812 4857 2968 4913 libris
3011 4860 3128 4929 ejus
3170 4863 3445 4932 conjicere

1875 4948 2038 5010 licet;
2069 4951 2272 5001 multos
2303 4959 2480 5003 tamen
2532 4951 2585 5003 in
2613 4953 2859 5004 eamdem
2896 4954 3321 5018 aemulationem,
3351 4973 3445 5008 ve.

1879 5049 2136 5094 tustatem
2198 5042 2300 5094 viri
2349 5043 2664 5104 admiratus,
2733 5045 3034 5112 pertraxit:
3072 5046 3232 5115 253
3283 5050 3445 5102 sicuti

1877 5131 2138 5196 lretneus,
2179 5142 2235 5186 et
2280 5136 2324 5187 si
2376 5137 2501 5204 quis
2559 5147 2820 5204 praeterea
2867 5138 3010 5191 alius
3037 5141 3282 5209 ejusdem
3317 5159 3443 5197 cum

1877 5223 1970 5276 illo
1997 5233 2081 5276 est
2111 5225 2398 5278 sententias
2446 5234 2502 5278 et
2532 5227 2811 5295 opinionis
2858 5229 2959 5297 (ί),
2993 5231 3253 5284 ostendit.
3302 5233 3444 5298 Quin

1876 5315 2010 5369 alias
2045 5318 2207 5368 etiam
2240 5331 2320 5382 Se,
2355 5317 2423 5370 ab
2460 5318 2541 5372 eis
2571 5320 2662 5387 qui
2705 5320 2837 5373 dicti
2871 5333 2998 5374 sunt
3023 5362 3036 5387 ,
3089 5323 3363 5379 Aristionc
3393 5337 3448 5382 et

1878 5408 2199 5477 presbytero
2239 5408 2486 5472 Joanne,
2523 5412 2847 5466 traditiones
2899 5413 3102 5468 habere
3144 5415 3322 5470 dicit:
3377 5421 3444 5476 ad

1879 5515 2014 5567 quas
2045 5500 2324 5553 studiosos
2356 5502 2634 5570 rejieiens,
2655 5520 2774 5572 qua:
2800 5505 2866 5559 de
2897 5505 3076 5559 Marco
3110 5517 3164 5560 et
3197 5508 3447 5565 Mattltzeo

1879 5594 2227 5660 evangelistis
2253 5595 2438 5658 tradit,
2463 5599 2773 5652 necessario
2804 5598 2891 5651 hic
2925 5604 3299 5668 persequenda
3323 5618 3445 5656 εςδο

1881 5689 2086 5754 putavi.
2133 5686 2209 5739 lta
2244 5691 2387 5740 enim
2420 5690 2613 5744 scribit
2654 5706 2667 5744 :
2732 5709 2749 5742 ι
2794 5691 2908 5746 Hoc
2942 5708 3161 5762 quoque
3205 5691 3444 5753 Joannes

267 5871 347 5940 (I)
383 5871 482 5936 Qui
504 5870 780 5936 opinionis
805 5879 859 5924 et
896 5871 1120 5924 haeresis
1151 5871 1271 5941 ejus
1293 5884 1442 5934 sunt,
1465 5872 1752 5926 Χιλιασταὶ

1861 5889 1920 5925 ne
1952 5884 2052 5937 est,
2089 5873 2378 5930 Millenarii
2423 5873 2703 5933 dicuntur.

445 5967 714 6026 1Ἀτιιοι,.
758 5970 874 6026 (in.
941 5968 1151 6025 CXLV.

3119 5961 3198 6028 30
