4202 6444
744 361 866 424 ’939

1986 358 2416 431 NICEPHORI
2450 356 2799 418 CALLISTI

3919 355 4028 422 οιο

760 473 1046 546 presbyter
1062 473 1221 528 dixit.
1251 472 1484 537 Marcus,
1517 471 1662 541 quod
1687 469 1833 526 Petri
1856 479 2001 525 esset
2030 471 2329 540 interpres,

2448 488 2516 524 tot
2562 469 2720 538 τάξει
2766 471 2835 523 τὰ
2894 469 2998 524 ὑπὸ
3037 450 3130 523 τοῦ
3160 468 3401 539 Χριστοῦ
3437 471 3470 542 ἢ
3507 462 3769 542 λεχθέντα
3804 472 3839 543 ἢ
3879 491 4028 542 πρα-

759 582 881 635 qua:
909 566 1185 620 memoria:
1223 565 1727 626 commendaverat,
1770 571 1923 617 certo
1954 571 2010 616 et
2042 562 2340 631 diligenter

758 658 1106 728 conscripsit,
1131 673 1239 712 non
1269 668 1449 712 tamen
1483 667 1705 711 servato
1732 655 2008 709 dictorum
2041 654 2341 708 factorum-

759 771 867 825 que
896 752 1103 806 Christi
1139 750 1355 805 ordine.
1395 749 1512 806 Non
1544 750 1692 804 enim
1737 748 1970 809 audivit,
2003 763 2180 817 neque
2208 761 2343 800 con-

753 856 1003 903 sectatus
1029 857 1115 901 est
1136 844 1456 909 Dominum,
1490 845 1585 899 sed
1617 845 1912 913 posterius,
1945 851 2004 895 ut
2034 842 2169 906 dixi,
2193 842 2340 897 Petri

759 939 1070 1009 discipulus
1103 937 1208 992 fuit
1249 956 1262 991 :
1292 937 1385 1006 qui
1413 937 1634 1006 quidem
1666 951 1731 990 ex
1766 951 1867 989 usu
1902 936 2214 989 auditorum
2243 934 2344 990 do-

752 1036 994 1088 ctrinam
1039 1047 1195 1087 suam
1245 1031 1632 1101 promulgavit,
1669 1044 1779 1082 non
1816 1030 2010 1084 ordine
2053 1043 2342 1084 sermones

760 1137 816 1182 et
844 1127 1068 1181 oracula
1100 1124 1319 1180 Domini
1345 1126 1823 1179 commemoravit.
1857 1124 2209 1193 Quapropter
2241 1125 2344 1177 mi-

763 1218 911 1272 nime
931 1216 1302 1271 hallucinatus
1318 1225 1404 1269 est
1430 1215 1662 1280 Marcus,
1686 1214 1765 1268 sic
1793 1215 2050 1283 pleraque
2070 1213 2340 1277 scribens,

763 1319 823 1364 ut
847 1325 910 1363 ea
943 1308 1204 1364 memoria
1249 1308 1430 1362 fuerat
1461 1317 1816 1361 consecutus.
1842 1306 2021 1362 Unum
2055 1307 2200 1360 enim
2238 1307 2343 1360 hoc

762 1400 864 1455 sibi
897 1401 953 1453 in
975 1397 1269 1454 scribendo
1297 1407 1688 1468 proposuerat,
1718 1414 1787 1452 ne
1822 1398 1953 1467 quid
1982 1412 2176 1452 eorum
2215 1413 2341 1467 qua:

761 1493 1025 1556 audisset,
1057 1493 1364 1556 omitteret,
1388 1505 1529 1545 neve
1557 1505 1586 1544 a
1618 1493 1848 1545 veritate
1877 1491 2178 1545 aberraret.
2205 1491 2342 1543 Mat-

762 1585 936 1638 thaeus
973 1599 1102 1638 vero
1137 1597 1392 1638 sermone
1431 1583 1700 1637 lIebraico
1734 1583 1931 1637 librum
1974 1598 2138 1637 suum
2192 1597 2343 1638 com-

762 1678 965 1746 posuit,
998 1692 1161 1747 quem
1193 1677 1412 1740 deinde,
1455 1684 1513 1729 ut
1540 1676 1776 1745 quisque
1811 1676 2008 1744 potuit,
2043 1683 2131 1729 est
2167 1675 2342 1728 inter-

2444 562 2659 632 χθέντα·
2695 561 2821 615 οὔτε
2851 561 2957 631 γὰρ
2984 562 3186 632 ἢκουσε
3217 561 3310 615 τοῦ
3338 564 3567 634 Κυρίου,
3592 563 3716 616 οὔτε
3761 581 4025 634 παρηιο·

2443 656 2706 727 λούθησεν
2736 654 2886 724 αὑτῷ
2915 667 2931 684 ⁶
2987 654 3221 725 ὕστερον
3263 655 3340 721 δὲ,
3388 657 3464 719 ὡς
3505 659 3667 728 ἔφην,
3714 655 3940 726 Πέτρῳ,
3965 655 4025 717 ὃς

2444 750 2582 818 πρὸς
2613 751 2731 817 ⁵τὰς
2782 750 2975 818 χρείας
3032 750 3274 801 ἐποιεῖτο
3316 749 3670 812 διδασκαλίας
3695 765 3712 780 ο
3765 749 3886 803 ἀλλ’
3921 750 4026 817 οὐχ

2443 841 2631 911 ὥσπερ
2667 841 2926 906 σύνταξιν
2959 841 3065 893 τῶν
3099 840 3401 911 Κυριακῶν
3447 839 3772 911 ποιούμενος
3797 841 4023 908 λογίων·

2442 934 2584 988 ὥστε
2619 933 2772 988 οὐδὲν
2799 935 3020 1006 ἥμαρτε
3052 935 3284 1006 Μάρκος
3309 932 3487 998 οὕτως
3529 934 3650 988 ἔνια
3690 934 3920 1004 γράψας
3952 933 4029 996 ὡς

2442 1029 2980 1097 ἀπεμνημόνευσενο
3044 1028 3166 1090 ἑνὸς
3216 1029 3328 1098 γὰρ
3383 1029 3682 1099 ἐποιήσατο
3736 1029 4028 1098 πρόνοιαν,

2443 1121 2540 1174 τοῦ
2593 1121 2759 1191 μηδὲν
2809 1121 3145 1191 παραλιπεῖν
3175 1115 3250 1176 ὧν
3277 1121 3534 1191 ἠκουσεν,
3568 1121 3600 1190 ἢ
3631 1120 3952 1199 ψεύσασθαί
3978 1136 4028 1171 τι

2444 1216 2502 1268 ὲν
2535 1217 2740 1277 αὐτοῖς.
2768 1213 3058 1278 Ματθαίος
3090 1214 3138 1268 δ’
3182 1214 3426 1287 Ἐδραῖδι
3470 1213 3740 1283 διαλέκτῳ
3768 1213 3844 1266 τὰ
3870 1212 4029 1279 λόγια

2446 1306 2795 1371 συνετάξατο·
2822 1307 3138 1376 ἡρμήνευσε
3172 1305 3229 1360 δὲ
3260 1307 3402 1360 αὐτὰ
3432 1306 3508 1369 ὡς
3540 1301 3610 1377 ἦν
3637 1305 3874 1367 δυνατὸς
3900 1305 4028 1357 ικα-

2446 1412 2594 1458 στος.
2633 1414 2651 1448 s
2720 1394 3008 1465 Κέχρηται
3059 1394 3116 1448 δὲ
3169 1395 3336 1458 αὐτὸς
3379 1394 3710 1465 μαρτυρίαις
3771 1395 3888 1446 ἀπὸ
3933 1392 4030 1461 τῆς

2454 1488 2705 1541 Ἰωάννου
2735 1486 3006 1556 προτέρας
3038 1486 3364 1558 Ἐπιστολῆς
3407 1490 3501 1540 καὶ
3526 1487 3635 1540 ἀπὸ
3668 1485 3773 1555 τῆς
3810 1485 4028 1556 Πέτρου

2442 1579 2667 1649 ὁμοίως.
2703 1580 2814 1632 Καὶ
2853 1579 3024 1649 ἄλλην
3055 1579 3110 1632 δὲ
3144 1579 3390 1648 ἱστορίαν
3433 1579 3729 1649 προτίθησι
3758 1581 3896 1649 περὶ
3930 1595 4026 1646 γυ-

2443 1674 2632 1734 ναικὸς
2661 1671 2754 1723 ἐπὶ
2786 1669 3009 1733 πολλαῖς
3036 1670 3338 1740 ἁμαρτίαις
3363 1669 3755 1740 διαϐληθείσης
3799 1671 3900 1722 ἐπὶ
3931 1669 4025 1723 τοῦ

761 1780 1029 1838 prctatus.
1096 1789 1115 1822 ι
1175 1770 1360 1826 Utitur
1419 1771 1564 1824 idem
1619 1768 1818 1837 Papias
1898 1768 2225 1823 testimoniis
2281 1773 2339 1821 et

2448 1765 2676 1834 Κυρίου.
2722 1763 2889 1816 Ἀλλὰ
2913 1765 3008 1818 καὶ
3033 1764 3102 1816 τὰ
3132 1763 3210 1834 τῷ
3241 1763 3430 1835 Παπίᾳ
3469 1762 3866 1834 συγγραφέντα
3898 1763 4026 1816 τοῦς

761 1864 1181 1918 auctoritatibus
1237 1879 1302 1917 ex
1356 1863 1542 1933 priore
1600 1859 1854 1925 Joannis.
1907 1870 1964 1914 et
2016 1859 2205 1913 itidem
2270 1873 2346 1920 ex

2441 1876 2535 1912 τον
2568 1859 2756 1929 ἔχουσι
2790 1860 2881 1935 τὸν
2913 1861 3137 1930 τρόπον.

760 1958 944 2025 priore
985 1958 1132 2013 Petri
1181 1957 1464 2027 Epistolis.
1527 1956 1693 2012 Addit
1743 1965 2007 2025 praeterea
2057 1954 2342 2010 historiam
2382 1955 2565 2023 aliam,
2611 1955 2680 2011 de
2724 1943 2999 2019 muliere,
3049 1972 3173 2028 qua.-
3217 1959 3407 2015 multis
3475 1960 3806 2018 criminibus
3885 1957 4030 2027 apud

761 2049 1051 2106 Dominum
1082 2050 1155 2106 sit
1193 2051 1371 2106 delata
1409 2049 1510 2121 (i).
1558 2050 1625 2104 Et
1670 2048 1852 2120 Papia:
1886 2047 2109 2119 quidem
2138 2048 2340 2120 scripta
2381 2049 2450 2103 ad
2491 2049 2638 2104 hunc
2667 2065 2727 2106 se
2759 2049 2966 2106 habent
2997 2050 3243 2106 modum.

1339 2191 1571 2248 CAPUT
1606 2190 1752 2246 XXI.

767 2307 841 2362 De
901 2309 1178 2374 Quadrato
1227 2315 1278 2360 et
1326 2307 1577 2366 Aristide,
1641 2305 1943 2375 apostolicis
1997 2304 2156 2373 plane
2192 2307 2344 2371 viris,

837 2385 925 2450 qui
976 2397 1070 2448 pro
1113 2379 1414 2450 defensioue
1467 2378 1589 2446 ﬁdei
1645 2387 1841 2431 nostra:
1875 2376 2162 2448 Apotogias
2210 2379 2346 2432 scri-

837 2460 1078 2521 pseruut.

835 2567 1047 2622 Flornit
1085 2575 1268 2620 autem
1293 2580 1360 2620 eo
1391 2573 1638 2634 tempore
1664 2563 1887 2619 divinus
1933 2579 2155 2634 quoque
2203 2562 2343 2629 Qua-

765 2642 958 2716 tlratus
992 2677 1005 2710 :
1035 2658 1122 2712 cui
1156 2657 1292 2710 nihil
1316 2671 1508 2710 eorum
1539 2654 1831 2721 donorum,
1860 2672 1981 2726 qua:
2013 2656 2348 2726 apostolicos

767 2755 966 2807 decent
998 2763 1374 2813 successores,
1421 2746 1620 2802 defuit.
1663 2746 1856 2801 Itidem
1884 2762 2012 2801 vero
2043 2757 2097 2801 et
2149 2747 2348 2800 Aristi-

768 2844 886 2906 des,
916 2842 996 2894 vir
1019 2848 1179 2895 aetate
1209 2854 1272 2892 ea
1302 2839 1510 2907 ingenti
1543 2836 1667 2892 fidei
1695 2846 1897 2891 nostra:
1919 2837 2267 2892 aamulatione
2294 2844 2351 2892 et

767 2934 964 2988 ardore
1009 2931 1258 3001 ﬂagrans.
1291 2930 1467 3006 Ambo
1495 2929 1772 2994 doctrina,
1821 2928 2061 2993 fervore,
2112 2937 2168 2982 et
2220 2927 2347 2983 vita:

766 3027 1091 3081 Christiana:
1126 3022 1373 3078 moribus
1405 3035 1606 3091 pares;
1654 3021 1817 3075 ambo
1855 3020 2019 3075 etiam
2067 3019 2349 3074 orationes

767 3123 833 3173 ad
861 3117 1065 3173 Ailium
1096 3116 1424 3178 Adrianum,
1455 3113 1550 3184 qui
1602 3111 1842 3182 Trajano
1874 3113 1928 3165 in
1959 3112 2193 3181 imperio
2224 3126 2351 3166 suc-

769 3211 952 3267 cessit.
976 3207 1178 3279 quibus
1201 3189 1578 3262 Christianum
1612 3203 1809 3274 dogma
1837 3204 2162 3270 detendunt,
2194 3220 2352 3259 cont-

772 3310 1095 3372 [t03UCI’UDl,
1125 3316 1250 3355 cum
1282 3298 1521 3368 improbi
1546 3297 1767 3365 quidam
1799 3295 2052 3350 homines
2079 3295 2352 3352 Ecclesias

774 3409 967 3465 urgere
999 3403 1163 3463 atque
1212 3391 1467 3462 persequi
1516 3389 1975 3458 aggrederentur.
2032 3388 2095 3442 In
2153 3388 2354 3457 quibus

3015 2195 3271 2251 ΚΕΦΑΛ.
3307 2197 3438 2252 KA'.

2449 2303 2590 2372 Περὶ
2646 2304 2954 2374 Κοδρᾶτον
3002 2307 3105 2361 καί
3164 2309 3551 2376 Ἀριστείδου,
3600 2312 4032 2367 ἀποστολικῶν

2521 2376 2783 2454 ἀνδρῷν,
2811 2377 2964 2454 ᾧπερ
2993 2378 3102 2446 τῆς
3137 2384 3268 2433 καθ’
3317 2381 3473 2454 ᾐμᾶς
3521 2386 3784 2449 πίστεως
3819 2385 4028 2454 ἐγγρά-

2520 2462 2647 2514 φως
2665 2447 2997 2516 ἀπολογίας
3026 2447 3473 2521 ποιησαμέιὲων.

2524 2568 2635 2622 Καὶ
2685 2570 2960 2640 Κοδρᾶτος
3008 2569 3066 2623 at
3124 2573 3153 2625 ό
3197 2571 3341 2636 θεῖος
3370 2574 3681 2643 τηνικαῦτα
3736 2575 4030 2648 διέπρεπε,

2449 2659 2595 2711 κατὰ
2627 2659 2796 2729 μηδὲν
2822 2661 3020 2714 ἐνδέων
3062 2661 3176 2714 τῶν
3225 2662 3327 2731 τῆς
3362 2663 3734 2735 ἀποστολικῆς
3765 2668 4033 2738 διαδοχῆς

2450 2752 2836 2821 χαρισμάτων.
2883 2752 3164 2817 Ὡσαύτως
3203 2754 3260 2807 δὲ
3318 2755 3413 2808 καὶ
3475 2757 3848 2830 Ἀριστείδης,
3890 2761 4034 2832 ἀνὴρ

2450 2844 2708 2913 τηνικάδε
2757 2844 2835 2914 τῷ
2887 2846 3026 2914 ὑπὲρ
3083 2846 3186 2917 τῆς
3227 2846 3354 2901 καθ’
3410 2849 3559 2918 ἡμᾶς
3601 2853 3843 2915 πίστεως
3881 2852 4035 2923 ζήὶῳ

2455 2937 2803 3010 πυρούμενος
2827 2958 2842 2972 ν
2877 2942 3258 3013 παραπλήσιοι
3293 2943 3349 2997 δὲ
3391 2946 3486 2998 καὶ
3520 2947 3692 3016 ἄμφω
3721 2949 3816 3000 τόν
3847 2966 3911 3002 τε
3954 2951 4037 3002 λό-

2449 3045 2548 3098 γον
2597 3031 2693 3083 καὶ⁵
2747 3030 2930 3100 ζῆλον,
2971 3034 3068 3087 καὶ
3097 3037 3162 3106 τῇ
3199 3036 3429 3108 ἀσκήσει
3463 3038 3564 3108 τῆς
3618 3043 3758 3094 κατὰ
3794 3043 4038 3113 Χριστὲν

2453 3123 2757 3188 πολιτείας.
2808 3126 3134 3198 Ἀμφότεροι
3170 3128 3225 3181 δὲ
3274 3130 3472 3199 λόγους
3501 3132 3578 3203 τῷ
3642 3136 3786 3204 μετά
3828 3136 4037 3208 Τραῐα-

2453 3212 2543 3266 νὺν
2577 3214 2749 3287 Αἰλίῳ
2794 3217 3066 3289 ’Δδριανῷ
3094 3223 3514 3292 προσφωνοῦσιν
3570 3227 3714 3298 ὑπὲρ
3758 3229 3860 3283 τοῦ
3886 3234 4037 3285 “καίι“

2454 3307 2601 3376 ἡμᾶς
2636 3307 2930 3377 δόγματος,
2961 3313 3127 3366 τινῶν
3155 3330 3220 3383 γε
3266 3318 3523 3388 πονηρῶν
3569 3322 3686 3384 τοῖς
3730 3323 4038 3396 ἡμετέροις

2453 3398 2797 3455 ἐπιτίθεσθαι
2858 3407 3258 3475 πειρωμένων·
3296 3411 3356 3462 ἑν
3403 3405 3486 3475 οἷς
3536 3413 3657 3467 ἐστι
3689 3421 4036 3488 κατανοῆσαι

771 3485 1114 3538 orationibus
1148 3482 1335 3536 videre
1363 3490 1448 3534 est
1495 3494 1604 3533 non
1650 3479 1843 3549 exigua
1884 3493 2077 3532 eorum
2105 3478 2346 3532 virorum

2455 3491 2514 3543 οὐ
2545 3494 2720 3562 μικρά
2745 3511 2870 3550 τινα
2889 3498 3174 3568 τεκμήρια
3218 3499 3318 3569 τῆς
3349 3503 3461 3554 τῶν
3509 3504 3724 3575 ἀνδρῶν
3763 3478 4035 3581 λαμπρᾶς

771 3575 1073 3646 splendida:
1102 3573 1299 3628 mentis
1331 3573 1750 3642 apostoliczeque
1783 3581 1839 3626 et
1869 3580 2032 3626 rectae
2077 3572 2347 3625 doctrinm

773 3668 996 3722 indicia.
1029 3666 1340 3732 Quadratus
1371 3666 1593 3734 quidem
1625 3672 1773 3718 certe
1797 3663 2034 3733 priscam
2065 3665 2355 3718 sincerita-

775 3765 881 3810 tem
911 3765 968 3809 et
1015 3757 1175 3809 fidem
1206 3771 1360 3808 suam
1406 3755 1540 3808 satis
1573 3753 1812 3807 declarat
1843 3753 1912 3807 iis
1953 3753 2086 3822 ipsis
2115 3768 2236 3822 qua:
2262 3767 2351 3807 se-

772 3855 1016 3917 quuntur
1051 3845 1274 3899 verbis:
1312 3862 1331 3896 ι
1373 3842 1681 3898 Servatoris
1729 3853 1912 3897 autem
1964 3841 2138 3897 nostri
2181 3857 2348 3912 opera

772 3953 993 4007 semper
1026 3945 1225 4006 prmsto
1273 3936 1447 3998 fuere,
1490 3933 1653 4004 254
1699 3935 1902 4003 quippe
1933 3949 2052 4003 qua:
2089 3948 2216 3989 vera
2266 3949 2352 3988 es-

773 4040 897 4086 sent
930 4047 941 4082 :
974 4033 1066 4099 qui
1099 4031 1272 4084 sanati
1321 4027 1564 4093 fuerant,
1599 4027 1694 4097 qui
1723 4042 1752 4080 a
1797 4026 2031 4079 mortuis
2074 4027 2350 4093 suscitati,

774 4139 884 4177 non
913 4123 1086 4177 solum
1113 4136 1237 4175 cum
1268 4131 1597 4175 curarentur
1626 4130 1680 4176 et
1709 4124 2184 4178 exsuscitarentur
2205 4162 2219 4186 ,
2252 4121 2349 4177 scd

775 4228 963 4285 postea
1013 4216 1178 4269 etiam
1211 4215 1456 4269 viventes
1509 4215 1770 4268 continue
1827 4226 2251 4287 apparuerunt:
2297 4229 2351 4270 et

775 4324 885 4360 non
928 4316 1137 4363 tantum
1169 4321 1292 4359 cum
1325 4306 1581 4360 Salvator
1608 4306 1662 4359 in
1695 4309 1855 4361 terris
1889 4317 2230 4372 versaretur,
2259 4321 2352 4360 ve-

775 4415 898 4450 rum
954 4409 1078 4467 post
1123 4398 1426 4452 discessum
1462 4411 1683 4466 quoque
1710 4397 1831 4467 ejus
1893 4399 2055 4467 longo
2093 4398 2350 4451 vixerunt

777 4503 1046 4561 tempore,
1082 4492 1221 4545 adeo
1259 4502 1318 4545 ut
1342 4489 1593 4546 nonnulli
1625 4491 1790 4545 etiam
1815 4490 1883 4544 ad
1912 4500 2155 4546 nostram
2186 4488 2352 4544 dura-

777 4599 863 4639 vet
880 4587 957 4636 int
993 4592 1229 4638 aetatem.
1266 4601 1285 4634 ι

1358 4694 1583 4753 CAPUT
1618 4695 1788 4751 XXII.

2452 3582 2694 3648 διανοίας
2728 3587 2825 3638 καὶ
2865 3586 2966 3659 τῆς
3015 3591 3386 3662 ἁποστολικῆς
3431 3593 3782 3666 ὀρθοτομίας.
3817 3603 4033 3676 nespa-

2451 3692 2545 3737 τος
2586 3678 2774 3745 μέντοι
2815 3679 3007 3734 καὶτὸ
3061 3685 3292 3752 ἀρχαῖον
3340 3686 3506 3740 αὑτοῦ
3554 3691 3735 3758 σοφῶς
3765 3697 4033 3764 παραδεί-

2452 3785 2664 3835 κνυσιν,
2699 3771 2758 3837 ἐξ
2788 3767 2864 3828 ὧν
2898 3791 3064 3845 φησιν
3093 3777 3283 3841 αὑταῖς
3325 3778 3502 3843 λέξεσι
3549 3784 3780 3854 γράφων
3814 3803 3828 3817 ·
3870 3806 3889 3840 t
3923 3788 4028 3842 Τοῦ

2451 3862 2506 3952 δὲ
2539 3864 2796 3936 Σωτῆρος
2824 3867 2982 3937 ἡμῶν
3006 3868 3076 3921 τὰ
3117 3871 3256 3940 ἔργα
3288 3871 3374 3924 ἀεὶ
3423 3875 3605 3948 παρῆν
3632 3892 3645 3906 ·
3691 3879 3874 3950 ἀληθῆ
3923 3885 4027 3952 γὰρ

2450 3949 2553 4025 ἦν·
2592 3959 2640 4009 οί
2678 3957 3131 4028 θεραπευθέντες,
3169 3965 3218 4016 οί
3249 3964 3584 4030 ἀναστάντες
3611 3971 3675 4022 ὲκ
3706 3949 3948 4043 νεκρῶν,

2451 4046 2550 4097 οὐκ
2586 4044 2855 4116 ὤφθησαν
2889 4050 3052 4120 μόνον
3103 4053 3538 4127 θεραπευόμενοι
3589 4063 3682 4114 καὶ
3728 4065 4025 4137 ἀνιστάμε-

2451 4152 2556 4205 νοι,
2608 4138 2746 4191 ἀλλὰ
2803 4143 2896 4193 καὶ
2955 4142 3044 4196 ἀεὶ
3101 4149 3373 4217 παρόντες
3403 4165 3417 4180 ·
3461 4152 3585 4206 οὐδὲ
3623 4155 4022 4228 ἐπιδημοῦντος

2455 4228 2618 4298 μόνον
2637 4231 2728 4283 τοῦ
2763 4232 3043 4304 Σωτῆρος,
3079 4235 3215 4292 ἀλλὰ
3257 4243 3352 4293 καὶ
3413 4244 3859 4316 ἀπαλλαγέντος,
3888 4249 4022 4323 ἦσαν

2452 4325 2548 4418 ἐπι
2583 4327 2781 4397 χρόνον
2815 4329 3034 4382 ίκανόν·
3071 4330 3146 4395 ὥς
3179 4349 3240 4385 τε
3276 4335 3373 4398 καὶ
3403 4338 3483 4401 εἰς
3526 4340 3653 4404 τοὺς
3713 4345 4024 4418 ἠμετὶρους

2451 4415 2677 4485 χρόνους
2707 4419 2849 4485 τινὲς
2871 4421 3157 4490 ἀφίκοντο.
3189 4442 3209 4476 s

3045 4691 3290 4749 ΚΕΦΑΛ.
3325 4697 3454 4754 KB'.

813 4805 945 4870 Quae
980 4807 1140 4861 etiam
1176 4809 1270 4864 sub
1301 4809 1343 4864 Τ
1343 4811 1534 4881 rajano
1561 4810 1761 4866 Judteis
1799 4811 2083 4865 acciderint
2116 4809 2313 4864 clades.

2454 4799 2604 4854 Ὅσα
2657 4800 2760 4855 καὶ
2805 4802 2905 4857 ἐπὶ
2964 4803 3254 4903 Τρατακοηῦ
3299 4811 3645 4896 ’Ἰουδαίοις
3689 4817 4030 4893 ἐπισῦνέὅη

855 4990 928 5045 ιο
978 4990 1083 5045 res
1110 4991 1332 5061 quidem
1385 5000 1584 5047 nostrae
1616 4991 1690 5046 ita
1722 4991 2016 5057 florebant,
2067 4991 2348 5062 quotidia-

781 5098 1022 5153 numque
1048 5084 1444 5139 incrementum
1471 5086 1780 5154 capiebant,
1817 5084 2101 5138 radicibus
2124 5095 2346 5152 aposto-

781 5174 1010 5227 licorum
1061 5175 1303 5228 virorum
1335 5215 1350 5239 ,
1406 5175 1501 5244 qui
1536 5185 1647 5228 tum
1698 5175 1857 5228 multi
1902 5175 1960 5227 in
1998 5175 2107 5227 vita
2166 5181 2345 5238 erant,

782 5266 1046 5320 doctrinae
1075 5266 1183 5320 alte
1212 5269 1367 5330 actis,
1399 5275 1455 5320 et
1505 5277 1820 5320 sanctorum
1867 5276 2168 5335 martyrum
2221 5279 2348 5320 san-

3155 4882 3334 4937 κακά.

2524 4987 2606 5040 Τὰ
2638 4988 2738 5058 μὲν
2769 4988 2862 5042 οὖν
2887 4991 3130 5063 ἡμέτερα
3153 4994 3329 5059 οὓτως
3357 4997 3534 5068 ἡνθει,
3578 5003 3676 5056 καὶ
3727 5005 3861 5060 καθ’
3895 5012 4026 5080 ἠμέ-

2453 5096 2556 5148 ραν
2610 5083 2694 5145 είς
2739 5084 2980 5136 ἐπίδοσιν
3011 5086 3228 5156 ἡγοντο,
3273 5091 3430 5160 ῥίζας
3460 5093 3685 5162 βαθείας
3747 5105 4029 5157 καταδη-

2452 5171 2653 5242 λόμενα
2681 5178 2803 5238 ταῖς
2828 5194 2886 5228 τε
2916 5179 3026 5232 τῶν
3062 5180 3440 5237 ἀποστολικῶν
3489 5189 3700 5259 ἀνδρῶν
3771 5194 4029 5250 διδασκα-

2452 5264 2594 5330 λίαις
2629 5271 2645 5336 (
2671 5267 2861 5321 πολλοὶ
2886 5270 2942 5322 δὲ
2970 5267 3111 5341 ἦσαν
3133 5274 3210 5343 τῷ
3241 5274 3373 5348 βίῳ)
3409 5282 3637 5345 καὶτοῖς
3657 5285 3777 5347 τῶν
3811 5295 4025 5359 μαρτύ-

782 5357 948 5426 guine
996 5357 1232 5412 ubertim
1288 5359 1497 5427 rigatis.
1557 5358 1872 5413 Iudaeorum
1945 5368 2128 5410 autem
2199 5361 2346 5411 natio

2448 5374 2556 5454 ρων
2586 5359 2781 5427 ατμασι
2818 5364 3178 5433 πιαινόμεναο
3220 5370 3288 5420 τὰ
3334 5371 3389 5422 δὲ
3425 5373 3534 5425 τῶν
3578 5357 3859 5434 Ἰουδαίων
3904 5357 4026 5454 συχ-

784 5451 1162 5519 frequentibus
1195 5451 1428 5519 aliisque
1456 5465 1623 5519 super
1653 5452 1790 5503 alias
1841 5448 2203 5502 accumulatis
2238 5449 2348 5502 cla-

2445 5451 2554 5511 νοί;
2587 5454 2683 5503 καὶ
2709 5454 3138 5526 ἀλλεπαλλήλοις
3163 5461 3380 5530 ἧκμαζε
3406 5473 3519 5530 τοῖς
3542 5474 3758 5534 κακοῖς.
3799 5451 4022 5546 ὀγδῷιι

784 5537 946 5593 dibus
967 5540 1259 5595 admodum
1291 5543 1661 5596 accidebatur.
1700 5541 1955 5594 Decimus
1989 5549 2216 5594 octavus
2245 5541 2346 5594 im-

2448 5543 2546 5609 μὲν
2576 5540 2670 5598 οὖν
2718 5549 2812 5598 καὶ
2836 5548 3066 5603 δέκατον
3092 5552 3208 5616 ἔτος
3231 5555 3309 5624 τῷ
3345 5560 3712 5636 αὐτοκράτορι
3749 5537 3934 5641 τούτιρ
3965 5575 4018 5638 τῇ

787 5632 921 5700 perii
951 5631 1167 5704 Trajani
1187 5635 1445 5704 agebatur
1466 5651 1668 5700 annus,
1684 5637 1806 5687 cdnt
1827 5632 2140 5687 Judmorum
2163 5648 2346 5687 rursus

2448 5639 2592 5708 ἀρχῇ
2628 5638 2915 5708 Sim-isto,
2952 5645 3049 5697 καὶ
3086 5619 3362 5706 Ἰουδαίων
3416 5619 3631 5726 κίντισις
3657 5619 3846 5727 ,αὖθις

858 5798 935 5869 (ι)
971 5799 1096 5854 liam
1130 5797 1480 5870 Evangelium
1533 5803 1834 5860 secundum
1880 5807 2138 5864 Hebraeos
2166 5808 2432 5862 continet.
2473 5808 2702 5878 (Euseb.
2737 5815 2833 5873 lib.
2865 5835 2943 5887 ιιι,
2981 5838 3101 5893 cap.
3135 5825 3264 5895 ult.)
