4202 6444
712 372 818 436 943

1921 374 1967 434 Ν
1982 374 2344 435 ICEPIIORI
2389 373 2735 436 CALLISTI

3863 367 3974 434 9M

709 492 856 560 quod
891 491 964 543 ibi
1015 491 1307 545 Persarum
1356 505 1446 544 rex
1498 492 1847 562 reliquisset,
1889 501 2194 546 necarent:
2227 506 2286 544 se

2401 494 2604 554 πόλεως
2631 491 2888 552 κτείνειν,
2923 487 3016 549 οὓς
3043 487 3071 539 ό
3100 483 3328 555 Περσῶν
3358 483 3617 538 κατέλιπε
3654 482 3918 552 βασιλείς
3953 499 3972 513 ’

708 585 774 636 ad
823 580 1086 635 auxilium
1131 583 1210 636 eis
1258 582 1581 648 ferendum,
1631 585 2024 651 Persicumque
2076 592 2282 636 metunt

707 675 1033 736 tollendum,
1083 685 1282 742 prmsto
1332 675 1544 729 adesse.
1574 675 1679 739 Illi,
1702 676 1847 745 quod
1875 677 2014 746 jussi
2045 675 2282 738 fuerant,

709 770 932 822 faciunt.
990 769 1056 822 Et
1109 772 1224 838 ipse
1273 786 1397 824 cum
1447 772 1635 826 Persis
1688 771 1878 840 prazlio
1927 784 2282 839 congressus,

711 876 837 930 rege
860 876 1056 915 eorum
1085 877 1248 927 exeso,
1272 863 1695 932 clarissimaque
1720 872 1997 930 reportata
2031 863 2283 925 victoria,

711 967 875 1021 quem
907 953 1081 1008 voluit
1116 955 1198 1008 eis
1229 970 1415 1023 regem
1440 955 1554 1009 dat.
1592 956 1655 1008 Et
1693 955 1820 1008 inde
1855 955 1907 1007 in
1937 969 2062 1008 eam
2092 953 2284 1007 urbem

713 1043 888 1096 victor
936 1043 1258 1110 ingressus,
1316 1045 1508 1099 multis
1553 1060 1673 1099 eam
1732 1043 1983 1099 aedificiis
2029 1053 2285 1105 exornat,

710 1136 916 1189 multos
949 1137 1113 1190 etiam
1150 1136 1496 1191 Christianos
1529 1137 1820 1192 interimit.
1864 1137 1920 1191 In
1969 1136 2174 1206 quibus
2230 1142 2288 1189 et

707 1230 956 1296 quinque
1013 1228 1256 1299 virgines
1303 1229 1468 1284 fidem
1520 1232 1697 1300 palam
1757 1229 2082 1299 profitentes
2133 1243 2288 1283 com-

709 1320 892 1386 burit,
937 1331 990 1375 et
1036 1323 1256 1376 ossibus
1295 1338 1485 1377 earum
1533 1323 1600 1377 ad
1646 1338 1922 1377 summum
1958 1321 2284 1385 combustis,

709 1415 1102 1484 cineribusque
1151 1415 1246 1468 aeri
1307 1417 1649 1479 commistis,
1699 1417 1876 1470 aliena
1929 1417 2179 1483 quaedam
2231 1421 2288 1467 et

710 1507 813 1558 alia
849 1522 973 1559 vasa
1010 1506 1126 1560 fieri
1164 1517 1342 1571 curat,
1374 1524 1550 1578 eaque
1591 1508 1812 1577 publico
1853 1508 2098 1571 lavacro,
2137 1505 2286 1575 quod

715 1602 832 1668 ipse
854 1600 1401 1668 magnificentissime
1439 1611 1850 1666 construxerat,
1890 1602 2056 1655 dicat.
2085 1598 2286 1652 Verum

710 1695 994 1748 enimvero
1035 1697 1355 1766 quicunque
1405 1711 1472 1749 eo
1525 1696 1762 1748 lavatum
1814 1695 2284 1764 ingrediebantur,

2388 585 2613 654 ἕτοιμον
2642 585 2690 636 δ’
2719 581 2886 635 αὑτὸν
2925 580 3248 649 ἐπικουρεῖν
3289 572 3454 640 εἶναι,
3492 576 3587 628 καὶ
3622 575 3711 627 τὸν
3764 575 3977 643 Περσι-

2389 677 2482 731 κὸν
2538 676 2705 744 φόὁον
2754 674 3098 743 περιαιρεῖν.
3181 671 3422 740 Νύκτωρ
3472 670 3519 723 δ’
3578 670 3977 729 ἐπιπεσόντες,

2399 769 2697 839 Ἀντιοχεῖς
2767 767 3026 837 ἀνῄρουν.
3102 765 3164 817 ’0
3225 763 3282 816 δὲ
3335 762 3556 831 κρατῶν
3630 761 3792 822 εὐθὺς
3855 762 3981 822 rei;

2388 862 2635 930 Πέρσαις
2664 858 2915 920 ἐπέθετο,
2960 859 3058 910 καὶ
3114 857 3336 925 ἀναιρεῖ
3365 855 3457 908 τδν
3498 853 3724 907 ἐκείνων
3757 854 3980 921 καταρ-

2388 969 2574 1022 χοντα.
2626 952 2876 1021 Ἑμφανῆ
2908 951 2966 1003 δὲ
2994 949 3116 1003 κατ’
3134 949 3370 1005 ἐκείνων
3399 948 3502 1019 τὴν
3549 948 3710 1015 νίκην
3755 946 3981 1017 ἀρὰεεεο

2393 1062 2574 1114 μενος,
2607 1045 2668 1097 ὃν
2701 1044 2864 1106 αὐτὸς
2900 1042 3160 1096 ἐϐούλετο
3178 1043 3294 1104 τοῖς
3326 1042 3568 1111 Πέρσαις
3610 1039 3838 1110 βασιλέα
3868 1056 3981 1092 κα-

2390 1139 2572 1206 θίστη.
2604 1136 2986 1208 Τροπαιούχος
3012 1136 3060 1188 δ’
3086 1133 3381 1196 είσελάσας
3399 1133 3502 1204 τὴν
3533 1132 3709 1195 πόλιν,
3747 1132 3980 1202 πολλοῖς

2389 1228 3176 1299 οἶκοδομήμασικατεκὸσμει.
3206 1228 3448 1301 ΙΙολλοὺς
3477 1227 3534 1281 δὲ
3557 1226 3669 1279 τῶν
3699 1227 3980 1295 Χριττια-

2391 1322 2499 1374 νῶν
2527 1323 2742 1394 ἀνῄρει·
2773 1323 2832 1374 ὲν
2861 1315 2947 1383 οἷς
2974 1323 3071 1373 καὶ
3103 1324 3268 1374 πέντε
3297 1320 3607 1390 παρθένους
3657 1319 3760 1388 τὴν
3787 1319 3983 1370 πίστιν

2389 1412 3090 1484 τρανῶςδιακηρυττούσας
3112 1415 3247 1483 πυρὶ
3269 1412 3648 1482 παραδέδωκε.
3672 1411 3756 1463 Τὰ
3775 1410 3820 1462 δ’
3840 1410 3982 1461 όστὶ

2392 1507 2606 1558 τούτων
2641 1505 2890 1575 σφοδρῶς
2940 1504 3322 1567 κατακαύσας,
3353 1504 3448 1556 καὶ
3483 1504 3584 1572 τὴν
3652 1506 3718 1556 ὲκ
3764 1501 3983 1554 τούτων

2393 1595 2620 1648 σποδιὰν
2656 1595 2736 1665 τῷ
2765 1594 2956 1666 χαλκῷ
2986 1594 3289 1663 συμμίξας,
3337 1593 3551 1662 τήγανά
3584 1609 3644 1645 τε
3690 1595 3790 1647 καὶ
3842 1594 3982 1646 ἄλλα

2394 1682 2567 1753 σκεύη
2612 1682 2691 1752 τῷ
2749 1683 3052 1752 συμμίκτφ
3089 1683 3289 1751 ἐκείνῳ
3347 1681 3538 1752 χαλκῷ
3589 1682 3670 1752 τῷ
3726 1681 3984 1750 δημοσίῳ

713 1785 1122 1852 quamprimum
1182 1786 1387 1840 calidas
1439 1785 1750 1855 attigissent
1800 1799 2004 1854 aquas,
2054 1784 2287 1852 caligine

2401 1775 2634 1827 ἀνετίθει
2661 1774 2894 1842 λουτρῷ,
2923 1775 2953 1826 δ
2990 1775 3151 1837 αὐτὸς
3198 1774 3645 1844 μεγαλοπρεπῶς
3679 1773 3982 1843 ᾠκοδόμει.

713 1875 876 1928 simul
909 1886 963 1928 et
993 1877 1265 1946 vertigine
1299 1879 1564 1944 correpti.
1596 1892 1719 1930 cum
1757 1876 1966 1944 impetu
2000 1875 2128 1929 inde
2160 1887 2288 1944 pro-

2401 1868 2505 1921 Καὶ
2532 1867 2717 1920 τοίνυν
2769 1868 3001 1935 ὅσοιπερ
3053 1867 3312 1938 εἰσῄεσαν
3343 1866 3671 1932 λούσασθαι,
3735 1868 3859 1936 ἃμα
3897 1866 3978 1935 τῷ

712 1969 1012 2022 currebant
1057 1980 1112 2023 et
1151 1970 1539 2024 concidebant.
1589 1970 1767 2024 Causa
1816 1984 1950 2022 vero
1997 1971 2116 2038 ejus
2161 1964 2288 2020 mali

2401 1961 2501 2013 τῶν
2532 1949 2780 2031 θερμῶνί
2820 1960 3032 2013 ὓδατων
3075 1960 3355 2028 ἅψασθαι,
3426 1960 3624 2013 σκότου
3683 1961 3780 2011 καὶ
3823 1959 3984 2028 δίνης

715 2058 955 2126 cognita,
997 2057 1269 2126 Trajanus
1301 2069 1358 2112 ut
1389 2059 1492 2112 alia
1523 2075 1588 2113 ex
1620 2075 1730 2113 aere
1764 2074 1902 2127 puro
1934 2073 2061 2112 vasa
2094 2056 2290 2110 balneo

2401 2053 2628 2124 πλήρεις
2651 2053 2958 2122 γινόμενοι,
2991 2052 3240 2122 φοράδην
3281 2053 3546 2122 ιξήγοντο
3594 2052 3985 2130 καταπίπτον-

714 2160 984 2219 parentur
1019 2151 1244 2204 mandat
1273 2168 1286 2204 :
1319 2150 1483 2222 256
1521 2151 1704 2220 priora
1741 2161 1925 2204 autem
1959 2152 2049 2204 illa
2089 2150 2144 2202 in
2177 2148 2292 2202 for-

713 2243 950 2298 nacibus
988 2243 1249 2309 conﬂata,
1289 2245 1342 2297 in
1376 2246 1621 2313 quinque
1656 2243 2016 2298 transformat
2050 2250 2288 2304 statuas,

715 2350 919 2405 easque
965 2336 1241 2404 virginum
1295 2335 1709 2390 combustarum
1763 2337 1938 2390 forma
1989 2341 2044 2390 et
2097 2333 2288 2386 babitu

713 2443 822 2498 pro
851 2429 1048 2483 balneo
1079 2429 1335 2483 collocat.

1275 2635 1500 2693 CAPUT
1543 2635 1736 2692 XXIV.

723 2724 795 2778 De
829 2726 1047 2796 imperio
1077 2724 1213 2780 Αειιε
1248 2726 1492 2787 Adriani,
1540 2735 1589 2778 et
1619 2729 1684 2779 de
1715 2742 1960 2795 suprema
1986 2726 2078 2779 sub
2107 2740 2164 2778 eo
2194 2723 2292 2778 Ju-

1177 2796 1414 2851 dworum
1461 2797 1837 2851 internecione.

792 2976 1144 3050 Undeviginti
1189 2981 1365 3035 annis
1409 2989 1467 3035 et
1533 2979 1818 3035 mensibus
1877 2994 1972 3033 sex
2027 2978 2296 3048 Trajanus

722 3070 1015 3139 imperium
1061 3072 1490 3136 administravit,
1555 3079 1611 3127 et
1670 3072 1912 3125 moriens
1956 3070 2008 3123 id
2054 3070 2296 3123 Adriano

2393 2163 2509 2210 τες.
2540 2147 2707 2207 Γνοὺς
2740 2145 2797 2198 δὲ
2830 2147 2890 2198 τὸ
2939 2147 3115 2198 αῖτιον
3142 2146 3172 2198 ό
3201 2143 3492 2216 Τραϊανὸς,
3547 2145 3716 2214 ἕτερα
3745 2145 3828 2214 τῷ
3859 2145 3986 2197 λου-

2394 2240 2508 2310 τρῷ
2537 2238 2706 2307 σκεύη
2739 2237 2944 2307 χαλκοῦ
2997 2238 3234 2308 ἀμιγοῦς
3288 2238 3603 2308 ηὑτρέπιζε
3631 2254 3646 2268 '
3711 2239 3785 2291 τὰ
3815 2238 3865 2292 δ’
3915 2240 3984 2294 αὖ

2396 2337 2647 2403 πρότερα
2677 2332 2881 2404 χωνείᾳ
2911 2335 3245 2405 παραδιδοὺς
3272 2336 3355 2399 είς
3391 2334 3598 2404 στήλας
3626 2334 3984 2405 δωμὸρφωσε

2395 2431 2584 2492 πέντε,
2636 2431 2730 2481 καὶ
2759 2429 2869 2497 πρὸ
2897 2429 2989 2480 τοῦ
3017 2429 3303 2498 βαλανείου
3333 2427 3529 2482 ἀνίστα
3554 2430 3633 2492 εἰς
3661 2428 3724 2480 τὸ
3750 2429 3864 2482 τῶλ
3892 2431 3986 2481 ὑπ’

2396 2520 2562 2574 αὑτοῦ
2589 2520 2954 2588 κεκαυμένων
2988 2520 3176 2590 σχῆμα
3195 2522 3408 2576 τύπων.

2973 2635 3228 2690 ΚΕΦΔΛ.
3259 2636 3386 2691 KA'.

2399 2728 2538 2797 Περὶ
2565 2729 2674 2795 τῆς
2702 2725 3032 2792 ,βασιλείας
3058 2729 3274 2781 Αἰλίου
3317 2727 3631 2794 Ἀδριανοῦ
3654 2745 3666 2758 ⁶
3717 2732 3819 2782 και
3854 2730 3990 2794 περὶ

2469 2800 2578 2865 τῆς
2615 2802 2740 2852 κατ’
2775 2800 2964 2850 αὐτὸν
2997 2798 3268 2865 ὑστάτης
3293 2797 3414 2852 τῶν
3459 2799 3758 2852 Ἰουδαίων
3786 2817 3994 2852 παι-ωε-

2465 2873 2701 2938 λεθρίας
2716 2909 2731 2924 .

2466 2982 2658 3038 Εῖκοσι
2714 2983 2760 3038 δ’
2791 2983 2878 3037 ἐπ’
2928 2983 3198 3046 ἐνιαυτοῖς
3236 2983 3428 3053 μηνῶν
3487 2983 3702 3037 δέουσιν
3761 2984 3824 3050 ἒξ
3892 2987 3992 3056 τὴν

2398 3080 2573 3149 ἀρχὴν
2637 3076 2999 3146 κατεσχηκὼς
3031 3079 3059 3130 ὁ
3093 3077 3387 3144 Τραῑανδς,
3436 3078 3699 3147 Ἀδριανῴ
3751 3080 3835 3148 τῷ
3905 3078 3995 3131 ἐπ’

722 3165 929 3218 sororis
962 3179 1074 3219 suae
1099 3165 1174 3233 (l)
1199 3166 1318 3217 viro
1345 3163 1590 3234 reliquit.
1621 3163 1843 3218 Publica
1871 3164 1918 3217 is
1943 3163 2128 3216 statim
2157 3161 2295 3216 civi-

2401 3172 2605 3239 ἀδελφῇ
2639 3170 2878 3241 γαμϐρῷ
2913 3170 3010 3237 τὴν
3055 3169 3230 3239 ἀρχὴν
3280 3170 3631 3222 καταλείπει.
3681 3172 3899 3238 ’Δνίῃςι
3949 3175 3993 3224 ὀ·

725 3257 932 3311 tatibus
949 3257 1191 3310 remittit
1215 3257 1421 3320 debita,
1443 3265 1500 3311 et
1529 3254 1812 3325 vectigalia
1840 3255 2007 3307 multa
2033 3253 2295 3307 Romanis

722 3349 911 3413 donat,
945 3350 1089 3403 unde
1115 3350 1163 3404 ei
1194 3349 1247 3403 in
1272 3350 1408 3404 urbe
1436 3349 1608 3403 divini
1638 3347 1848 3403 decreti
1882 3355 2012 3402 sunt
2034 3346 2294 3402 honores.

722 3439 960 3494 Diica'am
991 3449 1048 3492 et
1084 3438 1482 3503 Nicomediam,
1515 3452 1638 3507 quae
1672 3447 1823 3491 motu
1864 3447 2024 3490 terrm
2060 3435 2297 3489 multum

714 3531 1038 3585 detrimenti
1067 3539 1348 3599 ceperant,
1385 3531 1542 3584 firmo
1571 3529 1883 3583 circumdat
1909 3543 2090 3582 muro.
2124 3528 2298 3596 Leges

719 3639 946 3692 quoque
981 3624 1045 3676 ad
1076 3624 1334 3678 Dracnnis
1355 3632 1410 3678 et
1440 3622 1658 3678 Solonis
1680 3623 2102 3678 Atheniensium
2131 3623 2297 3692 legis-

721 3706 960 3768 latoriim
1014 3715 1379 3769 imitationem
1412 3718 1742 3785 promulgat.
1784 3715 2099 3770 Rebellasse
2132 3715 2297 3769 etiam

726 3808 831 3861 sub
866 3810 986 3876 ipso
1024 3806 1245 3862 Judaeos
1288 3816 1343 3860 et
1399 3808 1663 3876 templum
1707 3805 2106 3875 Hierosolymis
2136 3809 2301 3860 resti-

722 3907 884 3951 tuere
934 3898 1172 3950 voluisse
1235 3897 1448 3950 dicunt.
1509 3897 1628 3962 Qua
1690 3897 1767 3950 de
1816 3911 1977 3950 causa
2025 3897 2300 3950 Adrianus

722 3992 1117 4061 quinquaginta
1153 3999 1207 4043 et
1243 3999 1367 4044 octo
1398 3989 1674 4058 myriadas
1704 4004 1899 4043 eorum
1937 4005 2048 4042 uno
2077 3989 2172 4042 die
2211 3989 2298 4042 iu-

727 4089 940 4158 tcrfecit
969 4089 1070 4154 κῆ),
1114 4098 1172 4141 et
1198 4101 1542 4156 quaecunque
1572 4102 1636 4140 ex
1672 4086 1904 4139 vetustis
1932 4085 2183 4139 adificiis
2212 4101 2300 4138 re-

723 4185 871 4251 liqua
919 4181 1103 4236 adhuc
1148 4181 1399 4245 fuerant,
1452 4181 1625 4234 diruit
1675 4195 1941 4248 prorsus,
1984 4189 2040 4233 et
2076 4179 2194 4234 solo
2226 4179 2301 4234 ita

727 4277 968 4344 aequavit
1000 4276 1098 4344 (5),
1133 4285 1190 4327 ut
1222 4289 1289 4327 ne
1331 4274 1471 4343 lapis
1498 4274 1722 4342 quidem
1760 4289 1928 4342 super
1957 4256 2140 4341 lapide
2175 4288 2300 4342 per-

727 4377 1003 4429 maneret.
1033 4380 1086 4420 et
1119 4367 1404 4420 oraculum
1437 4367 1768 4431 Servatoris,
1797 4365 1864 4419 ad
1896 4369 2104 4419 exitum
2137 4381 2298 4419 suum

726 4462 1077 4530 perductum,
1115 4459 1408 4514 verborum
1445 4461 1569 4526 ejus
1607 4459 1999 4512 certitudinem
2031 4459 2301 4513 corrobo-

729 4562 880 4606 rarct
910 4571 923 4606 :
950 4552 1299 4620 civitatisque
1330 4555 1499 4605 totius
1527 4552 1809 4620 pomoeriis
1839 4552 2138 4621 plurimum
2171 4567 2304 4606 con-

730 4645 922 4699 tractis
944 4683 958 4704 ,
992 4643 1174 4697 denuo
1204 4658 1324 4697 eam
1357 4659 1460 4697 suo
1501 4644 1606 4697 sub
1637 4644 1865 4697 nomine
1910 4643 2197 4708 excitavit,
2250 4653 2308 4697 et

729 4735 1102 4806 appellatione
1129 4750 1226 4790 sua
1255 4734 1307 4788 ei
1337 4733 1611 4803 imposita,
1643 4733 1841 4789 Eliam
1874 4734 2110 4798 vocavit,
2141 4745 2307 4803 atque

730 4829 786 4882 in
823 4828 940 4896 ipso
971 4826 1160 4895 templi
1192 4825 1356 4895 adyto
1383 4834 1620 4878 statuam
1653 4825 1770 4894 ipse
1801 4840 1956 4879 suam
1991 4826 2304 4880 collocavit.

730 4922 904 4986 Quam
949 4919 996 4972 si
1035 4919 1159 4988 quis
1202 4932 1315 4971 non
1358 4919 1543 4986 inepte
1583 4917 2051 4972 abominationem
2094 4918 2308 4972 desola-

735 5012 902 5066 tionis
950 5011 1221 5073 nominet,
1272 5010 1328 5063 in
1373 5009 1496 5064 loco
1541 5018 1754 5075 sancto,
1793 5011 1952 5081 juxta
1998 5009 2309 5066 Servatoris

732 5105 975 5169 dictum,
1009 5113 1244 5158 stantem
1268 5145 1282 5169 ,
1317 5103 1543 5157 minime
1581 5103 1629 5156 is
1667 5103 1882 5173 judicio
1925 5119 2048 5159 meo
2077 5103 2304 5158 crrarit.

738 5197 882 5250 Solis
911 5206 1096 5250 autem
1141 5194 1349 5250 Graecis
1399 5195 1742 5250 incolendam
1779 5211 1901 5249 eam
1947 5195 2121 5250 dedit.
2159 5195 2307 5249 [dem

735 5291 1010 5343 Adrianus
1048 5289 1310 5358 templum
1357 5288 1522 5342 etiam
1567 5286 1748 5358 Cyzici
1785 5287 2090 5353 exstruxit,
2135 5290 2310 5341 maxi-

739 5395 888 5433 mum
918 5390 974 5434 et
1003 5380 1452 5442 celeberrimum,
1503 5390 1556 5433 et
1597 5382 1727 5433 item
1763 5381 1956 5434 urbem
2001 5395 2147 5442 eam,
2185 5395 2309 5449 qum

735 5474 901 5528 liodie
935 5488 1157 5542 quoque
1198 5488 1396 5527 nomen
1437 5474 1557 5543 ejus
1595 5473 1829 5536 obtinet,
1867 5473 2305 5542 Adrianopolim.

734 5566 866 5632 Qua:
891 5580 1020 5619 vero
1043 5575 1096 5619 et
1120 5567 1338 5619 Ariston
1362 5565 1591 5620 Pellzrus
1612 5565 1974 5634 depostrema
1995 5564 2307 5619 Judzeorum

807 5701 884 5767 (l)
918 5701 1107 5772 Neptis
1137 5718 1201 5756 ex
1238 5717 1429 5757 sorore
1461 5717 1580 5756 sua.
1620 5703 1832 5771 (Diom)

922 5770 1032 5828 Hoc
1071 5783 1189 5836 est,
1243 5775 1540 5842 quinquies
1599 5770 1833 5829 centena
1885 5780 1942 5828 et
1991 5770 2308 5841 octuaglnta

795 5859 810 5896 l
859 5860 927 5896 ia.
959 5889 962 5891 _

736 5858 927 5897 ωιιιιει.
959 5889 962 5891 .

2406 3267 2569 3328 εὐθὺς
2603 3264 2698 3327 τὰς
2731 3263 3001 3332 δημοσίας
3029 3263 3141 3315 τῶν
3171 3263 3380 3316 πόλεων
3409 3264 3678 3333 όφειλὰς,
3715 3268 3811 3318 καὶ
3863 3267 3994 3318 πολ-

2406 3358 2529 3420 λοὺς
2551 3357 2608 3409 δὲ
2640 3359 2843 3426 φόρους
2883 3357 2999 3417 τοῖς
3041 3355 3345 3424 Ῥωμαίοις
3403 3358 3694 3428 χαρίζεται
3719 3371 3737 3388 ⁶
3795 3358 3927 3410 ὅθεν
3961 3362 3993 3428 ἡ

2408 3451 2562 3512 πόῖιις
2620 3449 2813 3511 θεῖκὰς
2864 3451 3113 3518 ἀφωσίου
3160 3449 3338 3518 τούτῳ
3386 3453 3576 3518 τιμάς.
3639 3451 3886 3503 Νίκαιαν
3938 3453 3994 3504 δὲ

2407 3546 2502 3596 καὶ
2550 3543 2926 3612 Νικομηδείαν
2984 3542 3198 3611 σεισμῷ
3246 3541 3554 3609 παθούσας,
3607 3544 3830 3613 ὀχυροῖς
3882 3547 3997 3594 τεὶ-

2407 3654 2562 3708 χεσιν
2597 3637 2772 3699 αὐτὰς
2824 3635 3166 3706 περιϐάλλει.
3219 3637 3332 3690 Καὶ
3383 3637 3583 3705 νόμους
3617 3637 3673 3690 δὲ
3731 3639 3995 3707 συντίθη-

2409 3747 2516 3793 σιν,
2541 3732 2606 3782 ἐκ
2636 3730 2745 3781 τῶν
2778 3728 2909 3798 παρ’
2947 3729 3206 3798 Ἀθήνῃσι
3241 3727 3551 3798 νομοθετῶν
3579 3730 3890 3798 Δρακοντός
3938 3750 3994 3784 τε

2408 3823 2502 3875 καὶ
2535 3821 2774 3882 Σόλωνος
2819 3820 2919 3883 τὰς
2969 3820 3226 3891 ἀφορμὰς
3277 3821 3552 3890 ἐσχηκώς,
3591 3822 3900 3876 Στασιὰσαι
3949 3826 3992 3876 δ’

2407 3917 2499 3967 ἐπὶ
2529 3914 2722 3967 τούτου
2754 3913 2930 3966 καὶτὸ
2977 3914 3250 3967 Ἰουδαίων
3287 3913 3447 3976 αὖθίς
3483 3931 3638 3982 φασι.
3687 3917 3831 3986 Πρὸς
3863 3918 3996 3985 βνιυο

2409 4008 2506 4078 λῆς
2537 4008 2582 4060 δ’
2615 4003 2685 4078 ἦν
2719 4008 2953 4070 ἐκείνοις
2987 4007 3083 4059 καὶ
3139 4008 3233 4059 τὸν
3281 4009 3339 4060 ὲν
3400 4010 3800 4080 Ἰεροσολύμοις
3850 4013 3995 4064 νεὼν

2410 4105 2660 4174 ἀνιστᾷν.
2691 4103 2982 4171 Μυριὰδας
3023 4101 3081 4153 δὲ
3115 4100 3311 4156 τοῦτον
3342 4103 3490 4155 ὀκτὼ
3513 4107 3607 4157 καὶ
3643 4107 3996 4175 πεντήκοντά

2410 4211 2578 4262 φασιν
2617 4194 2712 4245 ἐπὶ
2742 4195 2874 4262 μιᾶς
2909 4192 3122 4262 ἡμέρας
3147 4192 3332 4245 αὐτῶν
3361 4193 3575 4247 ἀνελεῖν
3609 4195 3709 4263 τῆς
3731 4197 3995 4265 τοιαύτης

2411 4290 2574 4358 χάριν
2617 4288 3043 4356 ἐπιχειρήσεως*
3075 4286 3178 4338 ὅσα
3209 4303 3274 4355 γε
3317 4288 3426 4357 μὴν
3472 4291 3540 4357 τῇ
3595 4290 3749 4340 πόλει
3807 4307 3999 4359 περιε-

2410 4382 2606 4452 λείφθη
2668 4383 2770 4451 τῆς
2829 4383 2894 4434 ἐκ
2943 4380 3112 4434 πάλαι
3142 4380 3440 4451 οἰκοδομῆς
3490 4381 3722 4450 λείψανα
3757 4385 3997 4452 ἐρειπιῖ-

2415 4492 2528 4537 σαι,
2558 4477 2652 4527 καὶ
2683 4473 3311 4541 παντάπασινάφανίσαι
3347 4492 3360 4504 ·
3396 4475 3481 4527 ἵνα
3511 4476 3648 4545 μηδὲ
3695 4477 3755 4527 τὸ
3812 4481 3996 4545 μεῖναι

2340 4563 2380 4617 D
2411 4548 2685 4619 λίθονὲπὶ
2715 4567 2872 4637 λίθῳ,
2919 4566 3102 4633 λόγιον
3133 4567 3228 4618 τοῦ
3263 4567 3518 4638 Σωτῆρος
3553 4570 3632 4631 εἰς
3672 4573 3851 4636 πέρας
3911 4574 3996 4624 ἔλ-

2411 4661 2524 4724 θὸν,
2555 4660 2836 4726 τάσφαλὲς
2867 4658 2975 4710 τῶν
3006 4657 3181 4727 λόγων
3213 4660 3677 4730 ἐξακριϐώσαιτο.
3713 4663 3808 4725 Εἰς
3847 4663 3997 4717 ἅπαν

2410 4747 2597 4818 δὲτὴν
2627 4748 2786 4801 πόλιν
2811 4747 3168 4816 ἀπομειόωας
3204 4748 3300 4800 ἐπὶ
3349 4748 3427 4817 τῷ
3463 4753 3711 4820 σφετέρῳ
3763 4752 3996 4823 ὀνόματι

2418 4839 2629 4907 ταύτην
2685 4840 2917 4909 ἐγείρει,
2969 4840 3067 4892 καὶ
3117 4840 3218 4907 τὴν
3251 4841 3627 4912 προσηγορίαν
3673 4843 3815 4914 αὐτῇ
3849 4845 3994 4905 δοὺς,

2415 4931 2607 4984 Αἰλίαν
2638 4931 2947 5000 ὠνόμασεν.
2990 4931 3082 4985 Ἐν
3104 4931 3254 5001 αύτῷ
3280 4933 3338 4985 δὲ
3368 4933 3448 5004 τῷ
3504 4935 3688 5007 ἀδύτῳ
3717 4937 3812 4991 tot}
3848 4939 3994 5007 ἱεροῦ

2411 5023 2510 5075 καὶ
2538 5024 2600 5075 τὸ
2623 5021 2825 5075 ἑαυτοῦ
2866 5022 3155 5088 ἀνίδρυσεν
3189 5023 3415 5078 εἴδωλον
3435 5038 3452 5053 ⁶
3483 5025 3512 5078 ὃ
3574 5025 3642 5078 ἄν
3673 5043 3760 5089 τις
3821 5045 3994 5097 προσ-

2413 5115 2594 5183 φόρως
2651 5114 2932 5184 βδέλυγμα
2972 5115 3315 5185 ἐρημώσεως
3363 5117 3678 5187 προσειπὼν
3735 5121 3796 5172 ἐν
3845 5121 3996 5191 τόπῳ

2412 5204 2554 5272 ἁγίῳ
2587 5202 2787 5266 ἑστὼς,
2823 5203 2969 5256 κατὰ
3003 5204 3101 5272 τὴν
3127 5205 3221 5257 τοῦ
3248 5205 3501 5276 Σωτῆρος
3527 5211 3738 5275 φωνὴν,
3792 5211 3895 5262 οὐκ
3929 5212 4001 5264 ἂν

2410 5291 2569 5364 οἶμαι
2611 5295 2871 5365 ἁμάρτοι.
2903 5295 3137 5366 Ἕλλησι
3158 5297 3214 5350 δὲ
3249 5299 3433 5366 μόνοις
3463 5299 3563 5370 τὴν
3599 5301 3758 5353 πόλιν
3790 5303 3992 5367 ἐδίδου,

2414 5389 2504 5437 καὶ
2531 5390 2808 5440 κατοικεῖν
2837 5388 3165 5458 ἐπέτρεπεν.
3200 5385 3370 5452 Οὗτος
3401 5390 3459 5442 δὲ
3493 5393 3520 5443 ὁ
3556 5392 3849 5464 ’Δδριανδς
3904 5400 3996 5448 καὶ

2412 5480 2503 5531 τὸν
2540 5479 2598 5530 ὲν
2625 5477 2851 5548 Κυζίκῳ
2875 5478 3014 5531 νεὼν
3055 5481 3278 5550 ἁνιστᾷ,
3312 5481 3569 5550 μέγιστόν
3602 5500 3728 5536 τινα
3759 5488 3856 5539 καὶ
3879 5505 3999 5543 ,πε-

2413 5572 2817 5639 ριφανέστατον
2837 5586 2852 5603 ο
2895 5573 2989 5624 καὶ
3015 5564 3121 5642 τὴν
3153 5573 3209 5637 ξς
3233 5573 3394 5645 δεῦρο
3424 5574 3488 5627 τὸ
3507 5573 3674 5628 αὐτοῦ
3706 5581 3996 5649 κτησαμέ-

2485 5705 2562 5773 (5)
2603 5704 2719 5776 Jul.
2758 5704 3004 5761 Severus
3034 5705 3088 5760 in
3118 5706 3360 5762 Judaam
3391 5709 3596 5766 missus
3622 5710 3693 5766 ab
3727 5711 3993 5776 Adriano,

2409 5790 2571 5854 arces
2601 5775 2978 5854 SOI‘diruitLet
3023 5778 3177 5832 vicos
3203 5777 3484 5854 98_0_ferro
3505 5790 3561 5840 et
3595 5784 3710 5854 igni
3740 5775 3993 5840 vastavit.

2418 5847 2623 5917 (Diom,
2661 5845 2820 5902 Oros.
2854 5847 2951 5903 lib.
2981 5863 3073 5917 vn,
3105 5863 3227 5921 cap.
3268 5849 3379 5919 l3.)
