4202 6444
198 428 313 490 945

1136 424 1749 486 ΕΩΕιΕΞΙΑδΤΙΟΕ
1793 424 2189 485 HISTORIA!
2230 424 2370 484 LIB.
2420 421 2533 482 lli.

3365 417 3472 480 N6

203 562 310 613 νην
341 542 501 595 πόλιν
531 541 707 611 δνομα
743 539 843 611 τὴν
901 537 1372 618 ’Δδριανούπολιν.
1425 532 1528 591 Οἷα
1578 537 1635 590 δέ
1690 537 1785 589 καὶ

1893 535 2182 592 obsidione
2215 535 2416 589 litteris
2446 531 2776 602 prodiderit.
2813 530 3171 593 commodum
3207 530 3374 585 fuerit
3404 549 3469 587 ex

213 634 491 705 Ἀρίστων
519 634 548 685 ό
602 631 865 693 Πελλαῖος
906 627 1065 693 αὖθις
1109 634 1240 697 περὶ
1271 631 1371 699 τῆς
1405 629 1646 698 ὑστάτης
1682 644 1783 679 πο-

197 725 455 802 λιορκίας
489 723 673 777 αὐτῶν
709 724 936 794 ίστορεῐ.
964 722 1134 777 καλὸν
1162 723 1355 782 αὑταῖς
1394 719 1608 784 λέξεσιν
1649 719 1787 770 ἐπα-

202 820 430 874 κοῦσαι.
469 835 489 870 ι
527 818 638 871 Καὶ
682 818 833 883 δῆτα·
867 815 969 885 τῆς
1006 814 1281 869 Ἰουδαίων
1317 813 1654 875 ἁποστασίας
1688 810 1788 866 αὒ-

201 912 292 972 θις
315 912 395 973 είς
424 910 566 979 μέγα
589 910 686 962 καὶ
716 906 854 959 πολὺ
884 905 1284 976 προελθούσης,
1340 901 1568 969 Ῥοῦφος
1614 900 1789 971 ῑπαρ-

200 1020 301 1073 χος
334 1001 414 1055 ὣν
440 1001 543 1069 τῆς
561 998 842 1061 Ἰουδαίας,
873 997 1276 1066 στρατιωτικῆς
1298 993 1448 1065 αὐτῷ
1466 993 1788 1065 συμμαχίας

202 1093 315 1147 ὑπὸ
346 1090 618 1160 βασιλέως
656 1085 1033 1157 πεμφθείσης,
1078 1087 1199 1148 ταῖς
1261 1081 1549 1144 ἀπονοίαις
1604 1078 1788 1133 αὐτῶν

199 1186 518 1257 χρώμενος,
555 1181 807 1252 σφοδρῶς
837 1177 1088 1251 ἐπεξῄει,
1118 1177 1390 1249 μυριάδας
1429 1174 1644 1245 ἀθρόως
1694 1174 1789 1226 ἀν-

198 1280 354 1350 δρῶν
380 1278 521 1350 ὁμοῦ
561 1277 658 1331 καὶ
706 1272 993 1345 γυναικῶν
1022 1272 1119 1327 καὶ
1178 1269 1386 1325 παίδων
1428 1266 1786 1338 διαφθείρων,

201 1372 451 1442 πολέμου
486 1387 547 1423 τε
581 1368 732 1439 νόμῳ
766 1366 867 1429 τὰς
913 1363 1101 1437 χώρας
1133 1363 1314 1418 αὐτῶν
1342 1356 1791 1429 ἐξανδραποδιζό-

202 1480 398 1533 μενος.
433 1463 803 1531 Ἐστρατήγει
835 1458 898 1511 δὲ
940 1456 1060 1510 τότε
1092 1453 1369 1508 Ἰουδαίων
1398 1449 1787 1522 Βαρχωχέσας,

196 1557 229 1611 ὃ
266 1558 335 1627 δὴ
364 1556 594 1623 ἀστέρα
614 1554 785 1625 δηλοῖ,
816 1553 885 1606 τά
920 1550 1018 1619 μὲν
1036 1549 1175 1605 ἀλλα
1202 1548 1421 1617 φονικὸς
1444 1548 1539 1599 καὶ
1565 1545 1789 1616 λῃστρι-

198 1655 304 1716 κός
330 1670 416 1715 τις
446 1653 627 1721 ἀνὴρ·
678 1651 772 1701 ἐπὶ
832 1648 890 1701 δὲ
926 1649 995 1718 τῇ
1028 1643 1373 1716 προσηγορίᾳ
1417 1636 1507 1695 οἷα
1552 1638 1641 1693 ἐπ’
1696 1639 1791 1691 ἀν-

200 1745 493 1813 δραπόδων
528 1744 603 1807 ὡς
628 1742 692 1813 δὴ
719 1740 778 1807 ἐξ
809 1740 1044 1811 οὐρανοῦ
1079 1739 1308 1809 φωστὴρ
1346 1736 1531 1798 αὐτοῖς
1555 1733 1790 1803 κατελη-

200 1838 411 1900 λυθὼς,
442 1836 812 1905 κακουμένοις
860 1851 922 1886 τε
950 1832 1264 1901 ἐπιλάμψαι
1327 1833 1786 1900 τερατευόμενος.

216 1892 600 1996 ’Ᾱκμάσαντος
626 1892 687 1977 δὲ
719 1892 815 1978 sed
855 1892 1306 1989 πολέμου-ἔτους
1332 1892 1524 1986 ὀγδόου
1559 1892 1653 1972 καὶ
1697 1917 1788 1969 δε-
1821 1892 1865 1950 Β

205 2021 386 2073 κάτου
435 2018 541 2087 τῆς
592 2019 889 2087 ἡγεμονίας
966 2012 1269 2084 ’Δδριανοῦ,
1327 2014 1470 2066 κατὰ
1545 2009 1789 2078 Βιθθηρά

211 2115 396 2182 πόλιν,
434 2114 558 2182 ἥτις
593 2106 661 2183 ἦν
696 2108 1043 2181 ὀχυρωτάτη,
1105 2108 1215 2160 τῶν
1265 2104 1670 2177 Ἰεροσολύμων
1726 2103 1786 2154 οὐ

206 2208 424 2279 σφόδρα
458 2208 650 2277 πόρρω
675 2202 971 2265 διεστῶσα,
1005 2204 1104 2272 τῆς
1135 2217 1193 2253 τε
1233 2198 1440 2264 ἔξωθεν
1472 2195 1789 2266 πολιορκίας

205 2300 433 2369 χρονίου
467 2298 791 2367 γενομένης,
834 2293 983 2365 λιμῷ
1023 2310 1084 2346 τε
1114 2292 1212 2347 καὶ
1244 2293 1388 2360 δίψει
1448 2291 1558 2343 τῶν
1595 2304 1790 2341 νεωτεο

209 2392 456 2464 ροποιῶν
515 2392 595 2455 είς
644 2390 875 2461 ἔσχατον
924 2386 1150 2457 ὀλέθρου
1200 2382 1659 2454 περιελαθέντων,
1696 2381 1791 2435 καὶ

206 2486 309 2540 τοῦ
336 2487 433 2555 τῆς
464 2485 729 2548 ἀπονοίας
769 2483 955 2544 αὐτοῖς
991 2479 1169 2535 αίτίου
1214 2478 1314 2548 τὴν
1347 2475 1507 2540 ἀξίαν
1544 2474 1793 2527 ἐκτίσαν-

209 2597 411 2642 σαντος
435 2578 619 2648 δίκην,
644 2579 704 2631 τὸ
734 2577 845 2630 πᾶν
872 2574 1026 2637 ἔθνος
1060 2572 1122 2638 ἐξ
1157 2571 1371 2625 ἐκείνου
1405 2571 1496 2622 καὶ
1530 2569 1629 2636 τῆς
1662 2564 1792 2635 περὶ

207 2675 281 2726 τὰ
318 2672 679 2743 Ἰεροσόλυμα
732 2670 837 2740 γῆς
884 2670 1124 2738 πάμπαν
1171 2665 1482 2718 ἐπιϐαίνειν
1544 2662 1791 2732 εἴργεται

209 2767 383 2832 νόμου
440 2765 675 2833 δόγματι
738 2763 834 2817 καὶ
902 2760 1216 2825 διατάξεσιν
1260 2754 1571 2829 Ἀδριανοῦ,
1599 2756 1673 2817 ὡς
1724 2754 1792 2807 ἂν

216 2859 357 2927 μηδέ
384 2858 444 2922 ἐξ
468 2857 717 2912 ἀπόπτου
746 2858 1005 2927 θεωροῖεν
1045 2855 1109 2907 τὸ
1154 2852 1413 2924 πατρῷον
1451 2852 1648 2918 ἔδαφος
1702 2849 1793 2916 ἐγ-

213 2951 647 3022 κελευσαμένου.
700 2967 720 3003 ι
755 2949 912 3004 Οὕτω
944 2947 1001 3002 δέ
1034 2947 1135 3018 τῆς
1180 2947 1393 3008 πόλεως
1428 2946 1509 3008 είς
1550 2943 1790 3012 παντελῆ

213 3046 430 3116 φθορὰν
459 3043 555 3098 τοῦ
593 3043 867 3098 Ἰουδαίων
894 3042 1087 3104 ἔθνους
1124 3041 1237 3094 τῶν
1285 3039 1457 3093 πάλαι
1487 3036 1793 3106 οἰκητόρων

212 3137 507 3206 ἐλθούσης,
540 3136 599 3201 ἐξ
641 3134 943 3204 ἀλλοφύλου
974 3150 1034 3187 τε
1069 3133 1263 3202 γένους
1330 3128 1789 3196 συνοικισθείσης,

1891 628 2080 683 verbis
2117 628 2241 697 ejus
2276 639 2651 696 cognoscere:
2692 644 2709 676 ι
2747 624 2927 679 Porro
2969 624 3269 680 rebellione.
3302 634 3472 693 atque

1890 718 2203 775 defectione
2250 715 2573 771 Judaaorum
2619 716 2840 786 longius
2886 730 3105 771 rursum
3156 730 3471 785 progressa,

1891 812 2072 867 Rufus
2112 810 2315 867 Iudaee
2341 810 2669 880 praefectus,
2719 810 2965 880 acceptis
3011 808 3082 865 ab
3132 808 3471 879 imperatore

1890 902 2226 958 militaribus
2259 902 2436 972 copiis
2460 942 2476 967 ,
2530 911 2588 957 et
2620 904 2877 958 vecordia
2919 917 3136 965 eorum,
3170 918 3272 973 pro
3306 916 3472 957 occa-

1890 998 2046 1054 sione
2091 996 2237 1052 bene
2285 996 2540 1068 gerendae
2586 997 2699 1061 rei,
2746 997 2986 1052 subinde
3033 1011 3201 1061 usus,
3255 996 3471 1051 infestis

1891 1096 2086 1143 contra
2116 1102 2214 1143 eos
2246 1086 2419 1165 signis
2444 1097 2530 1142 est
2576 1102 2927 1157 progressus.
2961 1086 3123 1158 257
3147 1098 3203 1141 et
3230 1087 3466 1157 plurima

1892 1180 2097 1251 passim
2143 1180 2314 1235 millia
2349 1180 2601 1235 virorum
2631 1180 2796 1235 simul
2831 1190 2887 1234 et
2916 1179 3271 1242 feminarum,
3305 1193 3472 1247 atque

1890 1273 2062 1328 etiam
2093 1288 2395 1343 puerorum
2424 1273 2693 1337 concidit,
2723 1272 2965 1343 bellique
2984 1274 3111 1343 jure
3131 1272 3250 1327 loca
3277 1287 3469 1326 eorum

1891 1365 2108 1434 direpta
2133 1366 2188 1419 in
2215 1374 2540 1435 potestatem
2573 1381 2730 1421 suam
2754 1366 2986 1435 redegit.
3013 1365 3129 1420 Dux
3150 1366 3469 1421 Judaeorum

1893 1466 2009 1512 tum
2041 1457 2473 1513 Barchochebas
2500 1458 2576 1528 (Ι)
2619 1467 2772 1522 erat,
2822 1458 2970 1527 quod
3013 1474 3216 1514 nomen
3262 1458 3473 1512 stellam

1892 1550 2203 1621 signiﬁcat:
2251 1560 2452 1607 castora
2496 1552 2581 1605 vir
2619 1550 3010 1620 sanguinarius
3057 1560 3109 1605 et
3156 1551 3469 1622 praedator:

1891 1662 1958 1702 ex
1987 1647 2210 1701 nomine
2236 1654 2423 1701 autem
2455 1659 2557 1700 suo
2582 1644 2817 1713 perditis
2846 1644 3136 1714 mancipiis
3162 1644 3472 1714 prodigiose

1894 1748 2268 1810 persuaserat,
2294 1739 2520 1794 coalitus
2548 1753 2605 1793 se
2635 1738 2813 1792 lucem
2846 1738 3148 1792 demissum
3174 1752 3321 1800 esse,
3353 1752 3474 1804 qua:

1893 1832 2124 1889 atllictos
2153 1843 2319 1903 atque
2342 1846 2643 1902 oppressos
2676 1831 3000 1886 illustraret.
3026 1832 3202 1897 Quam
3239 1830 3474 1884 maxime

1894 1936 2077 1982 autem
2143 1926 2289 1982 bello
2349 1925 2656 1995 ﬂagrante,
2720 1923 2942 1979 decimo
3004 1932 3200 1979 octavo
3257 1925 3472 1992 imperii

1894 2018 2122 2073 Adriani
2156 2032 2340 2083 anno,
2385 2016 2452 2072 ad
2497 2016 2801 2072 Bittberam
2839 2016 3125 2071 civitatem
3162 2019 3473 2071 munitissi-

1895 2128 2075 2178 mam,
2122 2127 2227 2167 nec
2272 2112 2347 2166 ita
2394 2110 2558 2181 longe
2590 2126 2618 2163 a
2663 2110 3065 2181 Hierosolymis
3106 2111 3302 2173 sitam,
3347 2125 3472 2164 cum

1893 2204 2217 2259 diuturnior
2251 2202 2472 2259 obsidio
2510 2204 2786 2268 instituta,
2821 2204 3167 2274 rebellesquc
3198 2214 3253 2257 et
3285 2218 3473 2258 rerqu

1896 2315 2165 2355 novarum
2209 2298 2445 2353 studiosi
2502 2297 2647 2354 fame
2680 2313 2744 2354 ac
2773 2300 2867 2354 siti
2892 2298 2959 2353 ad
3001 2308 3311 2353 extremum
3354 2299 3475 2353 evi-

1898 2394 2033 2449 tium
2083 2392 2294 2448 redacti
2346 2402 2569 2457 essent,
2612 2403 2671 2448 et
2710 2397 2805 2463 qui
2859 2394 2943 2448 eis
2991 2402 3155 2447 tantae
3205 2393 3473 2447 vecordiae

1895 2496 2089 2542 auctor
2121 2487 2351 2551 fuisset,
2406 2487 2600 2557 dignas
2625 2502 2725 2556 per
2756 2487 3053 2541 vindictam
3083 2486 3326 2542 dedisset
3361 2502 3474 2556 pa:-

1896 2594 2016 2644 nas,
2051 2593 2186 2649 gens
2219 2587 2333 2633 tota
2367 2593 2433 2634 ex
2470 2593 2538 2633 eo
2586 2587 2835 2647 tempore
2878 2579 3114 2633 vicinam
3147 2579 3201 2633 in
3235 2579 3471 2633 circuitu

1899 2668 2294 2740 Hierosolymis
2326 2669 2608 2740 regionem
2641 2684 2869 2739 prorsus
2899 2670 3168 2737 attingere
3196 2670 3472 2739 prohibita

1894 2774 2001 2826 est,
2046 2763 2215 2832 idque
2256 2764 2336 2818 sic
2379 2764 2779 2818 constitutione
2821 2775 2879 2819 et
2927 2766 3211 2821 sanctione
3246 2764 3471 2819 Adriani

1897 2853 2103 2908 factum
2135 2870 2149 2907 :
2178 2853 2273 2924 qui
2304 2852 2409 2909 hoc
2439 2854 2519 2908 sic
2544 2854 2735 2924 jussit,
2765 2867 2824 2907 ut
2853 2854 2929 2908 illi
2964 2870 3039 2910 ne
3065 2856 3312 2924 aspicere
3341 2856 3470 2925 qui-

1896 2946 2023 3001 dem
2052 2961 2121 3001 ex
2147 2946 2272 3002 loco
2302 2945 2565 3016 quopiam
2598 2948 2834 3002 editiore
2864 2944 3309 3017 patrium‘solum
3341 2964 3473 3017 pos-

1897 3047 2043 3095 sent.
2082 3057 2102 3090 ι
2130 3038 2209 3093 Ad
2243 3038 2391 3093 hunc
2418 3040 2639 3094 modum
2671 3041 2802 3093 urbs
2829 3040 3340 3111 Hierosolymorum
3372 3040 3471 3095 .lu-

1895 3131 2115 3186 daicum
2152 3132 2438 3202 populum,
2472 3132 2896 3201 antiquissimos
2932 3147 3065 3187 suos
3096 3132 3345 3197 colonos,
3388 3135 3473 3187 in-

212 3234 249 3302 ἡ
284 3230 586 3303 μετέπειτα
632 3230 883 3282 συστᾶσα
946 3226 1234 3297 Ῥωμαῖκὴ
1260 3225 1417 3287 πόλις
1465 3224 1544 3288 είς
1569 3222 1668 3292 τὴν
1696 3220 1790 3274 τοῦ

1897 3225 2214 3280 teniecione
2265 3240 2480 3280 summa
2534 3223 2754 3289 amisit,
2798 3234 2853 3278 et
2894 3233 3079 3293 postea
3129 3226 3200 3280 ab
3246 3227 3472 3281 advenis

216 3320 548 3391 κρατοῦντος
596 3319 781 3373 Αίλίου
837 3315 1120 3386 ’Δδριανοῦ
1164 3316 1336 3386 τιμὴν
1384 3313 1545 3367 Αίλία
1582 3327 1789 3381 προσα-

212 3416 536 3485 γορεύεται.
566 3410 671 3465 Καὶ
698 3410 846 3465 οὕτω
875 3410 976 3481 μὶν
1014 3410 1263 3464 Ἰουδαῖοι
1312 3408 1407 3462 καὶ
1456 3408 1549 3461 ἐπὶ
1598 3404 1791 3459 τούτου

214 3508 323 3576 τὴν
346 3506 588 3575 ἐσχάτην
610 3504 709 3574 τῆς
739 3503 884 3557 κατά
914 3501 1155 3572 Χριστοῦ
1191 3503 1392 3571 μανίας
1417 3499 1689 3553 ἀπέτισαν
1711 3496 1789 3549 δίο

213 3617 325 3669 κην
348 3615 363 3629 ·
395 3600 559 3669 ⁴ἡμεῖς
583 3597 640 3651 δὲ
676 3596 772 3651 καὶ
798 3597 895 3651 ἐπὶ
915 3596 1017 3669 τὴν
1047 3595 1301 3667 διαδοχὴν
1324 3596 1434 3649 τῶν
1462 3593 1622 3649 θείων
1635 3590 1794 3655 αὖθις

215 3690 433 3764 ἀνδρῶν
459 3691 821 3762 χωρήσωμεν,

1782 3812 1787 3815 -
1896 3780 1964 3834 ad
2040 3780 2357 3834 divinorum

768 3986 1039 4061 nec“.
1073 3984 1203 4038 κεν.

220 4098 395 4160 Τίνες
419 4093 571 4149 κατὰ
604 4094 857 4158 τούτους
886 4091 1028 4156 τοὺς
1056 4091 1317 4213 ἒρόνους
1351 4087 1471 4143 τῶν
1517 4087 1797 4157 μεγάλων

291 4163 620 4213 summatim
659 4162 733 4213 ni
759 4160 1032 4213 (acaum?
1105 4161 1392 4213 ιέποεπον
1428 4159 1794 4213 λειτουργία.

291 4159 620 4234 παροικιῶν
659 4162 733 4231 τῇ
759 4160 1032 4231 έερατικῇ
1059 4159 1392 4230 διέπραττον
1428 4159 1794 4227 λειτουργίᾳ.

294 4281 598 4349 Δωδεκάτῳ
628 4278 740 4331 ἔτει
789 4277 887 4345 τῆς
931 4274 1210 4347 Τραῖανοῦ
1265 4274 1543 4345 βασιλείας
1587 4274 1797 4344 Εὐαρέ-

219 4392 356 4426 mou
387 4373 575 4440 ὄγδοον
605 4371 725 4432 ἔτος
778 4372 872 4423 ἐπλ⁸
907 4369 1134 4438 Ῥώμης
1170 4367 1608 4438 ίερατεύσαντος,
1645 4367 1801 4419 Ἀλέ-

218 4465 453 4532 ξινδρος
484 4466 746 4532 πέμπτην
780 4462 889 4515 ἀπὸ
926 4460 1143 4513 Παύλου
1176 4462 1272 4513 καὶ
1301 4460 1511 4529 Πέτρου
1538 4460 1797 4527 κατάγων

1897 3314 2046 3368 culta
2080 3324 2245 3384 atque
2281 3314 2587 3369 inhabitata
2611 3352 2627 3376 ,
2675 3322 2737 3367 ut
2777 3314 3025 3367 Romana
3058 3312 3219 3381 plane
3252 3314 3469 3376 civitas,

1897 3410 1954 3465 in
2001 3410 2354 3481 imperatoris
2399 3408 2532 3465 Elii
2586 3407 2812 3464 Adriani
2868 3407 3137 3461 honorem
3188 3404 3333 3459 Elia
3390 3413 3475 3458 est

1896 3503 2191 3573 appellata.
2235 3503 2312 3556 Ac
2358 3502 2440 3557 sic
2484 3502 2706 3571 quidem
2756 3500 2923 3555 etiam
2976 3500 3082 3554 sub
3136 3499 3241 3553 hoc
3296 3498 3470 3553 Judaei

1895 3606 2208 3652 extremum
2258 3603 2450 3649 contra
2492 3592 2777 3647 Christum
2833 3607 2933 3662 per
2982 3592 3225 3646 furorem
3281 3606 3474 3660 perpe-

1897 3687 2026 3741 trati
2062 3686 2265 3757 piaculi
2302 3686 2457 3740 luere
2485 3685 2843 3756 supplicium.
2879 3683 2989 3739 Nos
3022 3694 3206 3739 autem
3247 3699 3470 3738 rursum

2432 3778 2681 3834 virorum
2773 3777 3179 3834 descendamus
3253 3793 3474 3833 succes-

1897 3873 2137 3929 sionem.

2460 3988 2688 4048 CAPUT
2732 3990 2897 4046 XXV.

1901 4102 2005 4169 Qui
2037 4117 2097 4156 ea
2146 4111 2301 4159 (etate
2348 4106 2595 4157 maximis
2620 4103 2903 4173 quibusque
2933 4100 3162 4155 ecclesiis
3188 4100 3471 4171 episcopali

2363 4174 2650 4228 ministerio
2688 4174 3017 4244 pra'fuerint.

1972 4292 2309 4350 Duodecimo
2340 4289 2664 4360 imperantis
2695 4288 2916 4359 Traiani
2954 4302 3135 4349 anno,
3174 4300 3299 4340 cum
3335 4286 3474 4340 Eva-

1901 4397 2084 4442 restus
2127 4383 2509 4453 pontiﬁcatum
2561 4382 2746 4435 Romae
2792 4390 2919 4434 octo
2968 4395 3145 4433 annos
3192 4381 3472 4448 gessisset,

1900 4478 2213 4533 Alexander
2270 4475 2501 4544 quintus
2552 4490 2580 4527 a
2642 4471 2811 4527 Paulo
2866 4483 2922 4525 et
2975 4470 3141 4525 Petro
3187 4485 3476 4525 successor

216 4559 502 4628 διαδοχὴν,
534 4557 627 4609 τὸν
649 4556 840 4625 θρόνον
898 4554 1192 4624 λαμϐάνει.
1234 4552 1418 4623 Τρίτῳ
1465 4553 1511 4606 δ’
1550 4553 1662 4605 ετει
1696 4554 1795 4620 τῆς

1899 4571 2192 4627 ecclesiam
2237 4566 2532 4638 regendam
2579 4566 2844 4634 suscepit.
2887 4563 2991 4629 Qui
3039 4565 3203 4619 tertio
3251 4565 3475 4618 Adriani

216 4653 402 4721 ἀρχῆς
434 4653 621 4703 Αἰλίου
666 4648 954 4718 Ἀδριανοῦ
995 4649 1223 4702 δέκατον
1274 4647 1395 4707 ἔτος
1426 4647 1797 4716 ἐκπληρώσας

234 4744 616 4812 Ἀλέξανδρος,
696 4742 891 4812 Ξύστῳ
949 4742 1158 4810 ταύτης
1206 4739 1510 4805 ἐξίσταται.
1581 4740 1696 4807 Τῆς
1755 4740 1802 4792 δ’

221 4836 532 4906 ἡγεμονίας
577 4834 862 4903 Ἀδριανοῦ
900 4834 1208 4888 δωδέκατον
1245 4835 1476 4904 ἐχούσης
1526 4832 1666 4895 ἔτος,
1697 4830 1802 4885 Ξύ-

220 4948 352 4982 σςον
378 4929 609 4997 δεκαετῆ
650 4927 1039 4995 διαγενόμενον
1078 4930 1270 4998 χρόνον
1329 4931 1393 4997 τῇ
1434 4930 1535 4993 τῆς
1575 4926 1801 4997 Ῥώμης

218 5024 498 5086 ἐπισκοπῇ
525 5018 758 5087 ἕϐδομος
797 5019 906 5070 ἀπὸ
946 5017 1055 5070 τῶν
1094 5020 1409 5073 ἀποστόλων
1458 5018 1801 5087 Τελέσφορος

219 5115 555 5181 διαδεχέται.
594 5114 705 5165 Καὶ
727 5112 921 5165 τούτου
947 5111 992 5163 δ’
1018 5112 1293 5180 ἑνδεκάτῳ
1326 5114 1424 5181 τῆς
1457 5113 1802 5181 λειτουργίαις

219 5205 462 5276 ἐνιαυτῷ
485 5206 544 5257 τὸ
576 5203 729 5273 βιοῦν
768 5204 1207 5274 μεταλλάξαντος
1264 5205 1408 5257 τέλει
1471 5207 1798 5275 μαρτυρίου,

220 5300 301 5361 ὦς
329 5315 500 5367 φησιν
536 5297 853 5368 Είρηναῑος,
897 5297 1116 5365 ’Υγίνος
1149 5296 1242 5348 τὸν
1298 5298 1501 5366 κλῆρον
1542 5298 1648 5365 τῆς
1684 5301 1803 5349 ἐπι-

221 5391 442 5458 σκοπῆς
492 5390 813 5459 ἐκληροῦτο,
880 5390 1003 5453 ἔτος
1063 5391 1282 5454 πρῶτον
1357 5391 1679 5444 ’Λντωνίνου
1717 5391 1801 5451 ,ὃς

218 5482 473 5553 Εὐσεϐὴς
504 5482 867 5552 ἐπεκέκλητο,
900 5470 1123 5550 ἔχοντος
1157 5487 1223 5554 τῇ
1270 5485 1437 5554 ἀρχῇ.
1496 5484 1662 5537 Ἀλλά
1694 5485 1803 5552 γάρ

221 5576 365 5645 μετά
393 5573 656 5643 τέταρτον
681 5572 782 5642 τῆς
819 5573 1131 5645 ἐπισκοπῆς
1162 5574 1285 5637 ἔτος
1346 5574 1839 5642 ἀποϐαλλομένου,

295 5734 375 5809 (l)
408 5733 831 5791 Barchochebas
864 5737 1168 5805 perduellis
1204 5738 1327 5802 iste.
1361 5740 1577 5796 Justino
1626 5740 1805 5809 philo-

220 5807 403 5874 sopho
430 5816 485 5859 et
514 5816 753 5933 martyre
786 5818 944 5869 teste,
966 5810 1108 5877 apud
1134 5810 1335 5863 Euseb.
1375 5811 1472 5863 lib.
1508 5828 1578 5874 iv,
1605 5807 1725 5877 cap.
1750 5814 1797 5863 8η

220 5877 575 5933 Christianos
594 5895 654 5932 so
680 5894 761 5933 os.
791 5879 895 5931 nisi
917 5879 1196 5933 Christum
1229 5882 1617 5933 abneuassent.
1639 5892 1797 5933 atque

219 5879 575 5933 Christianos
594 5879 761 5944 solos,
791 5879 895 5931 nisi
917 5879 1196 5934 Christum
1229 5882 1618 5952 abnegassent,
1639 5892 1801 5951 atque

1904 4663 2121 4732 imperii
2169 4676 2355 4721 anno,
2400 4659 2673 4713 decennio
2726 4658 2779 4710 in
2833 4657 3134 4726 episcopali
3187 4658 3475 4710 iunctione

1903 4757 2152 4827 expleto,
2204 4752 2376 4823 Xysto
2418 4766 2539 4805 eam
2582 4752 2879 4803 concessit.
2931 4748 3266 4802 llimdeciino
3312 4764 3477 4816 porro

1904 4847 2127 4905 Adriani
2149 4860 2319 4906 anno,
2342 4859 2467 4898 cum
2494 4843 2699 4912 Xystus
2723 4840 3053 4895 decennium
3081 4840 3271 4893 itidem
3298 4840 3477 4893 eccle-

1903 4941 1999 4994 siae
2028 4938 2359 5007 praefuisset,
2382 4934 2757 5004 Telesphorus
2784 4934 2835 4987 ei
2864 4933 3154 4987 Successit.
3188 4932 3390 4987 Verum
3421 4942 3479 4985 et

1907 5034 2034 5094 hnc,
2087 5030 2383 5085 undecimo
2416 5026 2749 5097 pontiﬁcalis
2809 5026 3107 5080 ministerii
3163 5026 3248 5080 sui
3306 5041 3475 5085 anno,

1905 5123 2071 5193 258
2115 5124 2223 5177 vita
2269 5137 2368 5190 per
2409 5122 2733 5189 martyrium
2782 5118 3041 5172 defuncto
3069 5157 3084 5179 ,
3133 5129 3192 5171 ut
3243 5118 3479 5171 lrenzeus

1906 5216 2122 5282 inquit,
2187 5214 2431 5283 llyginus
2491 5211 2831 5281 provinciam
2883 5211 3003 5279 ejus
3055 5218 3140 5263 est
3201 5209 3476 5271 sortitus,

1910 5308 2086 5376 primo
2113 5306 2329 5374 imperii
2356 5304 2645 5367 Antonini,
2675 5305 2769 5371 qui
2800 5304 2925 5359 Pius
2956 5312 3038 5355 est
3071 5302 3276 5369 dictus,
3307 5319 3476 5356 anno.

1909 5399 2120 5468 llygino
2160 5413 2327 5467 porro
2363 5407 2486 5466 post
2521 5406 2780 5465 quartum
2823 5412 3026 5447 annum
3069 5407 3312 5460 mortuo,
3350 5397 3481 5449 Pius

1908 5492 2299 5561 successitﬁ).
2338 5492 2516 5558 Atque
2562 5490 2690 5543 huic
2733 5506 2952 5543 rursum
3000 5490 3294 5551 Anicetus,
3333 5489 3481 5542 vico-

1908 5587 2048 5641 simo
2077 5585 2403 5655 imperantis
2429 5583 2508 5637 Pii
2531 5599 2697 5637 anno.
2729 5584 2990 5637 Anicetus
3016 5592 3199 5637 autem
3225 5583 3478 5641 undecim

1910 5741 2267 5862 lila;plienii_is
2310 5741 2667 5804 incesserent,
2724 5742 2790 5793 ad
2849 5740 3167 5808 gravissima
3209 5740 3480 5811 supplicia

1912 5825 1990 5862 lrn
2021 5829 2052 5862 Il
2096 5822 2273 5862 Itls‘stl.

1965 5822 2052 5864 :llll
2096 5822 2273 5864 Iusstl.

1912 5825 2052 5867 trnhl
2089 5825 2273 5882 μιδδιι.

1982 5884 2056 5953 (τι)
2096 5884 2223 5936 Pius
2249 5882 2408 5937 annis
2454 5882 2515 5937 15
2550 5881 2870 5937 cathedram
2902 5882 3156 5936 obtinuit.
