4202 6444
222 416 328 478 949

791 540 1040 593 ΚΕΦΑΛ.
1093 538 1238 605 KG'.

224 625 393 700 ΠερὶΔ
419 628 757 700 Ἰουστίνου
814 630 924 684 τοῦ
972 634 1317 699 φιλοσόφου
1346 631 1443 684 καὶ
1469 630 1796 700 μάρτυρος,

297 696 535 769 καὶῖἦς
590 701 743 769 πρὸς
790 696 1140 756 Ἀντιοῦοἷνον
1189 696 1796 769 ἀπολογίας-ἀὐτοῦ’

297 767 388 821 ἔτι
410 768 480 826 δὲ
512 770 610 822 καὶ
637 767 776 838 περὶ
816 770 1201 840 Ἡγησίππου
1233 774 1331 827 καὶ
1364 767 1729 838 Μελιτωνος.

296 880 457 934 Κατὰ
487 879 543 933 δὲ
573 880 665 934 τὸν
695 883 888 954 χρόνον
925 884 1209 953 Ἀδριανοῦ
1240 887 1335 937 καὶ
1373 885 1656 947 Ίουστῖνος
1686 884 1715 935 ό
1744 884 1801 937 ὲν

220 971 545 1041 φιλοσόφοις
582 976 788 1045 μάρτυς
829 975 1246 1045 ἀνεγνωρίζετο,
1282 980 1504 1048 γνήσιος
1538 977 1637 1046 τῆς
1668 977 1803 1045 ἀλη-

223 1063 356 1127 θοῦς
386 1066 702 1134 φιλοσοφίας
731 1065 805 1119 ὣν
834 1068 1088 1138 ἐραστὴς,
1116 1072 1216 1124 κάν
1242 1071 1359 1130 ταῖς
1394 1069 1522 1137 παρ’
1544 1068 1804 1136 Ἕλλησιν

222 1159 453 1222 ἠσκεῖτο
482 1157 782 1228 διατριϐαῖς
807 1175 822 1190 ⁸
853 1163 1001 1225 ὅστις
1032 1178 1091 1215 τε
1121 1162 1216 1216 καὶ
1243 1156 1354 1223 οἷος
1384 1156 1481 1231 ἦν,
1513 1160 1609 1221 καὶ
1636 1159 1713 1222 ὡς
1741 1161 1805 1213 ἐκ

222 1250 330 1319 τῆς
362 1250 636 1318 Ἑλλήνων
682 1252 891 1324 πλάνης
933 1254 1002 1308 τά
1045 1256 1143 1324 τῆς
1193 1254 1431 1323 ἀληθοῦς
1486 1254 1806 1324 φιλοσοφίας

221 1345 541 1413 ἠσπάσατο,
572 1345 737 1399 αὑτοῦ
765 1347 1013 1415 λέγοντος
1038 1346 1263 1401 ἀκούειν
1298 1349 1533 1419 μάλιστα
1564 1351 1699 1419 πρὸς
1729 1346 1806 1417 τῷ

224 1439 444 1507 εὐλόγῳ
484 1440 579 1491 καὶ
620 1440 828 1495 δίκαιον
868 1438 1013 1495 εἶναι
1059 1444 1332 1510 γινώσκω.
1374 1438 1543 1505 Οὗτος
1582 1446 1690 1512 γὰρ
1731 1443 1806 1506 ὼς

228 1532 435 1601 ἄριστα
460 1533 596 1603 πρὸς
620 1530 892 1602 Ἕλληνας
922 1536 1063 1605 ὑπὲρ
1089 1537 1184 1606 τῆς
1211 1536 1370 1605 ἡμῶν
1397 1538 1807 1606 ἀγωνισάμενος

234 1626 473 1688 πίστεως
507 1626 687 1693 λόγοις
715 1629 774 1679 τὸ
808 1628 1205 1700 ἀναντίρρητον
1240 1630 1445 1697 ἔχουσι,
1483 1629 1659 1698 λόγοις
1693 1631 1809 1683 ἐτέ-

234 1735 353 1787 ροις
379 1719 649 1785 ἀπόλογον
675 1720 1135 1791 προϐεϐλημένοις
1162 1724 1302 1793 ὑπὲρ
1327 1723 1484 1792 ἡμῶν
1509 1724 1809 1791 Ἀντωνίνῳ

232 1812 448 1881 βασιλεί
468 1813 545 1882 τῷ
571 1812 800 1867 Εὐσεὸεἰ
822 1814 1187 1883 ἐπικληθέντι.
1214 1818 1306 1869 καὶ
1331 1820 1393 1887 τῇ
1423 1817 1562 1869 κατὰ
1591 1814 1810 1887 Ῥώμην

1142 418 1757 481 ECCLESIASTICIE
1802 420 2200 479 lliSTUHl.-E
2236 422 2387 485 LIB.
2432 422 2550 480 lil-

3378 425 3483 487 950

2473 540 2699 598 CAPUT
2760 539 2953 597 XXVI.

1910 631 1985 685 De
2036 632 2244 704 Iustino
2296 632 2639 701 philosopho,
2680 635 2960 701 eodemque
3012 641 3276 704 martyre,
3325 640 3374 684 et
3425 635 3486 685 de

1978 703 2314 772 Apologclico
2348 704 2581 770 ejusdem
2617 705 2880 758 Antonino
2928 702 3179 758 exhibito.
3216 702 3486 758 Pra'terea

1978 775 2042 827 de
2075 775 2363 843 Megesippo
2392 784 2439 827 et
2476 772 2749 829 Melitone.

1981 890 2095 945 Hac
2138 891 2251 959 ipsa
2282 901 2441 947 aetate
2472 891 2727 958 Adriani,
2760 890 3017 947 Justinus
3047 889 3214 945 etiam
3262 904 3327 945 ex
3366 889 3487 960 phi-

1909 986 2156 1055 losophis
2184 996 2410 1057 martyr,
2442 985 2587 1039 inter
2626 986 2935 1056 praecipuos
2974 993 3057 1039 est
3090 983 3332 1047 habitus,
3364 999 3490 1052 ger-

1912 1094 2109 1135 manus
2138 1088 2194 1133 et
2221 1078 2475 1133 sincerus
2509 1093 2652 1131 vera:
2684 1076 3051 1148 phil050phiie
3077 1085 3311 1141 amator,
3344 1083 3399 1129 et
3431 1075 3488 1129 in

1911 1172 2222 1227 Grzecorum
2253 1169 2561 1238 disciplinis
2584 1169 2800 1240 egregie
2823 1168 3179 1222 exercitatus.
3205 1165 3310 1221 Sed
3340 1166 3486 1221 enim

1911 1263 2038 1333 quis
2061 1262 2306 1332 qualisve
2337 1260 2525 1325 fuerit,
2550 1270 2605 1315 et
2626 1258 3091 1330 quemadmodum
3123 1275 3151 1313 a
3173 1258 3487 1313 Graecorum

1913 1355 2199 1409 erroribus
2238 1354 2305 1408 ad
2351 1368 2671 1424 germanam
2721 1337 3130 1423 philosophiam
3182 1350 3487 1410 transierit.

1914 1447 2424 1501 commodissimum
2475 1445 2641 1499 fuerit
2689 1460 2757 1499 ex
2802 1445 2978 1514 ipsius
3011 1444 3198 1498 verbis
3228 1457 3490 1512 reCOgno-

1916 1555 2090 1595 scere.
2123 1539 2262 1594 Cum
2304 1538 2451 1592 enim
2480 1538 2748 1592 adversus
2777 1536 2999 1592 Graecos
3028 1545 3085 1589 et
3124 1534 3359 1605 gentiles
3392 1549 3495 1602 pro

1914 1633 2247 1690 Christianis
2293 1632 2575 1686 orationes
2618 1630 2883 1700 scripsit,
2930 1628 3137 1699 quibus
3182 1640 3493 1696 repugnare

1916 1736 2083 1797 atque
2107 1726 2371 1795 refragari
2392 1725 2469 1779 illi
2498 1740 2603 1778 non
2637 1732 2958 1792 potuerunt,
2999 1730 3112 1775 tum
3161 1721 3368 1784 Batnae,
3400 1719 3497 1774 ιιιιὶ

1918 1822 2086 1876 vitam
2115 1820 2381 1889 degebat,
2413 1818 2691 1872 Antonino
2724 1818 2821 1871 Pio
2847 1816 3165 1885 imperatori
3191 1824 3247 1869 et
3273 1811 3494 1868 senatui

233 1904 530 1975 συγκλήτῳ
563 1909 891 1975 προσφωνεῖ.
932 1908 1053 1960 Ἐπὶ
1084 1910 1192 1978 γάρ
1228 1908 1446 1980 Ῥώμης
1473 1909 1572 1971 τὰς
1602 1909 1809 1978 διατρι-

1923 1913 2166 1967 ltomano
2195 1926 2292 1981 pro
2318 1911 2476 1964 nobis
2504 1910 2821 1980 Apologiam
2849 1908 3125 1974 exhibuit,
3150 1909 3227 1963 ita
3255 1923 3376 1962 eam
3411 1908 3497 1961 in-

232 1999 339 2060 εὶις
385 2000 698 2069 ἐπεποίητο.
746 2002 951 2069 Γράφει
999 2002 1054 2054 δὲ
1101 2002 1312 2065 οὕτως’
1366 2020 1384 2054 ι
1441 2004 1812 2072 Αὐτοκράτορι

235 2093 386 2162 Τίτῳ
432 2093 599 2163 Αἰλίῳ
645 2095 907 2164 Ἀδριανῴ
949 2096 1252 2165 Ἀντωνίνῳ
1300 2097 1527 2149 Εὐσεϐεῖ
1572 2097 1814 2165 Καίσαρι

234 2186 497 2256 Σεϐαστῷ
520 2230 532 2250 ,
568 2188 660 2240 καὶ
691 2189 1046 2260 Οὐηρισσίμῳ
1078 2190 1179 2260 υἱῷ
1211 2191 1519 2260 φιλοσόφῳ,
1555 2193 1649 2245 καὶ
1676 2193 1815 2246 Δου-

232 2280 343 2347 κέῳ
385 2278 678 2348 φιλοσόφου
727 2280 1000 2352 Καίσαρος
1044 2282 1203 2351 φύσει
1246 2285 1368 2351 υἱῷ,
1408 2286 1502 2336 καὶ
1544 2285 1816 2349 Εὐσεϐοῦς

234 2372 558 2442 εἰσποιήτῳ,
590 2374 790 2443 ἐραστῇ
826 2374 1097 2440 παιδείας,
1133 2377 1257 2447 ἱερᾷ
1286 2395 1346 2430 τε
1380 2380 1689 2450 συγκλήτῳ.
1724 2382 1816 2434 καὶ

236 2465 407 2517 παντὶ
438 2464 595 2534 δήμῳ
629 2464 910 2534 Ῥωμαίων
931 2507 946 2530 ,
987 2468 1124 2538 ὑπὲρ
1156 2470 1263 2522 τῶν
1294 2472 1357 2522 ὲκ
1392 2473 1592 2535 παντὸς
1626 2474 1817 2539 γένους

236 2557 546 2628 ἀνθρώπων
572 2559 771 2621 ἀδίκως
806 2562 1171 2630 μισουμένων,
1206 2564 1301 2615 καὶ
1331 2563 1814 2633 ἐπηρεαζομένων,

250 2651 539 2711 Ὶιιυστῖνος
586 2651 822 2720 Πρίσκος
864 2651 957 2704 τοῦ
1004 2652 1241 2721 Βλκχίου
1278 2654 1387 2705 τῶν
1433 2656 1537 2707 ἀπὸ
1584 2655 1818 2717 dilatata;

239 2737 371 2800 νέας
397 2737 605 2799 πόλεως
631 2740 729 2806 τῆς
761 2740 962 2808 Συρίας
995 2742 1374 2811 Παλαιστίνης,
1407 2738 1485 2806 εἷς
1512 2744 1691 2795 αὐτῶν
1718 2742 1813 2807 ὢν,

238 2833 342 2899 τὴν
378 2830 766 2899 προσφώνησιν
800 2833 890 2883 καὶ
927 2832 1171 2898 ἔντευξιν
1208 2837 1535 2903 πεποίημαι.
1576 2854 1596 2886 ι
1642 2837 1730 2889 Ἐν
1764 2836 1819 2888 δὲ

236 2928 305 2991 τῇ
339 2925 508 2993 αὐτῇ,
540 2924 623 2976 ὅτι
657 2925 732 2992 μὴ
762 2924 973 2991 ἀλόγως
993 2966 1009 2990 ,
1048 2926 1183 2994 μετὰ
1214 2928 1449 2994 κρίσεως
1480 2928 1524 2980 δ’
1546 2927 1697 2996 αὐτῷ
1727 2945 1819 2995 γε·

240 3016 467 3086 γένηται
503 3017 535 3085 ἡ
570 3016 664 3067 ἐπὶ
696 3016 757 3067 τὸ
792 3016 968 3087 δόγμα
1004 3017 1297 3087 μεταϐολὴ,
1332 3020 1581 3088 ἐπιφέρει
1604 3036 1617 3048 °
1655 3039 1675 3071 ι
1712 3023 1820 3075 Καὶ

239 3111 353 3178 γὰρ
392 3109 557 3170 αὐτὸς
597 3112 710 3177 ἐγὼ
753 3111 868 3172 τοῖς
912 3110 1199 3173 Πλάτωνος
1245 3115 1453 3182 χαίρων
1499 3114 1818 3181 διδάγμασι,

238 3199 706 3270 διαϐαλλομένους
746 3202 961 3256 ἀκούων
1003 3205 1396 3272 Χριστιανοὺς,
1442 3206 1589 3276 ὀρῶν
1629 3207 1685 3259 δὲ
1729 3208 1821 3260 καὶ

240 3291 481 3358 ἀφόδους
528 3295 668 3364 πρὸς
718 3295 979 3361 θάνατον,
1022 3297 1116 3349 καὶ
1159 3297 1339 3351 πάντα
1378 3298 1448 3351 τὰ
1492 3301 1826 3370 νομιζόμενα

244 3385 477 3455 φοὸερά,
504 3387 765 3451 διενὸουν,
794 3387 1062 3443 ἀδύνατον
1089 3388 1229 3443 εἶναι
1261 3394 1319 3443 ἐν
1348 3393 1517 3464 κακίᾳ
1548 3398 1641 3447 καὶ
1669 3395 1827 3465 φιλη-

245 3479 401 3549 δονξᾳ
428 3480 698 3550 ὑπάρχειν
724 3482 941 3546 αὐτούς.
970 3484 1066 3547 Τίς
1094 3486 1202 3553 γὰρ
1229 3485 1511 3553 φιλήδονος
1538 3488 1630 3540 καὶ
1658 3489 1829 3558 ἀκρα-

245 3572 368 3641 τὴς.
393 3574 489 3625 καὶ
512 3575 869 3644 ἀνθρωπείων
899 3579 1121 3647 σαρκῶν
1148 3579 1313 3649 βοράν
1338 3581 1666 3650 ἡγούμενος,
1694 3586 1829 3650 ἀγαο

244 3665 343 3718 θον
361 3666 570 3720 δύναιτ’
593 3670 658 3722 ἂν
682 3671 912 3725 θάνατον
931 3674 1310 3736 ἀσπάσασθαι,
1332 3677 1481 3738 ὅπως
1500 3678 1609 3730 τῶν
1631 3676 1827 3731 ἑαυτοῦ

246 3759 543 3829 στερηθείη
583 3764 895 3833 ἐπιθυμιῶν
920 3803 937 3831 ,
975 3767 1092 3819 ἀλλ’
1116 3767 1219 3820 οὐκ
1258 3770 1322 3821 ὲκ
1364 3771 1567 3834 παντὸς
1608 3771 1708 3839 ζῇν
1743 3773 1829 3825 ἀεὶ

243 3852 349 3919 τὴν
395 3852 584 3907 ἐνθάδε
641 3854 846 3925 βιοτὴν,
899 3858 997 3912 καὶ
1043 3857 1333 3913 λανθάνειν
1380 3861 1509 3924 τοὺς
1558 3862 1830 3934 ἄρχοντας

242 3947 574 4015 πειρᾶσθαι,
606 3948 704 4019 οὐχ
733 3950 816 4003 ὅτι
846 3951 1472 4021 ἑαυτὸν,καταγγέλλειν
1502 3956 1831 4025 φονευθησό-

249 4055 450 4107 μενονς
482 4058 503 4092 ι
530 4040 620 4094 Ἑν
645 4042 703 4095 δὲ
726 4044 791 4114 τῇ
821 4043 986 4097 αὐτοῦ
1012 4045 1282 4116 ἀπολογία
1309 4048 1405 4100 καὶ
1427 4047 1600 4101 ταῦτά
1628 4064 1824 4116 φησιν·

254 4155 277 4188 ε
313 4120 429 4190 Οὗκ
458 4139 661 4192 ἄτοπον
685 4141 741 4193 δὲ
769 4140 1177 4211 ἐπιμνησθῆναι
1208 4144 1266 4194 ἐν
1292 4141 1503 4203 τούτοις
1528 4145 1623 4195 καὶ
1654 4143 1830 4195 Ἀντι-

244 4228 372 4282 vdeo
406 4231 501 4282 τοῦ
533 4231 631 4285 νῦν
663 4233 958 4303 γενομένου
982 4250 996 4264 ’
1029 4234 1088 4287 ὃν
1122 4235 1216 4287 καὶ
1250 4235 1453 4295 πάντες
1484 4235 1559 4298 ὡς
1593 4236 1712 4288 θεὸν
1743 4236 1832 4288 διὰ

248 4320 423 4389 φόϐον
456 4320 639 4373 σέόειν
670 4321 962 4390 ὦρμηνται
985 4359 1000 4383 ,
1035 4322 1392 4392 ἐπιστάμενοι
1428 4326 1511 4385 τίς
1543 4342 1601 4379 τε
1638 4320 1705 4396 ἦν
1738 4326 1832 4378 καὶ

245 4410 421 4464 πόθεν
450 4411 685 4481 ὑπῆρχε.
724 4431 742 4463 ι
781 4412 988 4465 Τούτου
1017 4413 1080 4483 δὴ
1108 4413 1204 4470 τοῦ
1241 4415 1511 4468 Ἀντινόου
1542 4420 1635 4469 καὶ
1668 4418 1835 4487 Ἡγή-

248 4519 459 4566 σιππος
491 4504 823 4573 μνημονεύει
848 4520 863 4536 ·
893 4508 986 4558 καὶ
1018 4508 1180 4569 αὐτὸς
1209 4508 1265 4564 δὲ
1296 4512 1408 4568 τοῖς
1437 4512 1619 4572 αὐτοῖς
1652 4511 1833 4578 ἀκμά-

1918 2004 2205 2059 scribens:
2242 2022 2260 2055 ι
2296 2002 2618 2067 Imperatori
2642 2001 2765 2055 Tito
2785 2000 2931 2055 AEIio
2950 2000 3196 2055 Adriano
3216 1997 3501 2055 Antonino

1917 2097 2014 2151 Pio
2036 2099 2301 2164 Augusto,
2326 2105 2381 2148 ct
2401 2094 2700 2148 Verissime
2724 2093 2835 2147 ﬁlio
2855 2092 3182 2163 pililOSOpllO
3198 2090 3426 2154 Caesari,
3444 2100 3502 2143 et

1919 2189 2088 2244 Lucio
2116 2189 2433 2258 philosophi
2462 2189 2697 2243 Ctesaris
2729 2198 2922 2240 natura
2958 2185 3090 2248 ﬁlio,
3122 2193 3179 2240 et
3213 2183 3291 2239 Pii
3326 2183 3505 2253 adop-

1920 2285 2069 2336 tione
2098 2281 2232 2344 lilio,
2263 2280 2502 2334 amatori
2532 2279 2801 2333 doctrinm
2822 2322 2837 2345 ,
2866 2293 3135 2347 sacroque
3166 2277 3380 2332 senatui
3404 2317 3418 2341 ,
3445 2285 3503 2331 et

1918 2376 2121 2445 populo
2144 2374 2389 2428 Romano
2413 2373 2690 2435 universo,
2712 2388 2812 2439 pro
2836 2372 2914 2425 eis
2938 2371 3032 2441 qui
3058 2386 3126 2425 ex
3147 2370 3295 2425 omni
3322 2369 3502 2423 homi-

1920 2481 2050 2519 num
2078 2479 2279 2535 genere
2316 2464 2664 2533 iniquissime
2715 2463 2924 2516 invidia
2957 2463 3216 2515 laborant
3258 2470 3315 2516 et
3366 2460 3504 2525 allii-

1920 2573 2165 2629 guntur:
2199 2558 2451 2613 Justinus
2478 2557 2702 2611 Priscus
2733 2556 2954 2609 Bacehii
3004 2555 3152 2609 [ilius
3183 2555 3286 2626 (1),
3318 2554 3501 2609 Flavia

1919 2652 2146 2720 Neapoli
2178 2650 2346 2721 Syri-.e
2372 2650 2672 2704 Pal:estin:e
2698 2648 2992 2710 oriundus,
3019 2664 3163 2702 unus
3190 2662 3257 2702 ex
3282 2647 3502 2701 illorum

1922 2759 2173 2807 numero,
2208 2742 2514 2797 orationem
2562 2749 2727 2810 atque
2758 2739 3208 2811 deprecationem
3240 2739 3383 2793 hanc
3409 2741 3508 2793 ob-

1922 2834 2043 2887 tuli.
2083 2853 2102 2884 )
2147 2833 2212 2888 Ει
2246 2830 2298 2886 in
2335 2836 2527 2886 eadem
2560 2833 2811 2887 oratione
2864 2847 2922 2887 se
2969 2845 3077 2887 non
3128 2840 3358 2897 temere,
3409 2834 3507 2888 sed

1917 2925 2130 2995 judicio
2155 2926 2222 2977 ad
2243 2925 2617 2980 Christianam
2650 2925 3045 2992 professionem
3068 2926 3407 2996 pervenisse,
3436 2926 3509 2980 ita

1924 3018 2094 3073 refert
2116 3036 2160 3072 τι
2188 3020 2350 3089 260
2371 3020 2485 3086 Ego
2505 3019 2750 3088 quidem,
2776 3019 2868 3087 qui
2890 3019 3187 3073 Platonicis
3201 3019 3511 3073 delectarer

1924 3110 2268 3178 disciplinis,
2324 3126 2448 3165 eum
2508 3110 2852 3166 Christianos
2898 3113 3245 3167 calumniose
3301 3113 3510 3168 deferri

1925 3203 2193 3267 audirem,
2230 3202 2587 3271 viderentque
2617 3218 2715 3257 eos
2760 3203 3064 3271 impavidos
3110 3204 3511 3274 interritosque

1927 3309 2049 3348 esse
2073 3295 2139 3348 ad
2167 3307 2422 3353 mortem,
2444 3306 2499 3348 et
2519 3310 2863 3364 qua‘runque
2886 3295 3159 3349 horrenda
3188 3297 3515 3351 mortalibus

1927 3384 2231 3463 videntur:
2274 3389 2625 3445 consideravi
2679 3389 2794 3459 ipse
2837 3404 3079 3452 meeum,
3125 3389 3241 3443 fieri
3283 3391 3513 3445 omnino

1928 3501 2037 3539 non
2066 3499 2227 3554 posse
2251 3523 2264 3545 ,
2311 3492 2373 3537 ut
2403 3483 2482 3537 illi
2517 3483 2571 3536 in
2616 3473 2836 3551 ﬂagitiis
2869 3482 3202 3554 deliciisque
3236 3484 3510 3539 viverent.

1927 3576 2140 3642 Quotus
2188 3576 2335 3629 enim
2390 3574 2626 3643 quisque
2684 3574 2992 3642 voluptatis
3051 3586 3403 3631 consectatur
3457 3587 3514 3632 et

1930 3670 2290 3732 libidinosus,
2323 3669 2532 3738 quique
2570 3668 2942 3721 humanarum
2984 3671 3241 3723 carnium
3274 3668 3515 3739 dapibus

1930 3762 2260 3826 delectetur,
2297 3762 2443 3815 bono
2489 3760 2594 3815 sibi
2632 3744 2874 3815 mortem
2919 3774 3042 3815 esse
3086 3770 3264 3830 putet,
3309 3771 3370 3816 ut
3417 3777 3515 3831 per

1928 3869 2050 3909 eam
2107 3853 2511 3923 cupiditatibus
2557 3851 2885 3920 deliciisque
2942 3852 3061 3904 suis
3118 3851 3410 3920 privetur,
3458 3858 3516 3905 et

1931 3962 2041 4000 non
2076 3948 2262 4015 potius
2286 3944 2419 3997 illud
2449 3952 2593 4014 agat.
2630 3953 2692 3996 ut
2718 3958 2937 4011 semper
2967 3942 3112 3997 hanc
3142 3942 3309 3997 vitam
3340 3943 3511 4011 vivat,

1933 4018 2399 4105 magistratusque
2431 4048 2487 4091 et
2519 4036 2668 4105 leges
2707 4034 2887 4095 lallat,
2924 4035 3132 4089 nedum
3165 4035 3410 4105 seipsum
3442 4034 3512 4090 ad

1932 4130 2140 4185 caedem
2160 4129 2404 4183 offerat?
2440 4147 2459 4179 ι
2493 4128 2550 4182 In
2579 4128 2843 4197 Apologia
2871 4142 2934 4181 ea
2963 4126 3099 4181 illud
3127 4142 3349 4196 quoque
3376 4126 3515 4182 scri-

1934 4224 2015 4278 bit
2041 4241 2054 4277 :
2095 4242 2114 4273 ι
2148 4222 2267 4275 Non
2296 4220 2600 4275 absurdum
2631 4234 2763 4273 vero
2788 4219 2984 4284 fuerit,
3012 4220 3238 4274 Antinoi
3269 4218 3345 4289 (ἓ)
3374 4234 3514 4289 quo-

1933 4330 2040 4384 quc
2066 4314 2155 4368 hic
2178 4312 2518 4377 meminisse,
2539 4311 2635 4380 qui
2663 4327 2772 4364 non
2804 4312 2877 4365 ita
2908 4310 3124 4378 pridem
3158 4311 3317 4375 vixit,
3346 4326 3513 4381 quem

1933 4421 2129 4460 omnes
2162 4404 2332 4458 veluti
2373 4404 2537 4458 deum
2570 4418 2668 4472 per
2697 4403 2956 4457 timorem
3000 4403 3184 4457 colere
3228 4403 3515 4457 sustinue-

1939 4507 2098 4564 ruut,
2142 4513 2267 4553 cum
2301 4497 2528 4566 quidem
2558 4510 2753 4549 omnes
2786 4495 2957 4565 probe
2987 4495 3270 4560 seiverint,
3303 4504 3361 4550 et
3389 4496 3517 4564 quis

247 4596 363 4659 ζων
406 4598 638 4666 καιροίς,
684 4598 858 4650 πολλὰ
901 4600 1012 4653 τῶν
1055 4602 1438 4655 άποστολικῶν
1479 4602 1822 4673 παραδόσεων

1936 4590 2125 4654 fuerit,
2166 4597 2222 4642 et
2258 4586 2405 4641 unde
2440 4586 2783 4654 provenerit.
2834 4605 2852 4637 ι
2890 4586 3117 4640 Antinoi
3153 4586 3276 4655 ejus
3311 4595 3369 4641 et
3406 4586 3514 4642 ile-

242 4690 363 4750 τοίς
398 4688 567 4741 αὑτοῦ
603 4691 1006 4760 συγγράμμασι
1043 4693 1424 4764 παρατίθεται.
1454 4695 1624 4748 Πέντε
1658 4693 1703 4746 δ’
1726 4694 1833 4747 sici.

242 4783 450 4845 ταῦτα,
481 4784 834 4856 ἁπλουστάτη
864 4786 1117 4851 συντάξει
1143 4787 1364 4856 γραφῆς
1388 4788 1455 4841 τὰ
1482 4787 1579 4841 τοῦ
1608 4791 1835 4841 ἀποστο-

245 4878 407 4930 λικοῦ
434 4879 797 4947 κηρύγματος
827 4879 1016 4947 σαφῶς
1046 4879 1194 4949 μάλα
1218 4879 1508 4943 διεξιόντα.
1536 4880 1615 4933 Δι’
1635 4875 1709 4933 ὧν
1736 4882 1835 4948 ἐμ-

250 4972 439 5037 φαίνει
478 4972 573 5023 καὶ
609 4971 703 5023 τὸν
748 4969 872 5023 καθ’
897 4971 956 5023 ὃν
998 4972 1330 5039 ξγνωρίζετο
1374 4973 1569 5041 χρόνον
1595 4989 1607 5003 ·
1654 4974 1711 5024 ὲν
1752 4967 1833 5032 οἷς

250 5064 387 5131 περὶ
427 5061 537 5114 τῶν
578 5062 634 5128 ἐξ
678 5062 857 5132 ἀρχῆς
901 5063 1236 5133 ῑδρυσάντων
1275 5065 1344 5115 τά
1388 5065 1585 5117 εἴδωλα
1633 5066 1835 5132 ἱστορεί

250 5157 487 5226 γράφων
511 5155 681 5221 οὕτως
704 5175 718 5189 ⁸
755 5176 774 5209 ι
807 5153 899 5218 Οἷς
931 5158 1226 5226 κενοτάφια
1255 5157 1350 5209 καὶ
1382 5159 1543 5220 ναοὺς
1572 5159 1835 5227 ἐποίησαν

247 5251 330 5312 ὡς
367 5249 530 5320 μέχρι
564 5248 661 5303 νῦν
687 5265 703 5281 ⁸
738 5242 812 5303 ὧν
845 5251 961 5302 ἔστι
995 5253 1088 5303 καὶ
1121 5250 1385 5312 Ἀντίνοος
1410 5266 1424 5281 °
1459 5244 1519 5303 οὗ
1556 5251 1648 5303 καὶ
1684 5250 1835 5318 ἀγὼν

248 5345 452 5412 ἄγεται
487 5343 812 5405 Ἀντινόειος
837 5358 850 5371 ·
881 5343 911 5395 ὃ
942 5343 1037 5395 καὶ
1071 5342 1152 5410 ἐφ’
1180 5343 1338 5413 ἡμῶν
1372 5344 1665 5413 γενόμενον
1689 5357 1703 5371 ⁸
1741 5343 1835 5394 καὶ

248 5440 365 5506 γὰρ
418 5436 573 5489 πόλιν
620 5436 835 5489 ἔκτισεν
872 5429 1142 5489 ’Δντῶόου
1194 5438 1505 5503 ἐπώνυμον.
1566 5456 1582 5487 ι
1637 5436 1728 5506 Τῷ
1779 5437 1835 5488 δὲ

252 5528 408 5600 αὖτῷ
438 5529 547 5582 ἔτει
576 5531 673 5599 τῆς
707 5530 876 5599 αὐτῆς
904 5532 1012 5593 τοῖς
1045 5530 1465 5601 προειρημένοις
1496 5529 1708 5600 διαίτης
1742 5531 1835 5582 καὶ

329 5686 403 5755 (ll
434 5684 537 5739 Alii
564 5685 775 5753 legunt,
815 5683 982 5738 Prisci
1005 5683 1216 5738 Bacchii
1249 5684 1417 5755 ﬁlius.

333 5760 409 5820 (ἐξ)
438 5758 729 5809 Antinous.
785 5757 995 5808 exilllizt’.
1052 5758 1241 5810 forma:
1284 5773 1443 5823 puer,
1494 5755 1738 5810 Adriano
1778 5755 1832 5809 in

258 5828 477 5881 dahriis
528 5826 650 5879 fuit.
708 5826 769 5879 Ei
821 5826 875 5879 in
920 5824 1434 5896 Egyptormortuo,
1475 5830 1735 5896 princeps
1791 5827 1837 5879 is

258 5901 453 5955 urbem
495 5898 806 5952 Autinoiaiu
833 5897 1100 5953 condidit.
1134 5895 1417 5967 Templum
1452 5912 1691 5967 quoque,
1723 5905 1832 5950 sta-

1936 4682 2194 4751 gcsippus
2219 4679 2557 4734 mentionem
2584 4678 2771 4741 inl‘ert,
2791 4681 2884 4748 qui
2912 4688 2968 4732 et
2991 4678 3107 4744 ipse
3130 4678 3342 4733 eisdem
3375 4687 3515 4732 tem-

1936 4778 2165 4847 poribus
2198 4775 2436 4837 θοι-ους.
2478 4772 2780 4843 permultas
2811 4770 3144 4839 apostolicas
3178 4771 3512 4824 traditiones

1937 4872 1991 4924 in
2023 4869 2283 4924 Historiis
2311 4868 2461 4929 suis,
2500 4880 2733 4935 quarum
2769 4864 3015 4933 quinque
3057 4863 3283 4932 reliquit
3313 4864 3510 4926 libros,

1937 4971 2225 5027 recenset,
2260 4960 2499 5029 simplici
2546 4958 2769 5013 dicendi
2820 4971 3024 5026 genere
3064 4956 3213 5011 clare
3251 4957 3512 5025 praedica-

1938 5058 2142 5110 tionem
2213 5054 2573 5123 apostolicam
2625 5065 2934 5120 exponens.
2986 5049 3044 5103 In
3093 5049 3333 5118 quibus,
3382 5065 3508 5103 cum

1939 5160 2187 5219 tempora
2230 5148 2433 5217 quibus
2472 5144 2681 5200 enituit
2721 5142 2999 5205 ostendit,
3042 5152 3157 5196 tum
3194 5143 3261 5197 de
3305 5142 3373 5195 iis
3412 5144 3510 5211 qui

1938 5243 2175 5311 primum
2208 5240 2348 5293 idola
2380 5246 2437 5293 ct
2468 5238 2765 5293 simulacra
2800 5235 3101 5290 statuerint
3130 5244 3417 5297 memorat,
3448 5251 3511 5289 ac

1938 5333 2199 5402 deinceps
2234 5331 2299 5385 ad
2337 5332 2485 5385 hunc
2518 5329 2740 5384 modum
2778 5327 2944 5382 infert
2975 5346 2988 5382 :
3030 5346 3047 5379 ι
3092 5327 3305 5393 Quibus
3343 5342 3511 5382 ceno-

1942 5427 2124 5494 taphia
2190 5424 2682 5494 scpulerorumque
2743 5420 3040 5475 simulacra
3080 5429 3134 5475 et
3186 5421 3385 5489 templa
3435 5422 3504 5474 ad

1941 5519 2043 5573 hoc
2089 5533 2260 5587 usque
2305 5527 2522 5586 tempus
2565 5524 3027 5571 construxerunt.
3074 5513 3322 5581 Quorum
3368 5528 3510 5567 unus

1942 5689 2061 5733 tuas
2089 5688 2143 5734 ct
2184 5678 2498 5733 sacerdotes
2532 5677 2789 5739 instituit,
2822 5676 3033 5729 stellam
3065 5688 3123 5727 se
3158 5674 3278 5739 ejus
3306 5674 3512 5727 vidisse

1942 5766 2278 5804 aSseveruns.
2316 5750 2472 5802 D.on.
2495 5752 2788 5802 Antinoum
2814 5749 2997 5805 istum,
3018 5748 3318 5799 secundum
3351 5760 3515 5811 quos--

1942 5824 2061 5874 dam
2091 5832 2363 5899 auctores,
2400 5820 2667 5875 Adrianus
2720 5819 2772 5872 in
2806 5818 3032 5886 magicis
3057 5817 3227 5869 sacris
3266 5816 3371 5867 diis
3400 5816 3513 5867 suin

1940 5901 2198 5946 sacravit.
