4202 6444
167 400 284 460 953

1104 409 1724 477 ECCLESIASTIC/E
1766 419 2160 489 ΗΙὸΤΟΒῐιΕ
2203 430 2348 492 LIB.
2399 432 2515 494 ΙΙΙ.

3335 442 3442 507 954

184 511 472 615 :Ioucnivt;
503 511 598 615 καὶ
627 515 692 584 τῇ
727 514 1019 585 συγκλήτῳ
1049 521 1250 589 γράφει
1281 525 1580 594 ἀπολογίαν
1613 528 1755 598 ὑπὲρ

1861 535 2185 605 defendens,
2214 544 2564 613 conscripsit.
2596 545 2641 599 A
2663 560 2772 615 quo
2804 545 2915 611 ille,
2948 555 3005 602 et
3038 546 3201 604 simul
3226 550 3295 605 ab
3316 551 3440 609 aliis

171 601 359 668 ἡμῶν.
396 599 606 675 Ὑφ’ἦς
637 607 666 659 ὁ
702 607 957 675 βασιλεὺς
993 613 1268 684 κινηθεὶς,
1305 620 1399 671 καὶ¹
1436 618 1528 687 ὑφ’
1553 620 1758 690 ἑτέρων

170 691 354 748 ἀλλων
397 695 665 752 πλείστων
705 701 956 770 ἀδελφῶν
998 705 1108 758 τῶν
1153 709 1246 761 tiri
1289 709 1389 779 τῆς
1422 711 1608 775 Ἀσίας
1653 715 1758 768 ὑπὸ

171 786 284 838 τῶν
309 789 620 860 ἐπιχωρίων
647 790 855 862 δήμων,
887 794 1185 866 σκώμμασι
1217 803 1312 852 καὶ
1344 800 1537 872 ῦὸρεσι
1563 807 1759 860 διατω-

175 878 496 950 θαζομένων
524 882 601 946 ώς
636 885 894 954 μάλιστα,
925 889 1004 958 τῷ
1033 891 1198 961 κοινῷ
1224 894 1322 962 τῆς
1357 897 1543 960 Ἀσίας
1572 899 1758 968 διεχά-

173 987 341 1039 ραττε
375 975 681 1043 γράμματα
705 992 719 1006 ο
756 977 792 1030 ἀ
824 977 888 1048 δὴ
921 980 1017 1033 καὶ
1052 981 1229 1047 αὐτὰ,
1262 986 1337 1047 ὡς
1371 982 1484 1055 εἶχε
1520 989 1755 1056 λέξεως,

171 1064 238 1128 τῇ
279 1068 574 1134 συγγραφῇ
610 1066 1029 1138 παραθήσομαι.
1071 1090 1089 1122 ι
1128 1074 1501 1148 Αὐτοκράτωρ
1537 1081 1756 1150 Καῖσαρ

172 1151 398 1223 Μάρκος
430 1156 702 1228 Αὐρήλιος
739 1160 1055 1228 Ἀντωνῖνος
1093 1166 1396 1233 Σεόαστδς,
1435 1170 1716 1241 Ἀρμένιος
1740 1215 1755 1241 ,

170 1247 473 1316 ἀρχιερεὺς
509 1254 768 1320 μέγιστος
789 1292 806 1319 ,
841 1255 1195 1330 δημαρχικῆς
1228 1261 1481 1327 ἐξουσίας
1513 1265 1574 1316 τὸ
1609 1267 1754 1335 πέμο

171 1353 312 1392 πτον
348 1342 443 1394 καὶ
477 1343 539 1396 τὸ
579 1344 808 1399 δέκατον
831 1386 846 1410 ,
885 1348 1090 1414 ὕπατος
1123 1351 1185 1405 τὺ
1219 1354 1441 1420 τρίτον,
1477 1355 1556 1424 τῷ
1592 1357 1756 1426 κοινῷ

169 1430 277 1498 τῆς
310 1431 494 1496 Ἀσίας
527 1435 757 1506 χαίρειν.
795 1439 939 1508 Ἐγὼ
972 1442 1074 1511 μὲν
1103 1440 1201 1496 οἶδ’
1225 1447 1308 1498 ὅτι
1341 1447 1438 1499 καὶ
1467 1449 1580 1510 τοῖς
1611 1449 1756 1512 θεο⁷ς

172 1522 435 1592 ἐπιμελές
482 1529 600 1581 ἔστι
647 1531 723 1600 μὴ
763 1533 1050 1587 λανθάνειν
1093 1537 1221 1600 τοὺς
1263 1538 1567 1602 τοιούτους.
1614 1541 1755 1594 Πολὺ

176 1615 290 1683 γὰρ
325 1615 530 1684 μᾶλλον
562 1621 760 1674 ίκείνοι
796 1621 1086 1678 κὸλάσαιεν
1120 1626 1186 1679 ἂν
1218 1628 1343 1690 τοὺς
1385 1628 1460 1697 μὴ
1494 1630 1756 1700 βουλομέ-

173 1721 305 1767 νους
341 1707 528 1772 αὐτοῖς
569 1715 900 1778 προσκυνεῖν
943 1717 977 1786 ἢ
1021 1718 1209 1786 ὑμεῖς,
1255 1718 1350 1783 οὓς
1392 1723 1473 1784 είς
1509 1721 1759 1792 ταραχὴν

174 1792 506 1861 ὲμδάλλετε,
553 1797 899 1865 βεϐαιοῦντες
944 1806 1044 1873 τὴν
1085 1806 1314 1876 γνώμην
1357 1809 1540 1861 αὐτῶν
1579 1809 1758 1878 ἥνπερ

173 1881 366 1951 έχουσι
403 1888 532 1957 περὶ
573 1891 726 1959 ὑμῶν
757 1892 833 1956 ώς
871 1894 1050 1949 ἀθέων
1084 1899 1542 1968 κατηγοροῦντες.
1579 1900 1677 1973 Εἴη
1713 1902 1758 1954 δ’
1792 1902 1831 1956 Β

172 1977 244 2029 ἂν
288 1980 561 2046 κάκείνοις
603 1986 849 2057 αἱρετὸν,
892 1989 951 2042 τὸ
992 1991 1168 2045 δοκεῖν
1211 1996 1753 2063 κατηγορουμένουςο

174 2069 434 2126 τεθνάναι
458 2075 685 2144 μᾶλλον,
713 2079 745 2149 ἢ
770 2079 893 2151 ζῇν,
914 2082 1055 2155 ὑπὲρ
1076 2084 1168 2137 τοῦ
1187 2085 1391 2139 οίκείου
1410 2086 1568 2141 Θεοῦ.
1593 2087 1758 2142 Ὅθεν

176 2163 276 2214 καὶ
308 2166 497 2219 νικῶσι
528 2171 838 2241 προϊέμενοι
864 2175 963 2236 τάς
993 2177 1205 2230 έαυτῶν
1227 2179 1432 2249 ψυχὰς,
1459 2181 1604 2252 ήπερ
1638 2198 1758 2234 πει-

177 2253 404 2322 θόμενοι
444 2252 526 2322 οἷς
565 2259 783 2325 ἀξιοῦτε
825 2265 1092 2333 πράττειν
1129 2268 1336 2331 αὐτοῖς.
1380 2270 1515 2338 Περὶ
1551 2271 1609 2324 δὲ
1647 2270 1757 2323 τῶν

179 2348 430 2416 σεισμῶν
464 2351 570 2403 τών
604 2354 910 2422 γεγονότων
942 2358 1038 2411 καὶ
1079 2361 1382 2429 γινομένων
1416 2362 1517 2414 οὐκ
1557 2361 1757 2414 ἄτοπον

176 2439 326 2508 ὑμᾶς
357 2442 671 2514 ὑπομνῆσαι
695 2448 1039 2519 ἀθυμοῦντας
1061 2451 1303 2523 ὅτανπερ
1327 2448 1447 2515 ὦσι,
1476 2454 1760 2524 παραϐάλ-

176 2531 372 2596 λοντας
406 2534 463 2587 δὲ
493 2538 562 2590 τά
597 2539 846 2611 ήμέτερα
879 2543 1016 2613 πρὸς
1044 2543 1114 2596 τά
1150 2547 1395 2600 ἐκείνων.
1429 2547 1493 2600 Οί
1532 2547 1632 2618 μὲν
1662 2543 1758 2602 οῦν

176 2624 782 2702 εύπαρῤησιαστότεροι
810 2633 1053 2703 γίνονται
1085 2638 1224 2707 πρὸς
1266 2639 1358 2690 τὸν
1388 2637 1520 2691 Θεόν
1542 2656 1556 2670 ·
1600 2640 1758 2709 ὑμεῖς

176 2716 237 2770 δὲ
278 2721 434 2790 παρά
468 2723 646 2777 πάντα
678 2726 772 2778 τὸν
803 2727 994 2798 χρόνον
1031 2727 1153 2782 καθ’
1177 2730 1238 2784 ὃν
1272 2732 1486 2799 ἀγνοεῖν
1518 2732 1754 2798 δοκεῖτε,

177 2810 293 2863 τῶν
320 2828 380 2863 τε
410 2813 550 2866 θεῶν
578 2816 673 2869 καὶ
700 2817 809 2872 τῶν
838 2820 1015 2874 ἀλλων
1044 2824 1296 2893 ἀμελεῖτε
1319 2864 1334 2890 ,
1366 2825 1463 2877 καὶ
1489 2827 1588 2894 τῆς
1620 2823 1759 2895 θρη·-

179 2903 376 2967 σκείας
403 2906 504 2976 τῆς
535 2910 667 2979 περὶ
696 2912 790 2964 τὸν
818 2913 1114 2982 ἀθάνατον,
1151 2915 1210 2968 δν
1240 2916 1304 2987 δὴ
1336 2919 1461 2979 τοὺς
1497 2918 1759 2987 Χριστια-

175 2997 310 3059 νοὺς
339 2997 744 3068 θρησκεύοντας
783 3003 1039 3059 ἐλαύνετε
1086 3009 1178 3060 καὶ
1204 3007 1432 3061 διώκετε
1463 3008 1566 3071 ἕως
1595 3009 1760 3063 θανά-

176 3103 299 3142 του.
334 3088 507 3162 ’Υπὲρ
533 3091 592 3145 δὲ
615 3092 724 3146 τῶν
747 3096 1005 3150 τοιούτων
1029 3100 1131 3170 ἤδη
1160 3101 1256 3152 καὶ
1284 3101 1476 3155 πολλοὶ
1497 3102 1606 3155 τῶν
1630 3102 1758 3171 περὶ

179 3181 286 3244 τάς
307 3182 576 3254 επαρχίας
602 3186 889 3256 ἡγεμόνων
912 3192 1006 3243 καὶ
1030 3193 1109 3262 τῷ
1135 3193 1396 3264 θειοτάτῳ
1419 3194 1574 3264 ήμῶν
1598 3195 1759 3265 ἔγρα-

178 3273 295 3343 ψαν
331 3277 498 3346 πατρί
523 3293 537 3307 ·
573 3271 653 3340 οἷς
693 3282 786 3334 καὶ
827 3281 1134 3353 ἀντέγραψε
1178 3285 1346 3355 μηδὲν
1378 3287 1615 3353 ινοχλεῖν
1648 3287 1760 3348 τοῖς

179 3361 472 3427 τοιούτοις,
505 3365 554 3416 εί
595 3365 671 3435 μή
707 3367 1056 3435 ἐμφαίνοιντο
1087 3387 1140 3423 τι
1179 3373 1306 3439 περὶ
1336 3372 1434 3442 τὴν
1471 3371 1760 3442 Ῥωμαίων

179 3456 487 3524 ἡγεμονίαν
513 3458 912 3529 ἐγχειροῦντες.
941 3463 1053 3514 Καὶ
1075 3463 1201 3531 ἐμοὶ
1225 3463 1282 3516 δὲ
1309 3466 1436 3533 περὶ
1459 3465 1565 3518 τῶν
1586 3465 1764 3518 τοιού-

178 3563 296 3598 των
328 3547 513 3600 πολλοὶ
546 3549 826 3621 ἐσήμηναν
848 3567 861 3580 ·
895 3545 978 3616 οἷς
1009 3553 1079 3624 δὴ
1110 3556 1208 3608 καὶ⁵
1243 3555 1560 3625 ἀντέγραψα
1596 3573 1765 3609 κατα-

178 3638 462 3690 κολουθῶν
493 3641 558 3711 τῇ
591 3641 686 3694 τοῦ
719 3643 924 3714 πατρὸς
959 3644 1176 3717 γνώμῃ.
1213 3648 1274 3700 Ei
1306 3645 1365 3700 δέ
1395 3664 1480 3710 τις
1512 3648 1763 3717 ἐπιμένοι

177 3731 310 3780 τινὰ
354 3728 466 3782 τῶν
513 3730 772 3786 τοιούτων
821 3735 903 3796 είς
951 3736 1263 3805 πράγματα
1313 3737 1528 3808 φέρων,
1575 3739 1650 3802 ώς
1697 3739 1762 3810 δὴ

178 3821 464 3886 τοιοῦτον,
497 3826 706 3889 ἐκεῖνος
738 3828 767 3879 ὀ
798 3829 1248 3899 καταφερόμενος
1283 3830 1637 3884 ἀπολελύσθω
1670 3830 1763 3884 τοῦ

179 3916 555 3985 ἐγκλήματος,
587 3920 676 3970 καὶ
707 3921 803 3973 ἐὰν
830 3921 1090 3990 φαίνηται
1120 3921 1358 3986 τοιοῦτος
1385 3922 1460 3976 ὥν
1479 3940 1495 3955 ’
1527 3925 1556 3978 ὁ
1581 3924 1636 3978 δὲ
1666 3942 1765 3978 κα-

175 4009 441 4078 ταφέρων
475 4010 658 4080 ἔνοχος
694 4011 852 4069 ἔσται
885 4014 1063 4082 δίκης.
1105 4016 1418 4086 Προσετέθη
1456 4019 1513 4070 ἑν
1553 4017 1765 4088 Ἐφέσῳ

175 4101 244 4152 ιν
275 4100 356 4170 τῷ
394 4102 560 4170 κοινῷ
594 4103 692 4172 τῆς
730 4103 938 4169 Ἀσίας.
961 4112 1002 4159 ἐ
1041 4107 1280 4163 Τοιαῦτα
1314 4111 1370 4163 δὲ
1407 4109 1506 4165 καὶ
1539 4112 1609 4165 τὰ
1645 4112 1766 4165 'Av-

177 4194 392 4262 τωνίνῳ
424 4196 562 4264 ὑπὲρ
593 4196 750 4267 ήμῶν
778 4201 1167 4269 γεγραμμένα.

751 4491 1004 4545 ΚΕΦΑΔ.
1035 4489 1165 4543 ΚΘ’.

1861 632 2285 702 quaniplurimis
2335 636 2632 702 fratribus,
2686 645 2779 707 qui
2827 656 2854 694 a
2899 643 3338 710 provincialibus
3382 647 3440 702 in

1861 723 1987 779 Asia
2029 728 2298 784 conviciis
2332 739 2386 783 et
2432 731 2648 802 injuriis
2681 734 2947 803 gravibus
2990 735 3439 792 contumeliosis-

1860 819 1998 873 sime
2026 821 2468 888 exagitabantur,
2516 837 2820 894 permotus,
2869 828 3085 882 litteras
3119 829 3338 898 publice
3370 831 3440 884 ad

1858 912 2004 967 Asiae
2042 915 2273 985 populos
2300 915 2475 984 dedit,
2508 934 2646 988 quas
2677 919 2868 975 itidem
2915 920 2981 975 ad
3024 923 3256 977 verbum
3294 924 3442 978 inse-

1860 1020 1983 1066 rere
2010 1006 2251 1063 historia:
2279 1017 2481 1064 nostra:
2511 1021 2596 1066 est
2621 1013 2815 1067 visum.
2864 1033 2882 1066 ι
2927 1013 3231 1083 Imperator
3255 1015 3441 1071 Caesar

1860 1099 2076 1154 Marcus
2116 1103 2374 1158 Aurelius
2407 1105 2720 1162 Antoninus
2745 1107 3050 1178 Augustus,
3088 1109 3439 1175 Armenicus,

1861 1194 2110 1261 pontifex
2157 1197 2453 1262 maximus,
2507 1198 2722 1254 tribun.
2772 1210 2976 1270 potest.
3037 1217 3127 1264 xv,
3177 1215 3292 1255 cos.
3344 1199 3435 1266 lll,

1859 1288 2140 1342 communi
2160 1290 2303 1344 Asia:
2330 1291 2587 1346 salutem.
2621 1291 2889 1363 Equidem
2917 1295 3054 1357 scio,
3086 1293 3195 1348 diis
3219 1308 3441 1363 quoque

1862 1380 1998 1449 ipsis
2030 1395 2176 1437 cura:
2217 1397 2363 1448 esse,
2409 1399 2478 1438 ne
2530 1387 2664 1440 tales
2698 1385 2956 1441 homines
3002 1386 3231 1441 lateant.
3268 1385 3441 1440 Multo

1860 1471 2006 1526 enim
2040 1475 2211 1542 magis
2243 1475 2320 1529 illi
2360 1475 2765 1532 vintlicaverint
2803 1493 2900 1533 eos
2945 1480 3040 1548 qui
3088 1479 3299 1533 cultum
3330 1478 3441 1533 illis

1862 1561 2108 1618 tribuere
2135 1565 2334 1629 nolint,
2357 1581 2520 1636 quam
2542 1583 2659 1633 vos,
2684 1569 2777 1637 qui
2805 1578 2996 1622 contra
3017 1584 3115 1623 eos
3142 1568 3439 1622 tumultum

1861 1658 2226 1712 commovetis
2279 1677 2292 1712 :
2339 1659 2661 1728 opinionem
2694 1677 2914 1731 quoque
2946 1677 3136 1716 eorum
3174 1676 3338 1730 quam
3372 1659 3441 1714 de

1862 1748 2020 1802 vobis
2068 1761 2477 1816 conceperuut,
2531 1760 2589 1806 ut
2636 1753 2833 1807 atheos
2887 1768 2985 1806 vos
3039 1751 3433 1820 nullorumque

1863 1852 2093 1905 prorsus
2131 1839 2360 1895 deorum
2409 1843 2800 1911 criminentur,
2836 1844 3256 1904 conﬁrmantes.
3298 1840 3438 1907 Qui-

1863 1928 1964 1982 bus
1997 1932 2365 1999 prasstabilius
2395 1938 2560 1988 etiam
2585 1943 2688 1998 est,
2726 1935 2854 1989 dum
2885 1934 3134 1989 accusari
3168 1933 3440 2002 arguique

1862 2021 2141 2087 videntur,
2174 2040 2273 2094 pro
2308 2028 2417 2081 Deo
2459 2043 2559 2082 suo
2592 2028 2730 2082 mori
2775 2031 2980 2098 potius,
3017 2043 3184 2098 quam
3238 2027 3291 2080 in
3328 2024 3442 2078 vita

1864 2131 2107 2172 manere.
2141 2118 2487 2190 Proindeque
2525 2121 2761 2175 victores
2794 2121 3060 2185 evadunt,
3090 2120 3305 2174 animas
3335 2116 3440 2186 ipsi

1863 2222 1993 2263 suas
2022 2211 2186 2266 citius
2215 2213 2590 2281 projicieutes,
2622 2229 2786 2282 quain
2820 2221 2880 2268 ut
2911 2230 2939 2267 a
2979 2214 3136 2267 vobis
3168 2213 3438 2283 persuasi,

1865 2303 2011 2370 quod
2049 2320 2147 2358 vos
2175 2306 2365 2371 vultis,
2404 2306 2626 2362 faciant.
2667 2306 2741 2362 De
2776 2304 3189 2361 terramtotibus
3227 2314 3440 2368 autem,

1865 2395 1960 2466 qui
2013 2395 2098 2449 vel
2143 2396 2321 2465 fuere,
2375 2399 2457 2453 vel
2504 2399 2688 2454 adhuc
2719 2399 2878 2461 lluut,
2915 2414 3020 2452 non
3061 2397 3438 2466 importunum

1866 2489 2054 2553 fuerit,
2087 2505 2206 2555 vos,
2239 2492 2331 2560 qui
2369 2507 2433 2546 ea
2473 2493 2542 2546 de
2581 2483 2746 2546 causa
2781 2490 2997 2544 animos
3041 2489 3438 2559 despondistis,‘

1866 2584 2182 2651 admonere,
2206 2595 2264 2639 ut
2289 2588 2498 2642 scilicet
2523 2604 2612 2644 res
2638 2599 2850 2644 vestras
2871 2603 2995 2643 cum
3024 2587 3187 2640 rebus
3219 2584 3440 2638 illorum

1864 2677 2188 2733 conferatis.
2218 2682 2397 2749 Atque
2429 2682 2509 2736 illi
2559 2683 2780 2752 quidem
2826 2679 3184 2736 liberioribus
3218 2675 3441 2746 majori-

1866 2773 2080 2842 busque
2122 2788 2250 2843 erga
2290 2774 2460 2829 Deum
2508 2785 2636 2828 sunt
2678 2775 2878 2828 animis
2920 2787 3078 2830 :.vos
3109 2782 3291 2825 autem
3327 2778 3442 2823 toto

1866 2864 1971 2918 hoc
2004 2873 2270 2936 tempore,
2296 2882 2404 2935 quo
2430 2881 2626 2921 causas
2655 2881 2846 2922 eorum
2875 2865 3131 2936 ignorare
3155 2861 3441 2927 videmini,

1866 2957 2000 3012 deos
2025 2969 2081 3013 et
2121 2973 2209 3013 res
2240 2957 2375 3013 alias
2417 2959 2712 3029 negligitis,
2753 2967 2810 3013 et
2841 2952 3189 3014 Christianos
3224 2973 3255 3012 a
3283 2957 3437 3012 cultu

1867 3050 2196 3104 immortalis
2226 3050 2322 3104 Dei
2350 3066 2515 3120 quem
2545 3050 2622 3105 illi
2655 3060 2989 3105 venerantur
3020 3049 3245 3112 arcetis,
3284 3060 3340 3103 et
3369 3046 3440 3102 ad

1867 3156 2101 3200 mortem
2134 3160 2310 3215 usque
2337 3144 2759 3215 persequimini.
2785 3141 3058 3198 Caeterum
3088 3143 3157 3196 de
3188 3142 3255 3196 iis
3282 3151 3441 3196 antea

1789 3261 1830 3318 ε
1866 3253 2087 3309 quoque
2139 3238 2299 3293 multi
2351 3239 2762 3308 provinciarum
2810 3249 3059 3292 rectores
3115 3235 3244 3289 divo
3297 3234 3439 3304 patri

1865 3342 2056 3389 nostro
2111 3333 2476 3403 scripserunt.
2528 3331 2741 3398 Quibus
2788 3331 2879 3387 ille
2931 3328 3249 3400 rescripsit,
3303 3327 3440 3382 nihil

1867 3425 2131 3483 molestia:
2190 3426 2574 3481 lacessendum
2615 3425 2926 3489 esse‘illis,
2975 3436 3339 3494 praeterquam
3393 3421 3440 3474 si

1865 3519 1996 3590 quid
2037 3530 2228 3573 contra
2277 3518 2570 3588 imperium
2616 3515 2926 3572 Romanum
2972 3515 3147 3570 moliti
3183 3529 3303 3568 esse
3347 3515 3442 3567 tle-

1866 3612 2370 3682 prehenderentur.
2390 3611 2534 3678 Quin
2562 3620 2616 3665 et
2647 3610 2712 3663 ad
2740 3625 2825 3663 me
2855 3609 3014 3663 multi
3038 3609 3104 3662 dc
3125 3608 3204 3661 eis
3226 3608 3443 3661 litteras

1865 3706 2178 3760 dederunt:
2208 3705 2406 3774 quibus
2436 3704 2504 3757 de
2540 3702 2713 3774 patris
2755 3703 2884 3765 mei,
2931 3715 3095 3770 quem
3133 3699 3267 3752 mihi
3311 3699 3440 3751 imi-

1867 3799 2090 3852 tandum
2119 3813 2240 3853 esse
2264 3797 2418 3862 duxi,
2444 3797 2716 3851 sententia
2744 3794 3021 3862 rescripsi.
3049 3793 3209 3864 263
3234 3791 3289 3846 Si
3314 3808 3442 3844 vero

1865 3893 2139 3962 quispiam
2183 3889 2625 3961 perseveraverit
2671 3887 2930 3956 cuiquam
2970 3886 3439 3948 Christianorum,

1864 3984 2011 4055 quod
2048 3984 2172 4037 talis
2201 3983 2293 4046 sit,
2330 3981 2611 4052 negotium
2647 3978 2932 4042 exhibere,
2967 3978 3184 4031 delatus
3214 3977 3442 4046 quidem

1865 4079 2101 4132 crimine
2131 4078 2472 4139 absolvetur,
2515 4075 2768 4146 quamvis
2801 4074 2925 4128 talis
2963 4087 3086 4126 esse
3123 4081 3444 4140 compertus

1865 4171 1936 4224 sit
1963 4187 1974 4222 :
2005 4169 2219 4223 delator
2243 4181 2423 4223 autem
2456 4169 2575 4240 ipse
2606 4185 2798 4240 pinnas
2825 4164 3324 4233 dabitxPrOposita
3355 4171 3443 4216 est

1867 4264 1982 4317 haec
2023 4263 2257 4330 epistola
2303 4262 2532 4333 Ephesi,
2565 4262 2618 4316 in
2651 4269 2926 4318 conventu
2954 4260 3178 4329 publico
3217 4257 3379 4310 Asiae.
3417 4274 3436 4304 ι

1869 4355 1995 4410 Haec
2028 4355 2107 4410 sic
2141 4365 2198 4410 et
2240 4355 2555 4411 Antoninus
2605 4371 2708 4425 pro
2745 4353 3082 4410 Christianis
3131 4348 3438 4418 rescripsit.

2418 4493 2643 4549 CAPUT
2685 4493 2879 4550 XXIX.

182 4611 327 4680 Περὶ
362 4607 491 4680 τοῦ-
521 4607 695 4680 ἁγίου
754 4611 1119 4672 Εὐσταθίου,
1158 4607 1267 4663 τοῦ
1299 4609 1399 4664 καί
1455 4613 1760 4666 Πλακίδαο

1870 4610 1944 4664 οε
1965 4618 2147 4664 sancto
2178 4609 2473 4669 Eustatltio,
2503 4610 2662 4678 quiet
2692 4608 2942 4680 Ρίαείάαε
2970 4609 3136 4660 dictus
3168 4607 3284 4673 fuit.
3305 4603 3438 4661 Item

259 4678 363 4735 καὶ
395 4678 501 4752 τοῦ
529 4679 705 4744 ἁγίου
761 4680 1137 4748 Ἐλευθερίου
1186 4680 1294 4734 τοῦ
1329 4682 1400 4735 ἐν
1438 4683 1762 4752 Ἰλλυριοῖς

258 4750 600 4804 ἐπισκόπου
611 4788 624 4800 .

258 4865 376 4931 Πρὸ
405 4863 463 4915 δὲ
502 4863 610 4914 τῶν
643 4862 995 4932 γραμμάτων
1024 4862 1233 4916 τούτων
1262 4864 1452 4918 πολλοὶ
1474 4866 1585 4920 τῶν
1622 4869 1764 4942 ὑπὲρ

185 4955 430 5026 Χριστοῦ
480 4955 669 5022 ἀγῶνα
702 4954 998 5021 διενεγκεῖν
1046 4955 1331 5023 λέγονταιο
1387 4953 1462 5012 ὧν
1511 4955 1592 5024 εἷς
1645 4964 1763 5015 ἐστι

184 5052 282 5102 καὶ
322 5049 350 5100 ὁ
405 5046 680 5110 ἀξιόνικος
721 5046 935 5115 μάρτυς
985 5046 1284 5110 Εὑστάθιος
1309 5066 1322 5078 ’
1359 5043 1403 5117 ᾧ
1441 5052 1532 5103 ἐπὶ
1561 5052 1766 5124 Τραϊα-

183 5139 278 5192 νοῦ
340 5139 440 5208 τὴν
497 5137 593 5190 τοῦ
667 5137 1044 5206 στρατηλάτου
1093 5139 1551 5212 περιϐεϐλημένῳ
1606 5143 1764 5208 ἀξίαν

184 5231 463 5292 Πλακίδας
490 5229 662 5300 ὄνομα
703 5225 795 5300 ἦν,
838 5229 946 5282 τῶν
978 5230 1036 5282 εὖ
1083 5233 1385 5298 γεγονότων
1419 5234 1515 5286 καὶ
1547 5235 1763 5306 πλούτῳ

181 5325 460 5390 διάσημος
516 5320 612 5376 ὢν.
652 5321 887 5391 Μυρίοις
941 5320 986 5373 δ’
1037 5323 1473 5392 ὲνωραῖζόμενος
1535 5327 1763 5393 ἀγαθοῖς

185 5415 284 5468 καὶ
339 5413 439 5483 τῆς
493 5411 703 5467 ἀνωθεν
735 5412 986 5483 κλήσεως
1045 5418 1406 5486 κατηξίωται.
1463 5418 1619 5471 Κατά
1655 5420 1763 5490 γάρ

182 5523 310 5561 τινα
342 5504 552 5577 Ξρημον
582 5505 828 5575 κυνηγίᾳ
855 5506 1199 5574 ὲτχολακότι,
1226 5509 1255 5559 ὁ
1291 5509 1526 5578 Χριστὸς
1559 5510 1762 5577 ἐλάφου

184 5601 385 5669 κέρασι
424 5597 737 5668 καθήμενος
781 5593 934 5650 ὧπτο
987 5600 1303 5670 ἀπορρήτου
1347 5602 1538 5670 σοφίας
1574 5601 1764 5673 βουλή-

185 5708 344 5760 ματι,
381 5691 474 5744 καὶ
506 5690 643 5757 πρὸς
703 5690 898 5744 ἑαυτὸν
958 5691 1150 5757 1έλκει,
1209 5695 1307 5747 καὶ
1364 5695 1434 5746 τά
1492 5696 1760 5764 μέλλοντα

179 5785 350 5852 ήκειν
395 5782 546 5851 αύτῷ
601 5782 1040 5851 προηγόρευσεν.
1083 5784 1240 5839 Ἐπεὶ
1264 5787 1319 5839 δὲ
1359 5787 1578 5840 καὶτοῦ
1613 5788 1760 5842 θείου

184 5875 425 5945 μετέσχε
478 5874 746 5944 λουτροῦ,
800 5877 1125 5948 πανοικεσίᾳ
1179 5878 1398 5949 Χριστῴ
1455 5881 1756 5950 πρόσεισιν.

2078 4681 2141 4732 de
2173 4690 2358 4734 εοπιιο
2391 4679 2690 4733 Eleutherio
2732 4678 2933 4748 Illyrici
2962 4681 3224 4748 episcopo.

1937 4863 2248 4928 Antequam
2301 4869 2483 4915 autem
2540 4857 2816 4928 ejusmodi
2865 4857 3169 4912 ederentur
3215 4858 3439 4925 littera',

1867 4951 2124 5021 permulti
2176 4951 2438 5006 dicuntur
2485 4951 2704 5023 egregie
2742 4960 3022 5005 certamen
3075 4963 3174 5017 pro
3216 4946 3440 5002 Christo

1868 5045 2156 5115 pertulisse
2193 5065 2205 5098 :
2239 5060 2472 5113 quorum
2506 5059 2649 5098 unus
2676 5044 2841 5097 etiam
2876 5044 2979 5097 fuit
3001 5040 3231 5095 victoria
3258 5041 3443 5094 clarus

1868 5145 2074 5204 martyr
2103 5135 2442 5189 Eustathius.
2476 5135 2525 5189 ls
2561 5134 2662 5188 sub
2696 5135 2933 5203 Traiano
2973 5133 3130 5188 ducis
3160 5131 3441 5184 exercitus

1867 5244 2066 5298 gerens
2091 5228 2436 5297 dignitatem,
2464 5227 2717 5282 Placidas
2743 5226 3052 5289 dicebatur,
3077 5237 3133 5280 et
3157 5240 3355 5295 genere
3385 5232 3440 5277 ct

1865 5322 2062 5392 opibus
2097 5321 2349 5376 illustris.
2386 5319 2520 5375 Cum
2554 5336 2684 5375 vero
2725 5321 2978 5390 plurimis
3003 5321 3240 5375 eniteret
3271 5333 3437 5374 orna-

1866 5415 2087 5478 mentis,
2139 5423 2420 5482 postremo
2464 5412 2684 5466 cmlesti
2735 5426 2953 5481 quoque
3019 5411 3310 5465 vocatione
3352 5419 3440 5465 est

1865 5509 2281 5562 cohonestatus.
2309 5505 2526 5560 Etenim
2553 5506 2606 5558 in
2633 5505 2930 5559 solitudine
2954 5505 3191 5572 quadam
3215 5504 3436 5559 venanti

1865 5602 2120 5657 Christus
2148 5600 2296 5653 cervi
2320 5599 2588 5653 cornibus
2614 5598 2860 5653 insidens
2892 5599 3171 5667 apparuit,
3198 5614 3436 5667 eumque

1867 5711 2077 5749 arcana:
2104 5695 2387 5773 sapientia:
2415 5693 2648 5747 consilio
2675 5693 2739 5748 ad
2772 5709 2829 5747 se
2864 5694 3154 5763 pertraxit,
3180 5703 3237 5748 et
3269 5693 3434 5748 simul

1866 5805 1987 5859 qme
2017 5788 2064 5842 ei
2098 5797 2360 5842 eventura
2393 5797 2578 5842 essent
2609 5788 2878 5856 praedixit.
2918 5786 3099 5856 Itaque
3129 5788 3437 5856 baptizatus

1865 5899 1989 5936 cum
2043 5890 2153 5936 tota
2205 5880 2369 5935 domo
2417 5897 2535 5945 sua,
2583 5879 2802 5935 Christo
2846 5895 2904 5935 sc
2955 5881 3180 5936 dedidit.
3232 5882 3433 5936 Vcrutn
