  <div class='ocr_page' id='page_1' title='image "/cluster/home/n/w/nwhite01/storage/ocr_20150623/145/nnc1.0046980679/526.png"; bbox 0 0 4202 6444; ppageno 0'>
   <div class='ocr_carea' id='block_1_1' title="bbox 171 401 269 468">
    <p class='ocr_par' dir='ltr' id='par_1_1' title="bbox 171 401 269 468">
     <span class='ocr_line' id='line_1_1' title="bbox 171 401 269 468; baseline 0.031 -3"><span class='ocrx_word' id='word_1_1' title='bbox 171 401 269 468; x_wconf 80' lang='lat'><strong>961</strong></span> 
     </span>
    </p>
   </div>
   <div class='ocr_carea' id='block_1_2' title="bbox 1087 399 2502 463">
    <p class='ocr_par' dir='ltr' id='par_1_2' title="bbox 1087 399 2502 463">
     <span class='ocr_line' id='line_1_2' title="bbox 1087 399 2502 463; baseline -0.001 0"><span class='ocrx_word' id='word_1_2' title='bbox 1087 399 1705 463; x_wconf 63' lang='lat' dir='ltr'><strong>ECCLESIASTIC£</strong></span> <span class='ocrx_word' id='word_1_3' title='bbox 1747 399 2143 462; x_wconf 62' lang='lat' dir='ltr'><strong>HISTORIA!</strong></span> <span class='ocrx_word' id='word_1_4' title='bbox 2182 401 2334 462; x_wconf 86' lang='lat' dir='ltr'><strong>LIB.</strong></span> <span class='ocrx_word' id='word_1_5' title='bbox 2382 401 2502 461; x_wconf 87' lang='lat' dir='ltr'><strong>III.</strong></span> 
     </span>
    </p>
   </div>
   <div class='ocr_carea' id='block_1_3' title="bbox 3322 396 3430 459">
    <p class='ocr_par' dir='ltr' id='par_1_3' title="bbox 3322 396 3430 459">
     <span class='ocr_line' id='line_1_3' title="bbox 3322 396 3430 459; baseline 0 -1"><span class='ocrx_word' id='word_1_6' title='bbox 3322 396 3430 459; x_wconf 82' lang='lat'><strong>962</strong></span> 
     </span>
    </p>
   </div>
   <div class='ocr_carea' id='block_1_4' title="bbox 171 509 1754 589">
    <p class='ocr_par' dir='ltr' id='par_1_4' title="bbox 171 509 1752 589">
     <span class='ocr_line' id='line_1_4' title="bbox 171 509 1752 589; baseline -0.001 -20"><span class='ocrx_word' id='word_1_7' title='bbox 171 517 270 584; x_wconf 78' lang='grc' dir='ltr'>τὴν</span> <span class='ocrx_word' id='word_1_8' title='bbox 296 509 466 585; x_wconf 74' lang='grc' dir='ltr'>ἧτταν</span> <span class='ocrx_word' id='word_1_9' title='bbox 505 515 976 589; x_wconf 82' lang='grc' dir='ltr'>ἀπενεγκάμενος,</span> <span class='ocrx_word' id='word_1_10' title='bbox 1009 516 1095 586; x_wconf 66' lang='grc' dir='ltr'><strong>ἐφ’</strong></span> <span class='ocrx_word' id='word_1_11' title='bbox 1117 512 1200 579; x_wconf 69' lang='grc' dir='ltr'>οἷς</span> <span class='ocrx_word' id='word_1_12' title='bbox 1231 517 1294 571; x_wconf 82' lang='grc' dir='ltr'><strong>ού</strong></span> <span class='ocrx_word' id='word_1_13' title='bbox 1339 515 1521 578; x_wconf 86' lang='grc' dir='ltr'>καλῶς</span> <span class='ocrx_word' id='word_1_14' title='bbox 1550 514 1752 585; x_wconf 77' lang='grc' dir='ltr'>ῐπρατ-</span> 
     </span>
    </p>
   </div>
   <div class='ocr_carea' id='block_1_5' title="bbox 1858 509 3431 589">
    <p class='ocr_par' dir='ltr' id='par_1_5' title="bbox 1858 511 3431 587">
     <span class='ocr_line' id='line_1_5' title="bbox 1858 511 3431 587; baseline -0.003 -17"><span class='ocrx_word' id='word_1_15' title='bbox 1858 529 2027 587; x_wconf 87' lang='lat' dir='ltr'><strong>soqne</strong></span> <span class='ocrx_word' id='word_1_16' title='bbox 2062 516 2117 569; x_wconf 93' lang='lat' dir='ltr'><strong>in</strong></span> <span class='ocrx_word' id='word_1_17' title='bbox 2156 516 2557 585; x_wconf 78' lang='lat' dir='ltr'><strong>professionem</strong></span> <span class='ocrx_word' id='word_1_18' title='bbox 2591 524 2835 569; x_wconf 85' lang='lat' dir='ltr'><strong>nostram</strong></span> <span class='ocrx_word' id='word_1_19' title='bbox 2866 511 3167 570; x_wconf 86' lang='lat' dir='ltr'><strong>criminans</strong></span> <span class='ocrx_word' id='word_1_20' title='bbox 3201 512 3431 568; x_wconf 86' lang='lat' dir='ltr'><strong>invehe-</strong></span> 
     </span>
    </p>
   </div>
   <div class='ocr_carea' id='block_1_6' title="bbox 171 604 1747 677">
    <p class='ocr_par' dir='ltr' id='par_1_6' title="bbox 171 604 1747 677">
     <span class='ocr_line' id='line_1_6' title="bbox 171 604 1747 677; baseline -0.001 -19"><span class='ocrx_word' id='word_1_21' title='bbox 171 623 252 671; x_wconf 84' lang='grc' dir='ltr'><strong>τε,</strong></span> <span class='ocrx_word' id='word_1_22' title='bbox 314 607 412 660; x_wconf 82' lang='grc' dir='ltr'>καὶ</span> <span class='ocrx_word' id='word_1_23' title='bbox 464 606 643 676; x_wconf 71' lang='grc' dir='ltr'>λέγων</span> <span class='ocrx_word' id='word_1_24' title='bbox 690 606 988 670; x_wconf 75' lang='grc' dir='ltr'>διετώθαζε</span> <span class='ocrx_word' id='word_1_25' title='bbox 1042 607 1113 659; x_wconf 70' lang='grc' dir='ltr'><strong>τά</strong></span> <span class='ocrx_word' id='word_1_26' title='bbox 1172 606 1447 677; x_wconf 78' lang='grc' dir='ltr'>ἡμέτερα,</span> <span class='ocrx_word' id='word_1_27' title='bbox 1495 604 1747 674; x_wconf 81' lang='grc' dir='ltr'><strong>διεφάνη.</strong></span> 
     </span>
    </p>
   </div>
   <div class='ocr_carea' id='block_1_7' title="bbox 174 696 1753 775">
    <p class='ocr_par' dir='ltr' id='par_1_7' title="bbox 174 696 1753 775">
     <span class='ocr_line' id='line_1_7' title="bbox 174 696 1753 775; baseline -0.001 -25"><span class='ocrx_word' id='word_1_28' title='bbox 174 697 440 770; x_wconf 83' lang='grc' dir='ltr'>Πονηροῖς</span> <span class='ocrx_word' id='word_1_29' title='bbox 468 698 580 770; x_wconf 87' lang='grc' dir='ltr'><strong>γάρ</strong></span> <span class='ocrx_word' id='word_1_30' title='bbox 610 715 722 753; x_wconf 86' lang='grc' dir='ltr'>τισι</span> <span class='ocrx_word' id='word_1_31' title='bbox 770 698 880 752; x_wconf 87' lang='grc' dir='ltr'><strong>τῶν</strong></span> <span class='ocrx_word' id='word_1_32' title='bbox 932 699 1127 775; x_wconf 72' lang='grc' dir='ltr'>άρχειν</span> <span class='ocrx_word' id='word_1_33' title='bbox 1154 698 1432 769; x_wconf 76' lang='grc' dir='ltr'><strong>λαχόντων</strong></span> <span class='ocrx_word' id='word_1_34' title='bbox 1481 700 1619 767; x_wconf 83' lang='grc' dir='ltr'>μετὰ</span> <span class='ocrx_word' id='word_1_35' title='bbox 1656 696 1753 749; x_wconf 77' lang='grc' dir='ltr'>καὶ</span> 
     </span>
    </p>
   </div>
   <div class='ocr_carea' id='block_1_8' title="bbox 170 780 1752 863">
    <p class='ocr_par' dir='ltr' id='par_1_8' title="bbox 170 780 1752 863">
     <span class='ocr_line' id='line_1_8' title="bbox 170 780 1752 863; baseline -0.002 -20"><span class='ocrx_word' id='word_1_36' title='bbox 170 780 652 863; x_wconf 75' lang='grc' dir='ltr'>ἄλλωνσυσκευὴν</span> <span class='ocrx_word' id='word_1_37' title='bbox 696 795 824 845; x_wconf 85' lang='grc' dir='ltr'>κατ’</span> <span class='ocrx_word' id='word_1_38' title='bbox 856 790 1025 845; x_wconf 75' lang='grc' dir='ltr'>αὐτοῦ</span> <span class='ocrx_word' id='word_1_39' title='bbox 1061 791 1460 863; x_wconf 77' lang='grc' dir='ltr'><strong>ποιησάμενος,</strong></span> <span class='ocrx_word' id='word_1_40' title='bbox 1491 788 1752 860; x_wconf 74' lang='grc' dir='ltr'><strong>βασάνοις</strong></span> 
     </span>
    </p>
   </div>
   <div class='ocr_carea' id='block_1_9' title="bbox 172 881 1749 953">
    <p class='ocr_par' dir='ltr' id='par_1_9' title="bbox 172 881 1749 953">
     <span class='ocr_line' id='line_1_9' title="bbox 172 881 1749 953; baseline 0 -19"><span class='ocrx_word' id='word_1_41' title='bbox 172 881 249 946; x_wconf 82' lang='grc' dir='ltr'><strong>ὡς</strong></span> <span class='ocrx_word' id='word_1_42' title='bbox 290 881 598 951; x_wconf 75' lang='grc' dir='ltr'><strong>πλείσταις,</strong></span> <span class='ocrx_word' id='word_1_43' title='bbox 632 884 731 937; x_wconf 74' lang='grc' dir='ltr'>καὶ</span> <span class='ocrx_word' id='word_1_44' title='bbox 757 884 819 939; x_wconf 84' lang='grc' dir='ltr'><strong>τδ</strong></span> <span class='ocrx_word' id='word_1_45' title='bbox 854 883 1176 939; x_wconf 82' lang='grc' dir='ltr'>τελευταῖον</span> <span class='ocrx_word' id='word_1_46' title='bbox 1208 883 1390 953; x_wconf 78' lang='grc' dir='ltr'>ξίφεσι</span> <span class='ocrx_word' id='word_1_47' title='bbox 1434 882 1749 949; x_wconf 74' lang='grc' dir='ltr'><strong>διακόπτει,</strong></span> 
     </span>
    </p>
   </div>
   <div class='ocr_carea' id='block_1_10' title="bbox 169 970 1752 1045">
    <p class='ocr_par' dir='ltr' id='par_1_10' title="bbox 169 970 1752 1045">
     <span class='ocr_line' id='line_1_10' title="bbox 169 970 1752 1045; baseline 0.001 -21"><span class='ocrx_word' id='word_1_48' title='bbox 169 970 247 1034; x_wconf 84' lang='grc' dir='ltr'><strong>ὡς</strong></span> <span class='ocrx_word' id='word_1_49' title='bbox 272 970 352 1041; x_wconf 82' lang='grc' dir='ltr'>τῷ</span> <span class='ocrx_word' id='word_1_50' title='bbox 381 971 497 1026; x_wconf 88' lang='grc' dir='ltr'>δντι</span> <span class='ocrx_word' id='word_1_51' title='bbox 538 972 639 1044; x_wconf 80' lang='grc' dir='ltr'>τὴν</span> <span class='ocrx_word' id='word_1_52' title='bbox 673 972 852 1045; x_wconf 81' lang='grc' dir='ltr'>ἀληθῆ</span> <span class='ocrx_word' id='word_1_53' title='bbox 897 974 1095 1043; x_wconf 90' lang='grc' dir='ltr'>σοφίαν</span> <span class='ocrx_word' id='word_1_54' title='bbox 1125 974 1457 1045; x_wconf 79' lang='grc' dir='ltr'>φιλήσαντα,</span> <span class='ocrx_word' id='word_1_55' title='bbox 1492 973 1589 1027; x_wconf 80' lang='grc' dir='ltr'>καὶ</span> <span class='ocrx_word' id='word_1_56' title='bbox 1614 970 1752 1043; x_wconf 76' lang='grc' dir='ltr'>πρὸς</span> 
     </span>
    </p>
   </div>
   <div class='ocr_carea' id='block_1_11' title="bbox 171 1063 1754 1139">
    <p class='ocr_par' dir='ltr' id='par_1_11' title="bbox 171 1063 1754 1139">
     <span class='ocr_line' id='line_1_11' title="bbox 171 1063 1754 1139; baseline 0.003 -23"><span class='ocrx_word' id='word_1_57' title='bbox 171 1064 267 1117; x_wconf 84' lang='grc' dir='ltr'><strong>τόν</strong></span> <span class='ocrx_word' id='word_1_58' title='bbox 298 1063 641 1135; x_wconf 87' lang='grc' dir='ltr'>ποθούμενον</span> <span class='ocrx_word' id='word_1_59' title='bbox 671 1065 848 1131; x_wconf 78' lang='grc' dir='ltr'>οὕτως</span> <span class='ocrx_word' id='word_1_60' title='bbox 896 1066 1096 1139; x_wconf 74' lang='grc' dir='ltr'>ἐχώρει</span> <span class='ocrx_word' id='word_1_61' title='bbox 1144 1066 1402 1138; x_wconf 85' lang='grc' dir='ltr'>Χριστόν.</span> <span class='ocrx_word' id='word_1_62' title='bbox 1441 1067 1509 1120; x_wconf 78' lang='grc' dir='ltr'><strong>Ἃ</strong></span> <span class='ocrx_word' id='word_1_63' title='bbox 1558 1066 1615 1120; x_wconf 70' lang='grc' dir='ltr'>δὲ</span> <span class='ocrx_word' id='word_1_64' title='bbox 1649 1084 1754 1120; x_wconf 87' lang='grc' dir='ltr'>πα·-</span> 
     </span>
    </p>
   </div>
   <div class='ocr_carea' id='block_1_12' title="bbox 172 1155 1752 1237">
    <p class='ocr_par' dir='ltr' id='par_1_12' title="bbox 172 1155 1752 1237">
     <span class='ocr_line' id='line_1_12' title="bbox 172 1155 1752 1237; baseline 0.003 -29"><span class='ocrx_word' id='word_1_65' title='bbox 172 1155 289 1209; x_wconf 87' lang='grc' dir='ltr'>θεῖν</span> <span class='ocrx_word' id='word_1_66' title='bbox 338 1158 589 1227; x_wconf 69' lang='grc' dir='ltr'>ἔμελλεν,</span> <span class='ocrx_word' id='word_1_67' title='bbox 641 1161 702 1214; x_wconf 70' lang='grc' dir='ltr'>ιν</span> <span class='ocrx_word' id='word_1_68' title='bbox 743 1161 810 1231; x_wconf 76' lang='grc' dir='ltr'>τῇ</span> <span class='ocrx_word' id='word_1_69' title='bbox 842 1159 1150 1237; x_wconf 72' lang='grc' dir='ltr'>δηλωθείσῃ</span> <span class='ocrx_word' id='word_1_70' title='bbox 1209 1158 1484 1231; x_wconf 74' lang='grc' dir='ltr'>ἀπολογίᾳ</span> <span class='ocrx_word' id='word_1_71' title='bbox 1537 1158 1752 1230; x_wconf 78' lang='grc' dir='ltr'>φθάσας</span> 
     </span>
    </p>
   </div>
   <div class='ocr_carea' id='block_1_13' title="bbox 172 1250 1754 1323">
    <p class='ocr_par' dir='ltr' id='par_1_13' title="bbox 172 1250 1754 1323">
     <span class='ocr_line' id='line_1_13' title="bbox 172 1250 1754 1323; baseline 0.004 -23"><span class='ocrx_word' id='word_1_72' title='bbox 172 1250 584 1322; x_wconf 80' lang='grc' dir='ltr'><strong>προαγορεύει,</strong></span> <span class='ocrx_word' id='word_1_73' title='bbox 634 1250 778 1306; x_wconf 76' lang='grc' dir='ltr'>οὕτω</span> <span class='ocrx_word' id='word_1_74' title='bbox 832 1253 977 1306; x_wconf 73' lang='grc' dir='ltr'>κατά</span> <span class='ocrx_word' id='word_1_75' title='bbox 1023 1252 1181 1323; x_wconf 80' lang='grc' dir='ltr'>ῥῆμα</span> <span class='ocrx_word' id='word_1_76' title='bbox 1223 1252 1460 1319; x_wconf 76' lang='grc' dir='ltr'>διεξιώνο</span> <span class='ocrx_word' id='word_1_77' title='bbox 1519 1271 1538 1304; x_wconf 83' lang='grc' dir='ltr'><strong>ι</strong></span> <span class='ocrx_word' id='word_1_78' title='bbox 1582 1250 1754 1320; x_wconf 84' lang='grc' dir='ltr'><strong>Κάγὼ</strong></span> 
     </span>
    </p>
   </div>
   <div class='ocr_carea' id='block_1_14' title="bbox 169 1341 1755 1416">
    <p class='ocr_par' dir='ltr' id='par_1_14' title="bbox 169 1341 1755 1416">
     <span class='ocr_line' id='line_1_14' title="bbox 169 1341 1755 1416; baseline 0.003 -25"><span class='ocrx_word' id='word_1_79' title='bbox 169 1341 269 1394; x_wconf 74' lang='grc' dir='ltr'>οὖν</span> <span class='ocrx_word' id='word_1_80' title='bbox 301 1344 591 1413; x_wconf 80' lang='grc' dir='ltr'>προσδοκῶ</span> <span class='ocrx_word' id='word_1_81' title='bbox 648 1346 753 1399; x_wconf 82' lang='grc' dir='ltr'>ὑπό</span> <span class='ocrx_word' id='word_1_82' title='bbox 815 1363 965 1409; x_wconf 82' lang='grc' dir='ltr'>τινος</span> <span class='ocrx_word' id='word_1_83' title='bbox 1011 1346 1121 1399; x_wconf 87' lang='grc' dir='ltr'><strong>τῶν</strong></span> <span class='ocrx_word' id='word_1_84' title='bbox 1167 1345 1582 1416; x_wconf 77' lang='grc' dir='ltr'>ὠνομασμένων</span> <span class='ocrx_word' id='word_1_85' title='bbox 1632 1348 1755 1398; x_wconf 69' lang='grc' dir='ltr'>επι-</span> 
     </span>
    </p>
   </div>
   <div class='ocr_carea' id='block_1_15' title="bbox 171 1433 1754 1511">
    <p class='ocr_par' dir='ltr' id='par_1_15' title="bbox 171 1433 1754 1511">
     <span class='ocr_line' id='line_1_15' title="bbox 171 1433 1754 1511; baseline 0.003 -24"><span class='ocrx_word' id='word_1_86' title='bbox 171 1433 539 1508; x_wconf 74' lang='grc' dir='ltr'>ϐουλευθῆναι</span> <span class='ocrx_word' id='word_1_87' title='bbox 573 1479 588 1504; x_wconf 92' lang='grc'><strong>,</strong></span> <span class='ocrx_word' id='word_1_88' title='bbox 639 1442 735 1493; x_wconf 77' lang='grc' dir='ltr'>καὶ</span> <span class='ocrx_word' id='word_1_89' title='bbox 775 1440 921 1510; x_wconf 79' lang='grc' dir='ltr'>ξύλῳ</span> <span class='ocrx_word' id='word_1_90' title='bbox 961 1440 1346 1510; x_wconf 68' lang='grc' dir='ltr'>ιντιναγῆναν</span> <span class='ocrx_word' id='word_1_91' title='bbox 1400 1440 1433 1511; x_wconf 75' lang='grc' dir='ltr'>ἢ</span> <span class='ocrx_word' id='word_1_92' title='bbox 1494 1438 1589 1492; x_wconf 74' lang='grc' dir='ltr'>καὶ</span> <span class='ocrx_word' id='word_1_93' title='bbox 1649 1440 1754 1491; x_wconf 74' lang='grc' dir='ltr'>ὑπὸ</span> 
     </span>
    </p>
   </div>
   <div class='ocr_carea' id='block_1_16' title="bbox 175 1527 1751 1600">
    <p class='ocr_par' dir='ltr' id='par_1_16' title="bbox 175 1527 1751 1600">
     <span class='ocr_line' id='line_1_16' title="bbox 175 1527 1751 1600; baseline 0.003 -21"><span class='ocrx_word' id='word_1_94' title='bbox 175 1527 529 1597; x_wconf 75' lang='grc' dir='ltr'>Κρήσκεντος</span> <span class='ocrx_word' id='word_1_95' title='bbox 556 1530 650 1582; x_wconf 82' lang='grc' dir='ltr'>τοῦ</span> <span class='ocrx_word' id='word_1_96' title='bbox 677 1530 1009 1600; x_wconf 83' lang='grc' dir='ltr'>άφιλοσόφου</span> <span class='ocrx_word' id='word_1_97' title='bbox 1035 1530 1130 1584; x_wconf 78' lang='grc' dir='ltr'>καὶ</span> <span class='ocrx_word' id='word_1_98' title='bbox 1154 1530 1521 1599; x_wconf 78' lang='grc' dir='ltr'>φιλοκόμπου·</span> <span class='ocrx_word' id='word_1_99' title='bbox 1554 1530 1616 1583; x_wconf 79' lang='grc' dir='ltr'>οὐ</span> <span class='ocrx_word' id='word_1_100' title='bbox 1641 1531 1751 1599; x_wconf 81' lang='grc' dir='ltr'><strong>γάρ</strong></span> 
     </span>
    </p>
   </div>
   <div class='ocr_carea' id='block_1_17' title="bbox 172 1619 1754 1696">
    <p class='ocr_par' dir='ltr' id='par_1_17' title="bbox 172 1619 1754 1696">
     <span class='ocr_line' id='line_1_17' title="bbox 172 1619 1754 1696; baseline 0.003 -24"><span class='ocrx_word' id='word_1_101' title='bbox 172 1619 471 1689; x_wconf 86' lang='grc' dir='ltr'>φιλόσοφον</span> <span class='ocrx_word' id='word_1_102' title='bbox 514 1623 693 1677; x_wconf 82' lang='grc' dir='ltr'>εἰπεῖν</span> <span class='ocrx_word' id='word_1_103' title='bbox 749 1623 904 1688; x_wconf 78' lang='grc' dir='ltr'>ἄξιον</span> <span class='ocrx_word' id='word_1_104' title='bbox 939 1624 1031 1677; x_wconf 79' lang='grc' dir='ltr'>τὸν</span> <span class='ocrx_word' id='word_1_105' title='bbox 1076 1624 1268 1695; x_wconf 80' lang='grc' dir='ltr'>ἄνδρα,</span> <span class='ocrx_word' id='word_1_106' title='bbox 1299 1626 1359 1687; x_wconf 82' lang='grc' dir='ltr'>ὃς</span> <span class='ocrx_word' id='word_1_107' title='bbox 1408 1641 1469 1693; x_wconf 91' lang='grc' dir='ltr'><strong>γε</strong></span> <span class='ocrx_word' id='word_1_108' title='bbox 1512 1624 1642 1696; x_wconf 73' lang='grc' dir='ltr'>περὶ</span> <span class='ocrx_word' id='word_1_109' title='bbox 1678 1619 1754 1678; x_wconf 83' lang='grc' dir='ltr'>ὧν</span> 
     </span>
    </p>
   </div>
   <div class='ocr_carea' id='block_1_18' title="bbox 170 1712 1753 1789">
    <p class='ocr_par' dir='ltr' id='par_1_18' title="bbox 170 1712 1753 1789">
     <span class='ocr_line' id='line_1_18' title="bbox 170 1712 1753 1789; baseline 0.002 -24"><span class='ocrx_word' id='word_1_110' title='bbox 170 1712 256 1782; x_wconf 84' lang='grc' dir='ltr'>μὴ</span> <span class='ocrx_word' id='word_1_111' title='bbox 286 1714 577 1767; x_wconf 75' lang='grc' dir='ltr'>ἐπίσταται</span> <span class='ocrx_word' id='word_1_112' title='bbox 612 1715 851 1789; x_wconf 79' lang='grc' dir='ltr'>δημοσία</span> <span class='ocrx_word' id='word_1_113' title='bbox 882 1720 1324 1789; x_wconf 83' lang='grc' dir='ltr'>καταμαρτυρεῖ,</span> <span class='ocrx_word' id='word_1_114' title='bbox 1351 1717 1427 1781; x_wconf 84' lang='grc' dir='ltr'>ὡς</span> <span class='ocrx_word' id='word_1_115' title='bbox 1454 1716 1632 1771; x_wconf 84' lang='grc' dir='ltr'>άθέων</span> <span class='ocrx_word' id='word_1_116' title='bbox 1656 1718 1753 1769; x_wconf 77' lang='grc' dir='ltr'>καὶ</span> 
     </span>
    </p>
   </div>
   <div class='ocr_carea' id='block_1_19' title="bbox 165 1801 1754 1879">
    <p class='ocr_par' dir='ltr' id='par_1_19' title="bbox 165 1801 1754 1879">
     <span class='ocr_line' id='line_1_19' title="bbox 165 1801 1754 1879; baseline 0.006 -26"><span class='ocrx_word' id='word_1_117' title='bbox 165 1801 393 1854; x_wconf 75' lang='grc' dir='ltr'>ἀσεϐῶν</span> <span class='ocrx_word' id='word_1_118' title='bbox 432 1804 788 1876; x_wconf 83' lang='grc' dir='ltr'>Χριστιανῶν</span> <span class='ocrx_word' id='word_1_119' title='bbox 815 1808 1008 1871; x_wconf 85' lang='grc' dir='ltr'>δντων,</span> <span class='ocrx_word' id='word_1_120' title='bbox 1054 1810 1190 1879; x_wconf 73' lang='grc' dir='ltr'>πρὸς</span> <span class='ocrx_word' id='word_1_121' title='bbox 1231 1808 1390 1879; x_wconf 90' lang='grc' dir='ltr'>χάριν</span> <span class='ocrx_word' id='word_1_122' title='bbox 1425 1810 1523 1860; x_wconf 79' lang='grc' dir='ltr'>καὶ</span> <span class='ocrx_word' id='word_1_123' title='bbox 1559 1808 1754 1877; x_wconf 71' lang='grc' dir='ltr'>ἡδονὴν</span> 
     </span>
    </p>
   </div>
   <div class='ocr_carea' id='block_1_20' title="bbox 1854 606 3430 678">
    <p class='ocr_par' dir='ltr' id='par_1_20' title="bbox 1854 606 3430 678">
     <span class='ocr_line' id='line_1_20' title="bbox 1854 606 3430 678; baseline -0.002 -15"><span class='ocrx_word' id='word_1_124' title='bbox 1854 621 2027 673; x_wconf 90' lang='lat' dir='ltr'><strong>retur,</strong></span> <span class='ocrx_word' id='word_1_125' title='bbox 2058 608 2311 664; x_wconf 94' lang='lat' dir='ltr'><strong>Justinus</strong></span> <span class='ocrx_word' id='word_1_126' title='bbox 2343 608 2698 672; x_wconf 90' lang='lat' dir='ltr'><strong>convicisset,</strong></span> <span class='ocrx_word' id='word_1_127' title='bbox 2731 622 2855 663; x_wconf 91' lang='lat' dir='ltr'><strong>cum</strong></span> <span class='ocrx_word' id='word_1_128' title='bbox 2893 606 3164 677; x_wconf 79' lang='lat' dir='ltr'><strong>improbis</strong></span> <span class='ocrx_word' id='word_1_129' title='bbox 3197 606 3430 678; x_wconf 83' lang='lat' dir='ltr'><strong>quibus-</strong></span> 
     </span>
    </p>
   </div>
   <div class='ocr_carea' id='block_1_21' title="bbox 1852 688 3431 771">
    <p class='ocr_par' dir='ltr' id='par_1_21' title="bbox 1852 688 3431 771">
     <span class='ocr_line' id='line_1_21' title="bbox 1852 688 3431 771; baseline 0.003 -22"><span class='ocrx_word' id='word_1_130' title='bbox 1852 688 1976 755; x_wconf 79' lang='lat' dir='ltr'><strong>dam</strong></span> <span class='ocrx_word' id='word_1_131' title='bbox 2014 700 2109 770; x_wconf 89' lang='lat' dir='ltr'><strong>qui</strong></span> <span class='ocrx_word' id='word_1_132' title='bbox 2157 699 2508 766; x_wconf 74' lang='lat' dir='ltr'><strong>magistratus</strong></span> <span class='ocrx_word' id='word_1_133' title='bbox 2540 699 2827 771; x_wconf 77' lang='lat' dir='ltr'><strong>gerebant,</strong></span> <span class='ocrx_word' id='word_1_134' title='bbox 2864 708 3030 767; x_wconf 86' lang='lat' dir='ltr'><strong>atque</strong></span> <span class='ocrx_word' id='word_1_135' title='bbox 3067 698 3259 754; x_wconf 81' lang='lat' dir='ltr'><strong>itidem</strong></span> <span class='ocrx_word' id='word_1_136' title='bbox 3305 715 3431 753; x_wconf 89' lang='lat' dir='ltr'><strong>cum</strong></span> 
     </span>
    </p>
   </div>
   <div class='ocr_carea' id='block_1_22' title="bbox 1854 790 3433 862">
    <p class='ocr_par' dir='ltr' id='par_1_22' title="bbox 1854 790 3433 862">
     <span class='ocr_line' id='line_1_22' title="bbox 1854 790 3433 862; baseline -0.001 -16"><span class='ocrx_word' id='word_1_137' title='bbox 1854 793 1978 847; x_wconf 89' lang='lat' dir='ltr'><strong>aliis</strong></span> <span class='ocrx_word' id='word_1_138' title='bbox 2034 792 2125 847; x_wconf 89' lang='lat' dir='ltr'><strong>ille</strong></span> <span class='ocrx_word' id='word_1_139' title='bbox 2184 792 2599 862; x_wconf 72' lang='lat' dir='ltr'><strong>conspiratione</strong></span> <span class='ocrx_word' id='word_1_140' title='bbox 2671 803 2864 847; x_wconf 88' lang='lat' dir='ltr'><strong>contra</strong></span> <span class='ocrx_word' id='word_1_141' title='bbox 2921 790 3199 847; x_wconf 89' lang='lat' dir='ltr'><strong>Justinmn</strong></span> <span class='ocrx_word' id='word_1_142' title='bbox 3252 791 3433 856; x_wconf 80' lang='lat' dir='ltr'><strong>facta,</strong></span> 
     </span>
    </p>
   </div>
   <div class='ocr_carea' id='block_1_23' title="bbox 1854 885 3435 957">
    <p class='ocr_par' dir='ltr' id='par_1_23' title="bbox 1854 885 3435 957">
     <span class='ocr_line' id='line_1_23' title="bbox 1854 885 3435 957; baseline -0.002 -17"><span class='ocrx_word' id='word_1_143' title='bbox 1854 886 2148 942; x_wconf 86' lang='lat' dir='ltr'><strong>tormentis</strong></span> <span class='ocrx_word' id='word_1_144' title='bbox 2197 886 2620 957; x_wconf 84' lang='lat' dir='ltr'><strong>quamplurimis</strong></span> <span class='ocrx_word' id='word_1_145' title='bbox 2668 900 2797 941; x_wconf 89' lang='lat' dir='ltr'><strong>eum</strong></span> <span class='ocrx_word' id='word_1_146' title='bbox 2847 885 3066 950; x_wconf 79' lang='lat' dir='ltr'><strong>affecit,</strong></span> <span class='ocrx_word' id='word_1_147' title='bbox 3115 894 3173 940; x_wconf 89' lang='lat' dir='ltr'><strong>et</strong></span> <span class='ocrx_word' id='word_1_148' title='bbox 3218 894 3435 957; x_wconf 87' lang='lat' dir='ltr'><strong>postre-</strong></span> 
     </span>
    </p>
   </div>
   <div class='ocr_carea' id='block_1_24' title="bbox 1854 976 3433 1049">
    <p class='ocr_par' dir='ltr' id='par_1_24' title="bbox 1854 976 3433 1049">
     <span class='ocr_line' id='line_1_24' title="bbox 1854 976 3433 1049; baseline 0.001 -18"><span class='ocrx_word' id='word_1_149' title='bbox 1854 992 1946 1033; x_wconf 92' lang='lat' dir='ltr'><strong>mo</strong></span> <span class='ocrx_word' id='word_1_150' title='bbox 2004 976 2202 1049; x_wconf 75' lang='lat' dir='ltr'><strong>gladiis</strong></span> <span class='ocrx_word' id='word_1_151' title='bbox 2262 979 2432 1034; x_wconf 91' lang='lat' dir='ltr'><strong>etiam</strong></span> <span class='ocrx_word' id='word_1_152' title='bbox 2495 976 2775 1042; x_wconf 80' lang='lat' dir='ltr'><strong>confecit,</strong></span> <span class='ocrx_word' id='word_1_153' title='bbox 2842 992 2987 1032; x_wconf 76' lang='lat' dir='ltr'><strong>verae</strong></span> <span class='ocrx_word' id='word_1_154' title='bbox 3051 991 3281 1046; x_wconf 77' lang='lat' dir='ltr'><strong>prorsus</strong></span> <span class='ocrx_word' id='word_1_155' title='bbox 3345 992 3433 1032; x_wconf 84' lang='lat' dir='ltr'><strong>sa-</strong></span> 
     </span>
    </p>
   </div>
   <div class='ocr_carea' id='block_1_25' title="bbox 1853 1066 3428 1139">
    <p class='ocr_par' dir='ltr' id='par_1_25' title="bbox 1853 1066 3428 1139">
     <span class='ocr_line' id='line_1_25' title="bbox 1853 1066 3428 1139; baseline -0.001 -17"><span class='ocrx_word' id='word_1_156' title='bbox 1853 1068 2076 1139; x_wconf 66' lang='lat' dir='ltr'><strong>pientia</strong></span> <span class='ocrx_word' id='word_1_157' title='bbox 2116 1078 2467 1125; x_wconf 74' lang='lat' dir='ltr'><strong>sectatorem.</strong></span> <span class='ocrx_word' id='word_1_158' title='bbox 2514 1068 2595 1123; x_wconf 87' lang='lat' dir='ltr'><strong>Ita</strong></span> <span class='ocrx_word' id='word_1_159' title='bbox 2645 1068 2736 1123; x_wconf 87' lang='lat' dir='ltr'><strong>ille</strong></span> <span class='ocrx_word' id='word_1_160' title='bbox 2782 1067 2849 1122; x_wconf 80' lang='lat' dir='ltr'><strong>ad</strong></span> <span class='ocrx_word' id='word_1_161' title='bbox 2900 1066 3277 1123; x_wconf 84' lang='lat' dir='ltr'><strong>desideratum</strong></span> <span class='ocrx_word' id='word_1_162' title='bbox 3320 1067 3428 1122; x_wconf 83' lang='lat' dir='ltr'><strong>sibi</strong></span> 
     </span>
    </p>
   </div>
   <div class='ocr_carea' id='block_1_26' title="bbox 1852 1160 3429 1232">
    <p class='ocr_par' dir='ltr' id='par_1_26' title="bbox 1852 1160 3429 1232">
     <span class='ocr_line' id='line_1_26' title="bbox 1852 1160 3429 1232; baseline 0.001 -16"><span class='ocrx_word' id='word_1_163' title='bbox 1852 1160 2135 1216; x_wconf 85' lang='lat' dir='ltr'><strong>Christum</strong></span> <span class='ocrx_word' id='word_1_164' title='bbox 2173 1161 2408 1217; x_wconf 76' lang='lat' dir='ltr'><strong>transiit.</strong></span> <span class='ocrx_word' id='word_1_165' title='bbox 2440 1161 2573 1229; x_wconf 63' lang='lat' dir='ltr'><strong>Quae</strong></span> <span class='ocrx_word' id='word_1_166' title='bbox 2607 1174 2790 1217; x_wconf 90' lang='lat' dir='ltr'><strong>autem</strong></span> <span class='ocrx_word' id='word_1_167' title='bbox 2830 1176 3097 1232; x_wconf 85' lang='lat' dir='ltr'><strong>passurus</strong></span> <span class='ocrx_word' id='word_1_168' title='bbox 3130 1162 3330 1227; x_wconf 80' lang='lat' dir='ltr'><strong>fuerat,</strong></span> <span class='ocrx_word' id='word_1_169' title='bbox 3365 1178 3429 1217; x_wconf 83' lang='lat' dir='ltr'><strong>ea</strong></span> 
     </span>
    </p>
   </div>
   <div class='ocr_carea' id='block_1_27' title="bbox 1854 1254 3433 1325">
    <p class='ocr_par' dir='ltr' id='par_1_27' title="bbox 1854 1254 3433 1325">
     <span class='ocr_line' id='line_1_27' title="bbox 1854 1254 3433 1325; baseline 0.001 -18"><span class='ocrx_word' id='word_1_170' title='bbox 1854 1264 2015 1309; x_wconf 86' lang='lat' dir='ltr'><strong>antea</strong></span> <span class='ocrx_word' id='word_1_171' title='bbox 2049 1268 2271 1323; x_wconf 84' lang='lat' dir='ltr'><strong>quoque</strong></span> <span class='ocrx_word' id='word_1_172' title='bbox 2304 1254 2358 1307; x_wconf 89' lang='lat' dir='ltr'><strong>in</strong></span> <span class='ocrx_word' id='word_1_173' title='bbox 2390 1269 2454 1309; x_wconf 88' lang='lat' dir='ltr'><strong>ea</strong></span> <span class='ocrx_word' id='word_1_174' title='bbox 2486 1270 2651 1324; x_wconf 90' lang='lat' dir='ltr'><strong>quam</strong></span> <span class='ocrx_word' id='word_1_175' title='bbox 2685 1255 2949 1320; x_wconf 84' lang='lat' dir='ltr'><strong>diximus,</strong></span> <span class='ocrx_word' id='word_1_176' title='bbox 2989 1254 3299 1325; x_wconf 77' lang='lat' dir='ltr'><strong>posteriore</strong></span> <span class='ocrx_word' id='word_1_177' title='bbox 3335 1256 3433 1309; x_wconf 80' lang='lat' dir='ltr'><strong>tle-</strong></span> 
     </span>
    </p>
   </div>
   <div class='ocr_carea' id='block_1_28' title="bbox 1856 1345 3434 1416">
    <p class='ocr_par' dir='ltr' id='par_1_28' title="bbox 1856 1345 3434 1416">
     <span class='ocr_line' id='line_1_28' title="bbox 1856 1345 3434 1416; baseline -0.001 -16"><span class='ocrx_word' id='word_1_178' title='bbox 1856 1345 2106 1400; x_wconf 89' lang='lat' dir='ltr'><strong>fensione</strong></span> <span class='ocrx_word' id='word_1_179' title='bbox 2147 1345 2406 1401; x_wconf 85' lang='lat' dir='ltr'><strong>divinans</strong></span> <span class='ocrx_word' id='word_1_180' title='bbox 2442 1347 2715 1416; x_wconf 67' lang='lat' dir='ltr'><strong>praedixit,</strong></span> <span class='ocrx_word' id='word_1_181' title='bbox 2750 1346 2815 1400; x_wconf 87' lang='lat' dir='ltr'><strong>ad</strong></span> <span class='ocrx_word' id='word_1_182' title='bbox 2861 1347 3009 1401; x_wconf 88' lang='lat' dir='ltr'><strong>hunc</strong></span> <span class='ocrx_word' id='word_1_183' title='bbox 3045 1346 3267 1400; x_wconf 89' lang='lat' dir='ltr'><strong>modum</strong></span> <span class='ocrx_word' id='word_1_184' title='bbox 3297 1349 3434 1400; x_wconf 90' lang='lat' dir='ltr'><strong>scri-</strong></span> 
     </span>
    </p>
   </div>
   <div class='ocr_carea' id='block_1_29' title="bbox 1856 1438 3436 1509">
    <p class='ocr_par' dir='ltr' id='par_1_29' title="bbox 1856 1438 3436 1509">
     <span class='ocr_line' id='line_1_29' title="bbox 1856 1438 3436 1509; baseline -0.001 -15"><span class='ocrx_word' id='word_1_185' title='bbox 1856 1438 1992 1494; x_wconf 86' lang='lat' dir='ltr'><strong>bens</strong></span> <span class='ocrx_word' id='word_1_186' title='bbox 2025 1458 2037 1492; x_wconf 89' lang='lat'><strong>:</strong></span> <span class='ocrx_word' id='word_1_187' title='bbox 2072 1458 2091 1490; x_wconf 77' lang='grc' dir='ltr'><strong>ι</strong></span> <span class='ocrx_word' id='word_1_188' title='bbox 2128 1440 2239 1508; x_wconf 79' lang='lat' dir='ltr'><strong>Ego</strong></span> <span class='ocrx_word' id='word_1_189' title='bbox 2270 1439 2496 1509; x_wconf 82' lang='lat' dir='ltr'><strong>quidem</strong></span> <span class='ocrx_word' id='word_1_190' title='bbox 2532 1440 2763 1494; x_wconf 82' lang='lat' dir='ltr'><strong>insidias</strong></span> <span class='ocrx_word' id='word_1_191' title='bbox 2790 1450 2846 1494; x_wconf 89' lang='lat' dir='ltr'><strong>et</strong></span> <span class='ocrx_word' id='word_1_192' title='bbox 2877 1439 3210 1494; x_wconf 76' lang='lat' dir='ltr'><strong>fustuarium</strong></span> <span class='ocrx_word' id='word_1_193' title='bbox 3242 1455 3436 1503; x_wconf 60' lang='grc' dir='ltr'>(κτεινο-</span> 
     </span>
    </p>
   </div>
   <div class='ocr_carea' id='block_1_30' title="bbox 1853 1532 3435 1602">
    <p class='ocr_par' dir='ltr' id='par_1_30' title="bbox 1853 1532 3435 1602">
     <span class='ocr_line' id='line_1_30' title="bbox 1853 1532 3435 1602; baseline -0.001 -15"><span class='ocrx_word' id='word_1_194' title='bbox 1853 1539 1945 1587; x_wconf 88' lang='lat' dir='ltr'><strong>cto</strong></span> <span class='ocrx_word' id='word_1_195' title='bbox 1987 1546 2016 1585; x_wconf 94' lang='lat' dir='ltr'><strong>a</strong></span> <span class='ocrx_word' id='word_1_196' title='bbox 2046 1534 2349 1601; x_wconf 66' lang='lat' dir='ltr'><strong>vquopiam,</strong></span> <span class='ocrx_word' id='word_1_197' title='bbox 2385 1532 2479 1602; x_wconf 92' lang='lat' dir='ltr'><strong>qui</strong></span> <span class='ocrx_word' id='word_1_198' title='bbox 2536 1532 2771 1601; x_wconf 83' lang='lat' dir='ltr'><strong>alicujus</strong></span> <span class='ocrx_word' id='word_1_199' title='bbox 2816 1533 2887 1587; x_wconf 85' lang='lat' dir='ltr'><strong>sit</strong></span> <span class='ocrx_word' id='word_1_200' title='bbox 2934 1532 3196 1597; x_wconf 87' lang='lat' dir='ltr'><strong>nominis,</strong></span> <span class='ocrx_word' id='word_1_201' title='bbox 3231 1533 3316 1585; x_wconf 77' lang='lat' dir='ltr'><strong>vol</strong></span> <span class='ocrx_word' id='word_1_202' title='bbox 3365 1533 3435 1585; x_wconf 81' lang='lat' dir='ltr'><strong>ab</strong></span> 
     </span>
    </p>
   </div>
   <div class='ocr_carea' id='block_1_31' title="bbox 1855 1622 3437 1693">
    <p class='ocr_par' dir='ltr' id='par_1_31' title="bbox 1855 1622 3437 1693">
     <span class='ocr_line' id='line_1_31' title="bbox 1855 1622 3437 1693; baseline 0 -16"><span class='ocrx_word' id='word_1_203' title='bbox 1855 1623 1977 1693; x_wconf 89' lang='lat' dir='ltr'><strong>ipso</strong></span> <span class='ocrx_word' id='word_1_204' title='bbox 2004 1624 2169 1677; x_wconf 89' lang='lat' dir='ltr'><strong>etiam</strong></span> <span class='ocrx_word' id='word_1_205' title='bbox 2202 1622 2499 1678; x_wconf 88' lang='lat' dir='ltr'><strong>Crescente</strong></span> <span class='ocrx_word' id='word_1_206' title='bbox 2530 1624 2848 1693; x_wconf 89' lang='lat' dir='ltr'><strong>insipiente,</strong></span> <span class='ocrx_word' id='word_1_207' title='bbox 2876 1624 3204 1693; x_wconf 68' lang='lat' dir='ltr'><strong>arrogantia:</strong></span> <span class='ocrx_word' id='word_1_208' title='bbox 3232 1622 3437 1693; x_wconf 80' lang='lat' dir='ltr'><strong>quippe</strong></span> 
     </span>
    </p>
   </div>
   <div class='ocr_carea' id='block_1_32' title="bbox 1856 1709 3437 1783">
    <p class='ocr_par' dir='ltr' id='par_1_32' title="bbox 1856 1709 3437 1783">
     <span class='ocr_line' id='line_1_32' title="bbox 1856 1709 3437 1783; baseline 0.002 -20"><span class='ocrx_word' id='word_1_209' title='bbox 1856 1709 2029 1779; x_wconf 82' lang='lat' dir='ltr'><strong>magis</strong></span> <span class='ocrx_word' id='word_1_210' title='bbox 2064 1725 2228 1780; x_wconf 88' lang='lat' dir='ltr'><strong>quam</strong></span> <span class='ocrx_word' id='word_1_211' title='bbox 2272 1711 2559 1781; x_wconf 76' lang='lat' dir='ltr'><strong>sapientiae</strong></span> <span class='ocrx_word' id='word_1_212' title='bbox 2605 1721 2848 1767; x_wconf 88' lang='lat' dir='ltr'><strong>amante.</strong></span> <span class='ocrx_word' id='word_1_213' title='bbox 2898 1712 3162 1783; x_wconf 88' lang='lat' dir='ltr'><strong>Indignus</strong></span> <span class='ocrx_word' id='word_1_214' title='bbox 3199 1726 3437 1781; x_wconf 84' lang='lat' dir='ltr'><strong>namque</strong></span> 
     </span>
    </p>
   </div>
   <div class='ocr_carea' id='block_1_33' title="bbox 1858 1802 3435 1873">
    <p class='ocr_par' dir='ltr' id='par_1_33' title="bbox 1858 1802 3435 1873">
     <span class='ocr_line' id='line_1_33' title="bbox 1858 1802 3435 1873; baseline 0.002 -18"><span class='ocrx_word' id='word_1_215' title='bbox 1858 1811 1965 1867; x_wconf 88' lang='lat' dir='ltr'><strong>est,</strong></span> <span class='ocrx_word' id='word_1_216' title='bbox 1996 1804 2091 1871; x_wconf 87' lang='lat' dir='ltr'><strong>qui</strong></span> <span class='ocrx_word' id='word_1_217' title='bbox 2125 1802 2492 1873; x_wconf 88' lang='lat' dir='ltr'><strong>philosophus</strong></span> <span class='ocrx_word' id='word_1_218' title='bbox 2516 1812 2573 1859; x_wconf 89' lang='lat' dir='ltr'><strong>et</strong></span> <span class='ocrx_word' id='word_1_219' title='bbox 2601 1804 2886 1873; x_wconf 71' lang='lat' dir='ltr'><strong>sapientiae</strong></span> <span class='ocrx_word' id='word_1_220' title='bbox 2924 1816 3140 1860; x_wconf 82' lang='lat' dir='ltr'><strong>amator</strong></span> <span class='ocrx_word' id='word_1_221' title='bbox 3173 1805 3392 1860; x_wconf 89' lang='lat' dir='ltr'><strong>dicatur</strong></span> <span class='ocrx_word' id='word_1_222' title='bbox 3422 1822 3435 1858; x_wconf 89' lang='lat'><strong>:</strong></span> 
     </span>
    </p>
   </div>
   <div class='ocr_carea' id='block_1_34' title="bbox 166 1889 1754 1968">
    <p class='ocr_par' dir='ltr' id='par_1_34' title="bbox 166 1892 1753 1968">
     <span class='ocr_line' id='line_1_34' title="bbox 166 1892 1753 1968; baseline 0.004 -25"><span class='ocrx_word' id='word_1_223' title='bbox 166 1892 284 1943; x_wconf 89' lang='grc' dir='ltr'><strong>τῶν</strong></span> <span class='ocrx_word' id='word_1_224' title='bbox 321 1895 762 1965; x_wconf 75' lang='grc' dir='ltr'>πεπλανημένων</span> <span class='ocrx_word' id='word_1_225' title='bbox 815 1897 977 1949; x_wconf 80' lang='grc' dir='ltr'>τοῦτο</span> <span class='ocrx_word' id='word_1_226' title='bbox 1026 1897 1305 1968; x_wconf 81' lang='grc' dir='ltr'>πράττων.</span> <span class='ocrx_word' id='word_1_227' title='bbox 1366 1896 1492 1950; x_wconf 84' lang='grc' dir='ltr'>Είτε</span> <span class='ocrx_word' id='word_1_228' title='bbox 1529 1897 1639 1967; x_wconf 85' lang='grc' dir='ltr'><strong>γάρ</strong></span> <span class='ocrx_word' id='word_1_229' title='bbox 1675 1896 1753 1965; x_wconf 77' lang='grc' dir='ltr'>μὴ</span> 
     </span>
    </p>
   </div>
   <div class='ocr_carea' id='block_1_35' title="bbox 1858 1889 3436 1968">
    <p class='ocr_par' dir='ltr' id='par_1_35' title="bbox 1861 1893 3436 1966">
     <span class='ocr_line' id='line_1_35' title="bbox 1861 1893 3436 1966; baseline 0.003 -22"><span class='ocrx_word' id='word_1_230' title='bbox 1861 1902 2151 1961; x_wconf 84' lang='lat' dir='ltr'><strong>preptcrea</strong></span> <span class='ocrx_word' id='word_1_231' title='bbox 2183 1893 2331 1963; x_wconf 92' lang='lat' dir='ltr'><strong>quod</strong></span> <span class='ocrx_word' id='word_1_232' title='bbox 2361 1893 2580 1961; x_wconf 86' lang='lat' dir='ltr'><strong>publice</strong></span> <span class='ocrx_word' id='word_1_233' title='bbox 2612 1894 2681 1949; x_wconf 89' lang='lat' dir='ltr'><strong>de</strong></span> <span class='ocrx_word' id='word_1_234' title='bbox 2713 1894 2878 1951; x_wconf 86' lang='lat' dir='ltr'><strong>rebus</strong></span> <span class='ocrx_word' id='word_1_235' title='bbox 2908 1910 3046 1965; x_wconf 90' lang='lat' dir='ltr'><strong>quas</strong></span> <span class='ocrx_word' id='word_1_236' title='bbox 3079 1894 3318 1966; x_wconf 77' lang='lat' dir='ltr'><strong>ignorat,</strong></span> <span class='ocrx_word' id='word_1_237' title='bbox 3351 1896 3436 1948; x_wconf 77' lang='lat' dir='ltr'><strong>vi-</strong></span> 
     </span>
    </p>
   </div>
   <div class='ocr_carea' id='block_1_36' title="bbox 165 1985 1749 2061">
    <p class='ocr_par' dir='ltr' id='par_1_36' title="bbox 165 1985 1749 2061">
     <span class='ocr_line' id='line_1_36' title="bbox 165 1985 1749 2061; baseline 0.004 -26"><span class='ocrx_word' id='word_1_238' title='bbox 165 1985 419 2058; x_wconf 76' lang='grc' dir='ltr'>ὲντυχὼν</span> <span class='ocrx_word' id='word_1_239' title='bbox 471 1989 581 2051; x_wconf 85' lang='grc' dir='ltr'>τοῖς</span> <span class='ocrx_word' id='word_1_240' title='bbox 626 1988 722 2041; x_wconf 78' lang='grc' dir='ltr'>τοῦ</span> <span class='ocrx_word' id='word_1_241' title='bbox 771 1990 1014 2061; x_wconf 83' lang='grc' dir='ltr'>Χριστοῦ</span> <span class='ocrx_word' id='word_1_242' title='bbox 1053 1990 1354 2060; x_wconf 76' lang='grc' dir='ltr'>διδάγμασι</span> <span class='ocrx_word' id='word_1_243' title='bbox 1415 1991 1749 2061; x_wconf 81' lang='grc' dir='ltr'>κατατρέχει</span> 
     </span>
    </p>
   </div>
   <div class='ocr_carea' id='block_1_37' title="bbox 167 2076 1749 2153">
    <p class='ocr_par' dir='ltr' id='par_1_37' title="bbox 167 2076 1749 2153">
     <span class='ocr_line' id='line_1_37' title="bbox 167 2076 1749 2153; baseline 0.003 -24"><span class='ocrx_word' id='word_1_244' title='bbox 167 2078 359 2148; x_wconf 82' lang='grc' dir='ltr'>ἡμῶν,</span> <span class='ocrx_word' id='word_1_245' title='bbox 396 2082 762 2152; x_wconf 67' lang='grc' dir='ltr'>παμπόνηρός</span> <span class='ocrx_word' id='word_1_246' title='bbox 793 2076 933 2150; x_wconf 75' lang='grc' dir='ltr'>ἔστι,</span> <span class='ocrx_word' id='word_1_247' title='bbox 964 2084 1059 2136; x_wconf 75' lang='grc' dir='ltr'>καὶ</span> <span class='ocrx_word' id='word_1_248' title='bbox 1093 2082 1322 2137; x_wconf 83' lang='grc' dir='ltr'>ίδιωτῶν</span> <span class='ocrx_word' id='word_1_249' title='bbox 1355 2083 1488 2136; x_wconf 72' lang='grc' dir='ltr'>πολὺ</span> <span class='ocrx_word' id='word_1_250' title='bbox 1525 2083 1749 2153; x_wconf 86' lang='grc' dir='ltr'>χείρων,</span> 
     </span>
    </p>
   </div>
   <div class='ocr_carea' id='block_1_38' title="bbox 166 2168 1752 2244">
    <p class='ocr_par' dir='ltr' id='par_1_38' title="bbox 166 2168 1752 2244">
     <span class='ocr_line' id='line_1_38' title="bbox 166 2168 1752 2244; baseline 0.003 -22"><span class='ocrx_word' id='word_1_251' title='bbox 166 2169 221 2222; x_wconf 84' lang='grc' dir='ltr'>οἶ</span> <span class='ocrx_word' id='word_1_252' title='bbox 260 2170 624 2241; x_wconf 78' lang='grc' dir='ltr'>φυλάττονται</span> <span class='ocrx_word' id='word_1_253' title='bbox 686 2174 951 2238; x_wconf 73' lang='grc' dir='ltr'>πολλάκις</span> <span class='ocrx_word' id='word_1_254' title='bbox 1001 2177 1135 2244; x_wconf 81' lang='grc' dir='ltr'>περὶ</span> <span class='ocrx_word' id='word_1_255' title='bbox 1164 2168 1239 2227; x_wconf 83' lang='grc' dir='ltr'>ὧν</span> <span class='ocrx_word' id='word_1_256' title='bbox 1272 2176 1375 2227; x_wconf 85' lang='grc' dir='ltr'>οὐκ</span> <span class='ocrx_word' id='word_1_257' title='bbox 1429 2174 1752 2227; x_wconf 65' lang='grc' dir='ltr'>ἐπίστανται</span> 
     </span>
    </p>
   </div>
   <div class='ocr_carea' id='block_1_39' title="bbox 170 2263 1748 2338">
    <p class='ocr_par' dir='ltr' id='par_1_39' title="bbox 170 2263 1748 2338">
     <span class='ocr_line' id='line_1_39' title="bbox 170 2263 1748 2338; baseline 0.002 -22"><span class='ocrx_word' id='word_1_258' title='bbox 170 2263 529 2331; x_wconf 77' lang='grc' dir='ltr'>διαλέγεσθαι</span> <span class='ocrx_word' id='word_1_259' title='bbox 563 2269 658 2318; x_wconf 74' lang='grc' dir='ltr'>καὶ</span> <span class='ocrx_word' id='word_1_260' title='bbox 700 2265 1178 2338; x_wconf 69' lang='grc' dir='ltr'>ψευδομαρτυρεῖν</span> <span class='ocrx_word' id='word_1_261' title='bbox 1209 2283 1225 2300; x_wconf 88' lang='grc'><strong>·</strong></span> <span class='ocrx_word' id='word_1_262' title='bbox 1257 2267 1289 2338; x_wconf 81' lang='grc' dir='ltr'>ἢ</span> <span class='ocrx_word' id='word_1_263' title='bbox 1341 2270 1389 2320; x_wconf 88' lang='grc' dir='ltr'>εἰ</span> <span class='ocrx_word' id='word_1_264' title='bbox 1416 2265 1658 2336; x_wconf 71' lang='grc' dir='ltr'>ἐντυχὼν</span> <span class='ocrx_word' id='word_1_265' title='bbox 1686 2267 1748 2319; x_wconf 85' lang='grc' dir='ltr'>οὑ</span> 
     </span>
    </p>
   </div>
   <div class='ocr_carea' id='block_1_40' title="bbox 174 2356 1753 2428">
    <p class='ocr_par' dir='ltr' id='par_1_40' title="bbox 174 2356 1753 2428">
     <span class='ocr_line' id='line_1_40' title="bbox 174 2356 1753 2428; baseline 0.002 -22"><span class='ocrx_word' id='word_1_266' title='bbox 174 2356 389 2424; x_wconf 73' lang='grc' dir='ltr'>συνῆκε</span> <span class='ocrx_word' id='word_1_267' title='bbox 442 2357 504 2407; x_wconf 82' lang='grc' dir='ltr'><strong>τδ</strong></span> <span class='ocrx_word' id='word_1_268' title='bbox 556 2358 614 2409; x_wconf 79' lang='grc' dir='ltr'>ἐν</span> <span class='ocrx_word' id='word_1_269' title='bbox 645 2358 833 2421; x_wconf 80' lang='grc' dir='ltr'>αὐτοῖς</span> <span class='ocrx_word' id='word_1_270' title='bbox 870 2357 1188 2427; x_wconf 76' lang='grc' dir='ltr'>μεγαλεῖον,</span> <span class='ocrx_word' id='word_1_271' title='bbox 1229 2356 1262 2427; x_wconf 79' lang='grc' dir='ltr'>ἢ</span> <span class='ocrx_word' id='word_1_272' title='bbox 1298 2362 1495 2419; x_wconf 71' lang='grc' dir='ltr'>συνιεὶς</span> <span class='ocrx_word' id='word_1_273' title='bbox 1531 2358 1666 2428; x_wconf 72' lang='grc' dir='ltr'>πρὸς</span> <span class='ocrx_word' id='word_1_274' title='bbox 1692 2359 1753 2410; x_wconf 81' lang='grc' dir='ltr'>τὸ</span> 
     </span>
    </p>
   </div>
   <div class='ocr_carea' id='block_1_41' title="bbox 176 2441 1752 2517">
    <p class='ocr_par' dir='ltr' id='par_1_41' title="bbox 176 2441 1752 2517">
     <span class='ocr_line' id='line_1_41' title="bbox 176 2441 1752 2517; baseline 0.004 -23"><span class='ocrx_word' id='word_1_275' title='bbox 176 2442 259 2513; x_wconf 72' lang='grc' dir='ltr'>μὴ</span> <span class='ocrx_word' id='word_1_276' title='bbox 293 2441 705 2513; x_wconf 61' lang='grc' dir='ltr'>ὑποπτεδθῆναι</span> <span class='ocrx_word' id='word_1_277' title='bbox 738 2444 984 2510; x_wconf 84' lang='grc' dir='ltr'>τοιοῦτος</span> <span class='ocrx_word' id='word_1_278' title='bbox 1029 2445 1205 2499; x_wconf 77' lang='grc' dir='ltr'>ταῦτα</span> <span class='ocrx_word' id='word_1_279' title='bbox 1244 2451 1409 2510; x_wconf 78' lang='grc' dir='ltr'>ποιεῖ,</span> <span class='ocrx_word' id='word_1_280' title='bbox 1446 2447 1580 2500; x_wconf 78' lang='grc' dir='ltr'>πολὺ</span> <span class='ocrx_word' id='word_1_281' title='bbox 1613 2447 1752 2517; x_wconf 80' lang='grc' dir='ltr'><strong>μᾶλ-</strong></span> 
     </span>
    </p>
   </div>
   <div class='ocr_carea' id='block_1_42' title="bbox 170 2537 1750 2608">
    <p class='ocr_par' dir='ltr' id='par_1_42' title="bbox 170 2537 1750 2608">
     <span class='ocr_line' id='line_1_42' title="bbox 170 2537 1750 2608; baseline 0.003 -21"><span class='ocrx_word' id='word_1_282' title='bbox 170 2537 269 2589; x_wconf 85' lang='grc' dir='ltr'><strong>λον</strong></span> <span class='ocrx_word' id='word_1_283' title='bbox 298 2537 530 2606; x_wconf 76' lang='grc' dir='ltr'>ἀγεννὴς</span> <span class='ocrx_word' id='word_1_284' title='bbox 555 2538 652 2589; x_wconf 76' lang='grc' dir='ltr'>καὶ</span> <span class='ocrx_word' id='word_1_285' title='bbox 683 2537 1073 2608; x_wconf 81' lang='grc' dir='ltr'>παμπόνηρος,</span> <span class='ocrx_word' id='word_1_286' title='bbox 1116 2537 1391 2607; x_wconf 72' lang='grc' dir='ltr'>ἰδιωτικῆς</span> <span class='ocrx_word' id='word_1_287' title='bbox 1422 2540 1514 2591; x_wconf 73' lang='grc' dir='ltr'>καὶ</span> <span class='ocrx_word' id='word_1_288' title='bbox 1552 2541 1750 2607; x_wconf 78' lang='grc' dir='ltr'>ἀλόγου</span> 
     </span>
    </p>
   </div>
   <div class='ocr_carea' id='block_1_43' title="bbox 168 2628 1754 2699">
    <p class='ocr_par' dir='ltr' id='par_1_43' title="bbox 168 2628 1754 2699">
     <span class='ocr_line' id='line_1_43' title="bbox 168 2628 1754 2699; baseline 0.001 -17"><span class='ocrx_word' id='word_1_289' title='bbox 168 2628 337 2699; x_wconf 79' lang='grc' dir='ltr'>δόξης</span> <span class='ocrx_word' id='word_1_290' title='bbox 386 2633 481 2681; x_wconf 79' lang='grc' dir='ltr'>καὶ</span> <span class='ocrx_word' id='word_1_291' title='bbox 521 2629 692 2698; x_wconf 82' lang='grc' dir='ltr'>φόϐου</span> <span class='ocrx_word' id='word_1_292' title='bbox 758 2630 861 2682; x_wconf 82' lang='grc' dir='ltr'>οὐκ</span> <span class='ocrx_word' id='word_1_293' title='bbox 913 2630 1157 2685; x_wconf 73' lang='grc' dir='ltr'>ἐλάττων</span> <span class='ocrx_word' id='word_1_294' title='bbox 1210 2628 1307 2682; x_wconf 79' lang='grc' dir='ltr'>ὧν.</span> <span class='ocrx_word' id='word_1_295' title='bbox 1361 2648 1380 2681; x_wconf 72' lang='grc' dir='ltr'><strong>ι</strong></span> <span class='ocrx_word' id='word_1_296' title='bbox 1434 2631 1623 2684; x_wconf 79' lang='grc' dir='ltr'>Ταῦτα</span> <span class='ocrx_word' id='word_1_297' title='bbox 1657 2633 1754 2699; x_wconf 84' lang='grc' dir='ltr'>μὲν</span> 
     </span>
    </p>
   </div>
   <div class='ocr_carea' id='block_1_44' title="bbox 184 2720 1755 2793">
    <p class='ocr_par' dir='ltr' id='par_1_44' title="bbox 184 2720 1755 2793">
     <span class='ocr_line' id='line_1_44' title="bbox 184 2720 1755 2793; baseline 0.003 -21"><span class='ocrx_word' id='word_1_298' title='bbox 184 2720 503 2780; x_wconf 69' lang='grc' dir='ltr'>ἰουστῖνοςι</span> <span class='ocrx_word' id='word_1_299' title='bbox 537 2721 620 2773; x_wconf 80' lang='grc' dir='ltr'>ὅτι</span> <span class='ocrx_word' id='word_1_300' title='bbox 666 2721 720 2773; x_wconf 86' lang='grc' dir='ltr'>δὲ</span> <span class='ocrx_word' id='word_1_301' title='bbox 772 2721 915 2774; x_wconf 76' lang='grc' dir='ltr'>κατὰ</span> <span class='ocrx_word' id='word_1_302' title='bbox 967 2724 1067 2792; x_wconf 87' lang='grc' dir='ltr'>τὴν</span> <span class='ocrx_word' id='word_1_303' title='bbox 1108 2721 1273 2776; x_wconf 81' lang='grc' dir='ltr'>αὑτοῦ</span> <span class='ocrx_word' id='word_1_304' title='bbox 1308 2724 1616 2793; x_wconf 58' lang='grc' dir='ltr'>πρόρρησιν</span> <span class='ocrx_word' id='word_1_305' title='bbox 1651 2725 1755 2776; x_wconf 78' lang='grc' dir='ltr'>ὑπὸ</span> 
     </span>
    </p>
   </div>
   <div class='ocr_carea' id='block_1_45' title="bbox 170 2808 1753 2883">
    <p class='ocr_par' dir='ltr' id='par_1_45' title="bbox 170 2808 1753 2883">
     <span class='ocr_line' id='line_1_45' title="bbox 170 2808 1753 2883; baseline 0.005 -23"><span class='ocrx_word' id='word_1_306' title='bbox 170 2808 375 2862; x_wconf 80' lang='grc' dir='ltr'>τούτου</span> <span class='ocrx_word' id='word_1_307' title='bbox 426 2809 492 2879; x_wconf 79' lang='grc' dir='ltr'>δὴ</span> <span class='ocrx_word' id='word_1_308' title='bbox 540 2810 635 2862; x_wconf 85' lang='grc' dir='ltr'><strong>τοῦ</strong></span> <span class='ocrx_word' id='word_1_309' title='bbox 690 2810 1044 2881; x_wconf 82' lang='grc' dir='ltr'>Κρήσκεντος</span> <span class='ocrx_word' id='word_1_310' title='bbox 1082 2811 1142 2865; x_wconf 78' lang='grc' dir='ltr'><strong>τὸ</strong></span> <span class='ocrx_word' id='word_1_311' title='bbox 1182 2816 1303 2865; x_wconf 81' lang='grc' dir='ltr'>κατ’</span> <span class='ocrx_word' id='word_1_312' title='bbox 1334 2813 1501 2866; x_wconf 78' lang='grc' dir='ltr'>αὑτοῦ</span> <span class='ocrx_word' id='word_1_313' title='bbox 1549 2816 1753 2883; x_wconf 62' lang='lat' dir='ltr'><strong>cuppe-</strong></span> 
     </span>
    </p>
   </div>
   <div class='ocr_carea' id='block_1_46' title="bbox 168 2900 1751 2976">
    <p class='ocr_par' dir='ltr' id='par_1_46' title="bbox 168 2900 1751 2976">
     <span class='ocr_line' id='line_1_46' title="bbox 168 2900 1751 2976; baseline 0.005 -23"><span class='ocrx_word' id='word_1_314' title='bbox 168 2900 382 2970; x_wconf 73' lang='grc' dir='ltr'>ψαντος</span> <span class='ocrx_word' id='word_1_315' title='bbox 413 2901 725 2955; x_wconf 81' lang='grc' dir='ltr'>διαϐούλιον</span> <span class='ocrx_word' id='word_1_316' title='bbox 755 2904 1126 2970; x_wconf 78' lang='grc' dir='ltr'>τετελεέωται,</span> <span class='ocrx_word' id='word_1_317' title='bbox 1163 2906 1383 2976; x_wconf 81' lang='grc' dir='ltr'>ἀπόχρη</span> <span class='ocrx_word' id='word_1_318' title='bbox 1422 2907 1521 2959; x_wconf 65' lang='grc' dir='ltr'>καὶ</span> <span class='ocrx_word' id='word_1_319' title='bbox 1551 2908 1751 2961; x_wconf 83' lang='grc' dir='ltr'>Τατια-</span> 
     </span>
    </p>
   </div>
   <div class='ocr_carea' id='block_1_47' title="bbox 168 2993 1754 3071">
    <p class='ocr_par' dir='ltr' id='par_1_47' title="bbox 168 2993 1754 3071">
     <span class='ocr_line' id='line_1_47' title="bbox 168 2993 1754 3071; baseline 0.006 -27"><span class='ocrx_word' id='word_1_320' title='bbox 168 2993 249 3062; x_wconf 72' lang='grc' dir='ltr'>νῷ</span> <span class='ocrx_word' id='word_1_321' title='bbox 286 2995 583 3064; x_wconf 79' lang='grc' dir='ltr'>παριστᾷν,</span> <span class='ocrx_word' id='word_1_322' title='bbox 615 2995 769 3065; x_wconf 73' lang='grc' dir='ltr'>ἀνδρὶ</span> <span class='ocrx_word' id='word_1_323' title='bbox 798 2996 891 3049; x_wconf 84' lang='grc' dir='ltr'><strong>τδν</strong></span> <span class='ocrx_word' id='word_1_324' title='bbox 925 3000 1029 3066; x_wconf 69' lang='grc' dir='ltr'>μὲν</span> <span class='ocrx_word' id='word_1_325' title='bbox 1072 2997 1290 3069; x_wconf 90' lang='grc' dir='ltr'>πρῶτον</span> <span class='ocrx_word' id='word_1_326' title='bbox 1326 3000 1494 3053; x_wconf 82' lang='grc' dir='ltr'>αὐτοῦ</span> <span class='ocrx_word' id='word_1_327' title='bbox 1534 3000 1650 3071; x_wconf 82' lang='grc' dir='ltr'>βίον</span> <span class='ocrx_word' id='word_1_328' title='bbox 1693 3003 1754 3055; x_wconf 81' lang='grc' dir='ltr'>ὲν</span> 
     </span>
    </p>
   </div>
   <div class='ocr_carea' id='block_1_48' title="bbox 169 3086 1752 3161">
    <p class='ocr_par' dir='ltr' id='par_1_48' title="bbox 169 3086 1752 3161">
     <span class='ocr_line' id='line_1_48' title="bbox 169 3086 1752 3161; baseline 0.008 -27"><span class='ocrx_word' id='word_1_329' title='bbox 169 3090 291 3149; x_wconf 77' lang='grc' dir='ltr'>τοῖς</span> <span class='ocrx_word' id='word_1_330' title='bbox 342 3087 450 3139; x_wconf 87' lang='grc' dir='ltr'><strong>τῶν</strong></span> <span class='ocrx_word' id='word_1_331' title='bbox 493 3086 770 3154; x_wconf 76' lang='grc' dir='ltr'>Ἑλλήνων</span> <span class='ocrx_word' id='word_1_332' title='bbox 816 3089 1111 3161; x_wconf 77' lang='grc' dir='ltr'>μαθήμασι</span> <span class='ocrx_word' id='word_1_333' title='bbox 1167 3093 1609 3161; x_wconf 74' lang='grc' dir='ltr'>σοφιστεύσαντι,</span> <span class='ocrx_word' id='word_1_334' title='bbox 1658 3096 1752 3147; x_wconf 68' lang='grc' dir='ltr'>καὶ</span> 
     </span>
    </p>
   </div>
   <div class='ocr_carea' id='block_1_49' title="bbox 173 3179 1753 3257">
    <p class='ocr_par' dir='ltr' id='par_1_49' title="bbox 173 3179 1753 3257">
     <span class='ocr_line' id='line_1_49' title="bbox 173 3179 1753 3257; baseline 0.006 -25"><span class='ocrx_word' id='word_1_335' title='bbox 173 3179 410 3250; x_wconf 79' lang='grc' dir='ltr'>βαθεῖαν</span> <span class='ocrx_word' id='word_1_336' title='bbox 441 3181 697 3250; x_wconf 76' lang='grc' dir='ltr'>ὲσχηκότι</span> <span class='ocrx_word' id='word_1_337' title='bbox 725 3181 884 3249; x_wconf 81' lang='grc' dir='ltr'>δόξαν</span> <span class='ocrx_word' id='word_1_338' title='bbox 918 3183 977 3235; x_wconf 76' lang='grc' dir='ltr'>ὲν</span> <span class='ocrx_word' id='word_1_339' title='bbox 1008 3182 1241 3249; x_wconf 72' lang='grc' dir='ltr'>τούτοις,</span> <span class='ocrx_word' id='word_1_340' title='bbox 1274 3185 1376 3238; x_wconf 83' lang='grc' dir='ltr'>οὐκ</span> <span class='ocrx_word' id='word_1_341' title='bbox 1401 3185 1661 3257; x_wconf 76' lang='grc' dir='ltr'>ἐλάχιστα</span> <span class='ocrx_word' id='word_1_342' title='bbox 1696 3188 1753 3241; x_wconf 77' lang='grc' dir='ltr'>δὲ</span> 
     </span>
    </p>
   </div>
   <div class='ocr_carea' id='block_1_50' title="bbox 1859 1982 3435 2059">
    <p class='ocr_par' dir='ltr' id='par_1_50' title="bbox 1859 1982 3435 2059">
     <span class='ocr_line' id='line_1_50' title="bbox 1859 1982 3435 2059; baseline 0.004 -22"><span class='ocrx_word' id='word_1_343' title='bbox 1859 1982 2061 2038; x_wconf 87' lang='lat' dir='ltr'><strong>delicet</strong></span> <span class='ocrx_word' id='word_1_344' title='bbox 2090 1984 2241 2054; x_wconf 91' lang='lat' dir='ltr'><strong>quod</strong></span> <span class='ocrx_word' id='word_1_345' title='bbox 2276 1983 2578 2040; x_wconf 81' lang='lat' dir='ltr'><strong>Christiani</strong></span> <span class='ocrx_word' id='word_1_346' title='bbox 2610 1986 2758 2042; x_wconf 90' lang='lat' dir='ltr'><strong>athei</strong></span> <span class='ocrx_word' id='word_1_347' title='bbox 2795 2002 3137 2059; x_wconf 88' lang='lat' dir='ltr'><strong>prorsusque</strong></span> <span class='ocrx_word' id='word_1_348' title='bbox 3170 1989 3289 2044; x_wconf 91' lang='lat' dir='ltr'><strong>sine</strong></span> <span class='ocrx_word' id='word_1_349' title='bbox 3323 1989 3435 2043; x_wconf 86' lang='lat' dir='ltr'><strong>Deo</strong></span> 
     </span>
    </p>
   </div>
   <div class='ocr_carea' id='block_1_51' title="bbox 1858 2077 3441 2151">
    <p class='ocr_par' dir='ltr' id='par_1_51' title="bbox 1858 2077 3441 2151">
     <span class='ocr_line' id='line_1_51' title="bbox 1858 2077 3441 2151; baseline 0.004 -22"><span class='ocrx_word' id='word_1_350' title='bbox 1858 2086 1915 2129; x_wconf 93' lang='lat' dir='ltr'><strong>et</strong></span> <span class='ocrx_word' id='word_1_351' title='bbox 1945 2077 2098 2145; x_wconf 84' lang='lat' dir='ltr'><strong>impii</strong></span> <span class='ocrx_word' id='word_1_352' title='bbox 2129 2078 2261 2141; x_wconf 90' lang='lat' dir='ltr'><strong>sint,</strong></span> <span class='ocrx_word' id='word_1_353' title='bbox 2283 2087 2581 2141; x_wconf 84' lang='lat' dir='ltr'><strong>asseverat,</strong></span> <span class='ocrx_word' id='word_1_354' title='bbox 2602 2078 2669 2133; x_wconf 89' lang='lat' dir='ltr'><strong>ad</strong></span> <span class='ocrx_word' id='word_1_355' title='bbox 2694 2083 2924 2151; x_wconf 77' lang='lat' dir='ltr'><strong>gratiam</strong></span> <span class='ocrx_word' id='word_1_356' title='bbox 2951 2091 3007 2136; x_wconf 83' lang='lat' dir='ltr'><strong>et</strong></span> <span class='ocrx_word' id='word_1_357' title='bbox 3028 2080 3311 2137; x_wconf 86' lang='lat' dir='ltr'><strong>libidinem</strong></span> <span class='ocrx_word' id='word_1_358' title='bbox 3346 2097 3441 2135; x_wconf 82' lang='lat' dir='ltr'><strong>eo-</strong></span> 
     </span>
    </p>
   </div>
   <div class='ocr_carea' id='block_1_52' title="bbox 1864 2168 3437 2239">
    <p class='ocr_par' dir='ltr' id='par_1_52' title="bbox 1864 2168 3437 2239">
     <span class='ocr_line' id='line_1_52' title="bbox 1864 2168 3437 2239; baseline 0.005 -19"><span class='ocrx_word' id='word_1_359' title='bbox 1864 2183 1982 2221; x_wconf 90' lang='lat' dir='ltr'><strong>rum</strong></span> <span class='ocrx_word' id='word_1_360' title='bbox 2014 2169 2107 2236; x_wconf 92' lang='lat' dir='ltr'><strong>qui</strong></span> <span class='ocrx_word' id='word_1_361' title='bbox 2138 2168 2208 2223; x_wconf 86' lang='lat' dir='ltr'><strong>ab</strong></span> <span class='ocrx_word' id='word_1_362' title='bbox 2235 2183 2304 2225; x_wconf 91' lang='lat' dir='ltr'><strong>eo</strong></span> <span class='ocrx_word' id='word_1_363' title='bbox 2332 2178 2464 2225; x_wconf 89' lang='lat' dir='ltr'><strong>sunt</strong></span> <span class='ocrx_word' id='word_1_364' title='bbox 2488 2170 2542 2225; x_wconf 93' lang='lat' dir='ltr'><strong>in</strong></span> <span class='ocrx_word' id='word_1_365' title='bbox 2566 2186 2814 2227; x_wconf 88' lang='lat' dir='ltr'><strong>errorem</strong></span> <span class='ocrx_word' id='word_1_366' title='bbox 2846 2172 3087 2239; x_wconf 85' lang='lat' dir='ltr'><strong>seducti,</strong></span> <span class='ocrx_word' id='word_1_367' title='bbox 3121 2173 3175 2227; x_wconf 87' lang='lat' dir='ltr'><strong>id</strong></span> <span class='ocrx_word' id='word_1_368' title='bbox 3208 2173 3437 2229; x_wconf 87' lang='lat' dir='ltr'><strong>faciens.</strong></span> 
     </span>
    </p>
   </div>
   <div class='ocr_carea' id='block_1_53' title="bbox 1860 2254 3443 2335">
    <p class='ocr_par' dir='ltr' id='par_1_53' title="bbox 1860 2254 3443 2335">
     <span class='ocr_line' id='line_1_53' title="bbox 1860 2254 3443 2335; baseline 0.006 -26"><span class='ocrx_word' id='word_1_369' title='bbox 1860 2254 1915 2310; x_wconf 88' lang='lat' dir='ltr'><strong>Si</strong></span> <span class='ocrx_word' id='word_1_370' title='bbox 1955 2256 2102 2310; x_wconf 91' lang='lat' dir='ltr'><strong>enim</strong></span> <span class='ocrx_word' id='word_1_371' title='bbox 2149 2258 2457 2313; x_wconf 84' lang='lat' dir='ltr'><strong>doctrinam</strong></span> <span class='ocrx_word' id='word_1_372' title='bbox 2484 2258 2714 2325; x_wconf 85' lang='lat' dir='ltr'><strong>Christi,</strong></span> <span class='ocrx_word' id='word_1_373' title='bbox 2747 2275 2913 2333; x_wconf 88' lang='lat' dir='ltr'><strong>quam</strong></span> <span class='ocrx_word' id='word_1_374' title='bbox 2964 2279 3074 2319; x_wconf 91' lang='lat' dir='ltr'><strong>non</strong></span> <span class='ocrx_word' id='word_1_375' title='bbox 3117 2262 3317 2335; x_wconf 90' lang='lat' dir='ltr'><strong>attigit,</strong></span> <span class='ocrx_word' id='word_1_376' title='bbox 3350 2279 3443 2318; x_wconf 86' lang='lat' dir='ltr'><strong>re-</strong></span> 
     </span>
    </p>
   </div>
   <div class='ocr_carea' id='block_1_54' title="bbox 1862 2348 3443 2424">
    <p class='ocr_par' dir='ltr' id='par_1_54' title="bbox 1862 2348 3443 2424">
     <span class='ocr_line' id='line_1_54' title="bbox 1862 2348 3443 2424; baseline 0.006 -23"><span class='ocrx_word' id='word_1_377' title='bbox 1862 2348 2256 2417; x_wconf 86' lang='lat' dir='ltr'><strong>prehendendo</strong></span> <span class='ocrx_word' id='word_1_378' title='bbox 2293 2351 2618 2420; x_wconf 87' lang='lat' dir='ltr'><strong>proscindit,</strong></span> <span class='ocrx_word' id='word_1_379' title='bbox 2655 2354 3101 2424; x_wconf 87' lang='lat' dir='ltr'><strong>improbissimus</strong></span> <span class='ocrx_word' id='word_1_380' title='bbox 3155 2365 3265 2422; x_wconf 88' lang='lat' dir='ltr'><strong>est,</strong></span> <span class='ocrx_word' id='word_1_381' title='bbox 3302 2358 3443 2411; x_wconf 85' lang='lat' dir='ltr'><strong>idio-</strong></span> 
     </span>
    </p>
   </div>
   <div class='ocr_carea' id='block_1_55' title="bbox 1864 2440 3442 2517">
    <p class='ocr_par' dir='ltr' id='par_1_55' title="bbox 1864 2440 3442 2517">
     <span class='ocr_line' id='line_1_55' title="bbox 1864 2440 3442 2517; baseline 0.004 -24"><span class='ocrx_word' id='word_1_382' title='bbox 1864 2442 1934 2494; x_wconf 87' lang='lat' dir='ltr'><strong>tis</strong></span> <span class='ocrx_word' id='word_1_383' title='bbox 1959 2451 2125 2510; x_wconf 88' lang='lat' dir='ltr'><strong>atque</strong></span> <span class='ocrx_word' id='word_1_384' title='bbox 2157 2440 2396 2499; x_wconf 85' lang='lat' dir='ltr'><strong>indoctis</strong></span> <span class='ocrx_word' id='word_1_385' title='bbox 2426 2442 2745 2500; x_wconf 88' lang='lat' dir='ltr'><strong>hominibus</strong></span> <span class='ocrx_word' id='word_1_386' title='bbox 2775 2445 2951 2501; x_wconf 85' lang='lat' dir='ltr'><strong>multo</strong></span> <span class='ocrx_word' id='word_1_387' title='bbox 2981 2446 3249 2513; x_wconf 78' lang='lat' dir='ltr'><strong>deterior,</strong></span> <span class='ocrx_word' id='word_1_388' title='bbox 3276 2448 3442 2517; x_wconf 70' lang='grc'><strong>268</strong></span> 
     </span>
    </p>
   </div>
   <div class='ocr_carea' id='block_1_56' title="bbox 1861 2534 3442 2610">
    <p class='ocr_par' dir='ltr' id='par_1_56' title="bbox 1861 2534 3442 2610">
     <span class='ocr_line' id='line_1_56' title="bbox 1861 2534 3442 2610; baseline 0.007 -24"><span class='ocrx_word' id='word_1_389' title='bbox 1861 2537 1957 2603; x_wconf 87' lang='lat' dir='ltr'><strong>qui</strong></span> <span class='ocrx_word' id='word_1_390' title='bbox 1992 2549 2136 2605; x_wconf 70' lang='lat' dir='ltr'><strong>sarpe</strong></span> <span class='ocrx_word' id='word_1_391' title='bbox 2170 2534 2239 2591; x_wconf 90' lang='lat' dir='ltr'><strong>de</strong></span> <span class='ocrx_word' id='word_1_392' title='bbox 2280 2536 2449 2593; x_wconf 89' lang='lat' dir='ltr'><strong>rebus</strong></span> <span class='ocrx_word' id='word_1_393' title='bbox 2485 2553 2622 2607; x_wconf 89' lang='lat' dir='ltr'><strong>quas</strong></span> <span class='ocrx_word' id='word_1_394' title='bbox 2671 2539 2950 2610; x_wconf 89' lang='lat' dir='ltr'><strong>ignorant,</strong></span> <span class='ocrx_word' id='word_1_395' title='bbox 3000 2540 3153 2610; x_wconf 87' lang='lat' dir='ltr'><strong>loqui</strong></span> <span class='ocrx_word' id='word_1_396' title='bbox 3204 2553 3259 2597; x_wconf 90' lang='lat' dir='ltr'><strong>et</strong></span> <span class='ocrx_word' id='word_1_397' title='bbox 3304 2543 3442 2597; x_wconf 89' lang='lat' dir='ltr'><strong>falso</strong></span> 
     </span>
    </p>
   </div>
   <div class='ocr_carea' id='block_1_57' title="bbox 1865 2627 3443 2707">
    <p class='ocr_par' dir='ltr' id='par_1_57' title="bbox 1865 2627 3443 2707">
     <span class='ocr_line' id='line_1_57' title="bbox 1865 2627 3443 2707; baseline 0.007 -28"><span class='ocrx_word' id='word_1_398' title='bbox 1865 2627 2144 2683; x_wconf 80' lang='lat' dir='ltr'><strong>testificari</strong></span> <span class='ocrx_word' id='word_1_399' title='bbox 2165 2631 2561 2700; x_wconf 86' lang='lat' dir='ltr'><strong>supersedent;</strong></span> <span class='ocrx_word' id='word_1_400' title='bbox 2585 2632 2680 2687; x_wconf 89' lang='lat' dir='ltr'><strong>sed</strong></span> <span class='ocrx_word' id='word_1_401' title='bbox 2700 2633 2744 2688; x_wconf 90' lang='lat' dir='ltr'><strong>si</strong></span> <span class='ocrx_word' id='word_1_402' title='bbox 2761 2632 3131 2690; x_wconf 82' lang='lat' dir='ltr'><strong>Christianam</strong></span> <span class='ocrx_word' id='word_1_403' title='bbox 3152 2634 3443 2707; x_wconf 81' lang='lat' dir='ltr'><strong>professio-</strong></span> 
     </span>
    </p>
   </div>
   <div class='ocr_carea' id='block_1_58' title="bbox 1862 2722 3440 2797">
    <p class='ocr_par' dir='ltr' id='par_1_58' title="bbox 1862 2722 3440 2797">
     <span class='ocr_line' id='line_1_58' title="bbox 1862 2722 3440 2797; baseline 0.005 -23"><span class='ocrx_word' id='word_1_404' title='bbox 1862 2736 1989 2774; x_wconf 88' lang='lat' dir='ltr'><strong>nem</strong></span> <span class='ocrx_word' id='word_1_405' title='bbox 2017 2722 2233 2785; x_wconf 88' lang='lat' dir='ltr'><strong>didicit,</strong></span> <span class='ocrx_word' id='word_1_406' title='bbox 2259 2733 2356 2777; x_wconf 90' lang='lat' dir='ltr'><strong>aut</strong></span> <span class='ocrx_word' id='word_1_407' title='bbox 2384 2722 2806 2794; x_wconf 84' lang='lat' dir='ltr'><strong>amplitudinem</strong></span> <span class='ocrx_word' id='word_1_408' title='bbox 2840 2727 2961 2797; x_wconf 82' lang='lat' dir='ltr'><strong>ejus</strong></span> <span class='ocrx_word' id='word_1_409' title='bbox 2994 2743 3102 2782; x_wconf 91' lang='lat' dir='ltr'><strong>non</strong></span> <span class='ocrx_word' id='word_1_410' title='bbox 3142 2729 3440 2794; x_wconf 76' lang='lat' dir='ltr'><strong>intellexit,</strong></span> 
     </span>
    </p>
   </div>
   <div class='ocr_carea' id='block_1_59' title="bbox 1862 2814 3441 2891">
    <p class='ocr_par' dir='ltr' id='par_1_59' title="bbox 1862 2814 3441 2891">
     <span class='ocr_line' id='line_1_59' title="bbox 1862 2814 3441 2891; baseline 0.006 -23"><span class='ocrx_word' id='word_1_411' title='bbox 1862 2822 1958 2868; x_wconf 87' lang='lat' dir='ltr'><strong>aut</strong></span> <span class='ocrx_word' id='word_1_412' title='bbox 1978 2823 2129 2868; x_wconf 83' lang='lat' dir='ltr'><strong>certe</strong></span> <span class='ocrx_word' id='word_1_413' title='bbox 2148 2814 2438 2880; x_wconf 60' lang='lat' dir='ltr'><strong>intellexit,</strong></span> <span class='ocrx_word' id='word_1_414' title='bbox 2456 2824 2513 2870; x_wconf 89' lang='lat' dir='ltr'><strong>et</strong></span> <span class='ocrx_word' id='word_1_415' title='bbox 2542 2831 2611 2870; x_wconf 90' lang='lat' dir='ltr'><strong>ne</strong></span> <span class='ocrx_word' id='word_1_416' title='bbox 2629 2814 2980 2875; x_wconf 88' lang='lat' dir='ltr'><strong>Christianus</strong></span> <span class='ocrx_word' id='word_1_417' title='bbox 3000 2836 3120 2876; x_wconf 88' lang='lat' dir='ltr'><strong>esse</strong></span> <span class='ocrx_word' id='word_1_418' title='bbox 3149 2834 3441 2891; x_wconf 86' lang='lat' dir='ltr'><strong>suspectus</strong></span> 
     </span>
    </p>
   </div>
   <div class='ocr_carea' id='block_1_60' title="bbox 1866 2906 3437 2985">
    <p class='ocr_par' dir='ltr' id='par_1_60' title="bbox 1866 2906 3437 2985">
     <span class='ocr_line' id='line_1_60' title="bbox 1866 2906 3437 2985; baseline 0.005 -26"><span class='ocrx_word' id='word_1_419' title='bbox 1866 2906 1981 2968; x_wconf 85' lang='lat' dir='ltr'><strong>fiat,</strong></span> <span class='ocrx_word' id='word_1_420' title='bbox 2005 2922 2105 2961; x_wconf 88' lang='lat' dir='ltr'><strong>nos</strong></span> <span class='ocrx_word' id='word_1_421' title='bbox 2130 2907 2494 2964; x_wconf 89' lang='lat' dir='ltr'><strong>criminatur:</strong></span> <span class='ocrx_word' id='word_1_422' title='bbox 2517 2908 2705 2979; x_wconf 82' lang='lat' dir='ltr'><strong>itaque</strong></span> <span class='ocrx_word' id='word_1_423' title='bbox 2728 2910 2891 2982; x_wconf 89' lang='lat' dir='ltr'><strong>longe</strong></span> <span class='ocrx_word' id='word_1_424' title='bbox 2915 2913 3096 2968; x_wconf 88' lang='lat' dir='ltr'><strong>adhuc</strong></span> <span class='ocrx_word' id='word_1_425' title='bbox 3122 2925 3205 2969; x_wconf 86' lang='lat' dir='ltr'><strong>est</strong></span> <span class='ocrx_word' id='word_1_426' title='bbox 3230 2915 3437 2985; x_wconf 88' lang='lat' dir='ltr'><strong>impor-</strong></span> 
     </span>
    </p>
   </div>
   <div class='ocr_carea' id='block_1_61' title="bbox 1865 2999 3440 3074">
    <p class='ocr_par' dir='ltr' id='par_1_61' title="bbox 1865 2999 3440 3074">
     <span class='ocr_line' id='line_1_61' title="bbox 1865 2999 3440 3074; baseline 0.005 -21"><span class='ocrx_word' id='word_1_427' title='bbox 1865 2999 2074 3060; x_wconf 88' lang='lat' dir='ltr'><strong>tunior,</strong></span> <span class='ocrx_word' id='word_1_428' title='bbox 2098 3000 2235 3056; x_wconf 91' lang='lat' dir='ltr'><strong>nihil</strong></span> <span class='ocrx_word' id='word_1_429' title='bbox 2256 3000 2478 3071; x_wconf 77' lang='lat' dir='ltr'><strong>ingenui</strong></span> <span class='ocrx_word' id='word_1_430' title='bbox 2502 3010 2556 3056; x_wconf 88' lang='lat' dir='ltr'><strong>et</strong></span> <span class='ocrx_word' id='word_1_431' title='bbox 2583 3001 2828 3058; x_wconf 85' lang='lat' dir='ltr'><strong>liberalis</strong></span> <span class='ocrx_word' id='word_1_432' title='bbox 2861 3004 3064 3074; x_wconf 86' lang='lat' dir='ltr'><strong>ingenii</strong></span> <span class='ocrx_word' id='word_1_433' title='bbox 3096 3006 3327 3070; x_wconf 86' lang='lat' dir='ltr'><strong>habens,</strong></span> <span class='ocrx_word' id='word_1_434' title='bbox 3354 3016 3440 3061; x_wconf 90' lang='lat' dir='ltr'><strong>ot-</strong></span> 
     </span>
    </p>
   </div>
   <div class='ocr_carea' id='block_1_62' title="bbox 1862 3091 3442 3169">
    <p class='ocr_par' dir='ltr' id='par_1_62' title="bbox 1862 3091 3442 3169">
     <span class='ocr_line' id='line_1_62' title="bbox 1862 3091 3442 3169; baseline 0.005 -24"><span class='ocrx_word' id='word_1_435' title='bbox 1862 3101 1988 3159; x_wconf 89' lang='lat' dir='ltr'><strong>pote</strong></span> <span class='ocrx_word' id='word_1_436' title='bbox 2007 3091 2189 3162; x_wconf 84' lang='lat' dir='ltr'><strong>inepta</strong></span> <span class='ocrx_word' id='word_1_437' title='bbox 2207 3100 2261 3147; x_wconf 90' lang='lat' dir='ltr'><strong>et</strong></span> <span class='ocrx_word' id='word_1_438' title='bbox 2285 3092 2523 3147; x_wconf 89' lang='lat' dir='ltr'><strong>absurda</strong></span> <span class='ocrx_word' id='word_1_439' title='bbox 2549 3095 2813 3162; x_wconf 83' lang='lat' dir='ltr'><strong>Opinione</strong></span> <span class='ocrx_word' id='word_1_440' title='bbox 2844 3097 2951 3162; x_wconf 86' lang='lat' dir='ltr'><strong>vir,</strong></span> <span class='ocrx_word' id='word_1_441' title='bbox 2994 3098 3289 3169; x_wconf 87' lang='lat' dir='ltr'><strong>timorique</strong></span> <span class='ocrx_word' id='word_1_442' title='bbox 3319 3115 3442 3155; x_wconf 77' lang='lat' dir='ltr'><strong>sor-</strong></span> 
     </span>
    </p>
   </div>
   <div class='ocr_carea' id='block_1_63' title="bbox 1864 3183 3440 3263">
    <p class='ocr_par' dir='ltr' id='par_1_63' title="bbox 1864 3183 3440 3263">
     <span class='ocr_line' id='line_1_63' title="bbox 1864 3183 3440 3263; baseline 0.006 -26"><span class='ocrx_word' id='word_1_443' title='bbox 1864 3183 1995 3237; x_wconf 89' lang='lat' dir='ltr'><strong>dido</strong></span> <span class='ocrx_word' id='word_1_444' title='bbox 2026 3184 2319 3240; x_wconf 82' lang='lat' dir='ltr'><strong>obnoxius.</strong></span> <span class='ocrx_word' id='word_1_445' title='bbox 2358 3184 2530 3243; x_wconf 54' lang='lat' dir='ltr'><strong>tuaac</strong></span> <span class='ocrx_word' id='word_1_446' title='bbox 2561 3186 2837 3242; x_wconf 82' lang='lat' dir='ltr'><strong>Justinus.</strong></span> <span class='ocrx_word' id='word_1_447' title='bbox 2869 3188 3027 3255; x_wconf 86' lang='lat' dir='ltr'><strong>Quod</strong></span> <span class='ocrx_word' id='word_1_448' title='bbox 3068 3200 3253 3246; x_wconf 90' lang='lat' dir='ltr'><strong>autem</strong></span> <span class='ocrx_word' id='word_1_449' title='bbox 3284 3192 3440 3263; x_wconf 74' lang='lat' dir='ltr'><strong>juxta</strong></span> 
     </span>
    </p>
   </div>
   <div class='ocr_carea' id='block_1_64' title="bbox 171 3255 1754 3353">
    <p class='ocr_par' dir='ltr' id='par_1_64' title="bbox 171 3255 1753 3350">
     <span class='ocr_line' id='line_1_64' title="bbox 171 3255 1753 3350; baseline 0.008 -26"><span class='ocrx_word' id='word_1_450' title='bbox 171 3275 275 3327; x_wconf 77' lang='grc' dir='ltr'>καὶ</span> <span class='ocrx_word' id='word_1_451' title='bbox 322 3275 543 3344; x_wconf 76' lang='grc' dir='ltr'>μνήμης</span> <span class='ocrx_word' id='word_1_452' title='bbox 596 3275 722 3342; x_wconf 79' lang='grc' dir='ltr'>ἄξια</span> <span class='ocrx_word' id='word_1_453' title='bbox 764 3276 855 3330; x_wconf 79' lang='grc' dir='ltr'>διὰ</span> <span class='ocrx_word' id='word_1_454' title='bbox 907 3275 1083 3346; x_wconf 87' lang='grc' dir='ltr'>λόγων</span> <span class='ocrx_word' id='word_1_455' title='bbox 1134 3279 1270 3350; x_wconf 75' lang='grc' dir='ltr'>ἡμῖν</span> <span class='ocrx_word' id='word_1_456' title='bbox 1316 3255 1753 3337; x_wconf 81' lang='grc' dir='ltr'>καταλελοιπότι.</span> 
     </span>
    </p>
   </div>
   <div class='ocr_carea' id='block_1_65' title="bbox 1858 3255 3444 3353">
    <p class='ocr_par' dir='ltr' id='par_1_65' title="bbox 1863 3255 3444 3353">
     <span class='ocr_line' id='line_1_65' title="bbox 1863 3255 3444 3353; baseline 0.005 -22"><span class='ocrx_word' id='word_1_457' title='bbox 1863 3291 2018 3331; x_wconf 86' lang='lat' dir='ltr'><strong>suam</strong></span> <span class='ocrx_word' id='word_1_458' title='bbox 2052 3277 2225 3346; x_wconf 89' lang='lat' dir='ltr'><strong>ipsius</strong></span> <span class='ocrx_word' id='word_1_459' title='bbox 2272 3278 2680 3346; x_wconf 59' lang='lat' dir='ltr'><strong>praedictionem</strong></span> <span class='ocrx_word' id='word_1_460' title='bbox 2712 3295 2740 3333; x_wconf 88' lang='lat' dir='ltr'><strong>a</strong></span> <span class='ocrx_word' id='word_1_461' title='bbox 2768 3279 3091 3346; x_wconf 82' lang='lat' dir='ltr'><strong>Crescente,</strong></span> <span class='ocrx_word' id='word_1_462' title='bbox 3121 3284 3216 3353; x_wconf 90' lang='lat' dir='ltr'><strong>qui</strong></span> <span class='ocrx_word' id='word_1_463' title='bbox 3248 3255 3444 3339; x_wconf 78' lang='lat' dir='ltr'><strong>auctor</strong></span> 
     </span>
    </p>
   </div>
   <div class='ocr_carea' id='block_1_66' title="bbox 169 3365 1754 3445">
    <p class='ocr_par' dir='ltr' id='par_1_66' title="bbox 169 3365 1754 3445">
     <span class='ocr_line' id='line_1_66' title="bbox 169 3365 1754 3445; baseline 0.006 -26"><span class='ocrx_word' id='word_1_464' title='bbox 169 3365 392 3436; x_wconf 74' lang='grc' dir='ltr'>Γράφει</span> <span class='ocrx_word' id='word_1_465' title='bbox 437 3366 622 3419; x_wconf 86' lang='grc' dir='ltr'>τοίνυν</span> <span class='ocrx_word' id='word_1_466' title='bbox 667 3371 726 3422; x_wconf 72' lang='grc' dir='ltr'>ιν</span> <span class='ocrx_word' id='word_1_467' title='bbox 776 3368 854 3439; x_wconf 82' lang='grc' dir='ltr'>τῷ</span> <span class='ocrx_word' id='word_1_468' title='bbox 908 3371 1052 3441; x_wconf 69' lang='grc' dir='ltr'>πρὸς</span> <span class='ocrx_word' id='word_1_469' title='bbox 1094 3371 1365 3441; x_wconf 82' lang='grc' dir='ltr'>Ἕλληνας</span> <span class='ocrx_word' id='word_1_470' title='bbox 1405 3373 1574 3427; x_wconf 81' lang='grc' dir='ltr'>αὑτοῦ</span> <span class='ocrx_word' id='word_1_471' title='bbox 1607 3376 1754 3445; x_wconf 84' lang='grc' dir='ltr'>λόγῳ</span> 
     </span>
    </p>
   </div>
   <div class='ocr_carea' id='block_1_67' title="bbox 1858 3365 3443 3445">
    <p class='ocr_par' dir='ltr' id='par_1_67' title="bbox 1865 3370 3443 3445">
     <span class='ocr_line' id='line_1_67' title="bbox 1865 3370 3443 3445; baseline 0.004 -21"><span class='ocrx_word' id='word_1_472' title='bbox 1865 3370 2016 3425; x_wconf 72' lang='lat' dir='ltr'><strong>initae</strong></span> <span class='ocrx_word' id='word_1_473' title='bbox 2050 3380 2243 3426; x_wconf 86' lang='lat' dir='ltr'><strong>contra</strong></span> <span class='ocrx_word' id='word_1_474' title='bbox 2290 3386 2418 3426; x_wconf 91' lang='lat' dir='ltr'><strong>eum</strong></span> <span class='ocrx_word' id='word_1_475' title='bbox 2451 3372 2854 3439; x_wconf 74' lang='lat' dir='ltr'><strong>coniurationis</strong></span> <span class='ocrx_word' id='word_1_476' title='bbox 2904 3374 3029 3441; x_wconf 92' lang='lat' dir='ltr'><strong>fuit,</strong></span> <span class='ocrx_word' id='word_1_477' title='bbox 3062 3377 3315 3433; x_wconf 87' lang='lat' dir='ltr'><strong>sublatus</strong></span> <span class='ocrx_word' id='word_1_478' title='bbox 3347 3381 3443 3445; x_wconf 86' lang='lat' dir='ltr'><strong>sit,</strong></span> 
     </span>
    </p>
   </div>
   <div class='ocr_carea' id='block_1_68' title="bbox 165 3458 1754 3539">
    <p class='ocr_par' dir='ltr' id='par_1_68' title="bbox 165 3458 1754 3539">
     <span class='ocr_line' id='line_1_68' title="bbox 165 3458 1754 3539; baseline 0.007 -28"><span class='ocrx_word' id='word_1_479' title='bbox 165 3458 377 3521; x_wconf 71' lang='grc' dir='ltr'>οὕτως’</span> <span class='ocrx_word' id='word_1_480' title='bbox 421 3478 439 3512; x_wconf 83' lang='grc' dir='ltr'><strong>ε</strong></span> <span class='ocrx_word' id='word_1_481' title='bbox 484 3460 594 3514; x_wconf 75' lang='grc' dir='ltr'><strong>Καὶ</strong></span> <span class='ocrx_word' id='word_1_482' title='bbox 634 3462 663 3514; x_wconf 91' lang='grc' dir='ltr'><strong>ό</strong></span> <span class='ocrx_word' id='word_1_483' title='bbox 715 3461 1180 3532; x_wconf 64' lang='grc' dir='ltr'>θαυμασιώτατος</span> <span class='ocrx_word' id='word_1_484' title='bbox 1243 3464 1531 3531; x_wconf 80' lang='grc' dir='ltr'>Ἰουστῖνος</span> <span class='ocrx_word' id='word_1_485' title='bbox 1577 3468 1754 3539; x_wconf 82' lang='grc' dir='ltr'>ὀρθῶς</span> 
     </span>
    </p>
   </div>
   <div class='ocr_carea' id='block_1_69' title="bbox 1858 3458 3440 3539">
    <p class='ocr_par' dir='ltr' id='par_1_69' title="bbox 1867 3461 3440 3538">
     <span class='ocr_line' id='line_1_69' title="bbox 1867 3461 3440 3538; baseline 0.005 -22"><span class='ocrx_word' id='word_1_486' title='bbox 1867 3461 2131 3517; x_wconf 84' lang='lat' dir='ltr'><strong>Tatianus</strong></span> <span class='ocrx_word' id='word_1_487' title='bbox 2165 3463 2298 3518; x_wconf 87' lang='lat' dir='ltr'><strong>satis</strong></span> <span class='ocrx_word' id='word_1_488' title='bbox 2341 3472 2595 3528; x_wconf 86' lang='lat' dir='ltr'><strong>testatur,</strong></span> <span class='ocrx_word' id='word_1_489' title='bbox 2635 3466 2721 3519; x_wconf 87' lang='lat' dir='ltr'><strong>vir</strong></span> <span class='ocrx_word' id='word_1_490' title='bbox 2764 3467 3040 3537; x_wconf 85' lang='lat' dir='ltr'><strong>egregius,</strong></span> <span class='ocrx_word' id='word_1_491' title='bbox 3074 3470 3167 3538; x_wconf 91' lang='lat' dir='ltr'><strong>qui</strong></span> <span class='ocrx_word' id='word_1_492' title='bbox 3205 3471 3440 3538; x_wconf 81' lang='lat' dir='ltr'><strong>primum</strong></span> 
     </span>
    </p>
   </div>
   <div class='ocr_carea' id='block_1_70' title="bbox 168 3550 1754 3631">
    <p class='ocr_par' dir='ltr' id='par_1_70' title="bbox 168 3550 1751 3629">
     <span class='ocr_line' id='line_1_70' title="bbox 168 3550 1751 3629; baseline 0.005 -26"><span class='ocrx_word' id='word_1_493' title='bbox 168 3550 549 3622; x_wconf 71' lang='grc' dir='ltr'>ἐξεφώνησεν,</span> <span class='ocrx_word' id='word_1_494' title='bbox 578 3553 823 3607; x_wconf 77' lang='grc' dir='ltr'>ἑοικέναι</span> <span class='ocrx_word' id='word_1_495' title='bbox 845 3555 969 3619; x_wconf 78' lang='grc' dir='ltr'>τοὺς</span> <span class='ocrx_word' id='word_1_496' title='bbox 1002 3559 1447 3628; x_wconf 76' lang='grc' dir='ltr'>προειρημένους</span> <span class='ocrx_word' id='word_1_497' title='bbox 1471 3559 1751 3629; x_wconf 72' lang='grc' dir='ltr'>λῃσταῖς.»</span> 
     </span>
    </p>
   </div>
   <div class='ocr_carea' id='block_1_71' title="bbox 1858 3550 3440 3631">
    <p class='ocr_par' dir='ltr' id='par_1_71' title="bbox 1868 3552 3440 3631">
     <span class='ocr_line' id='line_1_71' title="bbox 1868 3552 3440 3631; baseline 0.004 -22"><span class='ocrx_word' id='word_1_498' title='bbox 1868 3563 2082 3609; x_wconf 56' lang='lat' dir='ltr'><strong>atatem</strong></span> <span class='ocrx_word' id='word_1_499' title='bbox 2106 3552 2422 3611; x_wconf 66' lang='lat' dir='ltr'><strong>Graecorum</strong></span> <span class='ocrx_word' id='word_1_500' title='bbox 2453 3556 2761 3626; x_wconf 86' lang='lat' dir='ltr'><strong>disciplinis</strong></span> <span class='ocrx_word' id='word_1_501' title='bbox 2778 3556 3041 3613; x_wconf 85' lang='lat' dir='ltr'><strong>docendis</strong></span> <span class='ocrx_word' id='word_1_502' title='bbox 3061 3564 3440 3631; x_wconf 89' lang='lat' dir='ltr'><strong>consumpsit,</strong></span> 
     </span>
    </p>
   </div>
   <div class='ocr_carea' id='block_1_72' title="bbox 168 3642 1754 3723">
    <p class='ocr_par' dir='ltr' id='par_1_72' title="bbox 168 3642 1754 3721">
     <span class='ocr_line' id='line_1_72' title="bbox 168 3642 1754 3721; baseline 0.006 -22"><span class='ocrx_word' id='word_1_503' title='bbox 168 3642 320 3700; x_wconf 74' lang='grc' dir='ltr'>Εἶτα</span> <span class='ocrx_word' id='word_1_504' title='bbox 376 3647 471 3699; x_wconf 88' lang='grc' dir='ltr'><strong>καί</strong></span> <span class='ocrx_word' id='word_1_505' title='bbox 522 3664 649 3701; x_wconf 88' lang='grc' dir='ltr'>τινα</span> <span class='ocrx_word' id='word_1_506' title='bbox 696 3647 834 3702; x_wconf 77' lang='grc' dir='ltr'>ἄλλα</span> <span class='ocrx_word' id='word_1_507' title='bbox 881 3650 1011 3720; x_wconf 79' lang='grc' dir='ltr'>περὶ</span> <span class='ocrx_word' id='word_1_508' title='bbox 1073 3649 1184 3704; x_wconf 82' lang='grc' dir='ltr'><strong>τῶν</strong></span> <span class='ocrx_word' id='word_1_509' title='bbox 1241 3651 1551 3721; x_wconf 74' lang='grc' dir='ltr'>φιλοσόφων</span> <span class='ocrx_word' id='word_1_510' title='bbox 1587 3653 1754 3708; x_wconf 78' lang='grc' dir='ltr'>εἰπὼν</span> 
     </span>
    </p>
   </div>
   <div class='ocr_carea' id='block_1_73' title="bbox 1858 3642 3440 3723">
    <p class='ocr_par' dir='ltr' id='par_1_73' title="bbox 1870 3648 3440 3723">
     <span class='ocr_line' id='line_1_73' title="bbox 1870 3648 3440 3723; baseline 0.006 -24"><span class='ocrx_word' id='word_1_511' title='bbox 1870 3662 2231 3717; x_wconf 64' lang='lat' dir='ltr'><strong>magnamque</strong></span> <span class='ocrx_word' id='word_1_512' title='bbox 2268 3650 2321 3701; x_wconf 92' lang='lat' dir='ltr'><strong>in</strong></span> <span class='ocrx_word' id='word_1_513' title='bbox 2362 3648 2445 3702; x_wconf 90' lang='lat' dir='ltr'><strong>eis</strong></span> <span class='ocrx_word' id='word_1_514' title='bbox 2478 3649 2693 3702; x_wconf 88' lang='lat' dir='ltr'><strong>laudem</strong></span> <span class='ocrx_word' id='word_1_515' title='bbox 2724 3659 2809 3704; x_wconf 88' lang='lat' dir='ltr'><strong>est</strong></span> <span class='ocrx_word' id='word_1_516' title='bbox 2840 3664 3197 3717; x_wconf 85' lang='lat' dir='ltr'><strong>consecutus,</strong></span> <span class='ocrx_word' id='word_1_517' title='bbox 3234 3656 3440 3723; x_wconf 89' lang='lat' dir='ltr'><strong>quique</strong></span> 
     </span>
    </p>
   </div>
   <div class='ocr_carea' id='block_1_74' title="bbox 167 3737 1754 3816">
    <p class='ocr_par' dir='ltr' id='par_1_74' title="bbox 167 3737 1754 3816">
     <span class='ocr_line' id='line_1_74' title="bbox 167 3737 1754 3816; baseline 0.004 -28"><span class='ocrx_word' id='word_1_518' title='bbox 167 3737 458 3807; x_wconf 69' lang='grc' dir='ltr'>ἐπιφέρει·</span> <span class='ocrx_word' id='word_1_519' title='bbox 492 3754 511 3789; x_wconf 81' lang='grc' dir='ltr'><strong>ε</strong></span> <span class='ocrx_word' id='word_1_520' title='bbox 542 3739 809 3809; x_wconf 77' lang='grc' dir='ltr'>Κρήσκης</span> <span class='ocrx_word' id='word_1_521' title='bbox 851 3739 948 3793; x_wconf 78' lang='grc' dir='ltr'>οὖν</span> <span class='ocrx_word' id='word_1_522' title='bbox 1000 3742 1384 3804; x_wconf 79' lang='grc' dir='ltr'>ὲννεοττεύσας</span> <span class='ocrx_word' id='word_1_523' title='bbox 1425 3746 1493 3814; x_wconf 74' lang='grc' dir='ltr'>τῇ</span> <span class='ocrx_word' id='word_1_524' title='bbox 1555 3747 1754 3816; x_wconf 57' lang='grc' dir='ltr'>μεγάλῃ</span> 
     </span>
    </p>
   </div>
   <div class='ocr_carea' id='block_1_75' title="bbox 1858 3737 3442 3816">
    <p class='ocr_par' dir='ltr' id='par_1_75' title="bbox 1868 3743 3442 3815">
     <span class='ocr_line' id='line_1_75' title="bbox 1868 3743 3442 3815; baseline 0.004 -21"><span class='ocrx_word' id='word_1_525' title='bbox 1868 3756 1977 3795; x_wconf 90' lang='lat' dir='ltr'><strong>non</strong></span> <span class='ocrx_word' id='word_1_526' title='bbox 2014 3756 2184 3810; x_wconf 86' lang='lat' dir='ltr'><strong>pauca</strong></span> <span class='ocrx_word' id='word_1_527' title='bbox 2224 3743 2487 3795; x_wconf 77' lang='lat' dir='ltr'><strong>memoria</strong></span> <span class='ocrx_word' id='word_1_528' title='bbox 2520 3743 2683 3811; x_wconf 78' lang='lat' dir='ltr'><strong>digna</strong></span> <span class='ocrx_word' id='word_1_529' title='bbox 2714 3745 2875 3799; x_wconf 90' lang='lat' dir='ltr'><strong>nobis</strong></span> <span class='ocrx_word' id='word_1_530' title='bbox 2902 3746 3069 3798; x_wconf 86' lang='lat' dir='ltr'><strong>etiam</strong></span> <span class='ocrx_word' id='word_1_531' title='bbox 3111 3748 3312 3815; x_wconf 90' lang='lat' dir='ltr'><strong>scripta</strong></span> <span class='ocrx_word' id='word_1_532' title='bbox 3352 3764 3442 3801; x_wconf 89' lang='lat' dir='ltr'><strong>re-</strong></span> 
     </span>
    </p>
   </div>
   <div class='ocr_carea' id='block_1_76' title="bbox 167 3830 1754 3908">
    <p class='ocr_par' dir='ltr' id='par_1_76' title="bbox 167 3830 1754 3908">
     <span class='ocr_line' id='line_1_76' title="bbox 167 3830 1754 3908; baseline 0.005 -25"><span class='ocrx_word' id='word_1_533' title='bbox 167 3830 361 3897; x_wconf 83' lang='grc' dir='ltr'>πόλει,</span> <span class='ocrx_word' id='word_1_534' title='bbox 405 3830 769 3904; x_wconf 66' lang='grc' dir='ltr'>παιδεραστίᾳ</span> <span class='ocrx_word' id='word_1_535' title='bbox 799 3835 898 3905; x_wconf 79' lang='grc' dir='ltr'>μὲν</span> <span class='ocrx_word' id='word_1_536' title='bbox 925 3837 1133 3898; x_wconf 80' lang='grc' dir='ltr'>πάντας</span> <span class='ocrx_word' id='word_1_537' title='bbox 1168 3837 1539 3907; x_wconf 78' lang='grc' dir='ltr'>ύπερήνεγκε,</span> <span class='ocrx_word' id='word_1_538' title='bbox 1574 3841 1754 3908; x_wconf 84' lang='grc' dir='ltr'>φιλαρ-</span> 
     </span>
    </p>
   </div>
   <div class='ocr_carea' id='block_1_77' title="bbox 1858 3830 3442 3908">
    <p class='ocr_par' dir='ltr' id='par_1_77' title="bbox 1865 3831 3442 3900">
     <span class='ocr_line' id='line_1_77' title="bbox 1865 3831 3442 3900; baseline 0.006 -15"><span class='ocrx_word' id='word_1_539' title='bbox 1865 3831 2050 3900; x_wconf 81' lang='lat' dir='ltr'><strong>liquit.</strong></span> <span class='ocrx_word' id='word_1_540' title='bbox 2087 3833 2134 3884; x_wconf 76' lang='lat' dir='ltr'><strong>Is</strong></span> <span class='ocrx_word' id='word_1_541' title='bbox 2160 3833 2347 3900; x_wconf 84' lang='lat' dir='ltr'><strong>itaque</strong></span> <span class='ocrx_word' id='word_1_542' title='bbox 2377 3834 2429 3886; x_wconf 90' lang='lat' dir='ltr'><strong>in</strong></span> <span class='ocrx_word' id='word_1_543' title='bbox 2457 3834 2707 3889; x_wconf 69' lang='lat' dir='ltr'><strong>oratione</strong></span> <span class='ocrx_word' id='word_1_544' title='bbox 2737 3851 2835 3889; x_wconf 91' lang='lat' dir='ltr'><strong>sua</strong></span> <span class='ocrx_word' id='word_1_545' title='bbox 2864 3838 2929 3889; x_wconf 87' lang='lat' dir='ltr'><strong>ad</strong></span> <span class='ocrx_word' id='word_1_546' title='bbox 2957 3836 3177 3893; x_wconf 63' lang='lat' dir='ltr'><strong>Cratcos</strong></span> <span class='ocrx_word' id='word_1_547' title='bbox 3207 3841 3281 3892; x_wconf 91' lang='lat' dir='ltr'><strong>ita</strong></span> <span class='ocrx_word' id='word_1_548' title='bbox 3310 3842 3442 3894; x_wconf 91' lang='lat' dir='ltr'><strong>scri-</strong></span> 
     </span>
    </p>
   </div>
   <div class='ocr_carea' id='block_1_78' title="bbox 166 3922 1754 4001">
    <p class='ocr_par' dir='ltr' id='par_1_78' title="bbox 166 3922 1754 3999">
     <span class='ocr_line' id='line_1_78' title="bbox 166 3922 1754 3999; baseline 0.006 -26"><span class='ocrx_word' id='word_1_549' title='bbox 166 3924 354 3992; x_wconf 76' lang='grc' dir='ltr'>γυρίᾳ</span> <span class='ocrx_word' id='word_1_550' title='bbox 398 3922 456 3976; x_wconf 83' lang='grc' dir='ltr'>δὲ</span> <span class='ocrx_word' id='word_1_551' title='bbox 514 3924 661 3975; x_wconf 82' lang='grc' dir='ltr'>πάνυ</span> <span class='ocrx_word' id='word_1_552' title='bbox 703 3925 977 3997; x_wconf 79' lang='grc' dir='ltr'>προσεχὴς</span> <span class='ocrx_word' id='word_1_553' title='bbox 1011 3922 1113 3998; x_wconf 81' lang='grc' dir='ltr'><strong>ἦν’</strong></span> <span class='ocrx_word' id='word_1_554' title='bbox 1148 3926 1381 3981; x_wconf 86' lang='grc' dir='ltr'>θανάτου</span> <span class='ocrx_word' id='word_1_555' title='bbox 1434 3928 1490 3981; x_wconf 77' lang='grc' dir='ltr'>δὲ</span> <span class='ocrx_word' id='word_1_556' title='bbox 1539 3930 1754 3999; x_wconf 49' lang='grc' dir='ltr'>δέχαται</span> 
     </span>
    </p>
   </div>
   <div class='ocr_carea' id='block_1_79' title="bbox 1858 3922 3441 4001">
    <p class='ocr_par' dir='ltr' id='par_1_79' title="bbox 1869 3925 3441 4001">
     <span class='ocr_line' id='line_1_79' title="bbox 1869 3925 3441 4001; baseline 0.006 -24"><span class='ocrx_word' id='word_1_557' title='bbox 1869 3926 1997 3978; x_wconf 88' lang='lat' dir='ltr'><strong>bit:</strong></span> <span class='ocrx_word' id='word_1_558' title='bbox 2039 3943 2054 3972; x_wconf 76' lang='grc' dir='ltr'><strong>ι</strong></span> <span class='ocrx_word' id='word_1_559' title='bbox 2095 3926 2154 3978; x_wconf 70' lang='lat' dir='ltr'><strong>lit</strong></span> <span class='ocrx_word' id='word_1_560' title='bbox 2192 3925 2443 3980; x_wconf 79' lang='lat' dir='ltr'><strong>Justinus</strong></span> <span class='ocrx_word' id='word_1_561' title='bbox 2490 3926 2857 3982; x_wconf 88' lang='lat' dir='ltr'><strong>admiratione</strong></span> <span class='ocrx_word' id='word_1_562' title='bbox 2891 3930 3137 3984; x_wconf 89' lang='lat' dir='ltr'><strong>omnium</strong></span> <span class='ocrx_word' id='word_1_563' title='bbox 3184 3932 3441 4001; x_wconf 83' lang='lat' dir='ltr'><strong>dignissi-</strong></span> 
     </span>
    </p>
   </div>
   <div class='ocr_carea' id='block_1_80' title="bbox 164 4015 1754 4090">
    <p class='ocr_par' dir='ltr' id='par_1_80' title="bbox 164 4015 1754 4085">
     <span class='ocr_line' id='line_1_80' title="bbox 164 4015 1754 4085; baseline 0.006 -22"><span class='ocrx_word' id='word_1_564' title='bbox 164 4017 404 4084; x_wconf 77' lang='grc' dir='ltr'>φρονεῖν</span> <span class='ocrx_word' id='word_1_565' title='bbox 463 4015 896 4085; x_wconf 86' lang='grc' dir='ltr'>συμϐουλεύων,</span> <span class='ocrx_word' id='word_1_566' title='bbox 959 4017 1136 4081; x_wconf 75' lang='grc' dir='ltr'>οὕτως</span> <span class='ocrx_word' id='word_1_567' title='bbox 1198 4019 1361 4081; x_wconf 79' lang='grc' dir='ltr'>αὐτὸς</span> <span class='ocrx_word' id='word_1_568' title='bbox 1420 4021 1612 4073; x_wconf 77' lang='grc' dir='ltr'>ἐδεδίει</span> <span class='ocrx_word' id='word_1_569' title='bbox 1675 4021 1754 4075; x_wconf 62' lang='grc' dir='ltr'><strong>τὸν</strong></span> 
     </span>
    </p>
   </div>
   <div class='ocr_carea' id='block_1_81' title="bbox 1858 4015 3441 4090">
    <p class='ocr_par' dir='ltr' id='par_1_81' title="bbox 1867 4018 3441 4090">
     <span class='ocr_line' id='line_1_81' title="bbox 1867 4018 3441 4090; baseline 0.004 -19"><span class='ocrx_word' id='word_1_570' title='bbox 1867 4032 2012 4083; x_wconf 87' lang='lat' dir='ltr'><strong>mus,</strong></span> <span class='ocrx_word' id='word_1_571' title='bbox 2052 4028 2197 4070; x_wconf 85' lang='lat' dir='ltr'><strong>recte</strong></span> <span class='ocrx_word' id='word_1_572' title='bbox 2226 4031 2323 4070; x_wconf 86' lang='lat' dir='ltr'><strong>eos</strong></span> <span class='ocrx_word' id='word_1_573' title='bbox 2356 4018 2424 4071; x_wconf 82' lang='lat' dir='ltr'><strong>(le</strong></span> <span class='ocrx_word' id='word_1_574' title='bbox 2453 4018 2658 4088; x_wconf 88' lang='lat' dir='ltr'><strong>quibus</strong></span> <span class='ocrx_word' id='word_1_575' title='bbox 2693 4019 2935 4074; x_wconf 79' lang='lat' dir='ltr'><strong>diximus</strong></span> <span class='ocrx_word' id='word_1_576' title='bbox 2976 4022 3287 4090; x_wconf 81' lang='lat' dir='ltr'><strong>persimiles</strong></span> <span class='ocrx_word' id='word_1_577' title='bbox 3318 4041 3441 4078; x_wconf 80' lang='lat' dir='ltr'><strong>esse</strong></span> 
     </span>
    </p>
   </div>
   <div class='ocr_carea' id='block_1_82' title="bbox 167 4105 1754 4181">
    <p class='ocr_par' dir='ltr' id='par_1_82' title="bbox 167 4105 1754 4181">
     <span class='ocr_line' id='line_1_82' title="bbox 167 4105 1754 4181; baseline 0.006 -25"><span class='ocrx_word' id='word_1_578' title='bbox 167 4105 433 4172; x_wconf 82' lang='grc' dir='ltr'>θάνατον,</span> <span class='ocrx_word' id='word_1_579' title='bbox 462 4105 537 4169; x_wconf 84' lang='grc' dir='ltr'><strong>ὡς</strong></span> <span class='ocrx_word' id='word_1_580' title='bbox 565 4107 661 4159; x_wconf 66' lang='grc' dir='ltr'>καὶ</span> <span class='ocrx_word' id='word_1_581' title='bbox 707 4106 1016 4176; x_wconf 82' lang='grc' dir='ltr'>Ἰουστῖνον,</span> <span class='ocrx_word' id='word_1_582' title='bbox 1048 4108 1306 4180; x_wconf 87' lang='grc' dir='ltr'>καθάπερ</span> <span class='ocrx_word' id='word_1_583' title='bbox 1330 4112 1555 4181; x_wconf 82' lang='grc' dir='ltr'>μεγάλῳ</span> <span class='ocrx_word' id='word_1_584' title='bbox 1580 4111 1754 4181; x_wconf 85' lang='grc' dir='ltr'>κακῷ,</span> 
     </span>
    </p>
   </div>
   <div class='ocr_carea' id='block_1_83' title="bbox 1858 4105 3442 4181">
    <p class='ocr_par' dir='ltr' id='par_1_83' title="bbox 1867 4109 3442 4181">
     <span class='ocr_line' id='line_1_83' title="bbox 1867 4109 3442 4181; baseline 0.003 -20"><span class='ocrx_word' id='word_1_585' title='bbox 1867 4109 2220 4179; x_wconf 64' lang='lat' dir='ltr'><strong>praedonibus</strong></span> <span class='ocrx_word' id='word_1_586' title='bbox 2260 4109 2611 4165; x_wconf 80' lang='lat' dir='ltr'><strong>exclamavit.</strong></span> <span class='ocrx_word' id='word_1_587' title='bbox 2640 4128 2659 4162; x_wconf 75' lang='grc' dir='ltr'><strong>ι</strong></span> <span class='ocrx_word' id='word_1_588' title='bbox 2699 4112 2904 4167; x_wconf 86' lang='lat' dir='ltr'><strong>Deinde</strong></span> <span class='ocrx_word' id='word_1_589' title='bbox 2936 4112 3059 4167; x_wconf 89' lang='lat' dir='ltr'><strong>aliis</strong></span> <span class='ocrx_word' id='word_1_590' title='bbox 3089 4114 3442 4181; x_wconf 71' lang='lat' dir='ltr'><strong>quibusdam,</strong></span> 
     </span>
    </p>
   </div>
   <div class='ocr_carea' id='block_1_84' title="bbox 162 4196 1754 4274">
    <p class='ocr_par' dir='ltr' id='par_1_84' title="bbox 162 4196 1754 4274">
     <span class='ocr_line' id='line_1_84' title="bbox 162 4196 1754 4274; baseline 0.004 -24"><span class='ocrx_word' id='word_1_591' title='bbox 162 4196 246 4267; x_wconf 82' lang='grc' dir='ltr'><strong>τῷ</strong></span> <span class='ocrx_word' id='word_1_592' title='bbox 276 4196 508 4267; x_wconf 84' lang='grc' dir='ltr'>θανάτῳ</span> <span class='ocrx_word' id='word_1_593' title='bbox 543 4197 865 4269; x_wconf 89' lang='grc' dir='ltr'>περιϐαλεῖν</span> <span class='ocrx_word' id='word_1_594' title='bbox 886 4201 1445 4271; x_wconf 85' lang='grc' dir='ltr'>πραγματεύσασθαι.</span> <span class='ocrx_word' id='word_1_595' title='bbox 1476 4204 1625 4255; x_wconf 90' lang='grc' dir='ltr'>Διότι</span> <span class='ocrx_word' id='word_1_596' title='bbox 1656 4220 1754 4274; x_wconf 86' lang='grc' dir='ltr'>κη-</span> 
     </span>
    </p>
   </div>
   <div class='ocr_carea' id='block_1_85' title="bbox 1858 4196 3441 4274">
    <p class='ocr_par' dir='ltr' id='par_1_85' title="bbox 1864 4201 3441 4273">
     <span class='ocr_line' id='line_1_85' title="bbox 1864 4201 3441 4273; baseline 0.001 -18"><span class='ocrx_word' id='word_1_597' title='bbox 1864 4201 1933 4255; x_wconf 83' lang='lat' dir='ltr'><strong>de</strong></span> <span class='ocrx_word' id='word_1_598' title='bbox 1986 4201 2349 4269; x_wconf 67' lang='lat' dir='ltr'><strong>plitlosmiltis,</strong></span> <span class='ocrx_word' id='word_1_599' title='bbox 2406 4202 2571 4257; x_wconf 88' lang='lat' dir='ltr'><strong>rebus</strong></span> <span class='ocrx_word' id='word_1_600' title='bbox 2599 4204 2883 4272; x_wconf 77' lang='lat' dir='ltr'><strong>expositis,</strong></span> <span class='ocrx_word' id='word_1_601' title='bbox 2938 4204 3104 4258; x_wconf 84' lang='lat' dir='ltr'><strong>infert</strong></span> <span class='ocrx_word' id='word_1_602' title='bbox 3140 4222 3153 4257; x_wconf 92' lang='lat'>:</span> <span class='ocrx_word' id='word_1_603' title='bbox 3192 4221 3212 4256; x_wconf 76' lang='grc' dir='ltr'><strong>ε</strong></span> <span class='ocrx_word' id='word_1_604' title='bbox 3252 4204 3441 4273; x_wconf 84' lang='lat' dir='ltr'><strong>Itaque</strong></span> 
     </span>
    </p>
   </div>
   <div class='ocr_carea' id='block_1_86' title="bbox 166 4290 1754 4365">
    <p class='ocr_par' dir='ltr' id='par_1_86' title="bbox 166 4290 1754 4365">
     <span class='ocr_line' id='line_1_86' title="bbox 166 4290 1754 4365; baseline 0.005 -23"><span class='ocrx_word' id='word_1_605' title='bbox 166 4290 393 4357; x_wconf 78' lang='grc' dir='ltr'>ρύττων</span> <span class='ocrx_word' id='word_1_606' title='bbox 458 4292 559 4361; x_wconf 78' lang='grc' dir='ltr'>τὴν</span> <span class='ocrx_word' id='word_1_607' title='bbox 601 4292 912 4362; x_wconf 79' lang='grc' dir='ltr'>ἀλήθειαν,</span> <span class='ocrx_word' id='word_1_608' title='bbox 972 4294 1193 4364; x_wconf 77' lang='grc' dir='ltr'>λίχνους</span> <span class='ocrx_word' id='word_1_609' title='bbox 1244 4298 1374 4360; x_wconf 79' lang='grc' dir='ltr'>τοὺς</span> <span class='ocrx_word' id='word_1_610' title='bbox 1426 4298 1754 4365; x_wconf 82' lang='grc' dir='ltr'>φιλοσόφους</span> 
     </span>
    </p>
   </div>
   <div class='ocr_carea' id='block_1_87' title="bbox 1858 4290 3445 4365">
    <p class='ocr_par' dir='ltr' id='par_1_87' title="bbox 1864 4294 3445 4364">
     <span class='ocr_line' id='line_1_87' title="bbox 1864 4294 3445 4364; baseline 0.001 -16"><span class='ocrx_word' id='word_1_611' title='bbox 1864 4294 2135 4349; x_wconf 84' lang='lat' dir='ltr'><strong>Crescens</strong></span> <span class='ocrx_word' id='word_1_612' title='bbox 2167 4309 2292 4348; x_wconf 90' lang='lat' dir='ltr'><strong>cum</strong></span> <span class='ocrx_word' id='word_1_613' title='bbox 2326 4295 2378 4347; x_wconf 92' lang='lat' dir='ltr'><strong>in</strong></span> <span class='ocrx_word' id='word_1_614' title='bbox 2410 4310 2604 4364; x_wconf 86' lang='lat' dir='ltr'><strong>magna</strong></span> <span class='ocrx_word' id='word_1_615' title='bbox 2639 4296 2775 4349; x_wconf 89' lang='lat' dir='ltr'><strong>urbe</strong></span> <span class='ocrx_word' id='word_1_616' title='bbox 2806 4295 3150 4348; x_wconf 90' lang='lat' dir='ltr'><strong>domicilium</strong></span> <span class='ocrx_word' id='word_1_617' title='bbox 3180 4295 3445 4349; x_wconf 82' lang='lat' dir='ltr'><strong>collocas-</strong></span> 
     </span>
    </p>
   </div>
   <div class='ocr_carea' id='block_1_88' title="bbox 160 4383 1754 4459">
    <p class='ocr_par' dir='ltr' id='par_1_88' title="bbox 160 4383 1754 4459">
     <span class='ocr_line' id='line_1_88' title="bbox 160 4383 1754 4459; baseline 0.004 -26"><span class='ocrx_word' id='word_1_618' title='bbox 160 4383 268 4437; x_wconf 83' lang='grc' dir='ltr'>καὶ</span> <span class='ocrx_word' id='word_1_619' title='bbox 336 4384 674 4447; x_wconf 79' lang='grc' dir='ltr'>ἀπατεῶνας</span> <span class='ocrx_word' id='word_1_620' title='bbox 736 4387 1051 4456; x_wconf 85' lang='grc' dir='ltr'>συνέλεγχε.</span> <span class='ocrx_word' id='word_1_621' title='bbox 1114 4404 1134 4439; x_wconf 76' lang='grc' dir='ltr'><strong>ε</strong></span> <span class='ocrx_word' id='word_1_622' title='bbox 1184 4389 1296 4441; x_wconf 80' lang='grc' dir='ltr'><strong>Καὶ</strong></span> <span class='ocrx_word' id='word_1_623' title='bbox 1353 4390 1614 4459; x_wconf 86' lang='grc' dir='ltr'>τοιαύτην</span> <span class='ocrx_word' id='word_1_624' title='bbox 1657 4388 1754 4458; x_wconf 74' lang='grc' dir='ltr'>μὲν</span> 
     </span>
    </p>
   </div>
   <div class='ocr_carea' id='block_1_89' title="bbox 1858 4383 3447 4459">
    <p class='ocr_par' dir='ltr' id='par_1_89' title="bbox 1864 4387 3447 4456">
     <span class='ocr_line' id='line_1_89' title="bbox 1864 4387 3447 4456; baseline -0.003 -13"><span class='ocrx_word' id='word_1_625' title='bbox 1864 4398 1971 4453; x_wconf 85' lang='lat' dir='ltr'><strong>set,</strong></span> <span class='ocrx_word' id='word_1_626' title='bbox 2005 4388 2234 4442; x_wconf 84' lang='lat' dir='ltr'><strong>lascivia</strong></span> <span class='ocrx_word' id='word_1_627' title='bbox 2280 4387 2504 4456; x_wconf 86' lang='lat' dir='ltr'><strong>quidem</strong></span> <span class='ocrx_word' id='word_1_628' title='bbox 2544 4387 2602 4441; x_wconf 89' lang='lat' dir='ltr'><strong>in</strong></span> <span class='ocrx_word' id='word_1_629' title='bbox 2647 4400 2852 4456; x_wconf 89' lang='lat' dir='ltr'><strong>pueros</strong></span> <span class='ocrx_word' id='word_1_630' title='bbox 2913 4402 3106 4441; x_wconf 88' lang='lat' dir='ltr'><strong>omnes</strong></span> <span class='ocrx_word' id='word_1_631' title='bbox 3153 4402 3447 4455; x_wconf 79' lang='lat' dir='ltr'><strong>exsupera-</strong></span> 
     </span>
    </p>
   </div>
   <div class='ocr_carea' id='block_1_90' title="bbox 159 4470 1754 4551">
    <p class='ocr_par' dir='ltr' id='par_1_90' title="bbox 159 4470 1514 4551">
     <span class='ocr_line' id='line_1_90' title="bbox 159 4470 1514 4551; baseline 0.007 -27"><span class='ocrx_word' id='word_1_632' title='bbox 159 4470 362 4527; x_wconf 73' lang='grc' dir='ltr'>αἰτίαν</span> <span class='ocrx_word' id='word_1_633' title='bbox 392 4474 525 4544; x_wconf 75' lang='grc' dir='ltr'>ἔσχε</span> <span class='ocrx_word' id='word_1_634' title='bbox 571 4477 631 4529; x_wconf 83' lang='grc' dir='ltr'>τὺ</span> <span class='ocrx_word' id='word_1_635' title='bbox 665 4479 811 4531; x_wconf 80' lang='grc' dir='ltr'>κατά</span> <span class='ocrx_word' id='word_1_636' title='bbox 853 4478 1145 4531; x_wconf 88' lang='grc' dir='ltr'>Ἰουστῖνον</span> <span class='ocrx_word' id='word_1_637' title='bbox 1185 4480 1514 4551; x_wconf 86' lang='grc' dir='ltr'>μαρτύριον.</span> 
     </span>
    </p>
   </div>
   <div class='ocr_carea' id='block_1_91' title="bbox 1858 4470 3446 4551">
    <p class='ocr_par' dir='ltr' id='par_1_91' title="bbox 1865 4478 3446 4545">
     <span class='ocr_line' id='line_1_91' title="bbox 1865 4478 3446 4545; baseline -0.005 -9"><span class='ocrx_word' id='word_1_638' title='bbox 1865 4482 1978 4536; x_wconf 87' lang='lat' dir='ltr'><strong>bat.</strong></span> <span class='ocrx_word' id='word_1_639' title='bbox 2021 4480 2281 4535; x_wconf 70' lang='lat' dir='ltr'><strong>Avaritia:</strong></span> <span class='ocrx_word' id='word_1_640' title='bbox 2325 4489 2508 4534; x_wconf 87' lang='lat' dir='ltr'><strong>autem</strong></span> <span class='ocrx_word' id='word_1_641' title='bbox 2545 4478 2704 4534; x_wconf 88' lang='lat' dir='ltr'><strong>valde</strong></span> <span class='ocrx_word' id='word_1_642' title='bbox 2738 4480 2960 4534; x_wconf 88' lang='lat' dir='ltr'><strong>deditus</strong></span> <span class='ocrx_word' id='word_1_643' title='bbox 3006 4490 3144 4534; x_wconf 90' lang='lat' dir='ltr'><strong>erat.</strong></span> <span class='ocrx_word' id='word_1_644' title='bbox 3181 4481 3284 4545; x_wconf 79' lang='lat' dir='ltr'><strong>Qui</strong></span> <span class='ocrx_word' id='word_1_645' title='bbox 3318 4496 3446 4533; x_wconf 81' lang='lat' dir='ltr'><strong>vero</strong></span> 
     </span>
    </p>
   </div>
   <div class='ocr_carea' id='block_1_92' title="bbox 158 4572 3442 4646">
    <p class='ocr_par' dir='ltr' id='par_1_92' title="bbox 158 4572 3442 4646">
     <span class='ocr_line' id='line_1_92' title="bbox 158 4572 3442 4646; baseline 0.002 -25"><span class='ocrx_word' id='word_1_646' title='bbox 158 4584 293 4623; x_wconf 84' lang='lat' dir='ltr'><strong>ants</strong></span> <span class='ocrx_word' id='word_1_647' title='bbox 364 4572 565 4625; x_wconf 88' lang='lat' dir='ltr'><strong>mortis</strong></span> <span class='ocrx_word' id='word_1_648' title='bbox 632 4583 1013 4644; x_wconf 85' lang='lat' dir='ltr'><strong>contemptum</strong></span> <span class='ocrx_word' id='word_1_649' title='bbox 1083 4574 1373 4642; x_wconf 86' lang='lat' dir='ltr'><strong>suadebat,</strong></span> <span class='ocrx_word' id='word_1_650' title='bbox 1433 4577 1506 4631; x_wconf 90' lang='lat' dir='ltr'><strong>ita</strong></span> <span class='ocrx_word' id='word_1_651' title='bbox 1559 4591 1679 4631; x_wconf 89' lang='lat' dir='ltr'><strong>eam</strong></span> <span class='ocrx_word' id='word_1_652' title='bbox 1742 4576 1859 4646; x_wconf 90' lang='lat' dir='ltr'><strong>ipse</strong></span> <span class='ocrx_word' id='word_1_653' title='bbox 1918 4579 2217 4637; x_wconf 84' lang='lat' dir='ltr'><strong>metuebat,</strong></span> <span class='ocrx_word' id='word_1_654' title='bbox 2264 4585 2325 4629; x_wconf 91' lang='lat' dir='ltr'><strong>ut</strong></span> <span class='ocrx_word' id='word_1_655' title='bbox 2373 4575 2589 4631; x_wconf 90' lang='lat' dir='ltr'><strong>Justino</strong></span> <span class='ocrx_word' id='word_1_656' title='bbox 2647 4586 2903 4639; x_wconf 88' lang='lat' dir='ltr'><strong>mortem,</strong></span> <span class='ocrx_word' id='word_1_657' title='bbox 2956 4575 3123 4629; x_wconf 79' lang='lat' dir='ltr'><strong>veluti</strong></span> <span class='ocrx_word' id='word_1_658' title='bbox 3187 4593 3442 4643; x_wconf 82' lang='lat' dir='ltr'><strong>magnum</strong></span> 
     </span>
    </p>
   </div>
   <div class='ocr_carea' id='block_1_93' title="bbox 160 4662 3444 4740">
    <p class='ocr_par' dir='ltr' id='par_1_93' title="bbox 160 4662 3444 4740">
     <span class='ocr_line' id='line_1_93' title="bbox 160 4662 3444 4740; baseline 0.002 -25"><span class='ocrx_word' id='word_1_659' title='bbox 160 4662 407 4733; x_wconf 88' lang='lat' dir='ltr'><strong>aliquod</strong></span> <span class='ocrx_word' id='word_1_660' title='bbox 451 4665 683 4731; x_wconf 89' lang='lat' dir='ltr'><strong>malum,</strong></span> <span class='ocrx_word' id='word_1_661' title='bbox 714 4667 1132 4722; x_wconf 73' lang='lat' dir='ltr'><strong>concinnat&#39;crit</strong></span> <span class='ocrx_word' id='word_1_662' title='bbox 1166 4684 1182 4721; x_wconf 89' lang='lat'><strong>:</strong></span> <span class='ocrx_word' id='word_1_663' title='bbox 1222 4679 1514 4740; x_wconf 87' lang='lat' dir='ltr'><strong>pr0pterea</strong></span> <span class='ocrx_word' id='word_1_664' title='bbox 1546 4672 1691 4738; x_wconf 86' lang='lat' dir='ltr'><strong>quod</strong></span> <span class='ocrx_word' id='word_1_665' title='bbox 1736 4669 1828 4725; x_wconf 90' lang='lat' dir='ltr'><strong>ille</strong></span> <span class='ocrx_word' id='word_1_666' title='bbox 1862 4671 2149 4724; x_wconf 86' lang='lat' dir='ltr'><strong>veritatem</strong></span> <span class='ocrx_word' id='word_1_667' title='bbox 2188 4669 2511 4738; x_wconf 68' lang='lat' dir='ltr'><strong>praedicans,</strong></span> <span class='ocrx_word' id='word_1_668' title='bbox 2548 4669 2909 4737; x_wconf 81' lang='lat' dir='ltr'><strong>phiiosopltos</strong></span> <span class='ocrx_word' id='word_1_669' title='bbox 2959 4668 3246 4723; x_wconf 83' lang='lat' dir='ltr'><strong>helluones</strong></span> <span class='ocrx_word' id='word_1_670' title='bbox 3280 4678 3444 4739; x_wconf 86' lang='lat' dir='ltr'><strong>atque</strong></span> 
     </span>
    </p>
   </div>
   <div class='ocr_carea' id='block_1_94' title="bbox 158 4756 2629 4832">
    <p class='ocr_par' dir='ltr' id='par_1_94' title="bbox 158 4756 2629 4832">
     <span class='ocr_line' id='line_1_94' title="bbox 158 4756 2629 4832; baseline 0.001 -19"><span class='ocrx_word' id='word_1_671' title='bbox 158 4756 517 4825; x_wconf 82' lang='lat' dir='ltr'><strong>impostores</strong></span> <span class='ocrx_word' id='word_1_672' title='bbox 564 4772 684 4813; x_wconf 89' lang='lat' dir='ltr'><strong>esse</strong></span> <span class='ocrx_word' id='word_1_673' title='bbox 742 4761 1046 4831; x_wconf 68' lang='lat' dir='ltr'><strong>coarguit.»</strong></span> <span class='ocrx_word' id='word_1_674' title='bbox 1104 4762 1287 4823; x_wconf 80' lang='lat' dir='ltr'><strong>Atque</strong></span> <span class='ocrx_word' id='word_1_675' title='bbox 1340 4765 1455 4817; x_wconf 67' lang='lat' dir='ltr'><strong>tunc</strong></span> <span class='ocrx_word' id='word_1_676' title='bbox 1505 4764 1727 4831; x_wconf 89' lang='lat' dir='ltr'><strong>quidem</strong></span> <span class='ocrx_word' id='word_1_677' title='bbox 1761 4762 1984 4819; x_wconf 88' lang='lat' dir='ltr'><strong>Justino</strong></span> <span class='ocrx_word' id='word_1_678' title='bbox 2022 4761 2267 4832; x_wconf 77' lang='lat' dir='ltr'><strong>martyrii</strong></span> <span class='ocrx_word' id='word_1_679' title='bbox 2304 4776 2469 4816; x_wconf 82' lang='lat' dir='ltr'><strong>causa</strong></span> <span class='ocrx_word' id='word_1_680' title='bbox 2506 4760 2629 4816; x_wconf 90' lang='lat' dir='ltr'><strong>fuit.</strong></span> 
     </span>
    </p>
   </div>
   <div class='ocr_carea' id='block_1_95' title="bbox 762 4896 1754 4965">
    <p class='ocr_par' dir='ltr' id='par_1_95' title="bbox 762 4897 1184 4954">
     <span class='ocr_line' id='line_1_95' title="bbox 762 4897 1184 4954; baseline 0.007 -3"><span class='ocrx_word' id='word_1_681' title='bbox 762 4897 1017 4953; x_wconf 71' lang='grc' dir='ltr'>ΚΕΦΛΔ.</span> <span class='ocrx_word' id='word_1_682' title='bbox 1058 4898 1184 4954; x_wconf 72' lang='grc' dir='ltr'><strong>ΛΡ.</strong></span> 
     </span>
    </p>
   </div>
   <div class='ocr_carea' id='block_1_96' title="bbox 1858 4896 2917 4965">
    <p class='ocr_par' dir='ltr' id='par_1_96' title="bbox 2399 4896 2917 4955">
     <span class='ocr_line' id='line_1_96' title="bbox 2399 4896 2917 4955; baseline -0.012 0"><span class='ocrx_word' id='word_1_683' title='bbox 2399 4898 2629 4955; x_wconf 74' lang='lat' dir='ltr'><strong>CAPUT</strong></span> <span class='ocrx_word' id='word_1_684' title='bbox 2675 4896 2917 4951; x_wconf 78' lang='lat' dir='ltr'><strong>XXXIII.</strong></span> 
     </span>
    </p>
   </div>
   <div class='ocr_carea' id='block_1_97' title="bbox 158 5006 1754 5086">
    <p class='ocr_par' dir='ltr' id='par_1_97' title="bbox 158 5006 1754 5086">
     <span class='ocr_line' id='line_1_97' title="bbox 158 5006 1754 5086; baseline -0.002 -15"><span class='ocrx_word' id='word_1_685' title='bbox 158 5015 311 5085; x_wconf 77' lang='grc' dir='ltr'>Περὶ</span> <span class='ocrx_word' id='word_1_686' title='bbox 360 5013 581 5086; x_wconf 53' lang='grc' dir='ltr'>ἄλλων</span> <span class='ocrx_word' id='word_1_687' title='bbox 598 5012 939 5086; x_wconf 63' lang='grc' dir='ltr'>μαρτύρωνζ.</span> <span class='ocrx_word' id='word_1_688' title='bbox 970 5006 1059 5066; x_wconf 76' lang='grc' dir='ltr'><strong>ὧν</strong></span> <span class='ocrx_word' id='word_1_689' title='bbox 1104 5012 1288 5086; x_wconf 67' lang='grc' dir='ltr'>αὐτὸς</span> <span class='ocrx_word' id='word_1_690' title='bbox 1323 5012 1660 5080; x_wconf 79' lang='grc' dir='ltr'>ἰουστῖνος</span> <span class='ocrx_word' id='word_1_691' title='bbox 1689 5013 1754 5068; x_wconf 72' lang='grc' dir='ltr'>ἐν</span> 
     </span>
    </p>
   </div>
   <div class='ocr_carea' id='block_1_98' title="bbox 1858 5006 3445 5086">
    <p class='ocr_par' dir='ltr' id='par_1_98' title="bbox 1870 5012 3445 5086">
     <span class='ocr_line' id='line_1_98' title="bbox 1870 5012 3445 5086; baseline 0 -18"><span class='ocrx_word' id='word_1_692' title='bbox 1870 5013 1945 5068; x_wconf 86' lang='lat' dir='ltr'><strong>De</strong></span> <span class='ocrx_word' id='word_1_693' title='bbox 1973 5014 2095 5067; x_wconf 79' lang='lat' dir='ltr'><strong>aliis</strong></span> <span class='ocrx_word' id='word_1_694' title='bbox 2127 5015 2445 5085; x_wconf 76' lang='lat' dir='ltr'><strong>martyribus</strong></span> <span class='ocrx_word' id='word_1_695' title='bbox 2469 5055 2481 5076; x_wconf 91' lang='lat'><strong>,</strong></span> <span class='ocrx_word' id='word_1_696' title='bbox 2515 5014 2882 5086; x_wconf 80' lang='lat' dir='ltr'><strong>quorumipsc</strong></span> <span class='ocrx_word' id='word_1_697' title='bbox 2912 5012 3152 5086; x_wconf 74' lang='lat' dir='ltr'><strong>Justinus</strong></span> <span class='ocrx_word' id='word_1_698' title='bbox 3176 5013 3229 5067; x_wconf 81' lang='lat' dir='ltr'><strong>in</strong></span> <span class='ocrx_word' id='word_1_699' title='bbox 3263 5016 3445 5086; x_wconf 80' lang='lat' dir='ltr'><strong>singu-</strong></span> 
     </span>
    </p>
   </div>
   <div class='ocr_carea' id='block_1_99' title="bbox 520 5083 1429 5155">
    <p class='ocr_par' dir='ltr' id='par_1_99' title="bbox 520 5083 1429 5155">
     <span class='ocr_line' id='line_1_99' title="bbox 520 5083 1429 5155; baseline 0.001 -19"><span class='ocrx_word' id='word_1_700' title='bbox 520 5083 649 5151; x_wconf 81' lang='grc' dir='ltr'>ιδίῳ</span> <span class='ocrx_word' id='word_1_701' title='bbox 681 5083 954 5150; x_wconf 75' lang='grc' dir='ltr'>ἐμνήσθη</span> <span class='ocrx_word' id='word_1_702' title='bbox 990 5083 1429 5155; x_wconf 55' lang='grc' dir='ltr'>συγγράμματι.</span> 
     </span>
    </p>
   </div>
   <div class='ocr_carea' id='block_1_100' title="bbox 241 5196 1766 5269">
    <p class='ocr_par' dir='ltr' id='par_1_100' title="bbox 241 5196 1766 5269">
     <span class='ocr_line' id='line_1_100' title="bbox 241 5196 1766 5269; baseline -0.003 -12"><span class='ocrx_word' id='word_1_703' title='bbox 241 5203 308 5257; x_wconf 84' lang='grc'><strong>’0</strong></span> <span class='ocrx_word' id='word_1_704' title='bbox 331 5198 385 5255; x_wconf 85' lang='grc' dir='ltr'>δ’</span> <span class='ocrx_word' id='word_1_705' title='bbox 412 5197 578 5260; x_wconf 78' lang='grc' dir='ltr'>αὐτὸς</span> <span class='ocrx_word' id='word_1_706' title='bbox 612 5198 706 5251; x_wconf 79' lang='grc' dir='ltr'>καὶ</span> <span class='ocrx_word' id='word_1_707' title='bbox 733 5196 912 5251; x_wconf 73' lang='grc' dir='ltr'>ἄλλων</span> <span class='ocrx_word' id='word_1_708' title='bbox 937 5197 1047 5264; x_wconf 77' lang='grc' dir='ltr'>πρὸ</span> <span class='ocrx_word' id='word_1_709' title='bbox 1071 5196 1238 5251; x_wconf 81' lang='grc' dir='ltr'>αὑτοῦ</span> <span class='ocrx_word' id='word_1_710' title='bbox 1264 5198 1598 5269; x_wconf 87' lang='grc' dir='ltr'>μνημονεύει</span> <span class='ocrx_word' id='word_1_711' title='bbox 1629 5216 1766 5269; x_wconf 88' lang='grc' dir='ltr'>μαρ-</span> 
     </span>
    </p>
   </div>
   <div class='ocr_carea' id='block_1_101' title="bbox 153 5290 1761 5366">
    <p class='ocr_par' dir='ltr' id='par_1_101' title="bbox 153 5290 1761 5366">
     <span class='ocr_line' id='line_1_101' title="bbox 153 5290 1761 5366; baseline -0.004 -17"><span class='ocrx_word' id='word_1_712' title='bbox 153 5297 349 5366; x_wconf 78' lang='grc' dir='ltr'>τύρων</span> <span class='ocrx_word' id='word_1_713' title='bbox 398 5294 465 5346; x_wconf 78' lang='grc' dir='ltr'>ἑν</span> <span class='ocrx_word' id='word_1_714' title='bbox 514 5293 581 5362; x_wconf 72' lang='grc' dir='ltr'>τῇ</span> <span class='ocrx_word' id='word_1_715' title='bbox 628 5292 751 5345; x_wconf 79' lang='grc' dir='ltr'>κατ’</span> <span class='ocrx_word' id='word_1_716' title='bbox 800 5292 967 5345; x_wconf 81' lang='grc' dir='ltr'>αὐτὸν</span> <span class='ocrx_word' id='word_1_717' title='bbox 1001 5290 1324 5362; x_wconf 73' lang='grc' dir='ltr'>Ἀπολογίᾳ,</span> <span class='ocrx_word' id='word_1_718' title='bbox 1358 5295 1652 5362; x_wconf 87' lang='grc' dir='ltr'>χρησίμως</span> <span class='ocrx_word' id='word_1_719' title='bbox 1694 5294 1761 5363; x_wconf 78' lang='grc' dir='ltr'><strong>τῇ</strong></span> 
     </span>
    </p>
   </div>
   <div class='ocr_carea' id='block_1_102' title="bbox 156 5382 1765 5454">
    <p class='ocr_par' dir='ltr' id='par_1_102' title="bbox 156 5382 1765 5454">
     <span class='ocr_line' id='line_1_102' title="bbox 156 5382 1765 5454; baseline -0.005 -11"><span class='ocrx_word' id='word_1_720' title='bbox 156 5387 444 5443; x_wconf 74' lang='grc' dir='ltr'>ὑποθέσει</span> <span class='ocrx_word' id='word_1_721' title='bbox 479 5385 576 5438; x_wconf 79' lang='grc' dir='ltr'>καὶ</span> <span class='ocrx_word' id='word_1_722' title='bbox 610 5383 785 5437; x_wconf 82' lang='grc' dir='ltr'>ταῦτα</span> <span class='ocrx_word' id='word_1_723' title='bbox 817 5382 1167 5454; x_wconf 72' lang='grc' dir='ltr'>παρατιθείςο</span> <span class='ocrx_word' id='word_1_724' title='bbox 1204 5383 1279 5446; x_wconf 85' lang='grc' dir='ltr'>ὡς</span> <span class='ocrx_word' id='word_1_725' title='bbox 1313 5383 1536 5451; x_wconf 84' lang='grc' dir='ltr'>γύναιον</span> <span class='ocrx_word' id='word_1_726' title='bbox 1572 5383 1765 5449; x_wconf 72' lang='grc' dir='ltr'>ίταμδν</span> 
     </span>
    </p>
   </div>
   <div class='ocr_carea' id='block_1_103' title="bbox 154 5473 1764 5545">
    <p class='ocr_par' dir='ltr' id='par_1_103' title="bbox 154 5473 1764 5545">
     <span class='ocr_line' id='line_1_103' title="bbox 154 5473 1764 5545; baseline -0.003 -13"><span class='ocrx_word' id='word_1_727' title='bbox 154 5481 271 5533; x_wconf 76' lang='grc' dir='ltr'><strong>ἀπὸ</strong></span> <span class='ocrx_word' id='word_1_728' title='bbox 326 5477 543 5545; x_wconf 81' lang='grc' dir='ltr'>πείρας</span> <span class='ocrx_word' id='word_1_729' title='bbox 592 5476 894 5545; x_wconf 78' lang='grc' dir='ltr'>ἀκολάστῳ</span> <span class='ocrx_word' id='word_1_730' title='bbox 918 5474 1193 5544; x_wconf 79' lang='grc' dir='ltr'>συνεζύγη</span> <span class='ocrx_word' id='word_1_731' title='bbox 1243 5473 1420 5544; x_wconf 82' lang='grc' dir='ltr'>ἀνδρί.</span> <span class='ocrx_word' id='word_1_732' title='bbox 1462 5473 1549 5536; x_wconf 83' lang='grc' dir='ltr'>Ὡς</span> <span class='ocrx_word' id='word_1_733' title='bbox 1592 5474 1648 5526; x_wconf 84' lang='grc' dir='ltr'>δὲ</span> <span class='ocrx_word' id='word_1_734' title='bbox 1703 5474 1764 5527; x_wconf 82' lang='grc' dir='ltr'><strong>τὸ</strong></span> 
     </span>
    </p>
   </div>
   <div class='ocr_carea' id='block_1_104' title="bbox 154 5566 1761 5640">
    <p class='ocr_par' dir='ltr' id='par_1_104' title="bbox 154 5566 1761 5640">
     <span class='ocr_line' id='line_1_104' title="bbox 154 5566 1761 5640; baseline -0.004 -14"><span class='ocrx_word' id='word_1_735' title='bbox 154 5574 305 5626; x_wconf 76' lang='grc' dir='ltr'>κατὰ</span> <span class='ocrx_word' id='word_1_736' title='bbox 349 5568 604 5640; x_wconf 82' lang='grc' dir='ltr'>Χριστόν</span> <span class='ocrx_word' id='word_1_737' title='bbox 636 5566 803 5621; x_wconf 88' lang='grc' dir='ltr'>ποθεν</span> <span class='ocrx_word' id='word_1_738' title='bbox 849 5567 991 5635; x_wconf 76' lang='grc' dir='ltr'>ἔγνω</span> <span class='ocrx_word' id='word_1_739' title='bbox 1032 5569 1359 5638; x_wconf 86' lang='grc' dir='ltr'>μυστήριον,</span> <span class='ocrx_word' id='word_1_740' title='bbox 1393 5568 1651 5636; x_wconf 84' lang='grc' dir='ltr'>σώφρονά</span> <span class='ocrx_word' id='word_1_741' title='bbox 1703 5583 1761 5619; x_wconf 85' lang='grc' dir='ltr'><strong>τε</strong></span> 
     </span>
    </p>
   </div>
   <div class='ocr_carea' id='block_1_105' title="bbox 154 5655 1763 5734">
    <p class='ocr_par' dir='ltr' id='par_1_105' title="bbox 154 5655 1763 5734">
     <span class='ocr_line' id='line_1_105' title="bbox 154 5655 1763 5734; baseline -0.005 -17"><span class='ocrx_word' id='word_1_742' title='bbox 154 5664 274 5734; x_wconf 82' lang='grc' dir='ltr'>βίον</span> <span class='ocrx_word' id='word_1_743' title='bbox 303 5660 628 5733; x_wconf 77' lang='grc' dir='ltr'>ἠσπάζετο,</span> <span class='ocrx_word' id='word_1_744' title='bbox 655 5660 752 5711; x_wconf 75' lang='grc' dir='ltr'>καὶ</span> <span class='ocrx_word' id='word_1_745' title='bbox 777 5659 870 5711; x_wconf 79' lang='grc' dir='ltr'>τὸν</span> <span class='ocrx_word' id='word_1_746' title='bbox 894 5658 1239 5729; x_wconf 80' lang='grc' dir='ltr'>ἄνδραοῦτω</span> <span class='ocrx_word' id='word_1_747' title='bbox 1275 5657 1425 5727; x_wconf 79' lang='grc' dir='ltr'>βιοῦν</span> <span class='ocrx_word' id='word_1_748' title='bbox 1464 5656 1673 5723; x_wconf 71' lang='grc' dir='ltr'>ἔπειθε,</span> <span class='ocrx_word' id='word_1_749' title='bbox 1702 5655 1763 5710; x_wconf 89' lang='grc' dir='ltr'>τό</span> 
     </span>
    </p>
   </div>
   <div class='ocr_carea' id='block_1_106' title="bbox 150 5749 1759 5827">
    <p class='ocr_par' dir='ltr' id='par_1_106' title="bbox 150 5749 1759 5827">
     <span class='ocr_line' id='line_1_106' title="bbox 150 5749 1759 5827; baseline -0.007 -16"><span class='ocrx_word' id='word_1_750' title='bbox 150 5773 213 5811; x_wconf 87' lang='grc' dir='ltr'><strong>τε</strong></span> <span class='ocrx_word' id='word_1_751' title='bbox 252 5755 473 5827; x_wconf 75' lang='grc' dir='ltr'>μέλλον</span> <span class='ocrx_word' id='word_1_752' title='bbox 511 5750 970 5822; x_wconf 83' lang='grc' dir='ltr'>ὑποσημαίνουσα</span> <span class='ocrx_word' id='word_1_753' title='bbox 1010 5751 1124 5821; x_wconf 77' lang='grc' dir='ltr'>πῦρ</span> <span class='ocrx_word' id='word_1_754' title='bbox 1164 5752 1277 5812; x_wconf 84' lang='grc' dir='ltr'>τοῖς</span> <span class='ocrx_word' id='word_1_755' title='bbox 1310 5749 1577 5819; x_wconf 74' lang='grc' dir='ltr'>ἀκολασίᾳ</span> <span class='ocrx_word' id='word_1_756' title='bbox 1610 5767 1759 5817; x_wconf 53' lang='lat' dir='ltr'><strong>me)-</strong></span> 
     </span>
    </p>
   </div>
   <div class='ocr_carea' id='block_1_107' title="bbox 152 5841 1761 5919">
    <p class='ocr_par' dir='ltr' id='par_1_107' title="bbox 152 5841 1761 5919">
     <span class='ocr_line' id='line_1_107' title="bbox 152 5841 1761 5919; baseline -0.005 -18"><span class='ocrx_word' id='word_1_757' title='bbox 152 5849 351 5919; x_wconf 80' lang='grc' dir='ltr'>μένοις</span> <span class='ocrx_word' id='word_1_758' title='bbox 386 5845 491 5900; x_wconf 78' lang='grc' dir='ltr'>καὶ</span> <span class='ocrx_word' id='word_1_759' title='bbox 522 5846 642 5909; x_wconf 83' lang='grc' dir='ltr'>ταῖς</span> <span class='ocrx_word' id='word_1_760' title='bbox 672 5844 889 5917; x_wconf 74' lang='grc' dir='ltr'>ἡδοναῖς</span> <span class='ocrx_word' id='word_1_761' title='bbox 920 5844 1301 5914; x_wconf 82' lang='grc' dir='ltr'>φλεγομένοις,</span> <span class='ocrx_word' id='word_1_762' title='bbox 1331 5844 1448 5896; x_wconf 74' lang='grc' dir='ltr'>ἐστι</span> <span class='ocrx_word' id='word_1_763' title='bbox 1480 5842 1524 5895; x_wconf 77' lang='grc' dir='ltr'>δ’</span> <span class='ocrx_word' id='word_1_764' title='bbox 1548 5844 1634 5893; x_wconf 80' lang='grc' dir='ltr'>ὅτε</span> <span class='ocrx_word' id='word_1_765' title='bbox 1667 5841 1761 5893; x_wconf 58' lang='lat' dir='ltr'><strong>xui</strong></span> 
     </span>
    </p>
   </div>
   <div class='ocr_carea' id='block_1_108' title="bbox 2226 5085 3083 5153">
    <p class='ocr_par' dir='ltr' id='par_1_108' title="bbox 2226 5085 3083 5153">
     <span class='ocr_line' id='line_1_108' title="bbox 2226 5085 3083 5153; baseline 0 -16"><span class='ocrx_word' id='word_1_766' title='bbox 2226 5086 2329 5137; x_wconf 77' lang='lat' dir='ltr'><strong>lari</strong></span> <span class='ocrx_word' id='word_1_767' title='bbox 2363 5086 2590 5153; x_wconf 58' lang='lat' dir='ltr'><strong>(modum</strong></span> <span class='ocrx_word' id='word_1_768' title='bbox 2616 5085 2791 5139; x_wconf 77' lang='lat' dir='ltr'><strong>libello</strong></span> <span class='ocrx_word' id='word_1_769' title='bbox 2827 5085 3083 5137; x_wconf 83' lang='lat' dir='ltr'><strong>meminit.</strong></span> 
     </span>
    </p>
   </div>
   <div class='ocr_carea' id='block_1_109' title="bbox 1945 5198 3446 5269">
    <p class='ocr_par' dir='ltr' id='par_1_109' title="bbox 1945 5198 3446 5269">
     <span class='ocr_line' id='line_1_109' title="bbox 1945 5198 3446 5269; baseline -0.003 -15"><span class='ocrx_word' id='word_1_770' title='bbox 1945 5199 2090 5254; x_wconf 91' lang='lat' dir='ltr'><strong>Idem</strong></span> <span class='ocrx_word' id='word_1_771' title='bbox 2123 5214 2256 5253; x_wconf 77' lang='lat' dir='ltr'><strong>vero</strong></span> <span class='ocrx_word' id='word_1_772' title='bbox 2285 5198 2337 5252; x_wconf 92' lang='lat' dir='ltr'><strong>in</strong></span> <span class='ocrx_word' id='word_1_773' title='bbox 2363 5198 2627 5269; x_wconf 78' lang='lat' dir='ltr'><strong>Apologia</strong></span> <span class='ocrx_word' id='word_1_774' title='bbox 2654 5214 2751 5253; x_wconf 90' lang='lat' dir='ltr'><strong>sua</strong></span> <span class='ocrx_word' id='word_1_775' title='bbox 2786 5198 3021 5254; x_wconf 88' lang='lat' dir='ltr'><strong>aliorum</strong></span> <span class='ocrx_word' id='word_1_776' title='bbox 3065 5213 3283 5268; x_wconf 87' lang='lat' dir='ltr'><strong>quoque</strong></span> <span class='ocrx_word' id='word_1_777' title='bbox 3316 5206 3446 5251; x_wconf 89' lang='lat' dir='ltr'><strong>ante</strong></span> 
     </span>
    </p>
   </div>
   <div class='ocr_carea' id='block_1_110' title="bbox 1870 5287 3446 5360">
    <p class='ocr_par' dir='ltr' id='par_1_110' title="bbox 1870 5287 3446 5360">
     <span class='ocr_line' id='line_1_110' title="bbox 1870 5287 3446 5360; baseline -0.003 -15"><span class='ocrx_word' id='word_1_778' title='bbox 1870 5305 1929 5345; x_wconf 88' lang='lat' dir='ltr'><strong>se</strong></span> <span class='ocrx_word' id='word_1_779' title='bbox 1966 5301 2267 5360; x_wconf 90' lang='lat' dir='ltr'><strong>martyrutn</strong></span> <span class='ocrx_word' id='word_1_780' title='bbox 2316 5289 2567 5342; x_wconf 87' lang='lat' dir='ltr'><strong>meminit</strong></span> <span class='ocrx_word' id='word_1_781' title='bbox 2619 5306 2633 5343; x_wconf 91' lang='lat'><strong>:</strong></span> <span class='ocrx_word' id='word_1_782' title='bbox 2680 5298 2737 5343; x_wconf 88' lang='lat' dir='ltr'><strong>et</strong></span> <span class='ocrx_word' id='word_1_783' title='bbox 2787 5297 3114 5356; x_wconf 88' lang='lat' dir='ltr'><strong>argumento</strong></span> <span class='ocrx_word' id='word_1_784' title='bbox 3166 5287 3446 5356; x_wconf 86' lang='lat' dir='ltr'><strong>proposito</strong></span> 
     </span>
    </p>
   </div>
   <div class='ocr_carea' id='block_1_111' title="bbox 1873 5380 3447 5454">
    <p class='ocr_par' dir='ltr' id='par_1_111' title="bbox 1873 5380 3447 5454">
     <span class='ocr_line' id='line_1_111' title="bbox 1873 5380 3447 5454; baseline -0.003 -17"><span class='ocrx_word' id='word_1_785' title='bbox 1873 5383 2261 5454; x_wconf 89' lang='lat' dir='ltr'><strong>percommode</strong></span> <span class='ocrx_word' id='word_1_786' title='bbox 2310 5382 2688 5445; x_wconf 72' lang='lat' dir='ltr'><strong>subservicns,</strong></span> <span class='ocrx_word' id='word_1_787' title='bbox 2723 5381 2854 5437; x_wconf 84' lang='lat' dir='ltr'><strong>illud</strong></span> <span class='ocrx_word' id='word_1_788' title='bbox 2885 5382 3051 5436; x_wconf 91' lang='lat' dir='ltr'><strong>etiam</strong></span> <span class='ocrx_word' id='word_1_789' title='bbox 3086 5380 3242 5435; x_wconf 87' lang='lat' dir='ltr'><strong>addit</strong></span> <span class='ocrx_word' id='word_1_790' title='bbox 3276 5398 3291 5434; x_wconf 89' lang='lat'><strong>:</strong></span> <span class='ocrx_word' id='word_1_791' title='bbox 3323 5397 3447 5433; x_wconf 83' lang='lat' dir='ltr'><strong>tnu-</strong></span> 
     </span>
    </p>
   </div>
   <div class='ocr_carea' id='block_1_112' title="bbox 1868 5471 3445 5535">
    <p class='ocr_par' dir='ltr' id='par_1_112' title="bbox 1868 5471 3445 5535">
     <span class='ocr_line' id='line_1_112' title="bbox 1868 5471 3445 5535; baseline -0.003 -6"><span class='ocrx_word' id='word_1_792' title='bbox 1868 5476 2153 5529; x_wconf 86' lang='lat' dir='ltr'><strong>lierculam</strong></span> <span class='ocrx_word' id='word_1_793' title='bbox 2205 5490 2389 5529; x_wconf 87' lang='lat' dir='ltr'><strong>rerum</strong></span> <span class='ocrx_word' id='word_1_794' title='bbox 2440 5474 2705 5527; x_wconf 88' lang='lat' dir='ltr'><strong>malarum</strong></span> <span class='ocrx_word' id='word_1_795' title='bbox 2761 5488 2859 5527; x_wconf 90' lang='lat' dir='ltr'><strong>usu</strong></span> <span class='ocrx_word' id='word_1_796' title='bbox 2907 5473 3277 5535; x_wconf 89' lang='lat' dir='ltr'><strong>temerariam,</strong></span> <span class='ocrx_word' id='word_1_797' title='bbox 3327 5471 3445 5524; x_wconf 85' lang='lat' dir='ltr'><strong>viro</strong></span> 
     </span>
    </p>
   </div>
   <div class='ocr_carea' id='block_1_113' title="bbox 1869 5561 3442 5634">
    <p class='ocr_par' dir='ltr' id='par_1_113' title="bbox 1869 5561 3442 5634">
     <span class='ocr_line' id='line_1_113' title="bbox 1869 5561 3442 5634; baseline -0.002 -15"><span class='ocrx_word' id='word_1_798' title='bbox 1869 5565 2059 5619; x_wconf 76' lang='lat' dir='ltr'><strong>itidem</strong></span> <span class='ocrx_word' id='word_1_799' title='bbox 2124 5565 2408 5618; x_wconf 81' lang='lat' dir='ltr'><strong>luxurioso</strong></span> <span class='ocrx_word' id='word_1_800' title='bbox 2455 5565 2699 5634; x_wconf 85' lang='lat' dir='ltr'><strong>junctam</strong></span> <span class='ocrx_word' id='word_1_801' title='bbox 2761 5564 2951 5618; x_wconf 83' lang='lat' dir='ltr'><strong>fuisse.</strong></span> <span class='ocrx_word' id='word_1_802' title='bbox 3012 5561 3085 5616; x_wconf 85' lang='lat' dir='ltr'><strong>Ut.</strong></span> <span class='ocrx_word' id='word_1_803' title='bbox 3134 5574 3317 5616; x_wconf 89' lang='lat' dir='ltr'><strong>autem</strong></span> <span class='ocrx_word' id='word_1_804' title='bbox 3378 5576 3442 5617; x_wconf 83' lang='lat' dir='ltr'><strong>ea</strong></span> 
     </span>
    </p>
   </div>
   <div class='ocr_carea' id='block_1_114' title="bbox 1867 5651 3444 5727">
    <p class='ocr_par' dir='ltr' id='par_1_114' title="bbox 1867 5651 3444 5727">
     <span class='ocr_line' id='line_1_114' title="bbox 1867 5651 3444 5727; baseline -0.004 -18"><span class='ocrx_word' id='word_1_805' title='bbox 1867 5657 2155 5727; x_wconf 88' lang='lat' dir='ltr'><strong>mysticam</strong></span> <span class='ocrx_word' id='word_1_806' title='bbox 2204 5655 2410 5710; x_wconf 85' lang='lat' dir='ltr'><strong>Christi</strong></span> <span class='ocrx_word' id='word_1_807' title='bbox 2460 5656 2857 5725; x_wconf 76' lang='lat' dir='ltr'><strong>professionem</strong></span> <span class='ocrx_word' id='word_1_808' title='bbox 2905 5652 3161 5708; x_wconf 89' lang='lat' dir='ltr'><strong>alicunde</strong></span> <span class='ocrx_word' id='word_1_809' title='bbox 3200 5651 3444 5721; x_wconf 78' lang='lat' dir='ltr'><strong>perdidi—</strong></span> 
     </span>
    </p>
   </div>
   <div class='ocr_carea' id='block_1_115' title="bbox 1867 5741 3441 5813">
    <p class='ocr_par' dir='ltr' id='par_1_115' title="bbox 1867 5741 3441 5813">
     <span class='ocr_line' id='line_1_115' title="bbox 1867 5741 3441 5813; baseline -0.003 -14"><span class='ocrx_word' id='word_1_810' title='bbox 1867 5747 1966 5808; x_wconf 87' lang='lat' dir='ltr'><strong>cit,</strong></span> <span class='ocrx_word' id='word_1_811' title='bbox 2001 5760 2127 5798; x_wconf 88' lang='lat' dir='ltr'><strong>cum</strong></span> <span class='ocrx_word' id='word_1_812' title='bbox 2171 5746 2341 5813; x_wconf 63' lang='lat' dir='ltr'><strong>ipsam</strong></span> <span class='ocrx_word' id='word_1_813' title='bbox 2378 5746 2716 5801; x_wconf 76' lang='lat' dir='ltr'><strong>moderatam</strong></span> <span class='ocrx_word' id='word_1_814' title='bbox 2750 5744 3241 5811; x_wconf 84' lang='lat' dir='ltr'><strong>continentemque</strong></span> <span class='ocrx_word' id='word_1_815' title='bbox 3274 5741 3441 5794; x_wconf 79' lang='lat' dir='ltr'><strong>vitam</strong></span> 
     </span>
    </p>
   </div>
   <div class='ocr_carea' id='block_1_116' title="bbox 1866 5836 3439 5910">
    <p class='ocr_par' dir='ltr' id='par_1_116' title="bbox 1866 5836 3439 5910">
     <span class='ocr_line' id='line_1_116' title="bbox 1866 5836 3439 5910; baseline -0.004 -15"><span class='ocrx_word' id='word_1_816' title='bbox 1866 5839 2207 5910; x_wconf 71' lang='lat' dir='ltr'><strong>Clllllplt‘Xillll</strong></span> <span class='ocrx_word' id='word_1_817' title='bbox 2256 5854 2398 5903; x_wconf 84' lang='lat' dir='ltr'><strong>c-sc,</strong></span> <span class='ocrx_word' id='word_1_818' title='bbox 2438 5847 2549 5893; x_wconf 87' lang='lat' dir='ltr'><strong>tum</strong></span> <span class='ocrx_word' id='word_1_819' title='bbox 2600 5839 2747 5896; x_wconf 72' lang='lat' dir='ltr'><strong>idem</strong></span> <span class='ocrx_word' id='word_1_820' title='bbox 2802 5852 3024 5907; x_wconf 89' lang='lat' dir='ltr'><strong>quoque</strong></span> <span class='ocrx_word' id='word_1_821' title='bbox 3066 5836 3263 5890; x_wconf 86' lang='lat' dir='ltr'><strong>marito</strong></span> <span class='ocrx_word' id='word_1_822' title='bbox 3315 5848 3439 5889; x_wconf 80' lang='lat' dir='ltr'><strong>sua-</strong></span> 
     </span>
    </p>
   </div>
  </div>
