4202 6444
221 387 339 454 965
1156 389 1767 450 ECCLESIASTICIE
1803 387 2193 450 HISTORIA;
2236 390 2384 451 LIB.
2433 390 2548 454 ΙΙΙ.
3371 397 3478 464 966

218 507 320 573 τὴν
347 503 586 560 κόλασιν.
617 506 780 560 Ταῦτ’
805 504 996 571 εἰπὼν,
1030 505 1226 572 ἐπάγει
1259 505 1438 572 ἇσπερ
1469 503 1677 557 ἄνωθεν
1707 503 1805 554 αὐ-

1915 503 1986 557 ris
2021 503 2190 558 tilium
2227 504 2638 575 philosophum.
2687 504 2804 560 Non
2852 505 2945 567 ita.
2987 514 3044 560 ut
3074 521 3231 562 sacro
3263 513 3479 565 setratui

217 597 316 650 τοῦ
348 599 533 666 φωνὰς
555 600 928 669 κατελέξαμεν
954 615 968 631 ο
1003 618 1020 651 ι
1053 597 1226 666 Κάγὼ
1253 597 1346 650 οὖν
1377 595 1660 666 προσδοκῶ
1690 594 1796 648 ὑπό

1915 594 2182 657 convenit,
2215 595 2357 665 judit
2373 609 2452 659 as,
2489 594 2698 650 Urbici.
2733 595 2801 650 Et
2836 596 2924 650 ille
2954 611 3061 649 non
3100 596 3249 651 aliud
3279 597 3345 652 ad
3374 596 3485 653 Lu-

219 705 368 752 τινος
407 689 516 742 τῶν
563 691 976 762 ὠνομασμένων
1026 688 1508 758 δπιὸουλευθῆναι,
1534 707 1553 740 ι
1593 689 1688 740 καὶ
1729 687 1799 739 τὰ

1915 685 2050 740 tium
2082 685 2244 748 dixit,
2279 703 2443 758 quam
2476 703 2602 742 eum
2638 704 2859 758 quoque
2889 691 3050 743 talem
3075 689 3203 756 sibi,
3235 691 3326 760 qui
3355 691 3483 746 hac-

218 775 372 844 ἑξῆς.
405 777 582 832 Πολλὰ
619 779 675 833 δὲ
706 781 801 833 καὶ
841 797 995 842 ουτος
1038 779 1186 841 θείας
1221 778 1316 831 καὶ
1355 777 1799 847 πεπαιδευμένης

1915 788 2070 833 lenus
2113 780 2386 843 latuisset,
2442 781 2642 835 videri.
2705 783 2873 852 ldque
2927 783 3020 839 ille
3070 799 3195 839 cum
3245 785 3482 840 maxime

216 867 393 931 ὅντως
421 870 602 942 ψυχῆς
632 873 1024 926 καταλέλοιπεν
1056 872 1448 941 ὑπομνήματα,
1477 870 1655 939 πάσης
1685 871 1802 921 θεο-

1915 885 2300 937 asseverasset,
2339 876 2538 930 abduci
2575 892 2700 930 eum
2751 879 2912 932 simul
2961 878 3245 949 prmeepit.
3279 879 3379 932 Cui
3422 894 3482 934 se

220 962 420 1031 σοφίας
467 965 562 1018 καὶ
612 966 924 1035 ὑπερτέρας
969 964 1223 1030 γνώσεως
1276 962 1522 1031 ἐμπλεω·
1566 963 1697 1032 περὶ
1727 957 1802 1016 ὧν

1915 966 2134 1033 gratiam
2162 981 2382 1037 quoque
2416 969 2506 1021 ille
2547 969 2750 1024 debere
2790 970 3072 1039 professus
3100 983 3184 1027 est
3217 985 3287 1027 :a
3323 973 3483 1027 malis

217 1054 281 1107 ἐν
309 1055 390 1124 τῷ
429 1056 568 1125 μετὰ
599 1056 789 1110 τοῦτον
817 1058 1094 1126 ἑγκαίρως
1125 1055 1280 1125 τόμῳ
1309 1053 1705 1124 διαληψόμεθα.

1915 1055 2112 1124 quippe
2144 1056 2386 1113 dominis
2425 1074 2482 1113 se
2512 1059 2756 1124 liberari,
2789 1070 2844 1116 et
2878 1063 2943 1116 ad
2982 1062 3149 1117 Deum
3180 1063 3396 1120 Patrem
3428 1077 3484 1118 et

221 1160 410 1217 regem
441 1148 711 1217 optimum
744 1149 1004 1204 transire.
1037 1147 1117 1202 Ad
1145 1162 1285 1217 quos
1321 1148 1518 1202 tertius
1552 1147 1693 1200 alius
1721 1145 1912 1200 itidem
1979 1149 2234 1216 accessit,
2301 1152 2354 1204 in
2384 1167 2550 1221 quem
2620 1155 2896 1224 supplicio
2927 1172 3150 1226 quoque
3177 1168 3262 1212 est
3303 1158 3486 1212 anim-

218 1245 544 1300 adversum.
575 1246 672 1302 His
699 1246 777 1302 ita
805 1246 1269 1310 commemoratis,
1305 1242 1557 1298 Justinus
1587 1256 1652 1296 ea
1721 1258 1842 1312 qua:
1882 1258 2046 1313 supra
2090 1249 2469 1315 exposuimus,
2504 1250 2728 1322 subjicit
2771 1252 2937 1306 verba
2970 1269 2984 1306 :
3060 1271 3078 1304 ι
3118 1255 3230 1325 Ego
3262 1255 3483 1326 quidem

221 1338 459 1394 insidias
489 1347 546 1394 et
576 1339 913 1394 fustuarium
960 1348 1241 1409 exspecto,
1281 1357 1299 1389 ι
1331 1346 1442 1392 etc.
1483 1336 1649 1390 Multa
1698 1351 1829 1391 vero
1870 1337 1915 1390 is
1953 1354 2196 1409 quoque,
2226 1339 2413 1396 divina
2455 1344 2629 1413 probe
2669 1345 2972 1407 instructus
3007 1348 3282 1416 doctrina,
3313 1348 3487 1404 edidit

221 1433 460 1506 scripta,
495 1435 704 1490 cmlesti
740 1435 1011 1506 sapientia
1047 1449 1418 1506 supremaque
1487 1434 1720 1491 scicntia
1768 1434 1994 1489 referta.
2065 1437 2142 1492 De
2187 1438 2391 1508 quibus
2433 1439 2487 1493 in
2535 1455 2602 1494 eo
2644 1442 2738 1511 qui
2784 1442 3039 1514 sequitur
3087 1454 3261 1511 temo,
3330 1460 3484 1502 com-

223 1529 393 1586 mode
423 1531 694 1588 dicemus.

806 1633 1062 1702 Ksc'AA.
1105 1646 1226 1700 AA'.

427 1760 568 1830 Περὶ
593 1758 712 1814 τῶν
739 1759 809 1813 ἐν
858 1759 1030 1826 Ἀσίᾳ
1057 1755 1597 1828 μαρτιφησάντων.

2442 1641 2668 1698 CAPUT
2708 1643 2951 1700 XXXIV.

2014 1747 2091 1804 De
2120 1747 2264 1814 aliis,
2293 1752 2384 1820 qui
2415 1751 2470 1803 in
2500 1751 2626 1804 Asia
2657 1754 2916 1824 martyrio
2939 1763 3065 1807 sunt
3094 1756 3375 1826 perfuncti.

299 1874 538 1936 Πολλοὺς
571 1873 628 1927 δὲ
662 1871 758 1926 καὶ
789 1872 986 1934 ἄλλους
1021 1872 1304 1942 μάρτυρας
1332 1870 1489 1938 λόγος
1519 1870 1631 1940 ἔχει
1663 1868 1802 1922 κατὰ

1975 1862 2176 1918 Multos
2203 1879 2335 1918 vero
2356 1873 2410 1920 et
2443 1864 2581 1920 alios
2609 1878 2878 1938 martyres
2912 1869 2964 1923 in
2992 1869 3116 1924 Asia
3148 1869 3317 1926 fuisse
3352 1887 3486 1926 con-

217 1964 327 2036 τὴν
362 1965 551 2018 Ἀσίαν
599 1963 982 2032 ινδιαπρέψαι,
1015 1964 1108 2014 καὶ
1142 1962 1310 2032 πρινὴ
1345 1963 1572 2030 Μάρκον
1619 1962 1802 2032 Αὐρή-

219 2060 344 2112 λιον
388 2057 728 2120 ’Δντωνῖνον,
789 2056 895 2108 ὑπὸ
934 2053 1222 2108 Ἰουστίνου
1271 2055 1366 2109 καί
1419 2072 1581 2108 τινων
1625 2055 1805 2108 ἄλλων

221 2147 679 2220 παρακληθέντα,
713 2146 790 2215 τῷ
820 2145 985 2215 κοινῷ
1017 2145 1118 2213 τῆς
1157 2145 1343 2208 Ἀσίας
1379 2144 1706 2211 ἐπιστεῖλαι,
1740 2147 1807 2215 ἡν

224 2240 338 2312 πρὸ
391 2240 627 2311 βραχέος
688 2237 856 2292 αὑτοῦ
915 2238 1206 2308 ὶπιστολὴν
1268 2239 1650 2308 παρεθέμεθα,
1710 2241 1806 2293 καὶ

223 2332 439 2386 παῦσαι
471 2331 564 2384 τὸν
598 2329 858 2400 διωγμόν·
889 2330 977 2382 ὅτε
1029 2330 1307 2399 μεγίστων
1346 2321 1616 2399 κινήσεώς
1663 2330 1808 2382 κατὰ

223 2423 331 2494 τὴν
364 2423 550 2477 Ἀσίαν
575 2422 983 2492 γεγενημένων,
1014 2422 1112 2474 σὺν
1143 2419 1324 2489 πολλῷ
1355 2419 1570 2491 Θορύσῳ
1595 2422 1688 2473 καὶ
1715 2419 1807 2472 τὸν

225 2516 497 2586 ὁμιλητὴν
523 2516 634 2568 τῶν
661 2515 978 2567 ἀποστόλων
1001 2513 1382 2584 Πολύκαρπον,
1410 2513 1485 2582 τῷ
1519 2515 1807 2584 μαρτυρίῳ

225 2607 593 2677 τελειωθῆναι
626 2623 812 2676 φασιν
836 2606 895 2668 ὃς
931 2607 1073 2675 μετὰ
1100 2606 1191 2658 τὸν
1227 2605 1646 2675 θαυματουργὸν
1681 2607 1811 2658 Βου-

227 2702 390 2754 κόλον
412 2700 508 2770 τῆς
536 2698 865 2769 Σμυρναίων
893 2697 1194 2765 ικκλησίας
1223 2697 1490 2765 ἡγήσατο’
1519 2695 1612 2747 καὶ
1641 2695 1808 2748 εἰσέτι

229 2792 279 2846 δ’
305 2793 604 2861 ἐγγράφως
654 2792 714 2843 τὸ
771 2791 1078 2860 μαρῖύριον
1125 2789 1293 2843 αὑτοῦ
1328 2789 1575 2857 φέρεται·
1613 2781 1673 2840 οὗ
1715 2789 1810 2840 καί

229 2903 358 2938 τινα
383 2887 449 2952 τῇ
475 2883 728 2953 παρούσῃ
755 2883 976 2946 ἐντάξαι
1004 2884 1190 2951 γραφῇ
1220 2883 1520 2947 ἀναγκαῖον
1547 2877 1689 2932 είναί
1721 2896 1810 2948 μοι

232 2975 510 3046 φαίνεται.
528 2975 594 3028 Ἠ
616 2975 670 3027 δὲ
699 2974 908 3045 γραφὴ,
934 2976 998 3028 ὲκ
1025 2973 1324 3043 προσώπου
1345 2969 1412 3043 ἦς
1439 2973 1600 3034 αὐτὸς
1624 2975 1812 3040 ἠγεῖτο

232 3070 381 3123 κατὰ.
414 3068 513 3138 τὴν
559 3066 744 3120 Ἀσίαν
787 3065 1083 3136 ἐκκλησίας
1116 3066 1254 3128 ἐστὶ,
1287 3067 1408 3127 ταῖς
1440 3066 1580 3116 κατὰ
1612 3065 1812 3116 Πόντον

235 3161 559 3232 παροικίαις
595 3162 666 3214 τα
716 3160 852 3230 πρὸς
886 3158 962 3228 τῷ
1010 3157 1156 3210 τέλει
1195 3156 1373 3226 τούτῳ
1411 3157 1678 3226 γενόμενα
1712 3157 1811 3225 ὲμ⁹

235 3255 387 3325 φανῆ
416 3252 754 3308 καθιοτῶσαο
785 3253 930 3319 λέγει
957 3250 1015 3303 δὲ
1041 3250 1234 3313 οὓτως·

237 3347 379 3401 Θεοῦ
429 3349 464 3414 ἠ
520 3345 862 3415 παροικοῦσα
913 3345 1195 3411 Σμύρναν,
1255 3345 1320 3413 τῇ
1364 3341 1664 3412 Ἐκκλησία
1721 3340 1815 3393 τοῦ

238 3439 380 3495 Θεοῦ
409 3443 476 3510 τῇ
510 3437 851 3508 παροικούσῃ
879 3438 936 3489 ὲν
968 3434 1303 3504 Φιλομηλίῳ,
1339 3435 1434 3486 καὶ
1461 3435 1667 3496 πάσαις
1695 3435 1817 3497 ταῖς

239 3533 387 3586 κατὰ
433 3532 615 3584 πάντα
678 3529 865 3588 τόπον,
919 3526 1084 3594 ἁγίας
1141 3523 1441 3593 καθολικῆς
1492 3524 1818 3592 Ἐκκλησίας

242 3623 583 3690 παροικίαις.
613 3620 779 3682 ἔλεος,
818 3620 1032 3689 εἰρήνη,
1062 3618 1156 3670 καὶ
1189 3618 1378 3687 ἀγάπη
1411 3615 1547 3669 Θεοῦ
1583 3616 1816 3686 Πατρδς,

245 3717 341 3768 καὶ
365 3714 573 3782 Κυρίου
596 3709 753 3782 ήμῶν
785 3710 960 3780 Ἰησοῦ
985 3709 1225 3780 Χριστοῦ
1249 3709 1606 3780 πληθυνθείη.
1626 3709 1821 3778 Ἐγρά-

242 3807 430 3877 ψαμεν
463 3807 615 3874 ὑμῖν,
641 3804 884 3873 ἀδελφοὶ,
918 3805 986 3855 τὰ
1017 3803 1158 3856 κατὰ
1200 3804 1326 3864 τοὺς
1360 3805 1819 3872 μαρτυρήσαντας

243 3906 342 3956 καὶ
386 3903 478 3953 τὸν
530 3901 800 3968 μακάριον
846 3896 1226 3970 Πολύκαρπονο
1257 3897 1407 3958 ὅστις
1463 3898 1653 3964 ὥσπερ
1703 3896 1822 3946 ἐπι-

247 3992 565 4061 σφραγίσας
617 3991 704 4044 διὰ
749 3988 851 4055 τῆς
903 3988 1216 4057 μαρτυρίας
1265 3985 1455 4049 αὑτοῦ,
1507 3987 1822 4038 κατέπαυσε

243 4086 339 4138 τὸν
364 4084 624 4152 διωγμόνο
663 4083 757 4135 καὶ
795 4082 1053 4151 ἄρχονται
1089 4096 1152 4148 γε
1189 4079 1350 4140 εὐθὺς
1388 4079 1492 4147 πρὸ
1525 4077 1616 4131 τοῦ
1648 4079 1822 4132 Πολυ-

244 4179 467 4247 κάρπου
515 4177 629 4229 τῶν
680 4174 855 4231 ἄλλων
912 4173 1211 4243 μαρτύρων
1268 4171 1645 4241 θαυμάζοντες
1695 4173 1822 4234 τοὺς

247 4272 473 4332 ἄθλους,
505 4270 654 4332 ὅπως
685 4266 1033 4335 κατέπληξαν
1078 4269 1190 4327 τοῖς
1221 4264 1408 4328 ἄθλοις
1437 4265 1564 4326 τοὺς
1611 4263 1822 4332 θεωμέ-

246 4381 403 4426 νους.
430 4362 588 4423 Τινὲς
621 4362 720 4431 μὲν
743 4361 853 4431 γὰρ
874 4360 1056 4414 αὐτῶν
1087 4358 1233 4412 οὕτω
1264 4359 1382 4418 ταῖς
1410 4357 1631 4426 μάστιξι
1662 4355 1824 4427 μέχρι

247 4460 361 4511 τῶν
409 4457 706 4510 ὲνδοτὰτων
757 4455 968 4523 φλεϐῶν
1001 4470 1060 4506 τε
1111 4452 1206 4505 καὶ
1256 4453 1536 4522 ἀρτηριῶν
1570 4451 1824 4513 κατεξαί-

249 4567 429 4613 νοντο,
463 4548 536 4612 ὡς
570 4547 663 4600 καὶ
695 4548 764 4600 τὰ
804 4548 862 4598 ἐν
899 4549 1086 4616 μυχοῖς
1122 4545 1409 4616 ἀπόρρητα
1441 4544 1534 4596 τοῦ
1573 4542 1822 4612 σώματος

251 4643 439 4697 αὐτῶν
490 4641 628 4711 μέλη
691 4641 785 4692 καὶ
837 4640 1123 4708 σπλάγχνα
1170 4637 1626 4691 κατοπτεύεσθαι·
1676 4637 1824 4691 ἄλλοι

255 4733 461 4804 κήρυξι
511 4734 622 4795 τοῖς
669 4731 778 4784 ἀπὸ
829 4730 1103 4798 θαλάσσης
1151 4731 1245 4784 καὶ
1293 4730 1475 4792 ἄλλοις
1524 4729 1826 4791 ὀϐελίσκοις

253 4829 406 4892 ὀξέσι
453 4827 594 4879 κατὰ
627 4823 731 4892 γῆς
764 4824 1216 4894 στρωννυμένοις·
1251 4824 1345 4874 καὶ
1379 4823 1576 4884 αὐτοὺς
1623 4820 1828 4874 ἄνωθεν

254 4915 639 4986 ἐπισύρεσθαι·
685 4913 803 4967 εἶτα
835 4914 921 4965 διὰ
971 4913 1272 4966 κακώσεων
1301 4912 1568 4965 πλείστων
1605 4912 1699 4964 καὶ
1729 4911 1826 4980 βα-

259 5009 443 5061 σάνων
473 5007 746 5058 παντοίων
775 5004 872 5054 καὶ
901 4999 1290 5072 στρεὸλώσεων
1321 5001 1645 5069 προϊόντων,
1678 4999 1829 5061 τέλος

257 5099 456 5168 θηρσὶν
502 5098 583 5161 είς
628 5096 795 5166 βορὰν
842 5093 1302 5166 ἁπορρίπτεσθαι.
1329 5093 1464 5145 Φασί
1517 5109 1577 5159 γε
1620 5092 1724 5162 μὴν
1770 5087 1829 5144 εὖ

259 5191 406 5261 μάλα
427 5189 505 5259 τῷ
530 5187 816 5258 μαρτυρίῳ
839 5186 1135 5255 διαπρέψαι
1161 5185 1522 5254 Γερμανικὸν,
1549 5187 1834 5253 ὑπερῤων-

258 5286 430 5336 νὺντα
473 5284 571 5333 σὺν
606 5279 724 5348 θείᾳ
773 5278 956 5347 χάριτι
1009 5278 1112 5344 τὴν
1159 5275 1402 5345 ἔμφυτον
1450 5274 1546 5327 τοῦ
1583 5275 1833 5344 σώματος

260 5376 396 5446 περὶ
428 5374 519 5427 τὸν
567 5373 800 5426 θάνατον
839 5369 1060 5423 δειλίαν.
1099 5370 1204 5422 Τοῦ
1252 5369 1297 5421 δ’
1327 5370 1644 5422 ἀνθυπάτου
1696 5370 1836 5421 ύπά-

259 5470 462 5539 γεσθαι
494 5467 684 5519 τοῦτον
716 5465 1063 5534 βουλομένου,
1097 5465 1192 5515 καὶ
1215 5464 1273 5514 τὸ
1304 5465 1500 5534 κομιδῇ
1537 5462 1627 5514 τοῦ
1654 5462 1836 5531 σῶμα·

260 5579 356 5622 τος
381 5563 618 5630 ἀκμαῖον
657 5563 754 5610 σὺν
786 5557 904 5627 ὥρᾳ
940 5557 1106 5623 φειδώ
1135 5573 1257 5608 τινα
1289 5556 1430 5624 ἔχειν
1458 5556 1834 5623 προὸαλλομέ·

259 5671 381 5718 νου,
418 5655 492 5721 μὴ
524 5649 789 5719 μελλῆσαι
814 5648 904 5698 τὸν
937 5647 1082 5716 ίερδν
1115 5648 1354 5709 νεανίαν,
1380 5646 1512 5697 ἀλλὰ
1543 5646 1834 5713 προθύμως

259 5747 323 5799 τὸ
357 5745 546 5814 θηρίον
577 5743 656 5804 είς
687 5744 878 5795 ἑαυτὸν
921 5740 1356 5802 ὲπισπάσασϐαι,
1392 5738 1673 5806 μονονουχὶ
1717 5738 1838 5806 βίαν

260 5841 544 5906 ιπάγοντα
597 5840 688 5892 καὶ
725 5837 1119 5906 παροξύνοντα,
1151 5835 1221 5896 ὡς
1281 5835 1344 5886 ἄν
1393 5851 1453 5902 γε
1507 5832 1694 5901 τάχιον
1747 5833 1839 5884 τοῦ

1906 1963 2034 2020 stat,
2059 1958 2378 2028 priusquam
2407 1955 2622 2014 Marcus
2652 1961 2907 2016 Aurelius
2924 1963 3258 2023 Antoninus.
3281 1964 3487 2021 Justini

1906 2050 2254 2120 aliorumque
2299 2051 2743 2106 Christianorum
2789 2055 2991 2109 libellis
3025 2067 3329 2126 permotus.
3364 2058 3486 2129 cpi-

1906 2142 2068 2207 stola,
2095 2157 2257 2212 quam
2289 2145 2452 2213 paulo
2478 2155 2604 2198 ante
2639 2147 2952 2210 retulimus,
2981 2146 3048 2200 ad
3085 2148 3227 2201 Asiae
3254 2149 3488 2218 populos

1908 2239 2095 2302 missa,
2147 2239 2588 2306 persecutionem
2633 2240 2883 2294 cohibuit
2923 2255 2937 2294 :
2976 2257 3085 2310 quo
3141 2251 3386 2313 tempore
3433 2243 3485 2296 in

1909 2331 2167 2384 maximis
2200 2329 2340 2384 Asia
2367 2331 2608 2385 motibus
2635 2342 2688 2385 et
2721 2332 2927 2400 ingenti
2964 2335 3230 2397 tumultu,
3263 2347 3490 2404 aposto-

1908 2424 2089 2478 lorum
2118 2434 2360 2477 sectator
2387 2423 2725 2494 Polyc:rrpus
2749 2427 3012 2496 martyrio
3040 2437 3124 2481 cst
3152 2426 3445 2484 defunctus
3463 2437 3483 2484 ’ζ

1909 2517 2003 2585 qui
2043 2529 2165 2587 post
2196 2517 2459 2571 Bucolurn
2495 2519 2950 2574 admirandorum
2996 2535 3227 2590 operum
3262 2521 3491 2578 eﬂ'ecto-

1911 2624 2064 2672 rem,
2115 2607 2523 2679 Smyrnteorum
2576 2609 2823 2663 ecclesiae
2877 2609 3112 2679 praefuit.
3169 2609 3486 2683 Martyrium

1909 2712 2047 2750 vero
2077 2698 2219 2766 ejus,
2265 2699 2318 2751 in
2363 2699 2572 2767 scripto
2619 2700 2783 2753 hodie
2819 2715 3041 2769 quoque
3075 2701 3486 2766 circumfertur,

1911 2789 2057 2858 quod
2091 2790 2146 2842 in
2182 2804 2421 2861 persona
2448 2791 2567 2860 ejus
2599 2807 2762 2858 quam
2807 2793 2859 2845 in
2886 2793 3014 2847 Asia
3048 2793 3189 2847 rexit
3221 2793 3488 2859 ecclesiae,

1911 2881 1978 2933 ad
2032 2882 2295 2936 ecclesias
2345 2882 2506 2935 Ponti
2559 2883 2792 2946 editum,
2832 2894 3142 2938 extremum
3194 2886 3314 2955 ejus
3366 2888 3491 2940 vitae

1913 2980 2098 3024 actum
2145 2972 2292 3024 clare
2341 2971 2587 3038 exponit.
2627 2972 2777 3027 Unde
2811 2973 2997 3041 aliqua
3039 2985 3229 3028 nostro
3271 2989 3493 3044 quoque

1913 3065 2066 3132 operi
2101 3065 2347 3118 inserere
2381 3065 2605 3132 placuit.
2645 3065 2822 3118 Verba
2849 3069 2967 3136 ejus
3017 3067 3132 3120 lraac
3172 3077 3341 3121 sunt:
3393 3069 3493 3122 Ec-

1915 3155 2081 3209 clesia
2127 3157 2220 3221 Dei
2269 3172 2391 3224 qua:
2440 3157 2686 3227 Smyrna:
2735 3168 2841 3220 est,
2878 3159 3036 3228 271
3084 3160 3341 3214 Ecclesia:
3373 3160 3492 3215 ‘Dei

1313 3248 1373 3302 Ἦ
1419 3249 1586 3319 ἑκκλη
1598 3249 1687 3301 σία
1713 3248 1807 3301 τοῦ

1917 3247 2059 3316 apud
2094 3247 2499 3313 Philourelium,
2529 3250 2892 3318 omnibusque
2923 3253 3128 3319 ubique
3164 3262 3370 3306 sanctae
3404 3268 3493 3307 ca-

1922 3340 2137 3392 tholica:
2175 3339 2431 3393 Ecclesia:
2474 3341 2765 3409 parare-iis,
2799 3343 3216 3406 misericordia,
3266 3359 3399 3413 pax.
3439 3353 3496 3399 et

1921 3431 2161 3486 cbaritas
2210 3432 2300 3485 Dei
2341 3431 2540 3496 Patris,
2572 3443 2627 3486 et
2669 3433 2882 3486 Domini
2920 3437 3093 3489 nostri
3124 3435 3254 3489 Jesu
3287 3435 3492 3490 Christi

1920 3524 2340 3592 multiplicetur.
2376 3525 2711 3594 Scripsimus
2763 3527 2944 3593 vobis,
2982 3529 3200 3591 fratres,
3241 3530 3309 3582 de
3354 3543 3498 3581 mar-

1924 3615 2157 3685 tyribus,
2191 3623 2246 3668 et
2288 3617 2445 3669 beato
2491 3617 2792 3686 PolyCarpo
2827 3636 2839 3670 :
2875 3620 2967 3686 qui
3006 3618 3172 3672 veluti
3213 3619 3497 3688 signaculo

1921 3721 2158 3774 quouarn
2193 3706 2485 3774 impresso,
2521 3723 2621 3777 per
2672 3711 2994 3778 martyrium
3042 3725 3201 3763 suum
3244 3727 3501 3780 persecu-

1925 3799 2130 3853 tionem
2168 3801 2442 3855 cobibuit.
2477 3799 2544 3853 Et
2575 3800 2794 3854 irtitiurn
2825 3802 3101 3856 scribendi
3135 3803 3345 3856 faciunt
3372 3814 3499 3857 ante

1923 3891 2308 3961 Polycarpunr,
2341 3891 2409 3945 de
2441 3893 2777 3962 martyribus
2822 3894 2966 3957 aliis,
2998 3911 3235 3964 quorum
3280 3896 3498 3965 egregia

1925 3982 2269 4036 admirantur
2299 3986 2624 4050 certamina,
2646 3987 2848 4054 quibus
2870 3986 2963 4039 alii
2988 3986 3131 4056 apud
3158 3996 3500 4055 spectatores

1924 4087 2211 4144 stuporem
2242 4077 2578 4130 excitarunt.
2606 4077 2840 4142 Quidam
2883 4093 3077 4132 eorum
3115 4079 3187 4132 ira
3219 4077 3403 4148 ﬂagris
3432 4077 3499 4130 ad

1927 4168 2220 4223 interiores
2260 4183 2438 4238 usque
2467 4185 2635 4223 venas
2666 4183 2718 4224 et
2753 4171 2985 4223 arterias
3015 4181 3144 4224 srrnt
3169 4171 3318 4236 caesi,
3350 4184 3410 4225 ut
3447 4173 3502 4224 in

1925 4262 2125 4315 abditis
2152 4262 2363 4315 sinibus
2392 4272 2599 4316 secreta
2623 4262 2869 4330 corporis
2897 4265 3141 4317 rnerrrbra
3173 4275 3228 4318 et
3267 4263 3380 4332 ipsa
3422 4265 3504 4317 vi-

1926 4367 2081 4408 scera
2113 4359 2588 4422 conspicerentur.
2622 4354 2853 4420 Quidam
2900 4355 3050 4408 humi
3085 4356 3239 4410 testis
3279 4355 3505 4411 marinis

1928 4446 2161 4515 aliisque
2183 4448 2361 4501 acutis
2389 4448 2617 4510 spiculis
2638 4448 3126 4518 constratis,supcr
3143 4463 3206 4502 ea
3226 4447 3503 4508 collocati,

1857 4579 1900 4634 υ
1929 4548 2092 4608 atque
2113 4540 2240 4594 hinc
2257 4541 2448 4594 etirrdc
2469 4542 2664 4610 raptati
2681 4553 2809 4594 sunt
2827 4553 3040 4605 ;etmox
3061 4540 3310 4611 plurimis
3326 4544 3505 4597 omnis

1930 4632 2150 4700 generis
2174 4633 2373 4701 poenis,
2403 4634 2690 4687 tormentis
2719 4644 2774 4688 et
2805 4634 3142 4689 cruciatibus
3171 4634 3376 4696 aﬂlicti,
3411 4649 3506 4703 po-

1929 4737 2136 4780 Stremo
2168 4725 2362 4779 bestiis
2392 4735 2519 4780 sunt
2546 4727 2764 4796 objecti.
2791 4727 2844 4780 lrt
2864 4727 3057 4796 primis
3086 4743 3213 4780 vero
3243 4729 3506 4798 martyrio

1931 4818 2200 4871 enituisse
2255 4818 2444 4871 dicunt
2493 4817 2901 4883 Germanicum,
2941 4819 3032 4889 qtti
3069 4818 3253 4872 divina
3287 4821 3508 4889 adjutus

1933 4914 2126 4981 gratia,
2165 4911 2391 4964 insitum
2444 4913 2661 4980 corpori
2711 4913 2901 4967 mortis
2946 4922 3149 4966 trrctutn
3204 4916 3503 4983 superavit.

1933 5004 2070 5058 Cum
2101 5005 2244 5057 enim
2272 5005 2563 5073 proconsul
2588 5005 2893 5059 subducere
2924 5022 3046 5059 curn
3077 5022 3140 5059 ex
3172 5009 3506 5075 reliquorum

1937 5108 2238 5165 martyrum
2286 5111 2521 5149 nurnero
2565 5098 2760 5160 veilet,
2812 5099 3146 5166 parcendum
3195 5115 3316 5152 esse
3362 5099 3506 5151 artati

1936 5187 2157 5242 ﬂorenti
2187 5197 2240 5242 ct
2274 5188 2461 5243 forma:
2487 5191 2774 5244 excellenti
2809 5206 3128 5259 suggerens,
3161 5191 3297 5244 nilnil
3331 5207 3511 5243 mora-

1939 5289 2028 5332 tus
2068 5288 2152 5332 est
2191 5279 2550 5342 adolescens,
2601 5282 2698 5334 sr-d
2753 5297 2946 5349 magna
2994 5283 3161 5334 animi
3206 5283 3510 5350 cupiditate

1939 5368 2172 5422 bestiam
2231 5370 2283 5422 in
2345 5373 2588 5439 seipsurn
2638 5372 2924 5439 pertraxit,
2967 5386 3084 5424 eam
3136 5381 3344 5424 tantum
3402 5387 3511 5423 rrort

1940 5477 2038 5531 per
2065 5463 2171 5514 vim
2207 5463 2431 5515 irritans
2487 5473 2648 5531 atque
2680 5472 2988 5528 concitans,
3018 5473 3078 5517 ut
3107 5465 3319 5517 scilicet
3351 5474 3512 5531 quam

1942 5556 2231 5609 celerrime
2258 5556 2326 5609 ab
2363 5557 2628 5625 improbis
2662 5556 2952 5626 impiorum
2979 5558 3259 5610 hominum
3299 5559 3470 5610 libera
3499 5588 3510 5594 -

1943 5659 2096 5702 retur
2144 5648 2409 5701 moribus.
2446 5648 2578 5700 Tam
2621 5649 2837 5702 fortiter
2881 5658 3031 5703 certe
3064 5661 3119 5702 et
3158 5650 3384 5717 pulchre
3420 5664 3517 5716 per

1945 5750 2176 5794 nrortern
2225 5750 2446 5807 propter
2472 5741 2754 5793 Christum
2793 5743 3114 5811 martyrium
3145 5755 3307 5794 suum
3337 5738 3518 5791 absol-

1945 5834 2046 5894 vit,
2079 5842 2138 5887 ut
2164 5848 2290 5886 eum
2323 5832 2618 5886 multitudo
2648 5833 3039 5898 demiramur,
3069 5844 3120 5886 et
3155 5833 3219 5885 ad
3257 5835 3514 5884 virtutem
