4202 6444
735 365 837 424 967

1954 358 2372 420 NICEPHORI
2408 358 2749 419 CALLISTI

3884 337 4003 410 963

725 453 896 507 totius
922 450 1369 507 Christianorum
1405 454 1585 524 gentis
1618 467 1742 507 cum
1776 460 2002 520 stupore
2044 458 2299 505 conster—
2327 497 2334 509 η

2435 450 2594 501 ,δίκου
2629 449 2741 500 τῶν
2784 446 3001 501 ἀσεϐῶν
3042 446 3389 513 ἀπαλλαγείη
3427 444 3653 514 τρόπου.
3695 441 3826 493 Ἐπὶ
3867 438 4001 489 δεαο

726 553 972 597 naretur.
1012 545 1419 613 Requirebatur
1449 556 1632 599 autem
1670 544 2023 614 Polyearpus.

2404 542 2610 609 πρεπεῖ
2648 540 2835 595 τοίνυν
2879 540 2959 610 τῷ
3000 539 3216 608 θανάτῳ
3265 540 3404 608 ὑπὲρ
3435 534 3675 608 Χριστοῦ
3707 529 4005 601 ἀνδρικῶς

723 640 1106 703 τ.λ.ειωθέντος
1129 641 1223 695 τοῦ
1251 642 1584 713 μαρτυρίου,
1609 641 1683 704 ὡς
1710 643 1801 694 καὶ
1825 641 1885 691 τὸ
1910 639 2115 707 πλῆθος
2174 636 2623 706 ὑπερθαυμάσαι,
2697 637 2794 689 καὶ
2829 635 3199 707 τὴν.καθόλου
3234 633 3330 688 τοῦ
3360 634 3547 696 ἔθνους
3625 630 3836 701 ἀρετὴν
3878 627 4007 681 τῶν

726 736 1071 804 Χριστιανῶν
1106 741 1164 790 ἐν
1197 739 1458 808 ἐκπλήξει
1489 739 1667 811 ἀθρόα
1699 738 1993 800 ποιεῖσθαι,
2030 736 2400 807 ἀνεκζητοῦτο
2436 736 2823 806 Πολύκαρπος.

1271 875 1507 931 CAPUT
1545 874 1760 929 XXXV.

890 985 969 1039 De
1001 986 1259 1057 martyrio
1288 985 1565 1057 Polycarpi
1591 986 1822 1057 episcopi
1852 983 2144 1056 Smyrnwi.

801 1163 959 1229 Quod
1003 1178 1127 1217 eum
1172 1162 1265 1216 ille
1300 1163 1676 1233 cognovisset,
1707 1162 2076 1217 constantiam
2109 1161 2311 1216 robur-

730 1275 839 1329 que
887 1260 1055 1314 animi
1105 1260 1386 1323 retinens,
1435 1274 1658 1312 manere
1704 1261 1756 1311 in
1802 1258 2023 1312 civitate
2073 1273 2206 1325 sua,
2258 1267 2314 1313 et

732 1362 1060 1422 exspectare
1100 1367 1197 1406 eos
1243 1351 1338 1421 qui
1374 1351 1526 1404 illum
1568 1350 1857 1404 abducturi
1898 1361 2075 1423 erant,
2110 1352 2314 1405 consti-

735 1445 864 1498 tuit.
900 1442 1158 1498 Sedenim
1206 1443 1654 1513 presbyterorum
1685 1442 1963 1507 Ecclesiae,
1993 1458 2131 1512 quas
2174 1441 2314 1495 mul-

735 1545 819 1590 tas
846 1534 1287 1605 praatendcbanl,
1315 1535 1576 1604 precibus
1599 1536 1799 1598 victus,
1825 1535 1879 1587 in
1902 1550 2090 1603 agrum
2120 1549 2316 1603 quem-

735 1628 863 1681 dam
896 1644 1005 1681 non
1040 1627 1203 1696 longe
1239 1628 1307 1680 ab
1344 1627 1481 1679 urbe
1515 1627 1683 1679 situm
1719 1626 1995 1679 concessit
2021 1643 2037 1681 :
2061 1633 2226 1693 atque
2260 1626 2314 1679 in

735 1736 801 1773 eo
844 1734 970 1774 cum
1025 1719 1217 1787 paucis
1249 1718 1410 1787 272
1450 1717 1739 1781 habitans,
1782 1717 2050 1771 continue
2090 1716 2318 1788 jejuniis

2989 875 3244 930 ΚΕΦΑΦ..
3285 870 3409 926 AE'.

2420 983 2516 1049 Ὧς
2544 981 2927 1052 ἑμάρτυρησε
2971 988 3373 1053 Πολύκαρπος
3411 987 3445 1038 ό
3492 981 3601 1053 τῆς
3639 988 4016 1053 Σμυρναιων

2869 1056 3213 1121 ἐπίσκοπος
3243 1055 3528 1132 γεγονώς.

2487 1167 2553 1221 ’0
2575 1168 2739 1234 γνοὺς
2768 1169 2997 1235 ἐκεῖνος,
3026 1169 3286 1230 εὐσταθὲς
3308 1169 3402 1222 καὶ
3439 1170 3639 1235 πάγιον
3670 1169 3729 1220 τὸ
3757 1167 3861 1236 τῆς
3894 1168 4014 1235 ψυ-

2410 1262 2511 1328 χῆς
2552 1256 2683 1320 ἦθος
2726 1258 3021 1330 διατηρῶν,
3070 1259 3324 1312 ἐϐούλετο
3364 1262 3464 1326 μὲν
3512 1260 3773 1327 ἀκίνητος
3813 1262 4016 1325 μένειν

2413 1351 2554 1402 κατά
2586 1352 2685 1421 τὴν
2714 1352 2927 1405 ἐκείνου
2953 1353 3130 1414 πόλιν,
3153 1356 3280 1415 τοὺς
3307 1354 3617 1417 ἀπάξοντας
3650 1351 3818 1404 ατᾷτὸν
3845 1350 4013 1402 ἐκδε-

2415 1440 2667 1510 χόμενος·
2691 1441 2797 1495 ὑπό
2820 1459 2884 1510 γε
2908 1444 3017 1512 μὴν
3035 1442 3129 1496 τοῦ
3157 1444 3556 1510 πρεσϐυτερίου
3576 1442 3677 1511 τῆς
3699 1443 4015 1509 ἐκκλησίας

2418 1532 2623 1600 πολλὴν
2647 1533 2747 1602 τὴν
2780 1535 2992 1588 ἱκεσίαν
3028 1534 3517 1604 προϐεϐλημένων,
3554 1535 3728 1599 εἴξας,
3759 1538 3819 1585 ἐν
3848 1534 4013 1599 ἅπερ-ξι

2416 1640 2520 1675 τινι
2552 1624 2615 1675 ού
2650 1625 2797 1677 πάνυ
2832 1626 3024 1695 πόρρω
3058 1626 3369 1694 διεστηκότι
3400 1628 3499 1695 τῆς
3534 1628 3742 1688 πόλεως
3778 1626 4009 1689 ἔξεισιν·

2418 1716 2476 1766 ἐν
2504 1708 2549 1784 ᾧ
2590 1717 2692 1771 σὺν
2720 1718 2926 1785 ὀλίγοις
2958 1719 3279 1789 διατρίϐων,
3308 1720 3589 1789 νηστείαις
3618 1722 3714 1772 καὶ
3761 1735 4013 1785 προτευ-

733 1819 792 1863 ct
843 1809 1193 1863 orationibus
1254 1809 1627 1866 incumbebat.
1670 1822 1862 1879 pacem
1916 1808 2175 1863 omnibus
2216 1823 2313 1877 per

2435 1811 2546 1876 [αῖς
2589 1809 2980 1880 διακαρτερῶν
3006 1806 3095 1881 ἦν,
3136 1811 3365 1880 εἰρήνην
3396 1814 3513 1872 ταῖς
3550 1812 3654 1864 ἀνά
3686 1813 3875 1862 πᾶσαν
3909 1810 4015 1875 τὴν

734 1899 924 1954 orbem
966 1899 1219 1953 ecclesiis
1256 1899 1542 1968 postulans
1578 1916 1592 1953 :
1626 1901 1674 1955 id
1716 1900 1862 1969 quod
1905 1902 1954 1955 ei
1992 1902 2129 1956 alias
2170 1915 2312 1972 quo-

735 2006 844 2061 que
874 2006 1092 2060 semper
1123 1990 1215 2044 diu
1250 2000 1526 2060 noctuque
1558 1990 1740 2046 facere
1775 1993 1828 2048 in
1868 2009 2019 2049 more
2050 2003 2193 2050 erat.
2236 1993 2313 2050 lbi

737 2085 921 2139 triduo
968 2094 1264 2154 antequam
1316 2084 1909 2153 comprehenderetur,
1952 2096 2119 2141 noctu
2168 2101 2317 2141 som-

740 2177 916 2238 nium,
954 2190 1051 2229 seu
1094 2178 1281 2244 potius
1323 2175 1591 2229 visionem
1638 2176 1820 2230 vidit:
1856 2191 2051 2233 orante
2100 2178 2318 2235 scilicet

736 2284 834 2331 eo,
884 2268 1212 2334 culcitram,
1266 2282 1432 2337 quam
1488 2268 1654 2337 capiti
1706 2282 2020 2337 supponere
2075 2271 2316 2336 solebat,

739 2357 920 2426 ignem
986 2361 1289 2429 derepente
1344 2358 1675 2426 concipere,
1735 2373 2067 2430 omnemque
2119 2360 2321 2417 conﬂa-

739 2463 922 2520 grare.
964 2447 1085 2514 Quo
1128 2450 1244 2503 viso
1292 2458 1704 2516 consternatus,
1733 2466 1764 2504 e
1796 2452 1939 2507 lecto
1974 2455 2236 2521 surrexit,
2266 2466 2323 2510 et

743 2556 860 2597 rem
890 2542 973 2597 eis
995 2542 1089 2606 qui
1119 2556 1309 2597 secum
1344 2553 1504 2597 erant
1524 2544 1819 2613 exposuit:
1852 2545 2056 2602 debere
2084 2563 2143 2603 se
2172 2561 2324 2606 certo

744 2644 845 2703 per
880 2634 1085 2703 ignem,
1117 2635 1228 2687 vita
1278 2635 1479 2705 posita,
1511 2635 1576 2688 ad
1612 2636 1898 2691 Christum
1942 2640 2201 2710 migrare,
2238 2641 2326 2695 di-

742 2742 894 2781 cens.
958 2728 1153 2797 Magno
1200 2735 1385 2781 autem
1435 2729 1621 2784 studio
1670 2731 2103 2800 inquirebatur:
2144 2743 2199 2788 et
2233 2734 2324 2803 qui

742 2832 869 2872 cum
917 2832 983 2872 eo
1014 2826 1196 2883 erant,
1242 2818 1438 2874 intima
1478 2822 1647 2874 animi
1689 2824 2006 2892 amorisque
2038 2839 2167 2895 erga
2200 2841 2325 2881 eum

746 2909 1039 2966 affectione
1102 2913 1442 2982 eXpugnati,
1501 2912 1556 2966 in
1623 2914 1790 2968 alium
1858 2931 1985 2970 eum
2051 2918 2330 2973 abducunt

748 3020 966 3073 agrum.
1011 3003 1314 3060 Confestim
1357 2998 1491 3060 vero
1539 3007 1705 3060 etiam
1746 3007 1839 3077 qui
1870 3024 1995 3062 eum
2032 3023 2331 3079 perso1ue-

2416 1902 2748 1972 οἰκουμένην
2772 1904 3098 1977 ἐκκλησίαις
3125 1904 3477 1973 αἰτούμενος.
3498 1902 3672 1956 Τοῦτο
3694 1901 3739 1955 δ’
3759 1898 3832 1972 ἦν
3858 1900 4015 1969 αὐτῷ

2365 2055 2375 2064 _
2418 1996 2515 2047 καὶ
2550 1996 2786 2048 πάντοτε
2828 1996 3021 2060 εἰωθὸς
3047 1996 3266 2067 νύκτωρ
3297 1999 3393 2050 καὶ
3425 1998 3541 2065 μεθ’
3571 1997 3795 2065 ἡμέραν
3830 1998 4014 2062 πρατ-

2408 2104 2557 2161 τειν.
2585 2087 2743 2141 Οὕτω
2769 2088 2815 2141 δ’
2843 2089 2988 2157 ἔχων
3030 2090 3137 2159 πρὸ
3168 2090 3338 2159 τριῶν
3382 2090 3606 2160 ἡμερῶν
3652 2089 3753 2157 τῆς
3788 2089 4016 2156 ’σελιή-

2419 2179 2588 2249 ψεως.
2622 2180 2819 2244 νυκτὸς
2850 2179 2984 2251 ὖναρ
3024 2180 3175 2243 ιδεῖν,
3209 2181 3413 2251 μᾶλλον
3443 2182 3499 2234 δι
3522 2183 3820 2245 ὀπτασίαν,
3859 2182 4017 2249 εὐχά.

2425 2286 2613 2338 μενον,
2656 2270 2717 2324 τὸ
2770 2272 2908 2341 πρὸς
2954 2275 3019 2342 τῇ
3073 2273 3284 2342 κεφαλῇ
3331 2272 3498 2324 αὑτοῦ
3534 2272 3767 2341 στρῶμα
3812 2272 4016 2340 ἀθρτιον

2422 2362 2749 2431 ὲξαναφθὲν,
2789 2365 2963 2433 πυρὸς
2993 2365 3195 2418 αὐτίκα
3228 2365 3476 2436 δαπάνην
3511 2367 3795 2434 γενέσθαι.
3835 2366 3929 2434 Τῷ
3971 2365 4019 2417 δ’

2425 2457 2609 2527 ἀθρόῳ
2637 2455 3066 2524 καταπλαγέντα
3099 2456 3195 2510 τοῦ
3228 2459 3536 2527 φάσματος,
3568 2459 3667 2528 τῆς
3700 2460 3903 2528 κλίνης
3925 2460 4022 2511 ἐπὶ

2425 2550 2603 2619 τούτῳ
2643 2549 3025 2619 ἐξεγερθῆναι,
3059 2554 3153 2602 καὶ
3192 2554 3307 2614 τοῖς
3344 2550 3566 2604 συνοῦσι
3606 2553 3708 2620 τὴν
3742 2552 4021 2603 ὀπτασίαν

2426 2638 2739 2707 διασαφεῖν·
2768 2640 2845 2703 ὡς
2873 2640 2985 2692 δέοι
3016 2639 3167 2710 αύτῷ
3199 2639 3286 2692 διὰ
3312 2642 3484 2710 πυρὸς
3507 2641 3605 2711 τὴν
3636 2642 3787 2710 ζωὴν
3819 2642 4023 2711 μεταλ-

2428 2728 2591 2792 λάξαι
2649 2731 2787 2797 πρὸς
2841 2732 3082 2801 Χριστὸν
3137 2732 3409 2787 διαϐάντι.
3457 2734 3668 2804 Σπουδῇ
3717 2736 3775 2787 δὲ
3828 2738 4026 2789 τοῦτον

2429 2820 2874 2891 ἀναζητούντων,
2906 2825 2955 2875 οί
2988 2822 3128 2893 ἀμφ’
3157 2825 3322 2877 αὑτὸν
3374 2830 3575 2897 στοργῇ
3630 2830 3726 2880 καὶ
3778 2829 4027 2881 διαθέςει

2431 2912 2853 2981 ἐκϐιασάμενοι,
2889 2915 2975 2982 ἐφ’
3001 2915 3191 2984 ἕτερον
3232 2918 3406 2989 ἀγρὸν
3452 2920 3698 2986 ἄγουσιν.
3747 2921 3939 2983 Εὐθὺς
3973 2922 4027 2974 δὲ

2433 3003 2530 3057 καὶ
2556 3007 2605 3059 oi
2636 3004 3023 3072 ἐξελαύνοντες
3055 3010 3346 3076 ἐφίσταντο
3375 3014 3439 3080 τῇ
3474 3015 3805 3082 καταγωγῇο
3841 3015 3945 3070 ὸύὲ
3971 3015 4028 3067 δέ

749 3095 976 3157 bantur,
1010 3097 1077 3150 ad
1131 3098 1432 3152 mansionis
1472 3098 1591 3169 ejus
1622 3098 1802 3155 locum
1841 3100 2062 3154 adsunt.
2110 3100 2178 3155 Et
2213 3102 2324 3169 jam

2435 3101 2534 3168 τῆς
2561 3098 2712 3169 ὧρας
2738 3094 2827 3171 ἦν·
2858 3101 3112 3164 κάκεῖνος
3147 3104 3245 3170 μὲν
3278 3105 3339 3156 ἐν
3367 3103 3443 3173 τῷ
3473 3107 3737 3175 μετεώρῳ
3765 3104 3870 3168 iw,
3898 3107 4029 3160 ἔνθα

748 3204 979 3258 vespera
1010 3200 1153 3252 erat,
1180 3202 1236 3243 et
1264 3188 1442 3260 ipsum
1470 3193 1726 3260 superior
1747 3193 1946 3247 aedium
1977 3195 2130 3249 locus
2157 3195 2325 3250 babe-

750 3282 846 3336 bat
875 3300 887 3335 :
926 3282 1071 3336 unde
1104 3280 1262 3336 facile
1298 3284 1352 3336 in
1385 3283 1609 3338 domum
1651 3286 1814 3339 aliam
1849 3288 2111 3353 transire,
2142 3298 2198 3342 et
2239 3291 2323 3343 in-

750 3374 922 3427 sidias
966 3384 1383 3443 pcrsecutorum
1430 3376 1678 3444 eﬂ'ugere
1725 3387 1962 3447 poterat.
1995 3378 2103 3433 Sed
2149 3380 2202 3434 id
2251 3379 2327 3433 fa-

751 3481 877 3519 cere
909 3467 1108 3532 noluit,
1136 3468 1363 3520 verbum
1400 3467 1533 3521 illud
1574 3484 1844 3538 usurpans
1874 3489 1885 3524 :
1922 3468 2049 3525 Fiat
2086 3474 2330 3529 voluntas
2385 3469 2388 3472 ’

753 3558 988 3613 Domini.
1044 3559 1232 3630 Itaque
1286 3560 1410 3614 laeto
1463 3559 1740 3631 hilarique
1786 3577 2013 3631 prorsus
2048 3568 2199 3622 vultu
2239 3566 2334 3623 de-

756 3650 995 3719 scendit,
1032 3651 1301 3720 suavique
1345 3666 1625 3716 sermone,
1657 3668 1722 3707 ae
1761 3657 2069 3724 composito
2105 3656 2336 3713 blando.

755 3758 865 3813 qne
918 3758 1073 3795 more
1119 3752 1176 3797 et
1228 3756 1422 3813 gcsm,
1476 3744 1783 3801 liberaliter
1828 3747 1952 3802 illos
1997 3747 2067 3801 ad
2119 3763 2333 3804 coenam

759 3834 977 3890 invitat.
1009 3834 1085 3887 Illi
1118 3849 1285 3903 porro
1312 3833 1455 3891 haud
1483 3835 1645 3891 aliter
1668 3853 1830 3905 quam
1859 3840 1904 3893 si
1933 3840 2096 3894 amici
2125 3850 2333 3907 essent,

757 3929 883 3982 cibo
918 3928 1168 3998 copioso,
1206 3943 1402 3983 somno
1451 3929 1652 3983 deinde
1692 3940 1749 3985 et
1793 3932 1981 4000 quiete
2012 3932 2245 3996 laxiore,
2271 3948 2336 3987 ex

761 4019 979 4076 itineris
1008 4019 1200 4075 labore
1240 4018 1394 4083 fessi,
1428 4035 1488 4075 se
1532 4032 1803 4074 recreant.
1833 4020 1955 4089 Ipse
1998 4028 2184 4077 autem
2219 4022 2341 4075 sine

762 4113 959 4168 timore
991 4111 1164 4177 omni,
1194 4112 1399 4166 Christi
1437 4111 1607 4182 gratia
1643 4112 1859 4183 plenus,
1889 4112 2126 4167 orationi
2164 4114 2345 4169 inlen-

762 4212 850 4257 tus
876 4212 994 4256 erat
1027 4219 1040 4253 :
1087 4203 1159 4255 ita
1211 4210 1271 4256 ut
1305 4201 1462 4255 multi
1495 4216 1561 4254 ex
1596 4202 1702 4256 illis
1734 4203 1826 4271 qui
1863 4217 1989 4257 eum
2024 4202 2343 4268 audiebant,

761 4302 1057 4362 stupentes
1102 4293 1461 4357 mirarentur,
1493 4293 1930 4363 pmnitentiaque
1970 4293 2342 4359 adicerentur,

762 4388 809 4442 si
844 4399 1104 4440 auctores
1136 4386 1239 4456 ipsi
1272 4385 1491 4451 tierent,
1525 4394 1584 4439 ut
1617 4396 1725 4439 tam
1758 4387 2106 4440 venerandus
2136 4397 2191 4441 et
2222 4388 2346 4456 pius

2430 3188 2616 3258 ῥᾴδιον
2664 3184 2734 3259 ἦν
2768 3190 2854 3259 ἐφ’
2885 3189 3084 3259 ἑτέραν
3127 3191 3309 3245 οἰκίαν
3358 3195 3723 3261 μεταχωρεῖν,
3770 3195 3874 3247 καὶ

2433 3279 2659 3349 ἐνέδρας
2709 3280 2861 3349 σφῶν
2905 3280 3374 3345 ἀπαλλάττεσθαι,
3410 3282 3511 3335 οὐκ
3562 3282 3830 3350 ἠϐούλετο
3864 3285 4031 3338 τοῦτο

2428 3371 2562 3441 δρᾷν
2594 3371 2860 3436 ἐπειπὼν,
2889 3371 2965 3426 Τό
3006 3373 3240 3443 θέλημα
3293 3374 3403 3428 τοῦ
3449 3375 3675 3443 Κυρίου
3731 3378 4030 3442 γενέσθω.

2432 3462 2544 3515 Καὶ
2573 3460 2688 3529 δῆθ’
2712 3462 3069 3526 ὑποκαταϐὰς
3101 3464 3313 3532 φαιδρῷ
3339 3465 3435 3519 καὶ
3464 3467 3844 3534 γεγανωμένῳ
3880 3468 4030 3535 μάλα

2433 3552 2738 3622 προσώπῳ,
2785 3553 2903 3623 ἡδεῖ
2944 3569 3002 3606 τε
3047 3552 3420 3623 διαλεχθῆναι,
3458 3557 3551 3608 καὶ
3584 3556 3839 3627 μειλιχίῳ
3879 3560 4031 3628 πάρ.-

2437 3661 2547 3696 παν
2579 3643 2658 3713 τῷ
2689 3644 2813 3713 ἧθει
2848 3644 2943 3697 καὶ
2998 3644 3275 3710 εύσταθεῖ,
3308 3647 3403 3699 ἐπὶ
3452 3646 3650 3717 δαψιλῆ
3686 3649 4034 3717 ἐξεναγὼγει

2434 3736 2538 3803 τὴν
2567 3736 2877 3804 τράπεζαν.
2912 3737 3144 3792 Ἐκεῖνοι
3176 3739 3276 3804 μὲν
3321 3737 3417 3792 οὖν
3448 3734 3537 3792 οἷα
3569 3742 3739 3806 φίλοι,
3768 3743 4037 3809 ἀφθόνοις

2436 3830 2691 3897 τροφαῖς,
2720 3827 2870 3896 ὖπνῳ
2900 3846 2960 3882 τε
3001 3831 3095 3885 καὶ
3128 3830 3313 3883 ἀνέσει
3344 3833 3440 3883 τὸν
3469 3834 3534 3884 ἐκ
3562 3832 3660 3897 τῆς
3701 3832 3826 3885 ὀδοῦ
3863 3834 4036 3885 κόπον

2435 3910 2580 3986 ἦσαν
2611 3916 2985 3984 κουφίζοντες.
3022 3919 3257 3981 Ἐκεῖνος
3289 3920 3344 3972 δὲ
3377 3920 3550 3979 ἀδεῶς
3582 3920 3839 3985 σύντονος
3868 3918 3943 3991 ἦν
3972 3927 4036 3993 τῇ

2440 4007 2597 4075 εὐχῇ,
2631 4007 2885 4075 ἔμπλεως
2916 4007 2992 4060 ῶν
3019 4010 3117 4079 τῆς
3150 4010 3372 4081 χάριτος
3399 4010 3495 4065 τοῦ
3530 4012 3799 4081 Χριστοῦ,
3829 4015 3905 4075 ὡς
3945 4022 4039 4068 καὶ

2441 4099 2672 4163 πολλοὺς
2694 4100 2751 4153 ἐν
2773 4101 3039 4173 ἐκπλήξει
3064 4103 3338 4157 ποιεῖσθαι
3363 4105 3591 4157 ἐκείνων
3612 4106 4036 4175 ἀκροωμένους,

2447 4190 2743 4261 μεταμέλῳ
2793 4208 2852 4243 τε
2903 4192 3261 4260 πλήττεσθαι,
3309 4194 3358 4245 εί
3406 4194 3653 4247 τοιοῦτον
3692 4198 3902 4265 σεμνὸν
3946 4201 4041 4251 καὶ

2446 4282 2729 4353 θεοπρεπῆ
2760 4284 3075 4353 πρεσϐύτην
3107 4284 3275 4338 αίτιοι
3305 4287 3573 4353 γένωνται
3601 4289 3872 4357 ἀναιρεῖν.
3906 4292 4041 4344 Τού-

2448 4390 2562 4436 τοις
2606 4374 2661 4426 se
2707 4376 2849 4427 κατά
2880 4374 3024 4437 λέξιν
3064 4378 3099 4443 η
3149 4378 3279 4445 περὶ
3315 4376 3482 4429 αὑτοῦ
3518 4379 3707 4448 γραφὴ
3758 4383 4039 4449 ἐπιφὲριι·

3927 3196 4026 3259 τῆς

764 4494 931 4534 senex
971 4478 1339 4532 occideretur.
1377 4476 1454 4530 De
1483 4491 1594 4546 quo
1646 4476 1697 4530 id
1733 4477 1881 4545 quod
1916 4477 2156 4532 diximus
2208 4479 2334 4532 scri-

2457 4484 2475 4518 ι
2521 4467 2741 4537 Ἐπειδὴ
2775 4484 2907 4519 ποτε
2944 4468 3260 4521 κατέπαυσε
3309 4470 3409 4538 τὴν
3458 4473 3800 4541 προσευχὴν,
3837 4490 4045 4543 μνημο-

767 4584 918 4643 pium
950 4571 1067 4623 haec
1094 4575 1173 4624 sic
1199 4570 1365 4622 infert
1394 4584 1408 4620 :
1445 4587 1461 4619 ι
1497 4569 1791 4637 Postquam
1827 4568 2043 4624 tandem
2077 4572 2347 4639 precatio.

766 4678 893 4717 nem
944 4663 1105 4725 iiniit,
1143 4662 1195 4714 in
1246 4676 1353 4730 qua
1406 4660 1652 4715 omnium
1693 4660 1786 4729 qui
1818 4660 2118 4729 aliquando
2155 4675 2344 4716 secum

767 4755 1059 4815 vixissent,
1112 4752 1406 4807 humilium
1461 4759 1517 4805 et
1567 4766 1915 4821 magnorum,
1965 4750 2242 4807 clarorum
2294 4763 2349 4806 et

767 4848 1137 4899 obscurorum
1174 4842 1481 4906 hominum,
1514 4850 1679 4911 atque
1714 4842 1851 4896 adeo
1890 4842 2061 4896 totius
2088 4841 2350 4898 Ecclesiae
2398 4835 2403 4839 ’

770 4937 1059 4990 catholica:
1089 4951 1185 5006 per
1212 4936 1531 4989 universum
1562 4936 1751 4988 urbem
1784 4943 2054 4989 terrarum
2087 4934 2350 5004 dispersa:

773 5029 903 5082 fecit
944 5029 1282 5081 mentionem
1325 5043 1338 5079 :
1376 5043 1500 5081 cum
1546 5029 1657 5095 jam
1704 5026 2090 5096 proﬁciscendi
2134 5027 2352 5083 adesset

773 5118 932 5183 liora,
959 5119 1118 5171 asino
1143 5133 1269 5171 eum
1301 5117 1641 5188 impositum,
1665 5117 1717 5169 in
1742 5117 2023 5172 civitatem
2050 5117 2351 5179 duxerunt,

776 5227 902 5265 cuin
951 5211 1175 5281 quidem
1228 5226 1488 5283 magnum
1522 5221 1668 5266 esset
1710 5208 2033 5263 Sabbatum.
2068 5209 2354 5264 Processe-

780 5315 911 5363 ruut
938 5314 1123 5359 autem
1168 5306 1217 5361 ei
1253 5305 1437 5359 statim
1472 5304 1717 5369 obviam,
1750 5303 2041 5358 ireuarcha
2072 5302 2147 5371 (1)
2183 5301 2355 5355 Hero-

780 5398 921 5461 des,
969 5406 1026 5451 ct
1079 5408 1234 5464 pater
1290 5397 1452 5469 hujus
1502 5394 1755 5459 Nicetes,
1801 5394 1894 5463 qui
1945 5394 1999 5449 in
2044 5393 2354 5448 vehiculum

781 5506 942 5543 suum
1004 5489 1053 5542 ei
1123 5491 1388 5543 translato
1451 5486 1793 5549 assidentes,
1855 5488 1930 5539 ita
1988 5485 2353 5541 suadebant:

854 5648 1330 5718 (1)Είρηνάρχης,
1385 5645 1697 5699 irenarcha.
1749 5641 1926 5709 Huius
1957 5641 2196 5718 ofﬁciunt
2249 5650 2355 5703 est,

784 5712 1240 5787 tranquillitatem
1266 5712 1538 5786 publicam
1577 5729 1819 5776 servare,
1853 5721 1909 5787 et
1943 5712 2247 5787 viatoribus
2276 5727 2361 5765 sc-

785 5783 1072 5845 tzuritatetn
1108 5783 1388 5861 praestare.
1418 5790 1475 5841 L.
1508 5801 1819 5841 munerum.
1866 5784 1923 5837 ll.
1956 5783 2022 5837 de
2051 5798 2267 5836 numer.
2302 5789 2359 5835 et

2453 4560 2651 4622 νεύσας
2682 4560 2940 4615 ἁπάντων
2974 4560 3068 4612 καὶ
3098 4559 3210 4612 τῶν
3230 4559 3454 4614 πώποτε
3479 4563 3924 4633 συμϐεϐηκότων
3950 4568 4043 4618 αι)-

2452 4651 2533 4722 τῷ
2571 4653 2789 4722 μικρῶν
2814 4670 2868 4705 τε
2893 4653 2991 4709 καὶ
3025 4653 3306 4721 μεγάλων.
3332 4654 3559 4720 ἐνδόξων
3590 4672 3649 4708 τε
3684 4659 3781 4710 καὶ
3814 4658 4043 4725 ἀδόξων,

2455 4747 2553 4798 καὶ
2584 4746 2764 4813 πάσης
2791 4744 2890 4815 τῆς
2919 4746 3061 4798 κατά
3089 4744 3187 4814 τὴν
3219 4746 3554 4814 οἰκουμένην
3582 4747 3894 4819 καθολικῆς
3930 4753 4046 4803 Ἐκ-

2455 4841 2710 4910 κλησίας,
2739 4841 2838 4909 τῆς
2867 4840 3017 4911 ὧρας
3040 4841 3303 4912 ἐλθούσης
3336 4841 3432 4897 τοῦ
3476 4842 3698 4908 ἐξεῖναι,
3742 4844 3856 4914 δνῳ
3889 4847 4045 4898 nisi-

2459 4950 2651 4995 σαντες
2701 4935 2885 4998 αὑτὸν,
2934 4930 3070 5004 ἦγον
3117 4936 3197 4995 είς
3228 4936 3325 5003 τὴν
3360 4934 3539 5002 πόλιν,
3572 4935 3731 4998 δνεος
3757 4937 4045 4991 Σαϐϐατου

2461 5023 2726 5093 μεγάλου.
2756 5024 3044 5094 Ύπήντων
3070 5024 3127 5078 δέ
3158 5042 3306 5088 τινες
3340 5027 3526 5089 εὐθὺς,
3560 5029 3589 5079 ὃ
3623 5045 3681 5080 τε
3711 5030 4047 5102 εἰρήναρχος

2469 5115 2742 5186 Ἡρώδης,
2789 5118 2885 5171 καὶ
2935 5118 2962 5169 ὁ
2997 5118 3104 5187 πρὸ
3150 5117 3315 5170 αὑτοῦ
3367 5119 3638 5187 Νικητας.
3672 5121 3788 5172 Καὶ
3845 5125 3945 5175 ἐπὶ
3996 5125 4050 5175 τὸ

2459 5206 2645 5276 ὄχημα
2670 5207 2835 5260 αὑτὸν
2863 5207 3214 5276 μεταθέντες,
3240 5208 3462 5263 ἔπειθον
3492 5212 4048 5282 παρακαθεζόμενοι,

2462 5301 2557 5354 καὶ
2595 5299 2864 5367 λέγοντες’
2894 5300 2961 5352 Τί
3011 5302 3122 5369 γὰρ
3154 5302 3322 5356 κακόν
3352 5304 3525 5365 ἐστιν,
3575 5302 3754 5369 Κύριε
3805 5305 4051 5367 Καῖσαρ.

2465 5394 2559 5445 καὶ
2591 5390 2782 5454 θῦσαι,
2813 5392 2907 5445 καὶ
2950 5392 3255 5459 σώζεσθαις
3291 5393 3350 5447 Ὀ
3374 5393 3429 5446 δέ
3460 5395 3530 5446 τὰ
3573 5394 3676 5462 μέν
3709 5397 3921 5463 πρῶτα
3960 5404 4050 5449 0.:

2464 5483 2819 5553 ἀπεκρίνατο*
2861 5483 3236 5555 ἐπιμενόντων
3270 5483 3329 5537 δέ
3373 5484 3479 5554 εφη
3504 5500 3519 5513 ·
3551 5484 3630 5539 Ού
3662 5485 3852 5554 μέλλω
3888 5492 4053 5557 πρατ-

2466 5641 2664 5695 honor.
2690 5639 2753 5694 lli
2779 5640 2945 5695 etiam
2970 5640 3165 5695 delicta
3193 5641 3431 5704 notoria,
3454 5656 3576 5710 qua:
3600 5641 3809 5711 ubique
3836 5643 4049 5701 ﬁerent.

2467 5712 2799 5781 priesidibus
2867 5712 3295 5765 denuntiabant.
3354 5712 3531 5781 i'l'ales
3602 5711 3657 5763 in
3742 5715 4049 5781 principum

2470 5780 2642 5837 Curiis
2667 5783 2870 5838 curiosi
2904 5784 3187 5837 dicuntur.
3221 5782 3306 5852 (Ο.
3344 5780 3417 5835 De
3446 5797 3644 5836 curias.
3670 5793 3717 5835 et
3741 5784 4049 5846 stationi.)
