4184 6440
196 399 341 463 1073

1115 396 1727 460 ΕΟΟιΕΞΙΑΞἸῚοΒ
1769 401 2163 463 ΗΙὸΤυΒῐι-Ῑί
2206 404 2351 464 LIB.
2398 405 2461 465 V.

3314 401 3450 468 1071

194 512 465 580 Γραφαῐς,
493 509 589 565 τοῦ
619 510 824 583 πατρὸς
846 510 995 581 αύτῷ
1017 513 1155 582 πρὸς
1198 514 1265 581 τῇ
1308 511 1418 564 τῶν
1469 511 1773 579 ἐγκυκλίων
1801 561 1806 574 ε

1902 532 2007 570 ιιι-α
2040 514 2166 580 fuit,
2209 524 2269 569 ut
2302 515 2446 570 ﬁlius
2476 531 2584 571 non
2614 515 2907 582 succisiva,
2944 516 3040 572 sed
3076 517 3224 586 justa
3270 531 3456 580 opera.

196 605 420 675 παιδείᾳ
449 605 511 658 ού
553 605 847 673 παρέργως
868 604 931 674 δὴ
956 605 1052 658 καὶ
1084 602 1182 672 τὴν
1205 602 1428 656 ἐκείνων
1452 603 1777 671 ποιουμένου

200 696 463 762 φροντίδα
492 711 507 727 ·
536 694 678 749 ὥστε
707 694 770 755 δὴ
806 698 900 748 καὶ
958 695 1069 765 πρὸ
1098 693 1201 763 τῆς
1257 695 1484 749 ἐκείνων
1546 694 1777 765 μελέτης

192 776 429 849 ταύταις
480 785 910 855 ἐνασχολείσθαι,
971 789 1207 855 ἑκάστης
1245 786 1482 857 ἡμέρας,
1544 788 1777 858 μερικάς

194 879 411 931 ἐκεῖθεν
433 878 766 947 ἐκμαθήσεις
789 880 882 951 καὶ
911 878 1267 946 ἀπαγγελίας
1292 880 1775 951 είσπραττόμενον.

192 972 277 1023 0-)
310 973 421 1040 μήν
448 987 509 1037 γε
538 971 634 1023 καὶ
688 971 798 1023 ἀπὸ
826 949 1233 1041 ’προαιρέσεως
1284 970 1365 1040 τῷ
1424 949 1573 1025 παιδὶ
1609 969 1781 1023 ταῦτα

192 1058 368 1130 ἦσαν.
415 1062 720 1130 ’Υπερφυεῖ
742 1063 799 1114 δέ
826 1078 936 1114 τινι
966 1061 1251 1132 προθυμία
1285 1063 1415 1131 περὶ
1437 1061 1611 1115 ταῦτα
1643 1062 1781 1129 μαλ.

192 1152 295 1204 λον
320 1152 464 1222 ἥπερ
492 1152 619 1221 περὶ
653 1153 746 1205 τὴν
782 1152 1020 1221 Ἕλληνα
1042 1152 1197 1219 λόγον
1246 1153 1456 1213 ἐπόνει,
1518 1152 1593 1215 ὡς
1644 1150 1782 1221 μηδέ

193 1245 261 1297 τὸ
292 1244 499 1297 ἀπλοῦν
522 1246 670 1314 αὐτῴ
704 1246 812 1297 τῶν
848 1245 1008 1314 ιερῶν
1033 1244 1211 1313 λόγων
1240 1247 1333 1298 καὶ
1386 1246 1676 1315 πρόχειρον
1706 1246 1783 1308 είς

202 1335 451 1404 μάθησιν
484 1337 759 1405 ἐξαρκεῖν,
788 1336 920 1388 ἀλλά
972 1338 1066 1391 καὶ
1111 1337 1587 1405 πολυπραγμονεῖν
1616 1335 1787 1405 αίρεῖ-

200 1426 361 1489 σθαι,
414 1426 595 1479 καὶτὸ
645 1429 970 1495 ἐγκεὲρενον
1018 1427 1209 1486 αὐταῖς
1259 1427 1421 1496 βάθος
1484 1424 1786 1496 ἀνιχνεύειν

198 1517 525 1585 πειρᾶσθαι,
551 1520 645 1569 καὶ
683 1519 980 1586 πράγματα
1016 1519 1090 1588 τῷ
1118 1521 1287 1588 πατρὶ
1336 1517 1619 1587 παρέχειν,
1655 1517 1783 1568 ἀνα-

202 1608 639 1676 πυνθανόμενον,
664 1610 714 1663 τί
740 1611 803 1663 ἂν
836 1612 957 1680 ἄρα·
987 1610 1232 1681 βούλοιτο
1264 1612 1322 1664 τὸ
1350 1614 1585 1681 γράμμα
1621 1612 1783 1664 νοεῖν.

201 1698 304 1765 Τῷ
332 1700 389 1752 δὲ
419 1702 586 1771 πατρὶ
612 1704 917 1771 θαυμάζειν
952 1704 1053 1772 μὲν
1088 1704 1260 1774 είσῄει
1297 1704 1391 1755 καὶ
1439 1703 1560 1755 καθ’
1594 1701 1789 1756 ἐαυτδν

178 1792 719 1860 ρκαταπλήττεσθαι,
778 1794 1040 1862 γεγηθότι
1108 1794 1363 1855 ὅτιθεὸς
1415 1794 1660 1846 τοιούτου
1726 1792 1790 1859 δὴ

204 1883 427 1951 πατέρα
452 1859 632 1947 παιδὸς
669 1859 919 1952 γενέσθαι
949 1886 1101 1955 ἠξίου
1134 1900 1147 1914 ·
1190 1886 1293 1956 ἰδία
1338 1902 1400 1953 γε
1458 1886 1563 1955 μὴν
1624 1884 1795 1955 πλήτ-
1827 1859 1863 1912 Β

206 1989 326 2023 των
355 1970 424 2043 ἦν
450 1976 506 2025 τὸ
534 1976 709 2028 δοκεῖν
745 1977 911 2045 μηδὲν
945 1978 1075 2046 παρ’
1105 1978 1318 2045 ἡλικίαν
1354 1978 1447 2029 καὶ
1479 1976 1795 2045 περαιτέρω

208 2068 316 2130 τῆς
335 2068 557 2131 ἀτελοῦς
589 2070 824 2131 διανοίας
854 2071 1039 2138 ζητεῖν
1072 2070 1489 2140 εἰσηγούμενος.
1527 2067 1796 2121 Τοσοῦτὸν

208 2175 275 2221 γε
319 2160 429 2228 μήν
454 2177 619 2226 φασιν
666 2159 941 2229 ἔκοαελσον
981 2156 1123 2212 εῐναι
1170 2161 1264 2212 καὶ
1320 2160 1396 2230 τῷ
1446 2159 1633 2230 δοτῆρι
1688 2161 1797 2212 τῶν

208 2248 438 2314 ἀγαθῶν
471 2248 590 2315 Θεῴ
621 2248 720 2315 τὴν
742 2252 904 2319 χάριν
923 2248 1228 2318 ὁμολογεῖν,
1262 2248 1334 2311 ὡς
1371 2248 1659 2317 ἐπιστῆναι
1697 2248 1799 2318 μὶν

213 2340 480 2403 πολλάκις
537 2342 744 2393 εὕδοντι
794 2346 874 2411 τῷ
926 2342 1098 2406 παιδὶ,
1158 2340 1580 2411 ὰπογυμνοῦντα
1620 2342 1677 2395 δὲ
1739 2340 1801 2394 τδ

215 2435 469 2502 στέριον,
534 2435 848 2503 σεόασμίως
902 2434 1051 2501 μάλα
1122 2433 1465 2503 καταφιλεῖν,
1518 2428 1605 2487 οἷά
1656 2450 1801 2494 τινος

214 2530 367 2579 ἔνδον
401 2528 549 2580 θείου
584 2528 896 2594 Πνεύματος
948 2528 1360 2597 ἐνσκηνοῦντος,
1381 2529 1474 2580 καὶ
1501 2527 1600 2595 τῆς
1653 2526 1804 2578 εὐτεο

219 2624 381 2685 κιιίας
409 2624 676 2693 μακάριον
707 2624 903 2676 ἑαυτὸν
936 2623 1216 2692 ἡγεῖσθαι.
1250 2622 1555 2676 Κὰντεῦθεν
1584 2620 1646 2673 ού
1682 2637 1807 2688 σμι-

216 2717 362 2785 κρὰς
410 2716 662 2786 ἀφορμὰς
691 2717 719 2769 ὁ
752 2719 877 2779 παῖς
917 2717 1021 2768 τῶν
1072 2718 1168 2785 τῆς
1199 2718 1453 2780 ,πίστεως
1504 2715 1599 2768 καὶ
1648 2713 1806 2765 θείων

220 2812 403 2876 λ’,γων
426 2809 916 2879 καταϐαλλόμενος,
964 2806 1021 2862 εὖ
1051 2808 1196 2879 μάλα
1247 2809 1492 2877 κοσμίως
1548 2808 1805 2875 ἀνήγετο,

218 2903 301 2972 τῷ
330 2905 478 2972 αὐτῷ
527 2904 695 2974 πατρί
743 2920 803 2955 τε
860 2907 952 2954 καὶ
993 2899 1301 2968 διδασκάλῳ
1354 2896 1656 2969 χρώμενος,
1715 2898 1807 2950 καὶ

225 2998 445 3065 μεγαλα
513 2992 593 3059 οἷς
659 2995 984 3062 παρεδείκνυ
1068 2992 1290 3062 δράσειν
1349 2992 1805 3061 ὑπισχνούμενος.

223 3092 411 3140 Ἰαὶτα
447 3090 540 3141 καὶ
577 3088 800 3142 τοιαῦτα
845 3088 908 3158 δή
940 3104 1058 3139 τινα
1088 3086 1252 3155 ἔτερα
1308 3087 1546 3153 συγγενῆ
1598 3082 1808 3142 τούτοις

1883 622 1990 661 una
2025 622 2152 663 cum
2197 607 2419 678 cyclicis
2463 607 2777 677 disciplinis
2824 623 2920 664 eas
2947 608 3281 664 addisceret.
3318 608 3452 675 Qua-

1879 709 2107 770 propter
2128 706 2255 755 ante
2276 714 2468 754 earum
2496 699 2912 769 disciplinarum
2935 700 3256 756 exercitium
3281 700 3453 770 quoti-

1880 793 1967 849 die
1998 792 2066 847 ab
2088 807 2177 857 eo,
2203 809 2269 850 ex
2292 794 2464 850 sacris
2483 793 2786 863 Scripturis
2808 794 3203 863 promissiones
3222 804 3277 847 et
3302 801 3455 849 certa

1884 887 2025 946 loca,
2060 899 2184 953 quae
2253 884 2575 939 memoriter
2612 883 2905 948 didicerat,
2940 885 3259 952 requirebat
3289 902 3302 938 :
3341 899 3457 951 quae

1887 991 1973 1030 res
2025 976 2249 1030 minime
2299 986 2497 1045 praeter
2542 976 2811 1047 judicium
2840 988 2897 1031 et
2931 977 3268 1029 voluntatem
3304 990 3453 1038 pucr‘

1885 1068 2008 1123 fuit.
2035 1068 2262 1123 Miriltca
2296 1070 2441 1122 enim
2486 1070 2787 1139 cupiditate
2819 1070 2991 1140 magis
3045 1070 3098 1121 in
3125 1068 3241 1121 lucc
3262 1065 3442 1119 studia

1885 1176 2047 1229 quam
2080 1161 2132 1214 iu
2189 1159 2504 1215 Graecorum
2548 1171 2694 1215 artes
2739 1160 3016 1215 ferebatur
3048 1181 3060 1216 ;
3097 1176 3271 1230 usque
3304 1161 3463 1220 adeo,

1890 1263 1941 1305 ut
1967 1268 2072 1305 non
2107 1262 2399 1307 :ontes'tus
2428 1264 2579 1309 esset
2606 1268 2672 1309 ex
2699 1255 2873 1309 sacris
2895 1254 3157 1317 oraculis,
3183 1270 3306 1322 quae
3332 1252 3463 1307 sim-

1890 1346 2051 1415 p'iria
2084 1356 2141 1401 et
2173 1363 2281 1400 non
2318 1346 2390 1400 ita
2416 1347 2657 1402 dillicilia
2688 1356 2837 1411 sunt,
2863 1346 3075 1401 discere
3109 1363 3123 1399 :
3154 1346 3250 1401 sed
3283 1346 3439 1399 curio

1888 1441 2048 1497 sitatc
2086 1448 2358 1504 uzeretur,
2386 1450 2443 1493 et
2491 1439 2710 1493 abditos
2732 1452 2923 1492 eorum
2974 1452 3173 1491 sensus
3223 1437 3460 1491 scrutari

1888 1544 2220 1597 conaretur,
2282 1532 2627 1602 ευιιίιιιιειμιθ
2701 1531 2965 1601 quidnam
3019 1532 3205 1585 arcani
3257 1546 3460 1584 sensus

1891 1626 1945 1679 in
1979 1626 2160 1680 littera
2217 1623 2438 1689 lateret,
2487 1625 2923 1693 percunctando,
2983 1624 3122 1693 patri
3185 1623 3468 1691 negotium

1892 1718 2209 1775 lacesseret.
2246 1718 2294 1772 Is
2321 1734 2486 1787 porro
2518 1716 2661 1787 apud
2694 1703 2936 1786 seipsum
2964 1731 3027 1770 ea
3054 1715 3123 1770 de
3154 1731 3320 1769 causa
3344 1731 3469 1768 cum

1895 1810 2259 1864 admiratione
2304 1807 2585 1877 stupebat,
2639 1816 2698 1861 et
2748 1805 2909 1860 valde
2962 1804 3264 1874 gaudebat,
3321 1804 3470 1873 quod

1897 1904 2040 1957 Deus
2072 1917 2128 1955 sc
2160 1912 2372 1972 patrem
2410 1901 2500 1955 tali
2536 1900 2795 1969 dignatus
2837 1907 2983 1953 esset
3033 1898 3164 1952 lilio.
3200 1896 3268 1952 Et
3297 1913 3472 1965 quau-

1897 1996 2079 2066 doque
2113 1996 2365 2063 privatim
2391 1995 2686 2048 simulabat
2715 2009 2775 2046 se
2798 2008 2923 2046 eum
2948 1994 3132 2045 acrius
3155 1991 3474 2059 objurgare,

1900 2105 1967 2144 tte
2007 2087 2138 2157 quid
2165 2103 2330 2157 supra
2366 2096 2582 2141 aetatem
2616 2102 2770 2140 suam
2810 2095 2867 2139 et
2899 2083 3208 2152 simplicem
3247 2097 3473 2136 sensum

1898 2190 2239 2236 scrutaretur
2259 2179 2587 2234 admonens.
2612 2178 2926 2247 Tantopere
2943 2191 3078 2230 vero
3105 2173 3475 2228 admiratione

1898 2274 2021 2342 ejus
2046 2283 2124 2327 csl
2165 2282 2573 2331 conmernatus.
2605 2270 2873 2325 maximas
2906 2269 3174 2324 se-dntori
3206 2270 3475 2321 boaorum

1908 2369 2014 2421 Deo
2038 2351 2247 2433 'grntias
2284 2367 2483 2421 debere
2518 2365 2822 2435 professus,
2859 2373 2918 2418 ut
2948 2374 3327 2431 saepenumero
3350 2359 3475 2413 dor-

1904 2459 2092 2513 mienti
2125 2460 2407 2512 assisteret
2449 2472 2642 2527 puero,
2695 2465 3002 2524 pectusque
3040 2453 3162 2521 ejus
3206 2449 3474 2504 nudatum

1904 2567 2027 2605 eum
2064 2549 2429 2616 veneratione,
2452 2550 2623 2602 multa
2656 2546 3097 2606 deoscularetur,
3132 2543 3361 2614 perinde
3401 2555 3466 2595 at-

1907 2660 2012 2711 que
2049 2644 2100 2697 in
2139 2658 2205 2696 eo
2254 2641 2478 2696 divinus
2517 2640 2761 2710 Spiritus
2791 2638 3130 2693 domicilium
3179 2651 3341 2690 suum
3385 2635 3477 2687 Ita-

1906 2736 2095 2795 bi-ret.
2128 2716 2464 2802 beatumque
2504 2748 2735 2804 prorsus
2763 2747 2821 2787 se
2854 2741 2963 2785 tam
3006 2731 3158 2785 felici
3200 2728 3477 2799 proliﬁca-

1908 2830 2056 2884 tione
2080 2828 2387 2899 judicabat.
2417 2828 2548 2893 Quae
2583 2843 2669 2882 res
2711 2840 2962 2896 magnam
2995 2825 3232 2894 praebuit
3256 2838 3478 2877 causam

1906 2931 1963 2977 et
1989 2921 2356 2985 occasionem,
2384 2930 2442 2973 ut
2473 2934 2608 2988 puer
2638 2918 2798 2973 ﬁdem
2832 2932 3128 2985 sacrasque
3173 2914 3388 2968 litteras
3414 2915 3480 2968 ab

1911 3016 2137 3068 ineunte
2166 3022 2326 3067 a:tate
2353 3020 2781 3080 assequeretur:
2819 3009 2980 3080 35.7
3022 3018 3078 3063 et
3111 3018 3260 3063 recte
3294 3006 3470 3061 admo

1909 3105 2040 3160 dum
2077 3102 2427 3168 educaretur,
2459 3101 2714 3156 eumdem
2747 3110 2804 3156 et
2834 3112 3046 3170 patrem
3080 3109 3139 3155 et
3176 3108 3468 3169 praecepto-

221 3192 291 3238 τα
319 3184 419 3253 τῆς
447 3183 706 3250 παιδικῆς
738 3182 951 3252 ἡλικίας
989 3179 1299 3249 Ὤριγένους
1332 3174 1800 3245 μνημονευόμενα.

1911 3215 2025 3253 rem
2059 3197 2295 3262 babens,
2338 3212 2702 3267 magnamque
2728 3195 2797 3250 de
2820 3210 2879 3251 se
2914 3196 3168 3266 prtebens
3195 3203 3478 3263 exspecta-

223 3279 393 3329 Ἐπεὶ
426 3276 480 3328 δέ
517 3276 740 3345 Σευήρῳ
769 3275 997 3328 δέκατον
1035 3275 1133 3341 μὲν
1155 3272 1251 3338 τῆς
1279 3269 1454 3339 ἀρχῆς
1494 3266 1611 3327 ἔτος
1647 3264 1807 3334 ὴνύε-

223 3390 306 3432 το,
344 3371 544 3432 Δαῖτος
576 3368 631 3420 δὲ
662 3366 889 3438 ἡγεμὼν
921 3366 1224 3433 Αἰγύπτου,
1259 3363 1354 3416 καὶ
1399 3358 1808 3429 ’Λλεξανδρείας

228 3460 554 3521 καθίστατο,
583 3458 882 3527 Δημητρίῳ
915 3458 970 3510 δέ
996 3459 1134 3527 μετᾶ
1166 3453 1460 3508 Ἰουλιανὸν
1494 3453 1619 3521 ἄρτι
1655 3450 1809 3519 πρώ-

227 3572 337 3616 τως
366 3552 514 3620 ὁτῆς
562 3549 968 3621 Ἀλεξανδρείας
1016 3549 1204 3620 θρόνος
1258 3546 1639 3617 ἐνεχειρίζετο,
1680 3546 1708 3597 ὁ
1754 3543 1811 3595 δέ

228 3648 342 3699 τῶν
366 3644 676 3715 ἐκκλησιῶν
696 3644 936 3713 διωγμὸς
963 3645 1040 3706 είς
1096 3644 1241 3711 μέγα
1271 3639 1677 3711 ἀνερριπίζετο,
1712 3640 1806 3689 καὶ

231 3738 424 3790 πολλοὶ
469 3736 733 3805 γενναίως
781 3735 1256 3804 παραταττόμενοι
1301 3734 1411 3795 τοῖς
1475 3731 1656 3793 ἄθλοις
1688 3729 1813 3790 τοὺς

235 3826 533 3896 στεφάνους
559 3825 856 3896 διήρπαζον
890 3839 903 3852 ·
934 3824 1189 3877 τοσοῦτόν
1218 3838 1381 3891 φασιν
1401 3821 1578 3892 ἔρωτα
1609 3834 1817 3890 μαρτυ-

236 3920 360 3987 ρίου
394 3914 646 3983 γενέσθαι
670 3915 763 3965 καὶ
790 3911 1083 3983 Ὠριγένει,
1117 3910 1330 3982 ἁπαλὴν
1356 3910 1550 3978 κομιδῆ
1574 3908 1668 3979 τὴν
1693 3909 1813 3979 ήλι-

238 4014 370 4064 κίαν
404 4009 795 4078 περικειμένῳ,
833 4006 907 4067 ὡς
952 4007 1181 4075 σκιρτᾷν
1210 4006 1335 4074 ἠδη,
1387 4006 1479 4057 καὶ
1519 4002 1665 4071 ὁρμῇ
1711 4016 1813 4052 τινι

239 4108 458 4177 ἀσχέτιρ
488 4105 653 4174 ὁμόσε
678 4108 790 4167 τοῖς
818 4103 955 4172 ὑπὲρ
1000 4101 1242 4171 Χριστοῦ
1291 4098 1557 4161 κινδύνοις
1594 4098 1813 4167 χωρεῖν.

242 4200 351 4251 lia!
386 4195 430 4264 γ’
471 4197 847 4266 ἀπηλλάττετο
884 4195 1170 4264 μαρτυρίῳ
1209 4189 1303 4245 τοῦ
1334 4189 1454 4261 ζῇν,
1483 4191 1529 4242 εί
1575 4188 1651 4259 μὴ
1685 4188 1816 4249 Θεὸς

238 4291 415 4359 ἐτέρῳ
448 4290 707 4358 προνοίας
757 4286 901 4355 λόγῳ
928 4285 1026 4353 τῆς
1081 4282 1291 4336 πολλῶν
1335 4279 1605 4349 ὠφελείας
1659 4278 1818 4349 χάριν

241 4378 497 4450 ἐμποδὼν
527 4379 623 4449 τὴν
664 4379 879 4447 μητέρα
912 4376 1103 4445 ἐκείνῳ
1128 4374 1380 4428 καθίστα.
1422 4369 1680 4424 Είσιοῦσα
1712 4370 1818 4440 γὰρ

241 4473 457 4522 ἐκείνου
489 4469 578 4521 τὸν
607 4468 873 4535 θάλαμον,
903 4467 1066 4535 φειδώ
1095 4482 1217 4519 τινα
1240 4463 1537 4532 λαμϐάνειν
1559 4462 1653 4530 τῆς
1691 4461 1819 4530 περὶ

1912 3290 2138 3343 tionem.
2172 3288 2297 3342 Haec
2338 3298 2502 3358 atque
2539 3290 2669 3343 item
2701 3287 2804 3341 alia
2835 3286 2923 3342 bis
2956 3286 3157 3341 similia
3189 3285 3257 3340 de
3284 3286 3481 3355 puerili

1909 3387 2066 3433 atate
2086 3377 2338 3447 Origenis
2362 3386 2494 3432 sunt
2521 3376 2758 3447 prodita.
2788 3377 3083 3445 Postquam
3114 3391 3243 3430 vero
3268 3374 3481 3429 decimo

1912 3472 2098 3527 Severi
2131 3472 2457 3540 imperantis
2487 3486 2654 3534 anno,
2687 3469 2871 3524 Lretus
2900 3468 3135 3541 Egypto
3163 3479 3222 3524 et
3248 3469 3478 3523 Alexan-

1910 3565 2046 3620 driae
2102 3563 2395 3634 prafectus
2425 3574 2545 3627 est,
2573 3572 2630 3618 et
2676 3563 2988 3617 Demetrius
3030 3562 3250 3617 Juliano
3282 3561 3336 3614 in
3368 3562 3473 3630 cpi-

1910 3668 2141 3725 aeopatu
2160 3655 2531 3710 Alexandrino
2551 3656 2839 3714 successit.
2864 3654 3337 3722 eeelesiarumque
3362 3668 3480 3722 per-

1914 3748 2128 3803 secutio
2169 3748 2463 3803 admodum
2510 3748 2765 3811 invaluit,
2801 3762 2865 3801 ac
2892 3746 3049 3801 multi
3084 3745 3485 3801 certaminibus

1916 3854 2112 3910 magno
2139 3839 2324 3895 animo
2351 3839 2566 3895 obviam
2588 3847 2809 3905 euntes,
2839 3853 3074 3893 coronas
3093 3846 3486 3907 reportarunt:

1918 3941 2124 3987 tantam
2157 3933 2352 3987 dicunt
2383 3933 2627 4003 martyrii
2661 3932 3022 4002 cupiditatem
3051 3930 3275 4002 Origcni
3310 3931 3476 3985 inces-

1917 4028 2077 4086 sisse.
2107 4040 2233 4079 cum
2260 4024 2315 4079 in
2338 4024 2571 4094 juvenili
2601 4022 2894 4079 admodum
2925 4023 3108 4077 adhuc
3142 4031 3300 4077 attate
3320 4031 3487 4086 esset,

1919 4128 1978 4172 ut
2018 4117 2298 4171 exsultans
2321 4117 2432 4186 jam
2460 4116 2660 4171 ardore
2690 4117 2926 4185 quodam
2968 4115 3301 4178 incredibili,
3346 4115 3487 4184 peri-

1916 4207 2040 4261 cula
2070 4221 2168 4276 pro
2192 4205 2413 4260 Christo
2439 4202 2722 4259 toleranda
2753 4203 2951 4257 adiret.
2983 4202 3049 4256 Et
3086 4201 3352 4256 ﬁnivisset
3395 4202 3489 4254 ille

1912 4302 2026 4372 jam
2085 4308 2199 4352 tum
2250 4298 2516 4369 martyrio
2537 4297 2728 4360 vitam,
2765 4295 2868 4349 uisi
2905 4295 3009 4349 alia
3056 4294 3257 4349 divine
3302 4295 3490 4349 Provi-

1919 4395 2118 4451 dentia
2158 4394 2389 4457 ratione,
2433 4393 2686 4448 utilitatis
2729 4393 3025 4446 multorum
3070 4391 3279 4461 gratia,
3315 4399 3491 4443 mater

1920 4490 2040 4558 ejus
2084 4487 2514 4543 intercessisset.
2565 4486 2659 4540 llla
2711 4486 2857 4540 enim
2912 4485 2967 4539 in
3011 4482 3328 4539 cubiculum
3372 4485 3497 4554 ejus

242 4564 412 4616 αὑτὸν
442 4561 714 4631 μητρικῆς
743 4560 1034 4620 διαθέσεως
1080 4557 1424 4619 καθικέτευε,
1456 4555 1551 4609 καὶ
1595 4557 1668 4624 μὴ
1719 4551 1806 4606 οὔ·

1926 4582 2188 4651 ingressa,
2223 4580 2453 4648 supplex
2491 4577 2542 4632 ei
2574 4577 2697 4638 fuit,
2729 4586 2787 4630 ut
2823 4592 2914 4638 ne,
2948 4585 3197 4629 materno
3223 4590 3325 4628 suo
3364 4551 3493 4643 erga

243 4672 355 4719 τως
384 4658 483 4722 τὴν
513 4654 726 4723 μητέρα
757 4652 1100 4714 καταλιπεῖν,
1130 4652 1224 4703 καὶ
1254 4650 1474 4718 θρήνοις
1508 4646 1818 4715 ἀκατασχέ-

245 4761 361 4807 τιιις
401 4742 749 4812 περιόἀλλειν
796 4740 1115 4810 πειρᾶσθαι.
1172 4739 1261 4802 Ὠς
1290 4738 1348 4791 δέ
1399 4736 1543 4789 ἐάλω
1590 4734 1739 4805 αὐτῷ
1794 4736 1823 4787 ὁ

248 4838 460 4907 πατὴρ,
499 4838 597 4891 καὶ
645 4837 1010 4905 δεσμωτηρίῳ
1050 4834 1369 4902 καθείρκτο,
1399 4834 1481 4885 ἔτι
1540 4831 1744 4902 μᾶλλον
1794 4829 1823 4881 ὁ

248 4935 392 5001 ἔρως
437 4931 584 5000 αὐτῷ
633 4932 965 4993 ἐπετείνετο,
1027 4928 1123 4981 καὶ
1168 4928 1497 4997 δριμύτερος
1583 4926 1823 4995 είσέρρει

248 5024 418 5085 πόθος
443 5022 535 5076 τοῦ
586 5022 911 5092 μαρτυρίου,
946 5020 1041 5074 καὶ
1092 5021 1462 5087 καθεκαστην,
1502 5017 1578 5080 ὡς
1624 5018 1822 5081 εἰπεῖν,

247 5117 443 5171 τοῦτον
481 5116 748 5184 ἀνέφλεγε
781 5115 1098 5185 πυρπολῶν.
1125 5112 1283 5168 Οὕτω
1316 5112 1361 5166 δ’
1402 5113 1580 5181 ὁρμῆς
1630 5111 1824 5182 ἔχοντα

250 5214 287 5282 ἡ
318 5212 503 5280 μήτηρ
545 5211 638 5263 τὶν
675 5210 963 5279 Ὦριγένην
992 5207 1228 5278 ὁρῶντα,
1254 5207 1353 5276 τὴν
1410 5204 1613 5275 ἐσθῆτα
1647 5204 1826 5257 πᾶσαν

250 5304 470 5357 ἐκείνου
504 5304 850 5371 ἀπέκρυπτε,
885 5302 980 5354 καὶ⁵
1034 5300 1173 5354 οἴκοι
1222 5299 1408 5369 μένειν
1453 5299 1520 5352 δι’
1580 5298 1826 5366 ἀνάγκης

254 5398 453 5450 ἐποίει.
481 5396 637 5449 Ἐπεὶ
659 5396 703 5447 δ’
726 5395 856 5447 ἄλλο
883 5394 1149 5465 πράττειν
1188 5394 1291 5446 οὐκ
1339 5389 1509 5461 εἶχεν,
1563 5391 1825 5462 ἀλείπτης

255 5489 470 5556 ἐγίνετο
496 5487 574 5558 τῷ
600 5487 774 5558 πατρί
797 5502 811 5517 ⁸
843 5488 1028 5540 καὶτὰ
1083 5486 1460 5557 προτρεπτικὰ
1520 5485 1827 5538 συντάττων

254 5580 584 5646 ἀπέστελλε,
621 5583 718 5635 καὶ
751 5580 924 5635 ταῦτα
954 5580 1097 5635 κατά
1123 5578 1269 5647 λέξιν
1323 5579 1538 5645 διεξιών
1569 5595 1585 5609 ·
1624 5578 1828 5648 Ἐπεχε

259 5674 338 5745 μὴ
358 5675 427 5727 δι’
480 5676 629 5743 ἡμᾶς
676 5674 806 5729 ἄλλο
838 5692 889 5728 τι
938 5674 1240 5744 φρονήσῃς.
1278 5670 1449 5724 Τοῦτο
1501 5670 1565 5741 δὴ
1613 5671 1828 5738 πρῶτον

257 5767 404 5823 ιστω
436 5766 631 5837 δεῖγμα
661 5766 998 5835 σαφέστατον
1048 5766 1147 5837 τῆς
1200 5770 1262 5819 ἐκ
1317 5765 1559 5836 πρώτης,
1595 5765 1621 5817 ὃ
1676 5780 1826 5833 φασι,

1922 4681 2049 4721 eum
2083 4665 2267 4719 animo
2293 4674 2343 4719 et
2381 4664 2554 4718 amori
2584 4677 2839 4731 parcens,
2881 4676 3080 4730 aegram
3118 4675 3176 4714 se
3216 4660 3287 4713 ita
3320 4662 3494 4714 relin-

1924 4766 2138 4828 queret,
2170 4767 2227 4812 et
2272 4755 2603 4811 intolerabili
2662 4753 2837 4808 luctui
2875 4761 2932 4808 et
2993 4752 3218 4805 nia-ruri
3252 4752 3494 4821 objiecre

1926 4854 2332 4917 perseveraret.
2377 4844 2480 4899 Ubi
2535 4858 2666 4898 vero
2719 4853 2877 4913 pater
2928 4844 3048 4912 ejus
3100 4850 3295 4908 captus
3348 4851 3404 4895 et
3441 4841 3493 4894 in

1927 4939 2143 4992 vincula
2178 4939 2460 5007 conjectus
2490 4947 2593 5001 est,
2614 4939 2786 5006 major
2808 4951 2932 4990 cum
2951 4937 3116 4991 etiam
3139 4951 3316 4995 amor,
3349 4936 3494 4988 acri-

1927 5045 2099 5098 usque
2123 5030 2373 5101 martyrii
2402 5028 2739 5084 desiderium
2771 5028 2992 5085 iuvasit,
3026 5026 3202 5079 indies
3230 5026 3282 5079 id
3305 5027 3387 5095 (ut
3417 5026 3494 5080 ita

1927 5122 2129 5192 dicam)
2161 5121 2359 5176 ardore
2391 5131 2448 5176 et
2477 5123 2599 5191 igne
2632 5136 2775 5175 novo
2798 5120 3071 5174 excitante
3100 5128 3263 5188 atque
3294 5133 3495 5171 necent-

1928 5215 2114 5270 dente.
2146 5214 2495 5282 QuaprOpter
2536 5228 2662 5268 cum
2719 5214 2794 5265 ita
2845 5214 3146 5266 animatum
3198 5208 3493 5278 Origcncrn

1927 5323 2050 5363 esse
2099 5316 2275 5360 mater
2304 5307 2515 5360 videret
2536 5344 2554 5372 ,
2595 5320 2815 5359 omnem
2847 5305 2965 5373 ejus
2998 5312 3205 5357 vestem
3240 5302 3491 5356 recondi-

1929 5401 2030 5461 dit.
2072 5399 2566 5468 necessitatemque
2608 5399 2659 5452 ei
2699 5398 2846 5451 domi
2900 5396 3153 5450 manendi
3208 5396 3491 5467 imposuit.

1931 5491 2030 5545 llic
2058 5506 2182 5545 cum
2210 5491 2357 5544 aliud
2393 5489 2570 5544 facere
2608 5504 2713 5542 non
2749 5497 2951 5557 posset.
2980 5487 3185 5555 alipten
3225 5496 3283 5542 et
3307 5495 3497 5539 uncto-

1935 5598 2048 5636 rem
2078 5580 2402 5637 certaminis
2431 5596 2489 5636 se
2520 5580 2658 5650 patri
2693 5579 2947 5648 prazbuit,
2978 5588 3034 5632 ct
3062 5571 3379 5647 frequenter
3403 5591 3498 5631 co-

1934 5675 2263 5730 liortatorias
2284 5674 2353 5729 ad
2378 5673 2528 5728 illum
2561 5673 2770 5727 litleras
2794 5672 3038 5740 scripsit,
3071 5671 3214 5724 inter
3238 5670 3343 5723 al’a
3374 5685 3497 5723 vcr-

1933 5768 1997 5821 ba
2028 5767 2129 5822 ista
2157 5781 2424 5838 usurpans
2454 5784 2468 5821 :
2502 5765 2750 5831 Sustine,
2784 5776 2839 5819 et
2870 5781 2935 5819 ne
2965 5764 3095 5831 quid
3128 5764 3352 5820 alterius
3372 5777 3498 5819 scn-
