4184 6440
200 391 327 456 1081
1106 398 1716 462 ECCLEn‘IASTlC/E
1757 403 1852 462 ΗΓ

1757 403 1956 463 HlS'l‘t
1990 405 2145 467 RL’E
2192 407 2338 466 LIB.
2384 410 2443 472 ν.
3263 409 3398 475 1082

200 509 490 578 βασάνους,
547 508 700 569 τέλος
734 507 948 576 σύναμα
988 512 1054 580 τῇ
1111 513 1278 580 μητρὶ
1311 512 1604 584 Μαρκίλλῃ
1653 512 1744 567 τὸν
1773 518 1852 582 At

1773 518 1816 574 Α
1845 517 2006 584 genui
2035 527 2088 571 et
2118 518 2363 573 liberalis
2389 522 2678 587 summus).
2721 531 2776 576 et
2811 527 3086 579 constanti
3121 529 3397 594 generosi-

197 601 280 651 διὰ
315 600 484 666 πυρὸς
516 599 854 664 εἰσδέξασθαι
889 600 1134 664 θάνατον.
1181 601 1411 670 Λέγεται
1446 604 1627 672 μέντοι
1659 604 1751 656 τὸν

1745 623 1751 650 ν
1855 616 1964 662 tate
1989 624 2109 673 sua,
2140 620 2262 678 post
2286 611 2649 666 intolerabilia
2689 620 2959 670 tormenta
2988 617 3121 670 satis
3154 629 3397 678 ostensa.

197 691 458 758 δικαστὴν
499 689 728 742 Ἀκύλαν
758 692 1010 758 χαλεπῶς
1043 692 1179 762 αὐτῇ
1211 694 1269 745 τὸ
1305 693 1460 760 σῶμα
1490 693 1750 763 πρότερον

1745 714 1750 739 ι
1853 697 1918 765 ad
1962 711 2295 767 postremum
2324 718 2428 755 una
2458 718 2581 755 cum
2616 714 2792 758 matre
2828 705 3099 769 Marcella,
3135 707 3186 760 in
3223 711 3397 776 ignem

196 781 595 845 καταξάναντα,
643 778 756 834 ἐἴτ’
790 784 1109 848 ἀκολάστοις
1163 787 1403 848 νεανίαις
1454 787 1536 854 ἐφ’
1596 786 1751 856 ὕϐρει

1747 826 1751 839 .
1852 794 2100 861 conjecta
2130 805 2359 847 mortem
2385 796 2604 850 ohierit.
2627 796 2823 851 Fertur
2850 798 3123 864 equidem,
3154 802 3399 866 Aquilam

195 873 377 924 δοῦναι
438 875 897 944 προσαπειλήσαι.
959 877 1023 928 Ὀ
1060 876 1107 928 δ’
1149 879 1419 945 αἱρεῖται,
1473 877 1644 947 βραχύ
1699 895 1752 931 τι

1748 915 1752 929 ι
1850 883 2108 948 judicent,
2145 900 2267 937 cum
2301 901 2497 954 corpus
2531 887 2648 955 ejus
2680 887 2916 955 primum
2951 890 3188 955 graviter
3215 887 3400 957 ﬂagris

197 964 553 1016 διαλιποῦσαν
610 965 1120 1019 ἀναπυνθάνεσθαιο
1176 968 1269 1020 καὶ
1313 969 1413 1038 τὴν
1464 969 1753 1036 ἀπόκρισιν

1749 988 1753 1010 ν
1856 973 2194 1041 ίιιειὶὺιιειιιιιε
2228 976 2534 1039 cecidisset,
2565 979 2828 1032 minatum
2856 980 2903 1032 ei
2940 993 3082 1041 esse,
3107 970 3401 1047 juvenibus

197 1058 454 1122 γεννικὴν
488 1056 555 1109 εὖ
599 1060 740 1125 μάλα
792 1060 1112 1125 ἐπαγαγεῖν,
1144 1059 1218 1119 ὡς
1252 1063 1340 1112 καὶ
1371 1063 1756 1130 νενομισμένων

1748 1080 1756 1108 ν
1857 1064 2226 1130 petulantibus
2278 1080 2335 1117 se
2385 1081 2502 1118 eam
2555 1068 2620 1120 ad
2670 1069 3054 1122 contumeliam
3110 1069 3400 1122 daturum:

196 1145 347 1208 δόξαι
377 1146 452 1214 τῷ
493 1147 718 1214 δικαστῇ
749 1166 800 1198 τι
851 1150 1051 1212 ἀσεϐὲς
1085 1151 1556 1217 ἐπιφθέγξασθαι·
1592 1150 1755 1212 εὐθὺς

1751 1167 1755 1205 r
1855 1169 2102 1222 eamque,
2135 1157 2395 1222 quidnam
2432 1173 2496 1208 ex
2530 1161 2831 1226 propositis
2866 1159 3277 1213 conditionibus
3307 1174 3403 1227 per

198 1239 254 1289 δὶ
285 1243 381 1292 καὶ
415 1241 492 1309 τῷ
526 1243 668 1310 λόγῳ
695 1242 996 1312 δεξαμένην
1026 1244 1126 1312 τὴν
1158 1244 1313 1312 δίκην
1345 1245 1476 1310 πρὸς
1511 1243 1757 1296 Βασιλεί-

1750 1273 1757 1283 -
1858 1245 2131 1312 Optionctn
2172 1247 2416 1314 eligeret,
2445 1248 2856 1317 interrogatam,
2895 1250 3181 1318 paululum
3219 1265 3402 1303 secum

197 1329 289 1381 δου
320 1331 397 1398 τῷ
427 1332 526 1398 τῆς
560 1334 859 1404 καταδίκης
902 1336 1054 1404 τόπῳ
1111 1337 1440 1402 ἀπάγεσθαι.
1485 1337 1572 1397 Ὠς
1609 1337 1662 1388 δὲ
1698 1337 1758 1388 τὸ

1753 1359 1758 1384 ι
1861 1336 2076 1388 tat-itam
2106 1337 2461 1398 deliberasse.
2495 1351 2549 1392 et
2587 1355 2849 1417 perquant
2878 1356 3196 1410 generosum
3226 1342 3405 1392 animo

199 1423 430 1489 πλῆθος,
459 1423 671 1492 βάλλειν
697 1441 757 1477 τε
810 1426 1131 1496 σκώμμασι,
1190 1427 1285 1479 καὶ.
1335 1428 1510 1494 λόγοις
1566 1427 1760 1482 ἀκολά-

201 1530 352 1574 στοις
405 1515 695 1582 πρξχειρον
729 1517 1034 1586 δνυϐρίζειν
1062 1514 1152 1588 ἦν,
1198 1519 1516 1590 Βασιλείδης
1562 1521 1757 1587 φιλανθ

199 1605 549 1671 θρωπότερον
601 1607 730 1676 περὶ
759 1610 858 1675 τὴν
898 1611 1150 1680 μάρτυρα
1195 1611 1484 1673 διατεθεὶς.
1523 1608 1670 1679 εἷργέ
1700 1628 1756 1662 τε

200 1698 294 1745 καὶ
349 1697 593 1747 ἀνεσόϐει
629 1698 687 1749 τὸ
737 1701 922 1765 στῖφος
961 1700 1068 1763 ¹ιιῶν
1100 1700 1391 1769 ὑϐριστῶν.
1436 1700 1501 1752 Ἦ
1552 1701 1608 1753 δὲ
1659 1701 1760 1769 τῆς

200 1788 332 1861 περὶ
355 1787 525 1857 αὐτὴν
551 1790 876 1857 κηδεμονίας
893 1792 1273 1860 ἀποδεξαμένη
1298 1793 1389 1844 τὸν
1418 1794 1756 1860 Βασιλείδην,

201 1878 430 1963 θξρῤεῖν
459 1897 514 1930 τε
542 1882 776 1946 ἐκέλευε,
823 1886 914 1936 καὶ
947 1885 1046 1937 οὐκ
1078 1888 1156 1946 είς
1194 1885 1409 1954 μακράν
1434 1886 1586 1948 ἀξίας
1614 1884 1760 1954 αὑτῷ

199 1971 301 2030 τὰς
337 1971 568 2036 ἀμοιϐὰς
616 1974 873 2037 ἐκτίσειν,
926 1977 1077 2042 παρὰ
1118 1976 1209 2028 τὸν
1250 1977 1445 2045 ἑαυτῆς
1484 1978 1761 2045 Δεσπότην

203 2063 415 2115 ἰοῦσαν.
441 2065 608 2116 Ταῦτ’
641 2068 945 2134 εἰρηκυῖαν,
984 2069 1147 2122 πίττα
1180 2068 1446 2138 διάπυρος
1482 2069 1604 2122 καθ’
1637 2069 1759 2122 ὅλου

199 2154 522 2222 διαχυθείσα
558 2157 650 2210 τοῦ
687 2158 957 2226 σώματος,
995 2159 1158 2227 ἐξῆγε
1201 2159 1297 2211 τοῦ
1330 2160 1449 2229 ζῇν.
1485 2160 1562 2212 Οὐ
1596 2162 1762 2222 πολὺς

199 2250 224 2299 ὸ
258 2247 450 2315 χρόνος
477 2249 538 2300 τὸ
568 2250 623 2313 EF,
657 2251 888 2310 ἐκείνου.
922 2253 1015 2303 καὶ
1049 2251 1360 2318 Βασιλείδη;
1392 2254 1554 2319 ὁρκον
1581 2254 1762 2322 ᾐτεῖτο

200 2344 315 2396 τοῖς
345 2342 776 2410 συστρατιώταις
808 2342 1030 2404 διδόναι,
1077 2345 1174 2394 οὐκ
1221 2344 1474 2409 ἀγεννοῦς
1516 2359 1761 2408 προηγη-

204 2435 449 2500 σαμένης
491 2435 688 2493 αἰτίας.
749 2433 808 2486 ὐ
844 2434 898 2485 δὲ
933 2435 1006 2504 μὴ
1054 2436 1251 2499 ἐξεῖναι
1301 2437 1623 2505 τοπαράπαν
1665 2435 1763 2500 ὀμ-

200 2543 362 2576 ναπαι
391 2525 543 2591 ἔλεγε
568 2539 580 2554 ·
623 2525 949 2592 Χριστιανὸν
987 2524 1094 2593 γὰρ
1132 2522 1305 2577 εἶναι·
1351 2529 1439 2575 καὶ
1472 2522 1628 2575 τοῦτο
1664 2524 1763 2576 πᾶ-

206 2633 298 2666 σιν
318 2617 621 2682 ὁμολογεῖν.
662 2617 723 2668 Οἱ
766 2617 861 2684 μὲν
890 2614 981 2668 οῦν
1011 2618 1077 2668 τὰ
1108 2617 1295 2684 πρῶτα
1329 2616 1540 2678 παίζειν
1574 2614 1762 2684 ᾤοντο,

208 2701 308 2753 καὶ
334 2701 418 2769 ἐφ’
459 2701 612 2768 ῦϐρει
643 2703 750 2753 τῶν
784 2703 1069 2770 ἡμετέρων
1107 2704 1430 2772 προϐάλλειν
1465 2703 1553 2752 τὸν
1587 2702 1762 2765 λόγον’

203 2792 285 2852 ὡς
339 2791 383 2843 δ’
419 2792 668 2844 ἐπέκειτο
702 2796 1188 2864 διισχυριζόμενος,
1240 2798 1329 2847 ἐπὶ
1383 2797 1472 2848 τὸν
1534 2795 1765 2847 ’Δκύλαν

206 2884 467 2950 ἀνήγετο.
531 2884 690 2947 'Errsl,
725 2886 782 2937 δὲ
819 2888 912 2938 καὶ
963 2887 1218 2955 ἐμφανῶς
1270 2885 1556 2954 ὡμολόγει,
1593 2885 1766 2948 δεσμὰ

205 2971 528 3039 διεδέχοντο.
563 2974 737 3026 Τινῶν
767 2974 810 3024 δ’
841 2975 913 3037 ὡς
944 2975 1105 3026 αὑτὸν
1140 2978 1324 3028 ἰόντων
1377 2973 1638 3039 ἀδελφῶν,
1676 2972 1767 3024 καὶ

205 3064 312 3133 τὴν
357 3065 558 3133 ἁθρόαν
615 3065 916 3135 μεταϐολὴν
968 3069 1021 3118 ὲν
1061 3067 1260 3135 Θέιμϐει
1297 3066 1360 3132 δὴ
1410 3065 1764 3131 ποιουμένων.

1860 1428 2112 1494 praesenti
2149 1439 2470 1496 responsum
2507 1430 2765 1484 dedisse:
2806 1446 2902 1500 per
2935 1431 3080 1499 quod
3117 1433 3212 1499 (l),
3245 1427 3409 1484 mori-

1861 1518 1963 1571 bus
1999 1534 2228 1581 eorum,
2270 1521 2494 1588 impium
2539 1523 2799 1589 quiddam
2843 1525 3122 1591 prolocuta
3154 1524 3264 1577 visa
3301 1531 3408 1577 est.

1857 1607 2078 1678 Itaque,
2118 1625 2239 1663 cum
2287 1613 2432 1665 illico
2483 1615 2751 1667 sententia
2808 1615 3173 1668 damnationis
3216 1623 3406 1668 contra

1860 1715 1978 1753 eam
2019 1702 2153 1764 lata,
2186 1717 2214 1755 a
2261 1703 2495 1755 Basilide
2541 1705 2604 1756 ad
2652 1706 2826 1757 locum
2871 1706 3124 1773 supplicii
3172 1705 3409 1757 abduce-

1862 1800 2032 1853 retur,
2069 1800 2119 1844 cl
2150 1792 2442 1846 multitudo
2471 1796 2714 1849 convicia
2749 1808 2912 1862 atque
2939 1797 3208 1862 impudica
3242 1797 3408 1849 verba

1864 1867 1959 1945 per
1989 1879 2240 1946 injuriant
2276 1880 2327 1933 in
2354 1897 2471 1934 eam
2503 1885 2820 1952 conjiceret,
2853 1884 3112 1937 Basilides
3143 1900 3237 1952 per
3261 1900 3410 1939 coms

1865 1968 2267 2022 miserationem
2297 1971 2590 2025 humanius
2610 1989 2733 2041 erga
2759 1989 2879 2026 eam
2907 1974 3160 2035 affectus,
3189 1976 3402 2028 turbam

1864 2059 2248 2128 ittjuriosorum
2288 2062 2572 2114 hominum
2611 2079 2805 2116 arcens
2828 2103 2841 2126 ,
2877 2064 2944 2117 ab
2974 2080 3036 2118 ea
3081 2066 3311 2118 removit
3345 2081 3410 2119 ac

1863 2152 2121 2220 propulit.
2170 2152 2247 2204 lbi
2296 2153 2384 2205 illa
2432 2169 2616 2207 curatn
2658 2154 3004 2222 ollicinntque
3054 2157 3155 2208 tale
3194 2167 3406 2223 gratum

1865 2245 2098 2304 habens,
2149 2245 2433 2298 Basilident
2469 2245 2744 2299 confidere
2767 2285 2782 2309 ,
2818 2256 2872 2298 et
2904 2245 3046 2299 bono
3077 2250 3260 2299 animo
3288 2263 3408 2302 esse

1858 2339 2055 2407 jussit:
2089 2337 2235 2388 brevi
2267 2352 2322 2388 se
2349 2336 2414 2388 ad
2449 2335 2734 2387 Dominum
2767 2352 2922 2388 suum
2951 2348 3189 2398 euntem,
3221 2338 3410 2389 condi-

1863 2445 2018 2500 gnam
2065 2430 2113 2483 ei
2161 2430 2450 2482 relaturam
2499 2429 2751 2497 gratiam.
2783 2427 2940 2498 352
2986 2427 3110 2482 llaec
3159 2444 3282 2482 cum
3333 2430 3408 2482 ita

1863 2523 2108 2584 dixisset,
2147 2523 2234 2591 pix
2273 2522 2438 2589 ignita
2480 2537 2576 2590 per
2607 2532 2776 2574 totum
2819 2522 2936 2590 ejus
2963 2536 3162 2589 corpus
3192 2519 3407 2583 difl'usa,

1864 2616 2026 2668 vitam
2068 2616 2116 2667 ei
2153 2614 2375 2668 ademit.
2426 2614 2541 2668 Non
2577 2615 2822 2666 multum
2871 2614 3068 2667 deinde
3103 2615 3413 2668 intercessit

1868 2706 2154 2774 temporis.
2201 2715 2257 2759 et
2287 2723 2315 2759 a
2363 2707 2594 2759 Basilide
2639 2708 3010 2772 juratnentunt
3068 2721 3173 2759 non
3212 2707 3302 2757 vili
3342 2705 3412 2757 de

1866 2814 2024 2853 causa
2076 2800 2216 2851 inter
2266 2797 2666 2850 commilitones
2722 2812 2849 2848 suos
2905 2796 3245 2861 exigebatur.
3305 2795 3402 2848 Ille

1865 2904 2018 2952 vero,
2063 2905 2166 2940 non
2199 2889 2362 2940 licere
2392 2888 2492 2942 sibi
2532 2903 2758 2955 prorsus
2780 2888 2966 2955 jurare
2990 2927 3005 2949 ,
3037 2887 3407 2949 asseveravit;

1865 2981 2398 3035 Christianurnenim
2427 2994 2570 3042 esse,
2599 2989 2654 3032 et
2683 2980 2732 3031 id
2763 2994 2820 3032 se
2849 2979 3126 3046 propalant
3155 2977 3412 3030 omnibus

1869 3072 2124 3138 profiteri.
2158 3071 2565 3124 Contntilitones
2591 3086 2753 3137 porro
2781 3071 3018 3138 primunt
3048 3085 3172 3122 eum
3199 3070 3411 3134 ludere,

208 3158 420 3208 ἐκεῖνον
451 3156 605 3222 λόγος
637 3161 831 3222 εἰπεῖν,
859 3160 934 3221 ὼς
957 3160 1061 3226 ἄρα
1085 3159 1419 3225 Ποταςιίαινα
1445 3158 1546 3223 πρὸ
1577 3156 1760 3222 τρίτης
1794 3159 1836 3218 c

1794 3159 1836 3218 C
1867 3168 1922 3210 et
1955 3155 2019 3207 ad
2047 3158 2427 3209 contumeliam
2455 3167 2694 3210 nostram
2726 3173 2789 3211 ea
2821 3160 2979 3210 verba
3011 3159 3257 3226 proferre
3284 3167 3412 3209 sunt

208 3251 486 3299 ἐπιστᾶσα
543 3249 753 3317 φαιδρῷ
797 3253 891 3301 καὶ
947 3252 1177 3318 γενναίῳ
1232 3249 1306 3315 τῷ
1359 3249 1764 3313 παραστήματι,

211 3343 482 3407 στέφανον
512 3345 576 3408 τῇ
607 3343 813 3392 ἐκείνου
848 3342 1124 3410 ὲπιθήαειε
1153 3341 1384 3406 κορυφῇ,
1420 3340 1579 3401 φάναι
1621 3354 1670 3387 τι
1697 3336 1768 3396 ὡς

211 3431 356 3499 ὑπὲρ
384 3433 588 3482 ἐκείνου
630 3432 923 3498 πρεαϐείαν
962 3431 1333 3497 πεποιημένην
1369 3428 1506 3495 Θεῷ,
1543 3429 1618 3495 μὴ
1653 3428 1770 3478 δια-

211 3523 405 3572 πεσεῖν
437 3521 533 3588 τῆς
567 3522 855 3590 αἰτήσεως,
889 3523 987 3573 οὐκ
1020 3523 1098 3583 είς
1136 3521 1349 3590 μακρὰν
1384 3519 1438 3570 δὲ
1474 3519 1564 3569 καὶ
1608 3518 1771 3568 αὑτὸν

214 3612 341 3679 μεθ’
377 3613 575 3680 ἑαυτῆς
630 3614 944 3682 ἐσχηκέναι.
991 3617 1096 3667 Καὶ
1144 3614 1326 3664 τοίνυν
1370 3613 1479 3664 τῶν
1531 3610 1772 3676 ἀδελφῶν

210 3707 316 3775 τὴν
365 3708 423 3757 ὲν
455 3706 673 3774 Χριστῷ
709 3708 981 3773 σφραγῖδα
1034 3704 1432 3774 περιϐαλόντων
1483 3702 1660 3764 αὑτὸν,
1706 3705 1771 3770 τῇ

217 3797 345 3865 μετ’
373 3798 587 3865 ἐκείνην
635 3798 712 3866 τῷ
759 3798 897 3864 ὑπὲρ
953 3795 1190 3864 Χριστοῦ
1241 3795 1524 3863 μαρτυρίῳ
1558 3793 1775 3844 τελειω-

214 3889 407 3953 θῆναι,
453 3887 597 3952 ξίφει
633 3887 729 3954 τὴν
779 3887 1017 3954 κεφαλὴν
1052 3885 1412 3952 ἐκτμηθέντα.
1462 3885 1574 3935 Οὐκ
1615 3883 1774 3943 αὐτὸς

213 3978 274 4030 δὲ
309 3980 495 4046 μόνον,
542 3979 678 4030 ἀλλά
735 3982 828 4030 καὶ
859 3978 1044 4029 πολλοὶ
1100 3979 1277 4042 ἕτεροι
1323 3977 1514 4042 ἁθρόον
1559 3972 1776 4042 Χριστῷ

214 4065 505 4133 προσιέναι
556 4064 677 4115 κατ’
717 4063 1117 4131 Ἀλεξάνδρειαν
1175 4062 1251 4129 τῷ
1296 4061 1569 4128 εἰρημένῳ
1626 4060 1778 4110 καθιο

220 4157 514 4224 στὸρηνται
554 4154 813 4222 διωγμῷ,
864 4155 954 4204 τὸν
994 4156 1105 4204 ῐσον
1146 4153 1344 4221 τρόπον
1384 4154 1458 4219 τῷ
1495 4150 1775 4218 Βασιλείδῃ

215 4248 322 4313 τῆς
364 4246 730 4313 [Ιοταμιαίνης
779 4246 1206 4311 ἑπιφαινομένης
1259 4242 1382 4293 καθ’
1434 4242 1631 4301 ὕπνους
1688 4241 1777 4290 καὶ

219 4337 600 4405 παρορμῶσης
626 4337 717 4388 ἐπὶ
751 4336 816 4387 τὰ
851 4337 1163 4401 κρείττονα.
1209 4334 1349 4385 ‘AD.’
1381 4331 1523 4383 οὗτοι
1561 4331 1658 4399 μὲν
1687 4330 1776 4380 ὑπ’

232 4426 550 4492 Ὠριγένους
579 4424 981 4494 κατηχηθὲντες
1011 4426 1149 4488 τότε,
1182 4424 1241 4475 τὺ
1265 4424 1405 4476 Θεῖον
1429 4419 1591 4475 ἆθλον
1622 4421 1777 4488 ἠνέγ-

217 4531 416 4568 καντο.

1872 3249 2100 3315 opinati.
2151 3248 2218 3302 Ut
2267 3261 2446 3306 autem
2500 3249 2551 3301 id
2602 3260 3016 3317 perseveranter
3048 3251 3410 3312 confirmavit,
3509 3250 3512 3252 ⁷

1873 3338 1937 3391 ad
1971 3340 2217 3405 Aquilam
2247 3353 2328 3392 est
2376 3340 2714 3408 productus:
2755 3341 2896 3407 apud
2941 3357 3100 3408 quem
3144 3341 3235 3394 ubi
3270 3341 3413 3394 idem

1871 3430 2091 3483 disertis
2123 3431 2300 3485 verbis
2327 3443 2410 3485 est
2445 3432 2745 3499 professus,
2781 3435 2954 3488 illicet
2994 3433 3048 3485 in
3087 3433 3302 3486 vincula
3332 3440 3420 3490 est

1872 3522 2166 3589 conjectus.
2197 3523 2274 3576 Ad
2302 3539 2459 3590 quem
2487 3539 2607 3576 cum
2645 3524 2844 3578 fratres
2887 3525 3107 3592 quidam
3131 3523 3414 3577 visendum

1875 3613 2048 3673 irent,
2086 3621 2140 3665 et
2170 3627 2290 3664 cum
2338 3622 2560 3681 stupore
2596 3622 2698 3666 tam
2735 3618 3070 3680 repentinam
3103 3615 3222 3683 ejus
3254 3615 3415 3672 mira-

1874 3713 2060 3756 rentur
2086 3705 2436 3757 mutationem
2463 3722 2476 3757 :
2509 3707 2598 3758 ille
2623 3707 2704 3759 eis
2733 3706 2938 3768 retulit,
2973 3717 3030 3758 ut
3061 3707 3413 3767 Potamiaena,

1875 3794 2037 3845 tertio
2065 3802 2188 3845 ante
2217 3793 2326 3854 die,
2357 3794 2481 3846 laeto
2511 3794 2667 3861 plane
2701 3805 2753 3848 et
2788 3794 3000 3847 liberali
3031 3795 3196 3846 animi
3219 3810 3415 3862 corpo-

1875 3883 2055 3951 risque
2083 3894 2221 3936 statu
2253 3883 2356 3937 sibi
2396 3874 2650 3938 insiste-ns
2676 3923 2691 3943 .
2731 3893 2786 3936 et
2824 3886 2987 3952 capiti
3024 3899 3124 3937 suo
3157 3896 3413 3938 corOnant

1877 3974 2196 4040 imponens,
2243 3972 2439 4049 dixerit
2487 3989 2501 4022 :
2551 3973 2894 4041 dcprecatam
2941 3988 2998 4025 se
3045 3986 3166 4025 esse
3214 3987 3312 4040 pro
3349 3986 3416 4024 eo

1878 4069 2068 4131 Deum,
2100 4083 2274 4136 neque
2316 4083 2502 4135 preces
2534 4082 2625 4126 eas
2660 4067 2855 4120 frustra
2895 4067 3030 4125 fore,
3069 4065 3328 4132 brevique
3357 4080 3416 4118 se

1876 4173 2000 4210 eum
2031 4170 2211 4209 secum
2254 4157 2585 4208 habituram.
2632 4156 2811 4223 Itaque
2853 4154 3050 4208 fratres
3095 4154 3328 4222 sigillum
3365 4153 3414 4206 ei

1877 4247 2078 4300 Christi
2114 4245 2581 4299 circumfuderunt
2605 4247 2678 4312 (‘2)
2707 4263 2719 4298 :
2756 4244 3128 4312 postridieque
3160 4245 3278 4310 ejus
3311 4238 3415 4295 diei

1881 4339 2058 4404 gladio
2099 4351 2405 4404 percussus,
2443 4339 2754 4404 martyrium
2793 4351 2886 4403 pro
2914 4335 3132 4389 Christo
3160 4334 3415 4386 absolvit.

1881 4429 1997 4481 Non
2031 4429 2142 4495 ipse
2168 4443 2295 4480 vero
2331 4437 2558 4489 tantum,
2594 4427 2687 4479 sed
2721 4436 2773 4479 et
2814 4427 2967 4480 multi
3000 4427 3091 4479 alii
3127 4425 3414 4479 confertim

1809 4511 1848 4562 ί)
1879 4519 2247 4578 Alexandriae,
2282 4521 2334 4569 in
2362 4533 2423 4570 ea
2457 4533 2575 4585 qua
2608 4518 2750 4571 dicta
2777 4528 2859 4570 cst
2896 4518 3276 4585 persecutione
3299 4553 3315 4576 ,
3348 4516 3415 4567 ad

215 4611 502 4665 Christum
536 4609 846 4670 transiisse,
892 4609 1168 4664 memoriae
1198 4617 1324 4662 sunt
1369 4607 1559 4677 proditi
1612 4626 1624 4662 ι
1661 4624 1780 4664 cum
1819 4611 2035 4677 quidem
2087 4610 2277 4662 eodem
2311 4627 2419 4678 quo
2447 4610 2666 4663 Basilidi
2700 4609 2882 4673 modo,
2950 4610 3306 4662 Potamiaenae
3336 4607 3417 4660 eis

218 4707 280 4757 in
326 4703 532 4755 somnis
565 4717 866 4769 apparens,
913 4703 978 4755 ad
1027 4702 1248 4754 meliora
1283 4715 1377 4753 eos
1439 4709 1588 4753 esset
1649 4701 1949 4753 cobortata.
1987 4700 2051 4752 Et
2099 4701 2132 4753 ii
2203 4702 2423 4767 quidem
2467 4703 2534 4754 ab
2575 4701 2806 4772 Origene
2851 4701 3149 4756 catecbista
3179 4708 3418 4754 eo‘tem-

219 4813 368 4870 pore
396 4797 462 4850 de
493 4795 596 4848 fide
634 4795 891 4857 instituti,
931 4795 1176 4846 divinum
1219 4795 1296 4848 sic
1333 4793 1612 4846 consecuti
1646 4802 1773 4845 sunt
1815 4793 2242 4846 immortalitatis
2269 4795 2579 4863 praemium.

822 4910 1072 4962 ΚΕΦΑΛ.
1104 4911 1185 4962 Η’.

222 5003 369 5071 Περὶ
401 5003 506 5055 τοῦ
543 5003 942 5071 τολμηθέντα·
997 4999 1074 5062 τῷ
1119 5000 1391 5071 Ὡριγένει
1412 5018 1426 5032 ο
1456 5000 1531 5065 τῇ
1555 5001 1774 5070 ἐκτομῇ

300 5069 412 5138 τῆς
435 5073 659 5138 σαρκὸς
687 5070 762 5132 τῷ
783 5072 1162 5133 παρθενεύειν
1187 5069 1367 5133 δῆθεν
1395 5069 1699 5135 αἰρεῖσθαιῤ

301 5183 457 5251 Οῦτῳ
507 5183 551 5234 δ’
587 5182 761 5249 ἔχοντι
820 5179 898 5248 τῷ
947 5181 1303 5246 Ἀδαμαντίῳ,
1340 5184 1433 5231 καὶ
1481 5181 1619 5233 οὕτω
1667 5183 1772 5249 γὰρ

219 5274 516 5340 διωνύμως
562 5273 841 5340 Ὢριγένης
891 5271 1192 5333 ὼνόμαστο,
1251 5273 1342 5322 καὶ
1387 5272 1472 5323 ἐπ’
1532 5272 1775 5335 Ἀλεξαν-

220 5363 419 5432 δρείας
460 5361 539 5412 ἐτι
572 5364 671 5429 τῆς
698 5359 805 5413 τῶν
836 5361 1040 5411 πιστῶν
1070 5362 1450 5428 προῖσταμένῳ
1473 5361 1774 5429 διατριϐῆς,

224 5451 471 5519 πρᾶγμά
496 5468 547 5502 τι
579 5451 863 5518 τολμᾶται,
892 5450 1086 5519 φρενὸς
1113 5451 1212 5519 μὲν
1233 5451 1450 5512 ἀτελοῦς
1479 5451 1570 5502 καὶ
1600 5468 1776 5504 νεανι-

313 5609 401 5678 (1)-
523 5604 588 5678 ἧς
619 5610 794 5663 tum
850 5608 1230 5678 νινομισμᾶνον
1263 5625 1315 5659 τι
1351 5607 1533 5678 αὐτοῖς
1576 5606 1770 5668 ἀσεϐὲς

229 5676 699 5744 ικιφθέγξασθαι.
725 5679 942 5748 (Euseb.
970 5676 1172 5743 libr“,
1204 5692 1320 5745 cap.
1346 5677 1424 5746 5.)

313 5751 390 5807 ια*
425 5744 769 5815 signaculum
821 5750 1015 5813 crucis,
1077 5757 1168 5801 aut
1216 5744 1538 5816 baptismum
1584 5744 1769 5810 potius

2447 4909 2667 4964 CAPUT
2709 4908 2846 4962 Vlll.

1882 4997 2153 5068 Origencm
2178 5001 2496 5059 sustinuisse.
2517 5009 2571 5051 ut
2597 5003 2822 5066 seipsum
2844 5008 3115 5061 castraret,
3141 5005 3197 5048 ut
3224 4996 3419 5050 scilicet

2201 5069 2426 5121 sclibem
2456 5085 2703 5138 peragere
2735 5077 2900 5137 posset
2932 5070 3113 5121 vitam.

1949 5179 2082 5231 Cum
2129 5178 2195 5231 ad
2258 5179 2402 5232 hunc
2463 5178 2680 5230 modum
2737 5177 3000 5246 Origenes
3057 5178 3416 5230 Adamantius

1879 5271 2256 5325 Alexandrina:
2287 5270 2526 5322 fidelium
2553 5271 2751 5324 scholae
2775 5278 3048 5337 praeesset,
3080 5283 3194 5320 rem
3225 5284 3415 5335 quam-

1879 5361 2003 5414 dam
2033 5359 2252 5428 aggredi
2292 5374 2457 5413 ausus
2497 5369 2615 5422 est,
2648 5357 2971 5426 imperfectae
3015 5359 3234 5425 quidem
3268 5357 3410 5407 illaut

1879 5461 1933 5505 et
1957 5447 2215 5518 juvenilis
2245 5449 2464 5512 uternis,
2500 5448 2593 5503 sed
2626 5447 2750 5501 fidei
2781 5448 3155 5516 castitatisque
3186 5444 3413 5498 firmita-

1875 5599 2133 5674 itttcllige.
2186 5601 2354 5658 Graeci
2395 5602 2689 5659 Christiani
2741 5604 3063 5675 baptismum
3115 5601 3408 5670 σφραγιδα,

1873 5676 2212 5746 signaculum,
2249 5675 2453 5729 dixere.
