4184 6440
747 327 884 390 1079
1942 316 2360 377 NICEPHORI
2402 312 2745 375 CALLISTI
3795 297 3943 362 1080

743 439 920 490 vanda
946 449 1065 490 esse
1081 436 1381 501 judicabat.
1405 450 1524 504 qua:
1548 433 1897 503 prohiberent
1920 430 2055 484 duas
2080 430 2281 485 habere
2307 435 2352 487 Δ
2381 445 2410 478 τ

2399 445 2494 479 ται.
2545 424 2650 478 Καί
2683 425 2732 490 γ’
2779 422 3042 491 ἐφύλαττε
3077 421 3440 494 διαφερόντως
3475 413 3635 481 αὐτὰ,
3670 415 3730 467 ἰν
3771 412 3941 482 ψύχει

750 529 984 588 tunicas,
1017 537 1108 581 aut
1136 528 1516 582 calceamentis
1547 527 1649 589 uti,
1678 533 1772 578 aut
1806 523 2048 576 animum
2079 520 2283 575 futura-
2379 537 2415 572 κ

2399 519 2476 572 tat
2501 518 2800 584 γυμνότητι
2852 515 3223 585 διακαρτερῶν
3250 514 3345 567 καὶ
3372 511 3503 581 παρ’
3535 508 3755 578 ἡλικίαν
3776 522 3790 536 ·
3838 505 3944 558 καὶ

753 633 871 674 rutn
914 635 1088 672 rerum
1131 634 1259 672 cura
1303 629 1355 672 et
1389 617 1760 672 sollicitudine
1811 629 2087 670 macerare
2138 620 2288 666 veta-
2381 613 2415 662 ὲε

2399 629 2440 662 εν
2469 608 2690 670 ταύταις
2725 607 3160 676 ἐπιδεδειγμένος
3195 605 3257 658 τδ
3289 604 3566 672 πρόθυμον
3593 600 3669 661 ὼς
3703 597 3802 650 καὶ
3829 594 3946 663 γῆν

754 690 894 764 rent.
929 699 1109 778 anue
1150 710 1262 778 ipsa
1310 708 1543 763 servavit
1583 717 1869 769 accurate,
1913 708 1965 759 in
2003 705 2200 774 frigore
2235 713 2292 757 ct
2385 717 2415 750 π

2399 700 2588 765 πολλὴν
2616 699 2828 766 χρόνοις
2862 697 3088 763 μακροῖς
3110 694 3476 764 διερχόμενον,
3503 688 3779 761 μηδαμῶς
3806 688 3944 778 utco-

754 777 1034 863 nuditate,
1079 777 1239 852 etiam
1292 809 1484 867 prmter
1530 807 1783 861 aetatem,
1831 797 1996 849 vitam
2049 795 2290 863 exigens.
2381 792 2410 844 δ

2399 793 2590 860 ἰήμασι
2640 787 2970 857 χρήσασθαι·
3022 785 3166 838 οῐνου
3206 801 3264 836 τε
3323 786 3556 852 πάμπαν
3605 777 3948 848 ἀποσχέσθαι

755 889 868 941 Illis
897 903 1110 956 quoque
1159 892 1325 942 rebus
1369 888 1536 941 animi
1581 889 1666 942 sui
1715 885 2199 957 promptitndinem
2239 893 2294 938 et
2388 898 2415 933 κ

2399 881 2484 933 καὶ
2517 881 2622 932 τῶν
2647 878 2823 946 ἀλλων
2865 877 3004 945 πλὴν
3032 879 3127 945 τῆς
3158 874 3457 941 ἀναγκαίας
3481 872 3714 941 τροφῆςδ
3745 870 3824 930 ὡς
3855 869 3950 919 καὶ

757 979 1003 1030 ardorem
1052 979 1182 1030 satis
1234 978 1561 1043 declaravit,
1609 979 1752 1046 quod
1797 978 2049 1046 regiones
2095 976 2295 1029 multas
2390 988 2415 1022 κ

2399 971 2637 1023 κίνδυνον
2691 971 2782 1022 καὶ
2835 962 3131 1036 διαιρθοράν
3188 966 3266 1032 τῷ
3321 965 3537 1033 σώματι
3588 959 3948 1030 προξενῆσαι.

759 1069 1097 1136 tempori-bus
1134 1070 1316 1122 multis
1359 1085 1686 1137 peragrans,
1733 1071 1898 1123 nullis
1931 1085 2061 1123 usus
2093 1070 2166 1123 sit
2189 1068 2298 1120 cal-
2391 1066 2415 1116 ί

2399 1063 2550 1117 Οὕτω
2576 1063 2630 1115 δὲ
2668 1061 2818 1130 βιῶν,
2853 1062 2948 1112 καὶ
2975 1059 3052 1128 τῷ
3081 1058 3206 1112 καθ’
3234 1057 3426 1110 ἑαυτὸν
3465 1054 3831 1120 ὑποδείγματι
3855 1049 3954 1101 τδν

759 1159 871 1209 ccis
894 1173 909 1209 :
939 1158 1170 1224 vinoque
1192 1173 1433 1226 prorsus,
1461 1161 1692 1227 aliisque
1723 1161 1906 1219 rebus,
1927 1167 2085 1212 extra
2109 1171 2299 1210 neces-
2392 1158 2415 1209 Δ

2399 1157 2618 1226 ἄριστον
2648 1152 2927 1215 είκονίζων
2967 1150 3105 1222 βίον,
3135 1147 3472 1215 κατεπληττε
3520 1145 3621 1214 μὲν
3661 1144 3950 1202 ἃπαντας

762 1245 981 1297 sarium
1014 1246 1352 1307 alimentum,
1405 1247 1768 1301 abstinuerit:
1822 1262 1995 1313 usque
2026 1243 2198 1307 adeo,
2243 1253 2301 1298 ut
2397 1263 2415 1297 ε

2399 1244 2672 1314 εἰσφέρειν
2704 1243 2760 1296 δὲ
2807 1244 2900 1297 καὶ
2933 1242 3210 1297 κοινωνεῖν
3242 1238 3394 1309 αύτῷ
3427 1238 3552 1300 τοὺς
3592 1233 3734 1288 οἴκοι
3767 1233 3954 1303 βουλοο

765 1334 1062 1400 pcriculum
1115 1344 1169 1388 et
1207 1334 1503 1403 perniciem
1553 1335 1770 1401 corpori
1826 1349 1924 1387 suo
1973 1331 2299 1386 conciliarit.
2403 1352 2415 1402 ι

2403 1336 2601 1402 μένους
2629 1337 2927 1403 ἀπέτρεπε.

767 1427 938 1492 Atque
966 1426 1067 1478 hoc
1097 1430 1254 1480 modo
1283 1427 1488 1492 vivens,
1520 1428 1874 1494 exemploque
1939 1439 2038 1477 suo
2107 1425 2373 1492 Optimum
2413 1427 2629 1480 vivendi
2683 1427 2992 1481 institutum
3037 1423 3376 1486 ostendens,
3429 1423 3484 1475 in
3533 1419 3956 1475 admirationem

767 1515 982 1579 quidem
1011 1518 1091 1569 sui
1123 1518 1314 1571 extulit
1340 1533 1548 1572 omnes.
1579 1519 1683 1571 Eos
1713 1526 1894 1570 autem
1931 1516 2023 1584 qui
2091 1515 2221 1569 dare
2284 1526 2379 1569 aut
2416 1519 2815 1572 communicare
2853 1517 3153 1587 quidquam
3198 1531 3322 1571 cum
3371 1530 3438 1569 co
3478 1513 3755 1575 volebant,
3803 1507 3960 1561 tami-

772 1612 927 1665 liarcs
953 1626 1096 1674 suos,
1131 1622 1413 1668 aversatus
1437 1622 1540 1665 est.

1372 1727 1593 1782 CAPUT
1638 1726 1720 1779 Vl.

842 1818 941 1882 Qui
973 1818 1034 1869 ab
1061 1833 1120 1868 eo
1146 1819 1284 1869 ducti
1324 1828 1370 1869 et
1410 1819 1596 1877 edocti,
1641 1819 1881 1898 martyrii
1910 1818 2113 1869 coronis
2138 1818 2240 1869 sint

1413 1897 1672 1940 exornati.

841 2000 1157 2067 Complures
1210 2015 1336 2053 sane
1388 2016 1453 2053 ex
1515 2001 1876 2055 sectatoribus
1933 1999 2087 2062 suis,
2152 2009 2314 2068 atque

775 2092 932 2144 etiam
968 2106 1030 2142 cx
1070 2092 1148 2142 eis
1193 2092 1283 2157 qui
1331 2091 1650 2144 adulterinae
1698 2102 1857 2144 erant
1901 2091 2197 2152 doctrinre,
2250 2091 2314 2142 ad

775 2181 1021 2234 eumdem
1061 2179 1475 2246 philosophandi
1507 2183 1747 2233 amor‘em
1776 2182 2053 2234 excitavit.
2085 2182 2142 2234 In
2176 2195 2316 2248 quo-

777 2286 896 2323 rum
933 2271 1132 2322 intimis
1160 2271 1355 2323 animis
1386 2273 1457 2322 ita
1488 2269 1730 2323 divinum
1763 2271 1887 2324 ﬁdei
1915 2271 2140 2324 verbum
2171 2272 2318 2338 inse-

777 2364 894 2422 vit,
953 2370 1012 2414 ut
1087 2372 1356 2413 maturum
1412 2362 1740 2429 uberemque
1794 2361 2052 2430 deinceps
2100 2370 2319 2430 caperet

779 2454 1011 2502 t'rnctum
1037 2469 1054 2503 :
1092 2451 1143 2502 in
1184 2460 1424 2514 tantum,
1473 2458 1530 2502 ut
1562 2465 1628 2502 ex
1659 2451 1740 2502 eis
1777 2449 2019 2517 quidam,
2053 2465 2316 2518 persecu-

783 2542 986 2591 tionum
1049 2540 1425 2606 temporibus,
1463 2541 1704 2609 martyrii
1762 2541 1981 2592 coronis
2037 2540 2145 2592 sint
2199 2539 2319 2592 illu-

781 2631 959 2683 strati.
991 2631 1201 2684 Primus
1233 2631 1472 2698 quidem,
1509 2643 1669 2698 quem
1701 2631 1957 2694 diximus,
1992 2631 2320 2683 Plutarchus

781 2723 922 2774 fuit:
972 2723 1062 2790 qui
1105 2737 1227 2774 cum
1280 2723 1346 2774 ad
1397 2723 1724 2790 supplicium
1776 2723 2094 2783 duceretur,
2129 2735 2318 2790 parum

781 2810 954 2861 abfuit
998 2810 1128 2876 quin
1159 2811 1418 2879 Origenes
1446 2827 1662 2880 quoque
1699 2811 1766 2864 ab
1811 2813 1954 2865 illius
1984 2811 2321 2865 occideretur

783 2900 1017 2963 civibus,
1069 2909 1126 2952 ut
1170 2903 1261 2968 qui
1308 2912 1498 2955 auctor
1539 2902 1687 2956 necis
1737 2903 1883 2956 illius
1926 2902 2105 2956 dictus
2153 2909 2318 2955 esset.

785 2989 950 3057 ldquc
998 2991 1197 3043 factum
1252 2992 1494 3058 profecto
1539 3002 1719 3054 esset,
1770 2993 1872 3046 nisi
1922 3008 2048 3046 eum
2099 3007 2315 3045 rursum

786 3084 926 3146 (qua:
962 3096 1047 3132 res
1075 3083 1192 3148 ejus
1219 3097 1408 3135 omnes
1433 3083 1723 3151 dirigebat)
1758 3083 1940 3136 divina
1976 3083 2320 3135 Providentia

785 3167 1185 3224 custodiviss'et.
1219 3171 1500 3225 Secundus
1531 3173 1598 3224 ab
1631 3172 1734 3224 hoc
1778 3182 1980 3241 martyr
2027 3173 2125 3224 fuit
2169 3171 2327 3224 Sere-

786 3275 910 3322 nus,
945 3261 1034 3327 qui
1059 3275 1122 3311 ex
1156 3261 1338 3313 schola
1368 3262 1510 3315 illius
1538 3261 1834 3328 profectus,
1869 3269 2166 3330 spectatam
2202 3260 2324 3312 ﬁdei

789 3350 1147 3404 constantiam
1193 3351 1246 3402 in
1297 3351 1424 3418 igne
1462 3361 1647 3419 aperte
1694 3352 1965 3406 exhibuit.
2014 3352 2327 3404 Ileraclides

786 3455 951 3509 porro
993 3441 1211 3492 tertium
1280 3441 1516 3493 obtinuit
1563 3441 1761 3506 locum,
1795 3441 1950 3510 351
1994 3458 2116 3494 cum
2152 3443 2329 3493 adhuc

789 3530 843 3579 in
871 3542 1022 3579 sacra
1059 3529 1430 3581 institueretur
1458 3529 1703 3582 doctrina
1721 3568 1736 3591 ,
1772 3541 1954 3598 utpote
1981 3531 2327 3582 catechume-

791 3632 913 3669 nus.
958 3617 1196 3681 Quartus
1228 3618 1413 3672 Ileron
1462 3620 1703 3687 symbola
1733 3620 1808 3688 (l)
1853 3620 2032 3673 adhuc
2075 3629 2129 3672 et
2165 3620 2328 3704 signa

790 3706 987 3758 divina:
1029 3707 1166 3760 lucis
1205 3707 1595 3762 circumferens
1625 3709 1743 3777 (‘2):
1797 3711 2015 3777 utrique
2065 3711 2100 3762 ii
2152 3710 2356 3777 gladio

792 3805 919 3850 sunt
951 3799 1216 3864 percussi.
1251 3798 1483 3862 Quintus
1514 3802 1722 3863 ordine,
1757 3800 1953 3854 schola:
1985 3801 2132 3853 illius
2159 3800 2332 3860 alum-

792 3902 930 3950 nus,
983 3889 1154 3955 priori
1200 3889 1270 3940 illi
1319 3891 1689 3959 cognominis,
1733 3891 1969 3945 Serenus
2010 3892 2175 3953 alter,
2208 3901 2332 3962 post

792 3980 1187 4046 quamplurima
1213 3991 1607 4034 tormentorum
1642 3982 2109 4053 discriinina,lper
2133 3981 2333 4048 capitis

796 4069 1156 4121 resectionem
1181 4108 1194 4130 ,
1229 4085 1325 4137 pro
1370 4086 1508 4123 vera:
1543 4071 1757 4138 pietatis
1801 4073 2054 4138 praemio,
2091 4071 2328 4123 divinam

795 4158 982 4225 gloria:
1012 4161 1250 4226 suscepit
1285 4175 1558 4212 coronam.
1587 4161 1783 4214 Sextus
1817 4162 2013 4214 deinde
2047 4160 2330 4223 Basilides,

798 4248 892 4314 qui
921 4247 1256 4301 decantatam
1282 4250 1428 4301 illam
1456 4250 1859 4314 PotamivL-nam,
1890 4267 1954 4304 ex
1984 4252 2335 4305 commisera-

798 4339 943 4390 tione
979 4339 1046 4390 ab
1087 4339 1478 4404 impudicorum
1516 4343 1810 4395 multorum
1844 4342 2106 4410 petulanti
2133 4341 2332 4410 injuria
2360 4375 2415 4436 ὓ

797 4430 1113 4486 vindicavit.

1377 4548 1596 4602 CAPUT
1642 4548 1748 4601 VII.

1006 4637 1078 4687 De
1115 4638 1366 4705 discipula
1390 4641 1500 4706 ejus
1530 4639 1851 4692 Potamiama
1876 4648 2126 4707 martyre.

867 4811 944 4863 Ex
976 4812 1192 4865 feminis
1231 4821 1412 4864 autem
1449 4813 1677 4880 septima
1715 4823 1800 4866 est
1831 4814 1982 4876 Bais,
2009 4829 2131 4881 quae
2158 4815 2336 4868 adhuc

801 4903 868 4954 de
901 4901 1003 4954 lidc
1053 4913 1108 4955 et
1129 4904 1302 4954 sacris
1325 4905 1524 4955 nostris
1553 4903 1957 4964 instituebatur,
1984 4913 2039 4956 et
2071 4903 2338 4970 baptismo

803 4991 1000 5058 (sicuti
1055 4991 1254 5044 alicubi
1305 4991 1417 5057 ipse
1464 4991 1634 5058 dicit)
1685 5007 1782 5059 per
1831 4993 2006 5059 ignem
2061 5004 2335 5060 suscepto,

801 5083 1120 5149 martyrium
1168 5082 1478 5150 complevit.
1529 5081 1726 5136 Octava
1781 5099 1943 5150 porro
1989 5084 2338 5146 l’otamiaena,

804 5175 959 5241 cujus
1009 5174 1190 5226 adhuc
1243 5174 1479 5227 celebris
1537 5185 1621 5226 est
1668 5157 1809 5239 apud
1866 5175 2156 5242 populares
2209 5189 2340 5228 suos

806 5265 986 5316 fama:
1028 5273 1085 5313 ut
1130 5265 1338 5316 scilicet
1372 5264 1601 5330 plurima
1623 5301 1640 5326 ,
1673 5273 1861 5317 contra
1905 5275 2203 5328 amatores,
2240 5281 2339 5332 pro

807 5351 1063 5418 pudicitia
1091 5363 1144 5404 et
1171 5353 1484 5419 virginitate
1513 5368 1610 5405 sua
1650 5353 1868 5414 tuenda,
1900 5354 2134 5406 subierit
2163 5364 2340 5408 certa-

806 5443 951 5494 mina
994 5442 1325 5510 (accedebat
1366 5443 1510 5495 enim
1561 5443 1616 5494 in
1656 5456 1717 5494 ea
1759 5442 1823 5493 ad
1857 5441 2100 5496 ﬂorentis
2144 5444 2339 5500 anima

807 5532 1293 5601 pulchritudinem,
1326 5533 1488 5585 etiam
1527 5533 1723 5595 forma,
1759 5541 1814 5599 et
1853 5532 2006 5598 vigor
2039 5533 2218 5587 vultus
2253 5534 2338 5587 in-

880 5674 955 5739 (t)
985 5673 1040 5727 In
1071 5685 1221 5726 sacro
1255 5671 1520 5741 baptismo
1550 5679 1814 5739 suscepta.

2994 1721 3240 1774 ΚΕΦΔΛ.
3278 1717 3369 1784 ς’.

2416 1819 2577 1882 Τίνες
2628 1816 2728 1871 ὑπ’
2774 1814 2931 1878 αὺτῷ
2985 1810 3519 1882 καθοδητηθέγτες.
3570 1806 3963 1875 μαρτυρικοῖς

2721 1885 3041 1954 στεφάνοις
3075 1880 3634 1949 κατεκοσμήθησαν.

2482 1997 2715 2060 Πολλούς
2741 2015 2802 2064 γε
2833 1997 2936 2067 μὴν
2962 1997 3056 2048 καὶ
3087 1996 3193 2047 τῶν
3225 1993 3495 2060 φοιτητῶν
3526 1991 3618 2044 ἐπὶ
3645 1991 3737 2043 τὸν
3776 1992 3965 2058 ὅμοιον

2413 2092 2512 2162 τῆς
2554 2091 2869 2158 φιλοσοφίας
2904 2089 3050 2156 αὐτῷ
3101 2086 3420 2155 ἀνηρέθισεν
3461 2085 3657 2154 ἔρωτα,
3717 2084 3808 2135 καὶ
3861 2083 3968 2134 τῶν

2399 2184 2521 2236 ἀπὸ
2546 2186 2642 2251 τῆς
2669 2181 2822 2235 νόθου
2863 2179 3213 2240 διδασκαλίας
3236 2194 3249 2207 ·
3293 2173 3372 2240 οἷς
3401 2177 3536 2243 δῆτα
3565 2175 3658 2242 καί
3695 2174 3838 2226 κατά
3870 2171 3968 2241 βά-

2417 2277 2540 2338 θους
2574 2274 2748 2343 ψυχῆς
2799 2274 2888 2324 τὸν
2917 2271 3056 2324 Θεῖον
3099 2273 3194 2334 τῆς
3236 2269 3471 2329 πίστεως
3521 2268 3676 2334 λόγον
3731 2268 3972 2330 ἔγκατα-

2419 2368 2674 2434 σπεῐρων,
2707 2363 2878 2424 οὕτως
2921 2361 3130 2430 ὧριμον
3170 2361 3434 2429 ὲδρὲψατο
3476 2358 3567 2409 τὸν
3615 2357 3846 2424 καρπὸν,
3897 2355 3972 2415 ὡς

2419 2457 2509 2511 καί
2530 2472 2682 2520 τινας
2716 2454 2894 2507 αὐτῶν
2923 2453 2999 2519 τῷ
3028 2453 3133 2503 τῶν
3165 2451 3416 2517 διωγμῶν
3447 2449 3625 2518 καιρῷ
3663 2446 3974 2516 μαρτυρίου

2420 2549 2702 2615 στεφάνοις
2716 2546 3090 2614 ὲνδιαπρέψαι.
3116 2544 3332 2612 Πρῶτος
3352 2545 3555 2607 τοίνυν,
3575 2542 3634 2592 ὃν
3649 2541 3977 2608 εἰρήκαμεν,

2422 2637 2759 2706 Πλούταρχος
2790 2633 2889 2704 ἦν·
2933 2635 2994 2687 οὗ
3038 2635 3386 2702 ἀπαγομένου
3440 2634 3539 2700 τὴν
3591 2633 3682 2684 ἐπὶ
3718 2631 3977 2693 θάνατον,

2424 2727 2622 2798 μικροῦ
2664 2727 2755 2779 καὶ
2797 2726 3078 2795 Ὠριγίνης
3133 2725 3268 2792 πρὸς
3318 2724 3426 2776 τῶν
3474 2723 3678 2775 ἐκείνου
3731 2720 3980 2789 ἀνῄρητο

2423 2819 2674 2881 πολιτῶν,
2704 2819 2778 2881 ὡς
2806 2818 2974 2876 arcto;
3001 2815 3150 2883 αὐτῷ
3193 2815 3290 2883 τῆς
3319 2814 3418 2867 τοῦ
3463 2815 3575 2885 βίου
3628 2813 3982 2882 χρηματίσας

2420 2908 2761 2974 ἀπαλλαγῆς,
2787 2909 2834 2957 εί
2866 2908 2937 2974 μὴ
2959 2903 3144 2956 τοῦτον
3176 2900 3331 2965 αὖθις
3359 2904 3474 2972 ήτά
3501 2903 3624 2954 κατ’
3653 2901 3814 2953 αὑτὸν
3835 2898 3984 2961 διεξ-

2430 2999 2636 3065 ἀγουσα
2684 2996 2802 3048 θεία
2850 2997 3073 3064 πρόνοια
3122 2995 3414 3062 ὑπέρτερον
3446 2993 3704 3059 διετήρει.
3735 2990 3983 3061 Σερῆνος

2429 3091 2485 3142 δὲ
2521 3091 2656 3158 μετὰ
2707 3084 2893 3140 τοῦτον
2951 3087 3158 3154 μάρτυς
3211 3085 3499 3147 ἐδείκνυτο,
3550 3085 3651 3148 τῆς
3693 3079 3988 3149 διατριϐῆς

2431 3180 2639 3233 ἐκείνου
2666 3179 2978 3247 τυγχάνων’
3023 3179 3081 3228 τὸ
3113 3177 3336 3242 δύκιμον
3368 3176 3466 3242 τῆς
3498 3175 3728 3234 πίστεως
3762 3175 3818 3224 ὲν
3846 3176 3988 3239 πυρὶ

2433 3269 2737 3336 καταφανὲς
2794 3265 3101 3330 ὑποδείξας.
3179 3266 3304 3320 Ἐπὶ
3357 3265 3420 3333 δὴ
3473 3264 3648 3333 τούτῳ
3695 3265 3882 3332 τρίτος
3920 3257 3988 3331 ἦν

2443 3359 2819 3430 Ἡρακλείδης,
2839 3359 2919 3410 ἔτι
2947 3358 3039 3409 τὸν
3068 3357 3209 3426 ἱερὸν
3237 3355 3636 3423 κατηχούμενος
3666 3355 3847 3419 λόγον.
3879 3355 3988 3407 Καὶ

2433 3447 2590 3507 ἄλλος
2610 3448 2868 3512 τέταρτος
2887 3461 2900 3475 ’
2935 3443 3119 3510 Ἥρων
3148 3439 3215 3513 ἦν
3247 3444 3392 3510 αὐτῷ
3418 3444 3616 3510 δνομα·
3647 3443 3728 3494 ἔτι
3752 3443 3821 3494 τὰ
3851 3442 3988 3508 σύμ-

2433 3534 2565 3586 ϐολα
2602 3534 2696 3585 τοῦ
2728 3534 2869 3585 θείου
2907 3535 3083 3599 φωτὸς
3128 3532 3522 3600 περικείμενος.
3568 3533 3680 3582 Καὶ
3726 3531 3898 3598 ἄμφω
3932 3531 3989 3582 δὲ

2437 3625 2577 3695 ξίφει
2611 3625 2700 3676 τὸν
2733 3624 2844 3692 βίον
2881 3623 3237 3692 μετήλλαξαν.
3270 3624 3505 3690 Ἕτερος·
3529 3622 3588 3674 δὲ
3621 3621 3881 3689 Σερῆνος,
3911 3621 3988 3688 τῷ

2437 3718 2634 3782 πρώτῳ
2661 3714 2969 3781 ὁμώνυμος.
3009 3714 3258 3781 πέμπτος
3288 3711 3440 3772 οὗτος
3469 3712 3563 3776 τῆς
3607 3713 3819 3762 ἐκείνου
3865 3725 3990 3777 σχο-

2435 3801 2551 3870 λῆς.
2588 3798 2748 3854 ἆθλον
2796 3801 3071 3862 εὐσεϐείας
3110 3802 3247 3868 μετὰ
3294 3801 3551 3868 πλείστην
3601 3801 3733 3867 ὅσην
3788 3802 3991 3865 πεῖραν

2436 3892 2642 3954 δεινῶν,
2688 3893 2780 3944 καὶ
2812 3893 3051 3960 κεφαλῆς
3086 3892 3344 3960 ἐκτομὴν,
3378 3892 3465 3941 τὸν
3507 3890 3645 3941 θεῖον
3691 3889 3794 3949 τῆς
3831 3888 3992 3957 δόξης

2439 3981 2719 4049 περιέθετο
2755 3983 3034 4046 στέφανον.
3071 3981 3263 4038 Ἕκτος
3291 3977 3379 4030 ἐπ’
3411 3979 3604 4046 ὲκείνῳ
3642 3977 3989 4042 Βασιλείδης,

2436 4069 2586 4138 ὁ.τὴν
2615 4070 2936 4138 περιϐόητον
2967 4069 3337 4136 Ποταμίαιναν
3363 4067 3460 4136 τῆς
3486 4069 3592 4119 τῶν
3621 4067 3836 4118 πολλῶν
3859 4069 3994 4118 ἀκο-

2440 4159 2636 4212 λάστου
2673 4159 2877 4228 ὖὸρεως
2907 4160 3193 4227 ἀπείρξας.
3228 4157 3358 4222 ἐλέῳ
3385 4158 3461 4226 τῷ
3485 4158 3624 4228 περὶ
3650 4145 3827 4227 αὐτὴν
3858 4174 3991 4228 χρη-

2415 4289 2419 4292 -
2441 4251 2691 4319 σάμενος.

3023 4540 3268 4592 ΚΕΦΑΔ.
3307 4539 3379 4592 Ζ’.

3023 4544 3268 4592 ΚΕΦΑΔ.
3307 4544 3379 4592 Z'.

2442 4634 2580 4699 Περὶ
2640 4630 2750 4697 τῆς
2798 4631 3127 4750 μαθητρίαὲ
3173 4596 3354 4682 aurci)
3417 4544 3822 4697 Ποταμιαενης
3878 4628 3988 4697 τῆς

3043 4716 3081 4750 ιι
3123 4715 3359 4750 οτυοοιι.

3037 4715 3359 4766 μαρτυρος.

2522 4813 2655 4866 Ἀπὸ
2677 4812 2733 4865 δὲ
2768 4812 2876 4864 τῶν
2899 4810 3173 4878 γυναικῶν
3202 4809 3401 4878 ἑόδόμη
3437 4809 3536 4878 μὲν
3559 4812 3706 4862 ἐστιν
3740 4811 3772 4879 η
3813 4811 3987 4873 Ῥαῖς,

2441 4907 2520 4958 Evt
2561 4903 2938 4972 κατηχουμένη
2961 4904 3023 4954 τδ
3053 4903 3352 4970 βάπτισμα,
3376 4900 3451 4962 ὥς
3479 4901 3580 4954 πού
3608 4889 3776 4969 ᾧησιν
3805 4903 3988 4964 αὐτὸς,

2441 4996 2500 5047 τὸ
2541 4994 2628 5045 διὰ
2661 4996 2830 5062 πυρὸς
2879 4991 3140 5044 λαϐοῦσα.
3187 4992 3293 5042 Καὶ
3346 4992 3438 5044 ἐπὶ
3486 4990 3693 5052 τούτοις
3745 4992 3913 5059 ὀγδόη
3957 4994 3990 5059 ἡ

2444 5084 2796 5152 Ποταμίαινα,
2829 5079 2895 5152 ἧς
2941 5083 3004 5148 δὴ
3039 5082 3204 5141 πολύς
3239 5098 3322 5142 τις
3354 5081 3510 5146 λόγος
3545 5082 3692 5148 παρά
3725 5084 3841 5142 τοίς
3873 5085 3993 5134 Im-

2442 5175 2658 5242 χωρίοις
2693 5173 2769 5224 ἔτι
2801 5173 3019 5241 κρατεῖ·
3056 5171 3132 5233 ὠς
3160 5171 3386 5222 πλεῖστα
3419 5169 3533 5236 δῆτ’
3569 5172 3991 5240 ἀγωνισαμένης

2443 5267 2582 5331 ὑπὲρ
2621 5263 2718 5329 τῆς
2761 5261 2984 5329 ινούσης
3026 5262 3161 5330 αὐτῇ
3194 5261 3493 5329 παρθενίας
3539 5261 3674 5327 πρὸς
3720 5264 3985 5329 ipsosne.

2455 5353 2704 5420 Ἐπήνθει
2737 5353 2828 5403 καὶ
2862 5351 2968 5423 γὰρ
2995 5351 3134 5421 αὐτῇ
3173 5351 3306 5418 πρὸς
3347 5349 3424 5418 τῷ
3457 5350 3556 5418 τῆς
3585 5350 3767 5419 ψυχῆς
3797 5351 3988 5417 ὡραίῳ

2444 5445 2539 5496 καὶ
2579 5443 2640 5493 τὸ
2666 5445 2761 5508 τῆς
2788 5423 2962 5509 ὂψεως
2996 5441 3213 5509 εὐφυὲς,
3257 5444 3349 5492 καὶ
3377 5443 3610 5508 ἀκμαῖον
3648 5441 3986 5505 ταμάὶιστα.

2449 5534 2588 5585 Πολὺ
2614 5532 2745 5600 γοῦν
2773 5534 2832 5584 τὸ
2861 5535 3108 5598 γενναῖον
3133 5529 3510 5601 ἰνδειξαμίνης
3543 5530 3661 5598 μετ’
3675 5530 3988 5598 ἀφορήτους

2513 5669 2584 5733 (9.)
2612 5668 2923 5735 NCOphvtus
2958 5665 3226 5723 videlicet.
