4184 6440
204 411 345 482 ιιοει

1126 424 1746 487 ECCIESIASTlC/E
1793 430 2187 498 illSTORI/E
2232 439 2373 499 LIB.
2422 443 2489 502 ν.

3324 445 3468 512 mo

195 534 540 603 ἀμείψασθαι
572 536 669 606 τὴν
693 539 930 608 σπουδὴν
963 540 1069 612 ὅλῳ
1097 544 1249 612 πόθῳ
1277 547 1406 615 περὶ
1439 546 1612 617 αὐτὴν
1645 565 1756 617 παρ

1891 566 2014 604 cum
2061 556 2270 626 ingenti
2318 560 2597 617 desiderio
2644 563 2829 633 priora
2879 565 3058 621 studia
3095 582 3194 630 sua
3231 568 3458 626 meliore

195 627 516 680 εσκεύασεν.
550 629 623 681 Οὐ
662 631 834 684 πλείω
863 632 979 701 δὲῆ
1021 637 1183 687 πέντε
1235 641 1772 706 παραμεμενηκότες

193 718 290 788 ἔτη
325 717 493 786 αὐτῷ.
535 720 789 772 τοσοῦτον
819 723 1102 776 ἐπέδωκαν
1138 724 1272 791 πρὸς
1306 727 1366 778 τὸ
1419 726 1648 797 βέλτιον,
1699 728 1774 790 ὡς

192 813 305 862 κάν
344 812 441 880 νέα
471 813 537 880 τῇ
569 813 754 884 ἡλικίᾳ
788 813 896 866 τῶν
931 816 1069 869 κατὰ
1099 819 1301 870 Πόντον
1335 819 1645 888 ἐκκλησιῶν
1678 820 1774 873 καὶ

190 902 368 967 ἄμφω
417 902 515 972 τὴν
551 905 885 974 προστασίαν
930 907 1390 978 ὲμπιστευΘῆναι.
1446 911 1671 976 Τούτοις
1726 911 1773 966 δ’

189 992 318 1058 ἆμα
350 992 442 1044 καὶ
462 993 741 1055 Διονύσιος
771 991 862 1064 ἦν,
919 997 977 1058 ὃς
1011 997 1110 1067 τὴν
1143 1000 1202 1050 εν
1237 999 1621 1070 Ἀλεξανδρείᾳ
1671 1001 1772 1070 τῆς

185 1084 551 1146 διδασκαλίας
584 1086 800 1157 σχολὴν,
835 1089 896 1140 ού
925 1089 1086 1156 μόνον
1111 1090 1198 1152 δὲ,
1232 1093 1370 1145 ἀλλά
1401 1096 1495 1146 καὶ
1525 1094 1623 1164 τὴν
1652 1096 1771 1148 ἐπι·

191 1177 412 1244 σκοπὴν
471 1177 766 1245 διεδέξατο,
793 1227 813 1244 ,
837 1180 1089 1250 Τοσαύτη
1150 1200 1234 1236 τ;.·
1288 1180 1358 1254 ἦν
1390 1186 1466 1250 τῷ
1499 1185 1770 1256 Ὠριγένει

190 1270 330 1338 περὶ
361 1269 458 1338 τὴν
487 1270 760 1341 ἀνάληψιν
788 1273 895 1325 τῶν
926 1274 1278 1344 μαθημάτων
1325 1278 1638 1346 φιλοκολία,
1677 1282 1772 1333 καὶ

185 1361 370 1423 οὕτως
400 1363 431 1433 ἡ
466 1364 625 1433 φήμη
677 1367 886 1427 πάντας
916 1360 1067 1419 εἷλκε
1110 1369 1253 1421 κατά
1308 1369 1438 1423 θέαν
1461 1373 1561 1441 τῆς
1599 1373 1770 1426 αὑτοῦ

187 1454 393 1521 σοφίας
446 1458 541 1508 καὶ
586 1458 844 1524 γνώσεως
867 1474 880 1488 ο
934 1460 1054 1513 οῦδὲ
1089 1462 1200 1532 γὰρ
1229 1463 1277 1514 οἱ
1312 1464 1562 1526 παιδείας
1595 1465 1772 1532 λόγων

187 1546 433 1614 ἐρῶντες
464 1551 594 1620 παρ’
619 1551 780 1604 αὐτὸν
806 1552 1043 1622 ἐφοίτων
1082 1554 1269 1623 μόνον,
1303 1556 1440 1611 ἀλλὰ
1468 1559 1565 1610 καὶ
1588 1559 1638 1611 οἱ
1661 1559 1771 1613 τῶν

184 1638 500 1708 τηνικαῦτα
557 1643 835 1713 διαϐόητοι
885 1646 1190 1718 ἐτύγχανον
1245 1648 1421 1714 ὄντες.
1485 1652 1770 1723 τοσαύτην

185 1733 290 1783 καὶ
324 1733 432 1804 γὰρ
458 1736 550 1788 καὶ
578 1736 930 1807 Φιρμιλιανδς
953 1741 1164 1804 ἐκεῖνος
1193 1745 1322 1812 περὶ
1361 1744 1452 1816 τον
1481 1744 1769 1816 Ὠριγένην

1881 643 2133 700 doctrina
2172 660 2578 707 eommutarent
2613 672 2626 707 :
2663 653 2696 707 ii
2732 654 3115 726 quinquennio
3142 657 3261 712 solo
3287 673 3455 723 opera

1882 735 1936 790 in
1966 739 2140 794 sacris
2175 740 2397 798 Litteris
2425 745 2568 815 apud
2605 763 2731 802 eum
2763 757 2982 814 navata,
3028 758 3240 804 tantum
3269 748 3458 820 profe-

1881 840 2099 892 cerunt.
2127 842 2186 885 ut
2220 834 2302 888 eis
2333 836 2603 891 ambobus
2641 839 2826 893 adhuc
2859 839 3164 908 juvenibus
3192 841 3459 911 regenda-

1883 937 2002 974 rum
2029 923 2079 976 in
2105 925 2279 980 Ponto
2299 929 2656 984 ecclesiarum
2682 946 2812 984 cura
2838 940 2985 986 recte
3003 931 3452 987 demandaretttr.

1881 1010 1997 1066 Una
2050 1029 2175 1069 eu~u
2223 1016 2310 1072 his
2355 1019 2523 1074 etiam
2571 1021 2869 1091 Dionysius
2905 1023 3027 1087 fuit,
3075 1022 3170 1092 qui
3217 1022 3455 1077 Alexan-

1879 1104 2010 1160 dria:
2076 1123 2185 1162 non
2237 1110 2416 1166 solum
2477 1112 2722 1168 divinam
2785 1115 3028 1170 scholam
3104 1114 3453 1173 catechistes.

1878 1197 2043 1268 370
2071 1200 2166 1254 sed
2208 1203 2372 1257 etiam
2415 1205 2706 1261 ecclesiam
2741 1207 3040 1276 episcopus
3081 1208 3250 1261 rexit.
3279 1206 3453 1261 Tanta

1878 1292 2089 1347 scilicet
2119 1292 2340 1365 Origeni
2388 1296 2700 1367 disciplinis
2737 1298 3022 1354 tradendis
3070 1309 3246 1354 ttterat
3281 1298 3456 1353 facili-

1880 1392 1962 1436 tas
2012 1393 2067 1438 et
2120 1386 2418 1456 elegantia,
2472 1398 2798 1460 tantumque
2848 1391 3085 1446 celebris
3131 1391 3252 1460 ejus
3309 1391 3452 1444 fama

1879 1475 2171 1546 plerosque
2201 1478 2267 1533 ad
2299 1483 2657 1549 spectandam
2693 1484 3002 1538 doctrinam
3039 1493 3096 1538 et
3125 1485 3450 1554 sapientiam

1877 1568 1996 1638 ejus
2024 1571 2401 1638 pertrahebat.
2444 1573 2556 1629 Nec
2598 1582 2810 1630 tantum
2857 1576 2952 1645 qui
2986 1575 3222 1630 studiosi
3266 1585 3452 1630 essent

1877 1661 2122 1725 dicendi,
2152 1662 2495 1733 aliarumque
2519 1667 2746 1729 artium.
2773 1683 2964 1722 verum
2994 1669 3157 1724 etiam
3189 1668 3283 1738 qui
3315 1682 3455 1737 pre-

1877 1754 2084 1809 elarum
2112 1756 2221 1825 jam
2265 1757 2318 1810 in
2344 1759 2427 1812 eis
2462 1775 2661 1815 nemen
2695 1771 2854 1816 erant
2885 1763 3196 1822 consecuti.
3231 1763 3295 1816 ad
3323 1777 3450 1817 eum

181 1824 404 1878 ἐδείκνυ
433 1829 690 1898 σπουδὴν,
715 1833 815 1900 τῆς
837 1832 883 1886 δ’
913 1833 972 1885 ὲν
1003 1835 1320 1908 Καισαρείᾳ
1367 1839 1760 1905 Καππαδοκίας

1875 1824 2190 1902 veniebant.
2225 1848 2581 1904 Firmiliatttts
2615 1867 2834 1922 quoque
2869 1851 3133 1907 Ctesareze
3163 1853 3451 1921 Cappado-

180 1916 349 1980 οὗτος
376 1920 474 1981 τὰς
507 1919 660 1991 ἱερὰς
708 1923 867 1991 ἡνίας
901 1925 1304 1997 ξδιεχειρίζετο,
1357 1929 1431 1994 ὡς
1494 1934 1624 1986 ποτὲ
1660 1935 1762 2003 μὲν

177 2009 351 2062 αὐτὸν
393 2013 598 2066 ἐκεῖνον
645 2016 738 2068 τὸν
798 2018 1086 2088 Ὠριγὲνην
1141 2023 1446 2092 πρεσϐείαν
1498 2029 1758 2093 πέμπων,

176 2099 323 2164 πρὶς
349 2101 416 2152 τὰ
443 2103 562 2152 κατ’
593 2103 804 2156 ἐκεῖνον
835 2105 1079 2175 κλίματα
1108 2110 1190 2171 εἱς
1240 2111 1484 2165 ἐπίδοσιν
1533 2115 1638 2166 τῶν
1665 2117 1759 2168 Ett-

175 2190 424 2259 κλησιῶν
462 2195 847 2261 μετεστέλλετο
873 2212 887 2226 ⁶
919 2199 1110 2252 ἄλλοτε
1142 2201 1198 2253 δὲ
1243 2204 1408 2258 αὑτὸν
1449 2210 1758 2277 προφάσεις

175 2282 579 2352 πλαττόμενον,
614 2288 727 2341 ’ἐπὶ
754 2290 824 2342 τά
856 2291 953 2359 τῆς
998 2291 1263 2358 Ἰουδαίας
1288 2297 1544 2368 ἔρχεσθαι
1574 2304 1715 2374 μέρη
1744 2320 1757 2334 ·

175 2375 278 2425 καὶ
315 2375 507 2445 χρόνον
527 2380 627 2433 οὐκ
657 2381 939 2452 ὲλάχιστον
977 2387 1491 2460 συνδιαγενόμενον,
1527 2397 1655 2464 περὶ
1689 2397 1756 2449 τὰ

175 2471 302 2522 (λεῖα
353 2472 429 2534 ὡς
467 2474 706 2541 μάλιστα
769 2477 1140 2546 βελτιοῦσθαι,
1201 2483 1294 2537 καὶ
1350 2484 1529 2550 οὕτως
1573 2491 1756 2544 οἶκαδε

176 2564 509 2632 ἐπανήκειν.
539 2568 612 2620 Ού
642 2569 750 2635 μὴν
772 2571 828 2624 δὲ
860 2572 999 2624 ἀλλά
1029 2574 1120 2626 καὶ
1146 2577 1172 2627 ό
1203 2576 1313 2629 τῶν
1366 2579 1757 2647 Ἱεροσολύμων

191 2655 594 2727 Ἀλέξανδρος,
658 2663 756 2715 καὶ
803 2664 1128 2730 Θεόκτιστος
1181 2669 1209 2720 ό
1240 2670 1336 2738 τῆς
1390 2673 1758 2746 Παλαιστίνης

177 2747 526 2819 Καισαρείας
577 2753 899 2820 ἐπίσκοπος,
967 2758 1155 2827 σχεδὸν
1195 2760 1288 2813 τὸν
1335 2764 1511 2816 πάντα
1563 2769 1754 2836 χρόνον

175 2837 336 2909 αὐτῷ
389 2841 650 2908 συνῆσαν,
703 2839 792 2897 οἷα
839 2847 1172 2915 διδασκάλῳ,
1219 2851 1313 2905 καί
1342 2869 1448 2906 τινι
1483 2860 1754 2928 κρείττονι

173 2931 325 2998 ἢπερ
356 2932 452 3000 τῆς
486 2933 607 2985 καθ’
639 2937 786 3004 ἡμᾶς
813 2937 1028 3004 φύσεως
1053 2942 1484 3010 προσανέχοντες
1510 2960 1523 2973 ⁸
1557 2947 1754 3018 ἀνέδην

172 3039 238 3073 τε
266 3026 729 3094 παραχωροῦντες
752 3025 893 3099 ἦσαν
920 3031 1087 3099 αύτῷ,
1115 3032 1214 3085 ὅσα
1241 3033 1305 3102 δὴ
1326 3035 1422 3088 τοῦ
1456 3039 1754 3108 ἐκκλησια-

179 3114 375 3167 στικοῦ
406 3115 586 3183 λόγου,
623 3124 716 3170 καὶ
759 3120 962 3188 μᾶλλον
997 3124 1095 3177 ὅσα
1125 3126 1194 3193 τῇ
1243 3125 1351 3178 τῶν
1392 3126 1550 3181 θείων
1580 3132 1752 3201 ἑρμη-

179 3209 305 3273 νεία
337 3210 586 3277 προσῆκε
620 3211 878 3282 Γραφῶν.

744 3327 997 3384 ΚΕΦΑΛ.
1037 3333 1167 3385 KA'.

175 3413 319 3482 Περὶ
351 3415 456 3470 τοῦ
482 3419 877 3496 συζΊῬαφέως
907 3423 1173 3510 Ἰουῖἱίου
1219 3427 1601 3510 ﬁgentur-0t},
1656 3438 1752 3490 καὶ

539 3505 658 3542 τω)⁴
681 3500 1164 3562 συγγραμμάτων
1193 3500 1402 3554 αὐτοῦ.

249 3600 557 3669 Σύγχρονον
604 3603 658 3655 δὲ
695 3599 835 3656 εἱναι
893 3606 968 3674 τῷ
995 3607 1264 3677 Ὠριγένει
1300 3614 1391 3666 καὶ
1417 3615 1506 3666 τὸν
1533 3616 1756 3674 Ἰούλιον

187 3693 520 3763 ’Λφρικανὸν
553 3698 581 3748 ό
609 3697 708 3766 τῆς
761 3698 1003 3768 ἱστορίας
1061 3702 1252 3755 δίδωσι
1295 3707 1485 3774 λόγος’
1518 3713 1607 3762 καὶ¹
1647 3713 1755 3765 τῶι

173 3790 536 3843 σπουδαστῶν
560 3792 654 3844 ἕνα
672 3794 766 3846 καὶ
792 3794 954 3846 αὐτὸν
977 3799 1233 3862 γενέσθαι
1257 3817 1270 3831 ο
1308 3800 1367 3860 ὃς
1400 3809 1755 3873 συγγραφεὺς

171 3883 442 3954 ἀκριϐοῦς
498 3885 607 3937 τῶν
639 3885 854 3956 χρόνων
910 3890 1235 3961 ἀναγραφῆς
1271 3896 1667 3968 ἐχρημάτισεν,
1696 3905 1753 3955 εν

171 3976 341 4027 πέντε
375 3975 758 4046 σπουδάσμασι
789 3980 961 4032 ταῦτα
994 3984 1313 4037 καταλιπών
1337 4002 1350 4017 ⁶
1393 3989 1450 4039 ὲν
1489 3985 1570 4053 οἷς
1607 3993 1753 4047 ἱστο-

172 4071 264 4138 ρεὶ
295 4071 388 4122 καὶ
421 4071 562 4123 κατά
603 4072 822 4139 μακρὰν
860 4074 1052 4143 φήμην
1101 4078 1193 4128 τοῦ
1245 4079 1490 4147 Ἡρακλᾶ
1523 4087 1754 4154 πορείαν

170 4166 261 4216 ἐπ’
289 4164 674 4234 Ἀλεξανδρείᾳ
698 4166 1041 4221 στείλασθαι.
1073 4169 1243 4233 Οὗτος
1270 4173 1350 4237 δὲ,
1372 4174 1607 4229 καὶιτῶν
1627 4181 1752 4232 ἐπι-

170 4260 542 4328 γραφομένων
566 4258 776 4312 κεστῶν
799 4259 976 4328 λόγων
1013 4268 1366 4333 συγγραφεὺς
1400 4267 1498 4333 ὢν,
1536 4271 1754 4323 επιστο-

170 4355 272 4422 λίην
302 4352 592 4420 σχεδιάσας
627 4352 875 4421 ἔπεμπεν
905 4352 1176 4421 Ὠριγένει
1206 4375 1216 4385 ·
1265 4357 1362 4427 τὴν
1392 4363 1532 4410 κατᾶ
1563 4362 1750 4417 Σωσᾶ-

170 4464 269 4496 ναν
296 4445 434 4495 κατά
462 4444 522 4495 τὸ
552 4443 754 4511 Δανιὴλ
794 4446 1038 4516 ἱστορίαν
1065 4447 1141 4510 ὡς
1179 4448 1246 4502 ἂν
1285 4451 1440 4503 νόθον
1483 4454 1580 4522 τῆς
1609 4456 1749 4524 Γρα-

170 4537 284 4604 φῆς
319 4535 713 4604 ἀποσειόμενος
745 4534 1111 4608 σύγγραμμα.
1171 4540 1315 4611 Πρὸς
1350 4542 1417 4612 ἢν
1464 4545 1749 4617 Ὠριγένης

167 4629 546 4697 ἀντιγράφων,
578 4628 818 4686 δείκνυσι
849 4630 925 4700 μὴ
953 4631 1109 4684 νόθον
1133 4630 1294 4698 εἶναι,
1327 4634 1463 4688 ἀλλὰ
1498 4639 1587 4689 καὶ
1613 4641 1750 4706 μᾱλο

169 4719 264 4772 λον
297 4721 518 4790 γνήσιον
556 4723 624 4792 τῇ
659 4721 876 4792 Γραφῇ,
915 4724 1004 4775 καὶ
1058 4723 1446 4796 πληρεστάτην
1480 4746 1747 4800 πραγμα-

169 4813 466 4882 τευόμενον
511 4813 876 4870 λυσιτέλειαν.
925 4817 1033 4869 Καὶ
1078 4819 1216 4888 πρὸς
1243 4819 1589 4892 ’Λιριστείδην
1613 4824 1746 4895 ἄλλη

169 4904 436 4974 ἐπιστολὴ
485 4905 716 4976 φέρεται
746 4906 844 4960 τοῦ
894 4906 1231 4980 Ἀφρικανοῦ
1263 4913 1394 4983 περὶ
1428 4913 1530 4983 τῆς
1561 4914 1748 4968 δοκού-

172 5013 272 5064 σης
307 4996 427 5065 μὲν,
451 4997 657 5068 ἥκιστα
680 4997 740 5052 δὲ
775 4998 946 5070 οὔσης
972 5000 1268 5068 διαφωνίας
1307 5005 1364 5056 ὲν
1397 5007 1462 5073 τῇ
1496 5009 1749 5073 γενεαλο-

168 5090 264 5159 γίᾳ
300 5087 539 5158 Χριστοῦ
571 5091 723 5160 παρά
750 5091 828 5161 τῷ
852 5092 1114 5163 Ματθαίῳ
1146 5111 1206 5147 τε
1237 5095 1334 5148 κιιὶ⁵
1363 5098 1548 5167 Δουκᾷ
1569 5115 1583 5130 ·
1632 5100 1688 5151 ὲν

165 5181 446 5232 δείκνυσιν
483 5181 546 5234 ἐκ
574 5199 720 5246 τινος
751 5184 994 5252 ἱστορίας
1020 5188 1100 5248 εἱς
1123 5187 1287 5239 αὑτὸν
1317 5189 1524 5242 ἀνωθεν
1558 5192 1748 5244 κατελ-

169 5271 373 5340 Οούσης
409 5277 719 5342 συμφωνεῖν
751 5277 878 5340 τοὺς
909 5277 1306 5344 εὐαγγελιστὰς
1348 5280 1550 5347 μᾶλλον
1571 5323 1583 5345 ,
1613 5282 1748 5334 ἀλλὰ

174 5365 249 5434 μὴ
281 5364 598 5432 διαφωνεὶν.
629 5368 734 5420 Ἦν
777 5369 834 5420 ἐν
867 5373 932 5440 τῇ
967 5372 1103 5438 μετὰ
1154 5374 1344 5442 χεῖρας
1389 5377 1747 5445 πραγματεία

171 5461 224 5506 εν
248 5455 330 5524 τῷ
352 5453 555 5528 πρώτῳ
585 5459 736 5529 τόμῳ
768 5462 1156 5532 προσηκόντως
1178 5463 1470 5529 κατέταξα.
1508 5466 1745 5537 Τοιαύτη

174 5546 270 5611 μὲν
303 5545 431 5611 δόξα
460 5549 614 5618 παρὰ
665 5551 797 5602 πᾶσι
848 5550 925 5620 τῷ
956 5553 1227 5620 Ὠριγένει
1250 5569 1262 5582 ·
1317 5553 1456 5623 αὕτη
1488 5555 1584 5624 τῆς
1618 5557 1746 5626 περὶ

173 5638 236 5689 τὰ
270 5639 391 5707 ἱερὰ
427 5642 728 5710 μαθήματα
763 5643 916 5713 αὐτῷ
945 5647 976 5713 ἡ
1013 5646 1215 5715 σπουδή
1242 5664 1254 5676 ο
1298 5644 1466 5708 οὕτως
1503 5648 1605 5699 ύπὶ
1635 5649 1744 5700 τῶν

241 5802 322 5876 (Ι)
357 5801 515 5876 forte
561 5803 647 5857 hic
697 5817 791 5870 pro
833 5805 1068 5860 Πιναρία
1104 5807 1392 5871 legendum
1436 5807 1708 5876 Origt-ttts.

1874 1955 1997 1992 eum
2022 1941 2316 2010 episcopus
2381 1944 2516 1996 tanti
2558 1943 2836 1997 hominem
2869 1943 3020 2010 fecit,
3054 1953 3113 1998 ttt
3153 1945 3451 2013 aliquando

1876 2032 2280 2086 internuntium
2328 2035 2394 2088 ad
2435 2050 2560 2088 eum
2605 2036 2838 2100 miserit,
2875 2052 2972 2106 per
3013 2052 3177 2106 quem
3211 2052 3335 2089 eum
3382 2037 3447 2089 ad

1872 2136 1931 2176 se
1986 2125 2345 2178 ecclesiarum
2376 2141 2601 2179 suarum
2633 2127 2994 2180 emolumenti
3032 2141 3196 2179 causa
3248 2127 3449 2180 invita-

1877 2225 1978 2270 ret.
2009 2215 2278 2271 C:eterum
2325 2233 2451 2272 cum
2500 2219 2591 2272 ille
2643 2234 2921 2273 morarum
2969 2219 3206 2274 subinde
3257 2235 3450 2274 causas

1876 2319 2146 2376 ttecteret,
2181 2311 2297 2379 ipse
2331 2310 2382 2362 in
2413 2311 2656 2366 Judteatn
2699 2313 3003 2382 profectus,
3039 2323 3203 2380 atque
3240 2313 3312 2365 ibi
3346 2312 3448 2364 ali-

1871 2401 2116 2471 quandiu
2158 2418 2282 2457 cum
2331 2403 2424 2458 illo
2461 2413 2760 2458 versatus:
2796 2404 3014 2458 tandem
3065 2405 3236 2458 multo
3282 2420 3444 2474 qttattt

1869 2504 2030 2548 antea
2060 2495 2239 2551 fuerat
2287 2511 2566 2550 sacrarum
2595 2496 2924 2550 Litterarum
2965 2497 3193 2566 peritior
3221 2496 3286 2549 ad
3318 2511 3451 2553 sum

1870 2591 2056 2644 rediit.
2083 2590 2189 2645 Sed
2218 2602 2272 2647 et
2301 2591 2609 2645 Alexander
2641 2590 3145 2660 Hierosolymorum
3180 2603 3236 2645 et
3265 2590 3447 2644 Theo-

1869 2684 2067 2737 ctistus
2125 2682 2386 2737 Ctesarea:
2437 2682 2741 2738 Palaestinae
2786 2683 3028 2752 episc0pi
3075 2698 3294 2751 semper
3333 2684 3448 2736 fere

1872 2777 1945 2830 ibi
1993 2791 2116 2830 cum
2169 2791 2236 2830 eo
2284 2785 2342 2829 ut
2395 2776 2680 2845 magistro,
2725 2776 2816 2845 qui
2867 2775 2922 2828 in
2969 2776 3142 2829 sacris
3177 2775 3446 2828 doctrinis

1870 2871 2041 2939 major
2086 2887 2245 2940 quant
2311 2871 2548 2929 humana
2600 2882 2793 2925 natura
2859 2871 2985 2932 fert.
3041 2882 3210 2937 esset,
3266 2872 3441 2933 fuere,

1866 2976 2087 3030 Operam
2129 2964 2179 3016 ei
2225 2974 2488 3017 navantes
2542 2979 2556 3016 :
2607 2973 2659 3016 et
2720 2964 3037 3032 protialam,
3081 2980 3202 3033 quae
3249 2965 3330 3019 vel
3372 2965 3440 3017 ad

1859 3056 2286 3110 ecclesiasticam
2322 3056 2648 3118 doctrinam,
2684 3057 2763 3110 ν‹·Ι
2793 3061 2858 3110 ad
2892 3072 3170 3110 sacrarum
3201 3053 3438 3110 Littera-

1866 3161 1987 3200 rum
2051 3147 2568 3216 interpretationem
2606 3147 2971 3216 pertinerent,
3009 3148 3057 3199 ei
3125 3147 3438 3202 conceden-

1781 3230 1826 3290 C
1861 3247 1964 3297 tes.

2438 3355 2662 3414 CAPUT
2705 3355 2848 3412 XXI.

1931 3447 2006 3502 De
2034 3449 2290 3521 scriptore
2327 3448 2472 3504 Julia
2502 3451 2752 3519 Africano
2775 3492 2789 3517 ,
2818 3452 3069 3521 librisque
3105 3451 3357 3520 ejusdem.

1930 3630 2134 3686 Eodem
2199 3641 2446 3700 tempore
2511 3647 2634 3684 eum
2700 3631 2938 3701 Origene
2993 3634 3159 3687 etiam
3216 3633 3425 3689 Julittm

1861 3722 2176 3776 Africanum
2250 3723 2487 3787 vixisse,
2560 3725 2803 3780 historia:
2876 3725 3102 3779 tradunt
3155 3744 3168 3777 :
3227 3727 3321 3795 qui
3375 3736 3432 3782 et

1858 3811 2008 3866 illius
2035 3811 2202 3865 fuerit
2225 3822 2489 3876 sectator,
2522 3826 2576 3868 et
2604 3815 2832 3884 diligens
2861 3816 3138 3868 annalium
3168 3817 3425 3884 scriptor.

1857 3919 2001 3972 quos
2028 3904 2187 3958 libris
2239 3905 2485 3974 quinque
2533 3917 2613 3960 est
2659 3909 2999 3976 complexus.
3041 3908 3099 3961 ltt
3144 3909 3227 3962 eis
3271 3925 3436 3978 porro

1856 3995 2072 4059 scribit,
2133 4011 2190 4049 se
2236 3997 2496 4065 praeclara
2548 4000 2688 4051 fama
2747 3998 2988 4053 llcraclze
3035 4000 3113 4067 (1)
3168 4001 3432 4067 ext-itum,

1859 4085 2252 4154 profectionem
2335 4087 2762 4140 Alexandrinam
2830 4088 3160 4156 suscepisse.
3225 4091 3430 4143 Africa-

1857 4194 1960 4231 nus
1982 4179 2082 4232 iste
2125 4179 2399 4232 librorum
2425 4194 2615 4233 eorum
2643 4180 2732 4248 qui
2757 4179 3134 4234 inscribuntur
3156 4180 3300 4234 Cesti
3330 4181 3430 4251 t2),

1858 4281 2047 4324 auctor
2085 4271 2426 4338 perhibetur.
2477 4271 2633 4325 Dedit
2683 4272 2728 4325 is
2764 4287 2981 4341 quoque
3022 4272 3088 4325 ad
3132 4273 3424 4340 Ot'igettem

1853 4361 2161 4428 epistolattr.
2192 4363 2243 4414 in
2277 4378 2380 4430 qua
2419 4363 2701 4418 historiam
2735 4362 3023 4425 Susanttm,
3061 4364 3228 4418 veluti
3265 4365 3422 4418 adul-

1859 4453 2098 4505 terinum
2152 4454 2418 4521 scriptum
2447 4495 2462 4518 ,
2510 4471 2574 4508 ex
2623 4454 2845 4508 Dattiele
2895 4455 3094 4522 rejicit.
3135 4455 3214 4509 Ad
3260 4467 3425 4523 quem

1858 4544 2173 4599 rescribetts
2218 4544 2504 4614 Origenes.
2557 4561 2675 4599 eam
2740 4563 2847 4600 non
2913 4547 3276 4616 illegitimam,
3329 4546 3426 4600 sed

1855 4650 2170 4704 germanam
2225 4639 2408 4704 potius
2462 4653 2584 4692 esse
2629 4637 2992 4706 Scripturam,
3046 4655 3166 4706 qua:
3215 4640 3428 4693 scilicet

1853 4726 2154 4797 plurimum
2185 4728 2377 4783 aﬂerat
2411 4730 2685 4790 utilitatis,
2723 4730 2992 4783 ostendit.
3022 4729 3428 4784 Circumfertur

1849 4829 1905 4873 et
1948 4819 2054 4873 alia
2084 4821 2321 4875 Africani
2369 4821 2436 4874 ad
2469 4822 2765 4876 Aristidem
2807 4822 3059 4889 epistola,
3089 4823 3160 4876 de
3191 4838 3254 4875 ea
3301 4838 3425 4890 qua:

1855 4911 2076 4967 videtur
2105 4929 2246 4978 esse,
2278 4929 2403 4968 cum
2439 4929 2546 4967 non
2584 4914 2676 4978 sit,
2710 4914 3054 4968 dissonantia
3088 4915 3424 4984 gettealogize

1851 5003 2052 5058 Christi
2091 5006 2234 5075 apud
2278 5006 2434 5076 371
2472 5006 2787 5060 Mattltaaum
2826 5016 2881 5060 et
2919 5006 3117 5059 Lucam
3159 5023 3170 5059 :
3206 5007 3258 5058 in
3293 5022 3422 5073 qua,

1851 5112 1916 5151 ex
1951 5098 2178 5152 historia
2215 5099 2473 5168 quadam,
2522 5115 2683 5168 quam
2722 5116 2750 5152 a
2793 5099 3072 5152 veteribus
3109 5109 3421 5166 aereperat,

1853 5192 2218 5259 evangelistas
2256 5193 2425 5262 magis
2455 5193 2596 5246 inter
2627 5207 2685 5247 se
2729 5193 3047 5245 consentire
3068 5231 3082 5255 ,
3115 5207 3278 5259 quam
3310 5193 3420 5244 dis-

1854 5284 2160 5335 sonantium
2203 5284 2441 5352 ali-quam
2489 5287 2631 5353 apud
2679 5300 2778 5339 eos
2825 5301 2969 5348 esse,
3021 5286 3236 5353 probat.
3293 5283 3421 5336 Eam

1858 5375 2118 5428 volumini
2174 5376 2303 5429 huic
2349 5388 2562 5440 nostro,
2619 5377 2740 5431 loco
2775 5393 2897 5441 suo,
2951 5377 3005 5430 in
3054 5378 3233 5446 primo
3277 5385 3424 5429 tonio

1857 5465 2212 5520 inseruimns.
2266 5469 2448 5536 Atque
2501 5468 2616 5524 hzee
2668 5470 2892 5538 quidem
2943 5469 3198 5538 Origenis
3252 5468 3423 5537 gloria

1853 5559 1997 5627 apud
2041 5573 2233 5614 omnes
2263 5559 2387 5623 fuit,
2434 5560 2538 5615 hoc
2575 5561 2751 5629 ipsius
2794 5561 2847 5614 itt
2895 5563 3068 5616 sacr-is
3114 5560 3423 5630 disciplinis

1855 5651 2098 5705 studium
2135 5672 2146 5704 :
2182 5653 2232 5706 itt
2270 5653 2370 5707 hac
2415 5669 2635 5722 quoque
2680 5655 3070 5724 episcoporum
3105 5653 3207 5708 fuit
3251 5653 3424 5708 admi-

240 5873 323 5946 (τι)
357 5873 428 5927 Dc
456 5873 744 5928 Gestorum
773 5877 926 5929 libris
960 5877 1155 5931 Sttidas
1202 5878 1253 5930 itt
1287 5873 1918 5947 ιΙὶςιίυιιιίἈφρικανός.
