4184 6440
751 366 891 434 1115

1969 366 2412 436 1ΝῙῺΕΡΙῙΟΠ1
2459 374 2807 434 CALLISTI

3892 370 4026 433 1116

744 484 914 548 diuis,
943 487 1226 540 continuis
1254 486 1450 538 studiis
1480 485 1614 545 suis,
1636 486 1687 536 in
1714 486 1952 540 certiore
1981 488 2294 552 atqueabso

2438 489 2798 558 ἡγησαμένων
2823 489 2918 553 τῆς
2949 503 3006 538 τε
3044 487 3328 553 βασιλείας
3355 486 3447 538 καὶ
3477 485 3585 537 τῶν
3618 485 3909 555 μεγίστων
3940 488 4024 534 ἑκ-

749 577 950 630 Iutiore
978 579 1326 647 philosophia
1363 579 1654 648 processit,
1693 593 1721 630 a
1774 587 1920 632 recta
1957 594 2178 646 quoque
2238 579 2325 632 via

748 683 845 732 per
871 683 1122 722 errorem
1155 684 1276 725 esse
1306 669 1645 738 digressum,
1678 672 2065 740 perversisque
2107 673 2327 725 involu-

749 771 863 812 tum
890 761 1260 830 dogmatibus,
1289 771 1618 832 pra'sentem
1638 763 1799 816 simul
1834 773 1889 818 et
1921 763 2159 819 futuram
2197 780 2330 819 con-

749 851 1044 905 taminasse
1062 853 1310 921 gloriam.
1333 853 1440 908 Sed
1471 870 1577 908 non
1612 855 1664 908 in
1688 855 1996 923 prwsentia.
2017 856 2120 911 Ubi
2150 858 2324 922 enim,

747 950 862 994 tum
887 958 1080 997 eorum
1125 945 1217 1013 qui
1257 946 1512 1016 imperio,
1549 955 1664 998 tum
1699 960 1889 1000 eorum
1939 963 2163 1016 quoque
2229 949 2325 1018 qui

2429 580 2668 647 κλησιῶν
2707 578 2974 648 πρότερον
3007 577 3354 648 ἀναγράψας,
3393 571 3512 628 εἶτα
3543 577 3614 629 τά
3653 577 4022 644 ὲνδιάστροφα

2427 673 2538 726 τῶν
2570 672 2863 742 δογμάτων
2888 669 3082 734 αὑτοῦ,
3111 671 3208 724 καὶ
3231 671 3331 741 τὴν
3361 669 3584 723 ἀνοσίαν
3603 668 3876 736 τελευτὴν
3905 670 4023 720 ἑπι-

2429 764 2608 832 θήσω.
2653 765 2742 816 Ἐν
2771 763 2956 832 ταυτῷ
2990 764 3048 816 δὲ
3079 763 3174 817 καὶ
3207 764 3384 834 πέρας
3414 763 3508 814 καὶ
3535 762 3613 830 τῷ
3647 763 3899 829 πέμπτῳ
3934 777 4021 827 μοι

2429 858 2538 909 τῶν
2571 857 2733 926 ιερῶν
2775 858 2842 925 δὴ
2898 856 3105 909 τούτων
3141 857 3349 918 τόμων,
3386 856 3461 918 ὡς
3505 855 3648 921 ἐνὸν,
3698 853 4018 923 ἐπιγράψω.

2433 949 2577 1018 Ἤδη
2607 948 2665 1000 δὲ
2695 951 2828 1018 περὶ
2866 947 2977 1000 τῶν
3009 945 3300 1015 βασιλειῶν
3334 947 3524 1014 δίειμι.

750 1039 1001 1094 maximis
1016 1041 1324 1111 quibusque
1353 1043 1600 1098 ecclesiis
1624 1043 1982 1113 praefuerunt.
2025 1045 2333 1114 eatalogum
2375 1047 2530 1116 prius
2565 1053 2817 1108 texuero,
2841 1042 3004 1115 375
3019 1042 3217 1097 deinde
3238 1043 3429 1096 insana
3487 1055 3706 1110 quoque
3737 1039 4017 1109 dogmata.

745 1142 795 1184 et
826 1142 1058 1186 mortem
1100 1133 1221 1203 ejus
1247 1135 1466 1204 impiam
1504 1151 1800 1207 persequar
1830 1178 1842 1190 .
1874 1146 1933 1192 et
1991 1138 2070 1194 sic
2130 1138 2293 1193 linem
2334 1153 2557 1209 quoque
2589 1138 2788 1208 quinto
2815 1137 2947 1192 huic
3017 1137 3184 1200 libro,
3227 1144 3290 1190 ut
3315 1145 3530 1207 potero,
3589 1133 3810 1188 faciam.
3859 1131 4017 1186 Nunc

749 1235 881 1291 ergo
915 1221 982 1275 de
1009 1222 1257 1292 imperiis
1273 1223 1472 1277 dicam.

1314 1345 1542 1402 CAPUT
1593 1347 1760 1402 XXV.

751 1435 1041 1505 Catalogus
1079 1438 1458 1506 imperatorum
1510 1437 1867 1493 Romanorum
1893 1482 1908 1504 ,
1952 1450 2009 1494 ut
2063 1441 2199 1494 alius
2235 1441 2333 1496 alii

820 1509 1003 1582 ordine
1057 1511 1363 1582 successerit
1416 1524 1434 1564 :
1487 1520 1534 1561 et
1589 1512 1892 1582 ut'primus
1945 1513 2330 1582 imperatorum

822 1576 1098 1646 Philippus
1126 1577 1460 1632 Christianus
1492 1583 1559 1632 sit
1602 1581 1794 1648 factus.

821 1691 1044 1753 Severo.
1085 1692 1178 1761 qui
1213 1692 1404 1747 decem
1435 1703 1491 1746 et
1521 1705 1645 1747 octo
1679 1694 1972 1763 imperavit
2006 1694 2186 1757 annis,
2219 1697 2332 1748 An-

753 1784 982 1836 toninus
1007 1785 1150 1838 ﬁlius
1179 1786 1467 1839 successit.
1498 1785 1660 1850 Huic,
1683 1796 1891 1857 septem
1917 1788 2075 1841 annis
2101 1798 2156 1842 et
2179 1804 2329 1840 men-

3037 1343 3287 1396 ΚΕΦᾹΛ.
3323 1341 3451 1396 κε’.

2434 1440 2784 1510 Κατάλογρς
2817 1437 2960 1510 Ατῶν
3000 1435 3262 1510 καθεξῆς
3326 1433 3437 1510 τῇς
3505 1432 3812 1510 Ῥωμαζωγ
3838 1433 4018 1510 βασί-

2503 1503 3151 1572 λείαξδιαδεξαμένων
3178 1507 3248 1558 τὰ
3269 1503 3552 1571 σκῆπτρα
3579 1519 3592 1530 ·
3629 1505 3728 1556 καὶ
3753 1505 3837 1567 ὡς
3867 1503 4018 1570 πρῶ-

2504 1597 2606 1647 τος
2646 1577 3006 1647 Χριστιανὸς
3030 1575 3351 1641 ,βασιλέων
3403 1575 3705 1640 Φίλιππος
3739 1573 4011 1643 γέγονεν.

2505 1695 2744 1764 Σευῆρον
2800 1695 2894 1762 ἔτη
2957 1700 3026 1762 ιη’
3089 1691 3438 1762 ἡγησάμενον
3508 1690 3835 1751 Ἀντωνῖνος
3890 1691 4015 1749 παῖς

2433 1786 2737 1855 διαδέχεται
2793 1788 3112 1839 Ἀντωνίνον
3139 1786 3196 1838 δὲ
3225 1786 3318 1836 τὸν
3350 1785 3599 1852 Σευήρου
3624 1783 3818 1848 παῖδα,
3849 1783 3944 1851 ἔτη
3973 1782 4017 1845 ζ’

751 1875 902 1926 sihus
959 1891 1052 1928 sex
1088 1891 1271 1930 rerum
1323 1880 1520 1946 potito,
1581 1878 1877 1933 Macrinus.
1929 1879 2176 1932 Macrino
2234 1896 2325 1934 au-

2438 1877 2833 1946 βασιλεύσαντα
2870 1879 3007 1946 πρὸς
3039 1879 3210 1947 μησὶν
3238 1875 3320 1941 ἓξ,
3373 1860 3681 1945 διαδέχεται
3711 1878 4014 1944 Μακρῖνος.

750 1978 880 2029 tem,
913 1978 1037 2021 ante
1074 1969 1342 2038 integrum
1396 1985 1600 2022 annum
1653 1971 1706 2022 iu
1761 1971 1995 2038 imperio
2047 1979 2327 2037 exactum,

750 2060 1031 2122 defuncto,
1063 2063 1374 2116 Antoninus
1409 2063 1460 2116 id
1507 2066 1670 2126 alter,
1706 2064 2093 2134 Heliogabalus
2129 2081 2332 2134 cogno-

750 2153 1010 2218 minatus,
1047 2156 1321 2210 obtinuit:
1357 2157 1502 2226 quod
1531 2158 1576 2210 is
1602 2166 1840 2226 quatuor
1895 2159 2056 2213 annis
2087 2159 2330 2213 admini-

749 2259 1009 2312 stratum,
1049 2251 1115 2302 ad
1159 2249 1529 2303 Alexandrum
1569 2250 1863 2304 Mamiliam
1914 2252 2085 2304 lilium
2150 2260 2330 2307 trans-

752 2341 894 2395 misit
921 2357 935 2395 :
969 2358 1131 2410 quam
1170 2342 1424 2396 feminam
1455 2344 1738 2412 religionis
1765 2344 2078 2414 divinaeque
2110 2346 2331 2414 pietatis

753 2451 1012 2504 perquam
1039 2435 1339 2490 studiosam
1377 2435 1570 2500 luisse,
1604 2448 1765 2491 antea
1801 2437 2061 2492 diximus.
2098 2439 2332 2493 Alexan-

751 2529 849 2580 der
876 2540 1055 2582 autem
1091 2529 1350 2583 tredecim
1377 2545 1551 2583 annos
1586 2532 1639 2583 in
1676 2530 1906 2588 imperio
1933 2532 2135 2601 exegit.
2165 2541 2331 2600 atque

754 2620 806 2671 in
835 2621 956 2688 ejus
991 2622 1168 2674 locum
1213 2620 1538 2674 Maximinus
1590 2619 1773 2674 C;csar
1809 2621 2097 2674 successit.
2155 2622 2330 2686 Quem

752 2714 1047 2766 Alexandri
1076 2714 1226 2775 odio,
1267 2713 1492 2782 quodin
1522 2714 1640 2782 ejus
1663 2713 1827 2767 domo
1869 2715 2091 2783 plurimi
2126 2716 2332 2767 fuerint

755 2806 960 2862 ﬁdeles.
981 2807 1342 2860 ecclesiarum
1369 2806 1643 2860 antistites
1661 2807 1809 2860 solos
1862 2805 2072 2859 czcdcre
2100 2807 2332 2875 jusstsse

755 2901 1101 2970 scripsimus.
1131 2901 1260 2956 Post
1291 2900 1654 2953 Maximinum
1691 2899 1789 2968 (1),
1816 2901 1906 2968 qni
1937 2901 2117 2953 tribus
2175 2901 2335 2953 annis

755 2993 1051 3062 imperium
1077 2994 1266 3063 gessit,
1299 2992 1612 3047 Gordianus
1663 2993 1962 3061 imperator
1990 2994 2169 3048 factus
2197 3011 2211 3047 :
2245 2993 2334 3048 cui

757 3103 861 3137 non
897 3087 1026 3137 totis
1059 3101 1150 3138 sex
1191 3085 1350 3138 annis
1389 3085 1674 3150 republica
1731 3084 1799 3139 ab
1825 3100 1892 3139 eo
1928 3083 2333 3150 administrata,

757 3181 1040 3248 Philippus
1071 3195 1176 3232 nua
1217 3195 1340 3233 cum
1378 3179 1632 3249 Philippo
1687 3179 1799 3233 filio
1834 3188 1921 3233 est
1978 3179 2333 3249 subrogatus.
2361 3207 2405 3269 ρ

759 3271 913 3324 llunc
951 3272 1188 3339 primum
1225 3271 1378 3324 aiunt
1409 3286 1473 3323 ex
1507 3270 1932 3338 imperatoribus
1992 3269 2057 3322 ad
2125 3269 2332 3323 Christi

759 3363 920 3416 Iidem
955 3364 1293 3418 accessisse:
1319 3379 1556 3431 eumque
1595 3363 1792 3418 ultimo
1845 3362 2131 3417 Paschalis
2157 3364 2337 3433 pervi-

754 3457 904 3524 gilio,
933 3457 1002 3510 de
1048 3455 1297 3526 reliquiis
1324 3457 1640 3510 orationum
1717 3457 1773 3510 in
1816 3457 2046 3510 ecclesia
2113 3457 2337 3526 partici-

758 3563 887 3631 pare
918 3549 1186 3604 voluisse:
1221 3563 1328 3602 non
1356 3549 1511 3617 prius
1535 3558 1721 3602 tamen
1747 3548 1802 3603 in
1833 3557 2169 3605 conventum
2203 3546 2337 3602 lide-

757 3645 886 3696 Iium
931 3642 1216 3707 accedere,
1250 3641 1653 3695 intercessione
1683 3649 1740 3696 et
1765 3639 2162 3709 impedimento
2217 3639 2338 3710 ejus

754 3734 847 3802 qui
874 3723 990 3787 ttim
1023 3733 1270 3787 ecclesia!
1309 3731 1526 3800 praefuit
1580 3731 1820 3802 episcopi
1858 3732 1954 3802 (2),
2009 3731 2336 3801 permissum

753 3842 898 3892 esse,
922 3841 1086 3895 quam
1121 3824 1502 3889 conﬁteretur,
1534 3834 1590 3878 et
1641 3825 2028 3894 paenitentiam
2083 3838 2336 3889 numero,

756 3922 851 3986 qui
885 3919 1077 3973 ordine
1108 3928 1164 3972 et
1204 3917 1324 3972 loco
1355 3931 1457 3972 suo
1504 3918 1796 3987 segregati,
1833 3916 2124 3987 disciplina
2188 3928 2336 3972 certa

755 4015 1205 4085 cxplorabautur,
1225 4024 1614 4084 aggregaretur
1635 4031 1649 4067 :
1674 4014 1820 4083 quod
1851 4028 1956 4068 non
1985 4015 2142 4068 aliter
2173 4015 2339 4070 licere

759 4111 847 4164 ille
869 4109 1101 4171 diceret,
1137 4107 1244 4162 nisi
1284 4107 1390 4160 hoc
1423 4106 1666 4171 fecisset,
1697 4115 1922 4175 propter
1964 4107 2165 4162 multas
2218 4107 2266 4176 ej
2291 4123 2338 4161 ts

760 4217 949 4266 noxas,
978 4216 1102 4255 cum
1129 4198 1381 4254 ecclesia:
1438 4197 1815 4254 multitudine.
1853 4208 2161 4251 conventus
2221 4198 2340 4268 ejus

759 4295 882 4349 festi
923 4293 1244 4363 participem
1280 4290 1415 4343 ﬁeri.
1447 4290 1585 4344 Eum
1612 4305 1764 4352 vero,
1819 4291 2143 4362 tebusoipsis
2174 4290 2338 4343 timo-

760 4402 874 4438 rem
918 4384 1090 4438 divini
1141 4383 1388 4437 numinis
1447 4383 1880 4451 religionemque
1924 4380 2169 4435 debitam
2233 4382 2338 4434 rite

757 4490 922 4548 atque
953 4478 1164 4530 sincere
1190 4474 1593 4537 declarantem,
1630 4473 1958 4528 obsecutum
1987 4474 2061 4527 illi
2099 4489 2222 4528 esse
2260 4475 2340 4528 fe-

2434 1969 2642 2022 Τούτου
2692 1969 2736 2023 δ’
2778 1967 2868 2021 ἔπ’·
2914 1970 3158 2022 ἐνιαυτὸν
3205 1969 3614 2036 διαγενομένου,
3661 1969 3859 2038 ἔτερος
3903 1970 4016 2020 Ἀν-

2433 2061 2655 2122 τωνῖνος
2696 2059 2753 2123 ὃς
2799 2060 3042 2118 Γάϐαλος
3090 2060 3388 2130 ἐπεκλήθη,
3420 2060 3517 2128 τὴν
3559 2060 3858 2127 Ῥωμαῗων
3893 2061 4018 2128 ἠγε-

2436 2150 2630 2218 μονίαν
2664 2151 3111 2220 παραλαμϐάνει,
3141 2150 3216 2215 ὥς
3247 2169 3338 2218 μοι
3369 2152 3697 2222 προείρηται
3723 2170 3736 2181 ·
3776 2154 3874 2203 καὶ
3905 2153 4022 2204 τοίν-

2432 2260 2526 2295 του
2561 2242 2607 2295 δ’
2664 2243 2760 2296 ἐπὶ
2798 2242 3050 2313 τέσσαρα
3102 2242 3197 2312 ἔτη
3245 2244 3618 2313 ἡγησαμένου,
3666 2243 4020 2310 Ἀλέξανδρος

2433 2338 2460 2389 ὁ
2485 2335 2748 2405 Μαμαίας
2781 2336 2896 2398 υἱὸς
2951 2335 3192 2404 διάδοχος
3239 2331 3306 2405 ἦν
3330 2353 3345 2368 ·
3392 2335 3452 2388 οὗ
3489 2337 3593 2404 τὴν
3645 2339 3870 2405 μητέρα
3908 2336 4021 2388 Θεο-

2436 2428 2568 2496 σεϐἦ
2599 2445 2655 2480 τε
2691 2428 2786 2481 καὶ
2812 2427 3100 2490 εὐλαϐείας
3147 2427 3608 2497 ἀντιποιουμένην
3662 2428 3854 2496 μικρῷ
3894 2429 4025 2494 ’³⁸96⁸

2436 2518 2564 2569 σθεν
2593 2519 2837 2569 ἀνεῖπον.
2886 2517 2997 2570 ΚΞ).
3029 2514 3227 2568 τοῦτον
3257 2515 3314 2566 δὲ
3359 2516 3452 2567 τὸν
3493 2515 3854 2584 Ἀλέξανδρον
3891 2517 4023 2568 δέκα

2435 2608 2572 2679 πρὸς
2602 2609 2784 2677 τρισὶν
2816 2609 2963 2659 ἔτεσι
3009 2606 3362 2669 διανύσαντα,
3395 2608 3424 2658 ὁ
3455 2609 3675 2675 Καῖσαρ
3709 2608 4024 2677 Μαξιμῖνος

2435 2700 2686 2752 ὲπὶ’τῶν
2745 2702 3046 2770 σκήπτρων
3102 2699 3435 2753 καθίσταται
3499 2695 3583 2761 οὗ,
3639 2701 3718 2762 ὡς
3776 2703 4020 2770 εῐρηται.

2437 2794 2578 2847 κατὰ
2629 2793 2794 2862 μῆνιν
2837 2793 3215 2862 Ἀλεξάνδρου,
3269 2794 3460 2861 ὅτιπερ
3491 2793 3520 2844 ὁ
3554 2789 3704 2855 οἶκος
3759 2793 3935 2847 αὑτοῦ
3965 2797 4025 2847 ἐκ

2438 2885 2699 2936 πλειόνων
2737 2884 3085 2950 συνειστήκει
3115 2883 3346 2946 πιστῶν,
3385 2883 3513 2944 τοὺς
3559 2883 3668 2934 τῶν
3707 2884 4027 2952 ἐκκλησιῶν

2437 2977 2714 3047 ἡγεμόνας
2744 2977 2942 3044 μόνους
2976 2975 3322 3045 ἀναιρεῖσθαι
3356 2977 3719 3042 προσέταττε.
3749 2976 3866 3028 Τοῦ
3910 2979 4026 3030 Μα-

2441 3070 2654 3138 ξιμίνου
2691 3068 2747 3122 δὲ
2782 3069 2876 3120 τὸν
2913 3067 3029 3136 βίον
3057 3067 3201 3120 κατά
3234 3071 3420 3138 τριετῆ
3453 3069 3645 3136 χρόνον
3695 3071 4029 3122 καταλιπόν-

2439 3179 2550 3226 τος,
2586 3162 2873 3232 Γορδιανὺς
2899 3163 2994 3214 ἐπὶ
3032 3160 3158 3222 τοὺς
3189 3159 3386 3224 ἄξονας
3433 3159 3534 3228 τῆς
3568 3160 3748 3229 ἀρχῆς
3797 3163 4030 3231 ἐγνωρί-

2417 3257 2583 3320 ’ζττο.
2626 3255 2748 3308 Οὐδ’
2782 3254 2925 3316 ὅλοις
2952 3255 3132 3308 ἐτεσιν
3165 3254 3226 3318 ἒξ
3254 3254 3354 3323 τὴν
3376 3254 3682 3324 ἠγεμονίαν
3715 3255 4029 3315 ἀνύσαντος

2437 3349 2704 3412 Φίλιππος
2738 3346 2854 3417 ἅμα
2879 3349 3032 3401 παιδὶ
3052 3347 3311 3416 Φιλίππῳ
3343 3346 3458 3400 τῶν
3483 3345 3784 3415 σκήπτρων
3823 3347 4030 3414 ἐγκρα-

2438 3442 2535 3508 τὴς
2580 3437 2670 3510 ἦν.
2711 3440 2915 3493 Τοῦτόν
2968 3455 3104 3508 φασι
3155 3438 3373 3506 πρῶτον
3421 3439 3486 3490 ἐκ
3529 3436 3627 3505 τῆς
3679 3439 4029 3506 ἡγεμονικῆς

2439 3533 2594 3597 ἀξίας
2624 3532 2846 3604 Χριστῷ
2884 3530 3206 3601 προσελθεῖν
3232 3547 3246 3560 ο
3285 3533 3352 3600 τῇ
3373 3529 3440 3598 ,δ’
3469 3529 3677 3598 ὑστάτῃ
3706 3528 3806 3581 τοῦ
3838 3530 4030 3598 [lina

2440 3627 2726 3695 παννυχίδι
2756 3626 2863 3679 τῶν
2909 3626 3004 3677 ἐπὶ
3033 3626 3128 3694 τῆς
3177 3623 3477 3692 ἐκκλησίας
3522 3623 3700 3692 εὐχῶν
3739 3624 3822 3692 τῷ
3861 3623 4029 3690 λοιπῷ

2443 3720 2850 3788 συμμετασχεῖν
2881 3718 3136 3786 θελῆσαι·
3174 3717 3248 3786 μὴ
3305 3715 3492 3784 μέντοι
3542 3715 3816 3784 πρότερον
3848 3718 4031 3784 τυχεῖν

2441 3810 2539 3878 τῆς
2574 3807 2814 3875 ἐφέσεως
2846 3807 2978 3877 πρὸς
3023 3807 3118 3859 τοῦ
3153 3805 3410 3876 τηνικάδε
3459 3805 3565 3858 τῶν
3599 3806 3766 3872 ίερῶν
3799 3808 4032 3876 ἐξηγου-

2445 3903 2635 3971 μένου,
2670 3899 2922 3970 ἐμποδὼν
2975 3899 3170 3969 ἐκείνῳ
3218 3899 3648 3967 καθισταμένου,
3703 3901 3883 3970 πρινὴ
3919 3900 4033 3962 ἑξο-

2447 3991 2879 4064 μολογήσασθαι,
2907 3993 3005 4045 καὶ
3034 3995 3100 4061 τῇ
3127 3992 3234 4044 τῶν
3269 3990 3681 4061 μετανοούντων
3710 3993 3808 4043 καὶ
3837 3993 4031 4044 στάσει

2443 4085 2536 4136 καὶ
2560 4083 2716 4154 χώρα
2745 4082 3153 4152 ἐξεταζομένων
3185 4082 3380 4134 ἑαυτὸν
3404 4081 3676 4155 καταλέξῃ
3701 4101 3716 4114 ·
3750 4084 3895 4152 μηδὲ
3927 4086 4033 4153 γάρ

2445 4178 2512 4230 ἂν
2577 4177 2754 4237 ἄλλως
2827 4176 2947 4239 ἐξὸν
3025 4176 3166 4227 εἶναι
3227 4176 3378 4243 ἔλεγε
3423 4176 3498 4244 μὴ
3550 4176 3706 4227 τοῦτο
3757 4176 3822 4244 δὴ
3903 4176 4033 4244 δρά-

2447 4285 2641 4333 σαντα,
2696 4271 3114 4337 συμμετασχεῖν
3156 4267 3234 4336 τῷ
3288 4268 3484 4336 πλήθει
3518 4267 3614 4335 τῆς
3657 4268 4034 4335 πανηγύρεως

2827 4176 2947 4239 ἐξὸν
3025 4173 3166 4227 εἶναι
3227 4176 3378 4243 ἔλεγε
3423 4175 3498 4244 μὴ
3550 4175 3706 4227 τοῦτο
3757 4174 3822 4244 δὴ

2442 4365 2530 4417 διὰ
2576 4363 2778 4424 πολλὰς
2827 4363 3008 4425 αἰτίας
3034 4363 3142 4414 τῶν
3179 4363 3300 4414 κατ’
3352 4361 3538 4414 αὐτόν.
3570 4361 3674 4414 Τον
3697 4362 3756 4413 δὲ
3798 4362 4034 4430 πειθαρ-

2445 4461 2560 4529 χεῖν
2593 4458 2814 4512 ἑλέσθαι
2847 4458 3028 4526 λόγος,
3061 4456 3248 4526 ἔργοις
3273 4455 3336 4507 τὸ
3376 4457 3504 4524 περὶ
3535 4455 3604 4507 τὸ.
3640 4455 3761 4506 Θεία
3791 4455 3917 4518 δέος
3941 4458 4034 4507 καὶ

765 4547 891 4626 runt
918 4573 1018 4638 (5).
1049 4569 1312 4639 Philippi,
1337 4568 1429 4637 qui
1465 4579 1680 4636 septem
1709 4569 2007 4636 imperant
2043 4569 2206 4622 annis
2238 4567 2336 4636 (4),

2447 4553 2546 4619 τὴν
2603 4549 2954 4619 καθήκουσαν
3008 4548 3301 4602 εὐλάϐειαν
3353 4547 3594 4616 γνησίως
3644 4547 4030 4615 ἐμφαίνοντα·

768 4665 965 4719 Decius
1005 4663 1210 4717 Christi
1283 4672 1608 4731 persecutor
1670 4677 1959 4715 successor
2009 4661 2132 4722 fuit.
2180 4660 2346 4732 375

764 4761 940 4828 Atque
966 4759 1013 4811 is
1038 4755 1262 4810 biennio
1285 4756 1338 4808 in
1363 4755 1573 4825 imperii
1596 4754 1835 4808 culmine
1857 4765 2159 4817 transacto,
2188 4755 2345 4808 Gallo

766 4865 948 4903 rerum
981 4862 1252 4902 summam
1304 4860 1510 4912 atman
1542 4855 1594 4899 et
1655 4860 1872 4900 menses
1912 4857 2039 4899 octo
2087 4846 2346 4900 obtinen-

767 4943 890 4995 dam
939 4938 1179 5009 reliquit.

1326 5047 1553 5103 CAPUT
1600 5048 1784 5102 XXVI.

837 5144 938 5208 Qui
973 5153 1084 5196 tum
1120 5157 1436 5212 magnarum
1468 5141 1676 5194 urbium
1704 5143 1933 5209 episwpi
1962 5145 2266 5212 ﬂoruerint.

838 5325 940 5392 Qui
972 5340 1102 5378 vero
1126 5327 1226 5378 sub
1258 5323 1345 5377 his
1375 5323 1804 5392 imperatoribus
1834 5324 2086 5380 ecclesiis
2112 5325 2347 5394 praefue-

772 5427 920 5480 runt,
957 5417 996 5470 ii
1032 5425 1181 5470 sunt.
1236 5415 1423 5469 Romae
1457 5415 1771 5470 Alexandro
1804 5413 2131 5484 imperante,
2165 5415 2345 5472 Urba-

839 5555 917 5623 (ι)
951 5552 1278 5606 Maximinus
1325 5567 1447 5623 cum
1495 5552 1604 5606 lilio
1638 5553 1784 5620 apud
1833 5553 2140 5622 Aquileiam
2197 5556 2343 5609 occi-

776 5622 889 5678 sus.
934 5624 1049 5676 Mox
1101 5639 1318 5691 quoque
1374 5622 1639 5692 Maximus
1682 5623 1963 5692 Pupienus
1989 5633 2044 5678 ct
2085 5623 2347 5678 Balbinus

779 5696 945 5763 impp.
983 5694 1131 5754 lecti,
1166 5691 1389 5746 militari
1444 5695 1680 5748 tumultu
1723 5691 1980 5763 jugulati,
2020 5703 2077 5748 ct
2110 5693 2344 5749 Gordia-

780 5781 884 5818 nus
912 5765 1097 5829 junior
1119 5765 1270 5817 solus
1305 5763 1611 5829 imperavit.

852 5839 925 5903 (2)
986 5833 1319 5903 Episcopalis
1366 5834 1635 5889 libertatis
1688 5833 2020 5904 exemplum,
2075 5834 2344 5891 Fabianus

2451 4643 2544 4696 καὶ
2570 4643 2840 4694 Φίλιππον
2870 4641 2917 4694 δ’
2953 4645 3050 4710 οὐχ
3081 4637 3244 4712 ἦττον
3273 4641 3304 4710 ἢ
3335 4640 3478 4692 ἑπτά
3505 4638 3914 4707 βασιλεύσαντα
3942 4639 4032 4705 ἔτη

2449 4742 2476 4794 ὀ
2514 4739 2654 4792 κατὰ
2678 4737 2918 4809 Χριστοῦ
2973 4739 3163 4801 μανεὶς
3211 4737 3519 4806 διαδέχεται
3555 4734 3784 4796 Δέκιος·
3823 4735 3884 4797 ὃς
3943 4735 4036 4786 δύο

2450 4831 2542 4899 ἔτη
2577 4831 2847 4894 ἐπιϐιοὺς,
2881 4833 2992 4893 τοίς
3044 4837 3179 4900 περὶ
3221 4831 3424 4883 Γάλλον
3457 4829 3578 4890 ἔτος
3622 4828 3682 4880 ἓν
3726 4831 3826 4880 καὶ
3858 4829 4035 4898 μῆνας

2448 4922 2594 4976 ὀκτὼ
2619 4923 3026 4994 διαγενομένοις
3049 4925 3148 4992 τὴν
3183 4922 3357 4993 ἀρχὴν
3385 4920 3824 4990 κατελίμπανεν.

3018 5035 3268 5088 κεψΑΑ.
3312 5031 3458 5102 Kq'.

2486 5133 2662 5186 ⁸⁸οσοι
2692 5129 2811 5184 τῶν
2835 5132 3118 5200 μεγάλων
3151 5131 3392 5182 πόλεων
3435 5125 3510 5196 τῇ
3540 5128 3849 5195 ἱερωσύνῃ
3877 5127 3998 5181 διέ-

3119 5214 3374 5268 πρεπον.

2522 5325 2585 5375 Ol
2626 5322 2683 5374 δὲ
2714 5321 2823 5373 τῶν
2871 5316 3182 5388 ἐκκλησιῶν
3214 5316 3357 5369 κατὰ.
3401 5313 3630 5377 τούτους
3688 5314 4031 5383 ἡγησάμενοι

2449 5405 2598 5467 οὗτοι
2625 5414 2690 5465 Ξιν
2722 5407 2854 5466 εἶεν.
2897 5410 3002 5464 Τὸν
3040 5410 3138 5480 μὲν
3186 5411 3244 5462 ὲν
3280 5407 3472 5476 Ῥώμῃ
3517 5406 3732 5477 θρόνον,
3786 5405 4022 5470 Ἀλεξάν-

2500 5569 2610 5607 om.
2643 5570 2670 5606 a
2719 5567 2735 5606 t
2812 5567 2895 5606 es.

2450 5553 2496 5608 ῃ
2521 5625 2596 5694 (5)
2631 5563 2952 5691 Εῗιιῗιινιυιιι
2982 5621 3268 5694 principis.
3297 5617 3688 5694 ecclesiasticae
3724 5616 4030 5688 disciplina:

2449 5689 2995 5753 sesc'sulnnittcntis,
3019 5693 3301 5760 l‘hilippus
3331 5689 3646 5760 imperator.

2525 5766 2602 5833 (ιι)
2639 5765 2934 5834 EutrOpius
2963 5759 3211 5832 quinque
3243 5777 3416 5815 annos
3448 5759 3632 5813 habet.
