4184 6440
165 402 298 465 ΗΠ

1115 404 1720 487 EGCLESIASTICIE
1755 405 2148 468 HISTORIA!
2185 408 2331 470 LIB.
2377 410 2448 471 V.

3283 405 3419 471 1118

162 516 290 581 ερου
320 517 388 568 τὰ
426 513 680 586 σκῆπτρα
728 515 1183 586 διαχειρίζοντος,
1230 516 1511 586 Οὐρϐανὸν
1563 515 1740 568 ἔτεσιν

1847 531 1936 580 n0,
1968 520 2061 588 qui
2089 528 2216 573 octo
2241 520 2401 572 annis
2427 515 2686 572 Ecclesiae
2713 514 3085 569 ministerium
3118 514 3192 566 ibi
3227 516 3416 584 gessit,

156 606 304 658 ὀκτὼ
346 606 840 677 λειτουργήσαντα,
905 607 1201 670 Ποντιανὸς
1257 607 1550 676 διεδέχετο.
1618 607 1739 660 Ἐπ’

157 700 304 751 ἔτεσι
333 698 392 752 δὲ
426 702 521 752 καὶ
547 698 738 752 τοῦτον
771 700 830 764 ἒξ
876 702 941 769 τῇ
981 701 1258 770 ἐπισκοπῇ
1294 701 1477 762 καλῶς
1507 701 1741 769 διαπρέ-

153 782 462 860 ψανταὲπὶ
491 793 527 844 Γ
531 792 800 861 ορδιανοῦ,
841 793 1111 862 ’Δντὲρως
1138 794 1382 864 διάδοχος
1413 790 1502 863 ἦν.
1535 797 1741 847 Τοῦτον

154 888 195 938 δ’
239 885 338 937 ἐπὶ
376 886 520 955 μῆνα
574 885 1062 955 διακονησάμενον,
1094 885 1365 948 Φαὸιανδς
1417 885 1606 938 θεόθεν
1647 887 1737 938 τὸν

153 979 256 1040 τῆς
288 977 634 1047 λειτουργίας
688 978 892 1046 κλῆρον
938 977 1251 1046 ἐλάμϐανεν
1279 994 1292 1008 ·
1324 979 1382 1031 ὃν
1431 995 1562 1045 φασι
1603 977 1740 1046 μετὰ

152 1069 417 1138 τελευτὴν
462 1070 792 1139 ’Δντὲρωτος
839 1071 1073 1139 ἀγρόθεν
1117 1071 1322 1140 ἥκοντα
1365 1069 1489 1139 μεθ’
1537 1071 1742 1138 ἑτέρων

151 1163 459 1232 διατρίϐειν
491 1165 548 1214 ἑν
591 1161 800 1235 Ῥώμῃ.
833 1164 954 1216 Τῶν
994 1164 1038 1216 δ’
1075 1166 1131 1216 ἐν
1174 1165 1362 1234 Ῥώμῃ
1399 1163 1740 1225 ἐπισκόπων,

153 1253 250 1304 καὶ
283 1251 394 1302 τῶν
441 1251 691 1318 ἀδελφῶν
745 1253 968 1305 πάντων
1020 1255 1107 1305 ἐπ’
1148 1254 1447 1322 ἐκκλησίας
1479 1252 1607 1320 περὶ
1647 1251 1742 1303 τοῦ

155 1342 452 1408 μέλλοντος
479 1342 574 1394 τὸν
619 1341 808 1410 θρόνον
846 1342 1103 1412 δέχεσθαι
1135 1341 1582 1410 συγτιροτούντων
1617 1358 1738 1392 συν-

153 1436 337 1504 έδριον
361 1477 375 1498 ,
409 1437 504 1489 καὶ
532 1436 631 1505 τὴν
661 1437 844 1505 ψῆφον
879 1436 973 1488 ἐπὶ
1010 1436 1228 1499 πολλοῖς
1272 1436 1381 1488 τῶν
1414 1435 1554 1502 ἄγαν
1595 1435 1742 1488 ὲνδό-

153 1531 266 1592 ξων
295 1529 640 1597 περιφανῶν,
671 1531 734 1582 ὲν
766 1529 992 1599 ὑπονοίᾳ
1020 1528 1116 1580 τοῦ
1139 1528 1384 1581 τοιούτου
1422 1530 1741 1598 λειτουργή-

157 1640 331 1690 ματος
357 1623 548 1688 ὄντων,
579 1623 878 1681 ἑλκόντων;
905 1625 1097 1692 παρὼν
1126 1624 1220 1675 καὶ
1249 1622 1514 1683 Φαόιανδς
1568 1622 1744 1674 οὐδενὶ

155 1716 260 1783 μὲν
289 1715 400 1768 τῶν
455 1716 776 1768 ἐπισκόπων
805 1718 886 1778 είς
939 1715 1162 1784 μνήμην
1193 1714 1279 1784 ᾔει
1313 1729 1328 1744 ·
1370 1715 1523 1782 ὅμως
1571 1714 1617 1766 δ’
1649 1708 1742 1766 οὖν

155 1808 354 1875 ἀθρόον
389 1808 555 1860 ποθὲν
596 1809 899 1878 περιστερὰ
946 1810 1300 1868 καταπτᾶσα,
1337 1810 1404 1876 τῇ
1434 1807 1651 1860 ἐκείνου
1684 1823 1741 1858 τε

153 1902 533 1955 ἐπικαθίσασα
566 1903 801 1972 κεφαλῇ,
830 1903 992 1969 δῆλον
1018 1901 1191 1952 ἐποίει
1219 1901 1310 1953 τὸν
1337 1901 1528 1968 ἄνδρα.
1573 1901 1738 1952 Ἐπα-

156 1993 506 2046 “nomen;
533 1994 641 2062 γὰρ
667 1994 817 2061 αὐτῷ
847 1994 905 2045 τὸ
945 1991 1171 2060 Πνεῦμα
1220 1994 1482 2061 ἐμήνυεν,
1511 1994 1568 2042 ὲν
1613 1991 1740 2042 είδει

156 2087 494 2156 περιστερᾶς
524 2086 718 2148 είωθὸς
754 2084 1048 2154 φαίνεσθαι
1076 2101 1088 2113 ι
1130 2084 1273 2137 καθὰ
1312 2083 1374 2151 δή
1410 2086 1502 2136 καὶ
1530 2084 1606 2151 τῷ
1637 2085 1743 2135 Σω·

154 2179 286 2249 τῆρι
315 2178 490 2230 πάλαι
508 2176 788 2247 τάσφαλὲς
815 2175 1196 2245 μαρτυροῦσα,
1230 2175 1328 2243 τὴν
1350 2175 1534 2244 φωνὴν
1559 2170 1741 2227 εἷλκεν

152 2270 249 2318 ἐπὶ
280 2266 376 2318 τὸν
428 2265 606 2332 λόγον.
656 2263 773 2333 Ἐφ’
810 2259 852 2331 ᾧ
884 2270 1066 2318 πάντα
1103 2264 1197 2318 τὸν
1251 2263 1380 2316 λαὸν
1428 2263 1741 2332 ὲφησθέντα

152 2361 232 2428 τῷ
265 2359 580 2429 παραδόξῳ,
607 2358 775 2428 ὁμόσε
811 2356 1261 2428 προθυμηθέντα,
1291 2357 1386 2409 καὶ
1413 2357 1495 2417 τὸ,
1531 2355 1737 2420 Ἀξιος,

152 2449 568 2521 ἁναῦσήσαντα,
604 2452 669 2502 ὲκ
700 2450 896 2502 τούτου
933 2449 1122 2518 σχεδὸν
1146 2449 1238 2500 ἐπὶ
1265 2449 1355 2500 τὸν
1385 2449 1482 2516 τῆς
1514 2448 1739 2499 ἐπισκο-

154 2548 268 2615 πῆς
305 2546 496 2614 θρόνον
533 2544 930 2616 ἐγκαθιδρῦσαι
958 2565 970 2578 ·
1005 2544 1064 2596 δν
1094 2546 1190 2597 καὶ
1229 2544 1324 2594 ἐπὶ
1363 2543 1441 2610 τῷ
1468 2543 1606 2595 κατὰ
1645 2543 1738 2594 Δέ-

155 2657 276 2692 κιον
309 2637 538 2708 διωγμῷ
579 2640 884 2707 μαρτυρίου
932 2636 1182 2705 στεφάνῳ
1216 2636 1316 2703 τὴν
1361 2636 1743 2702 πνευματικὴν

152 2731 584 2799 καταστέψαντα
633 2731 906 2798 κορυφὴν,
959 2728 1261 2798 Κορνήλιος
1291 2728 1390 2797 τὴν
1432 2729 1741 2795 ἐπισκοπὴν

151 2826 459 2890 διεδέξατο.
497 2824 657 2878 Κατὰ
689 2825 744 2877 δὲ
780 2826 880 2891 τὴν
922 2823 1338 2892 ’Δὶεξάνδρειαν
1383 2820 1738 2890 Ἀλεξάνδρον

151 2917 251 2969 τοῦ
277 2916 379 2985 τῆς
431 2919 694 2986 Μαμαίας
745 2916 1193 2986 ἡγεμονεύοντος,
1250 2915 1568 2983 Δημήτριος
1629 2914 1740 2965 τῶν

151 3012 340 3063 ὲκεῐσε
374 3009 684 3080 παροικιῷν
730 3010 828 3080 τὴν
868 3009 1218 3079 λειτουργίαν
1270 3009 1409 3078 μετᾶ
1453 3007 1741 3060 Ὶουλιανδν

150 3103 579 3173 τεσσαράκοντα
613 3104 710 3157 καὶ
739 3102 921 3171 τρισὶν
955 3101 1136 3153 ἔτεσιν
1177 3100 1339 3169 ίερῶς
1362 3101 1736 3170 ἡγησάμενος,

1847 613 2153 668 Pontianus
2183 612 2476 668 successit.
2528 610 2627 665 llic
2663 611 2824 664 annis
2854 625 2946 663 se:
2996 608 3100 664 sub
3137 607 3421 662 Gordiano

1845 710 2168 778 episcopatu
2224 709 2328 762 rite
2376 707 2638 770 functus,-
2678 707 2982 760 Anteroten
3035 719 3419 756 successorem

1849 803 2062 855 habuit.
2095 801 2214 866 Quo
2244 811 2368 870 post
2396 815 2639 854 mensem
2667 814 2838 853 unum
2877 797 2931 850 in
2966 796 3268 865 episcopali
3304 811 3422 846 inu-

1847 911 1980 949 nere
2049 903 2290 955 mortuo,
2346 892 2616 946 divinitus
2672 893 2824 946 Sacra
2880 888 3291 943 administratio
3351 887 3417 939 ad

1849 989 2149 1042 Fabianum
2181 997 2265 1040 est
2301 985 2504 1048 delata,
2544 999 2708 1052 quem
2743 983 2937 1037 dicunt
2977 991 3100 1049 post
3136 977 3422 1033 Anterotis

1849 1090 2083 1134 mortem
2124 1095 2190 1132 ex
2239 1094 2369 1148 agro
2404 1077 2633 1132 Romam
2683 1076 2925 1138 venisse,
2960 1084 3124 1142 atque
3176 1072 3248 1124 ibi
3295 1087 3417 1124 cum

1848 1172 1971 1227 aliis
2007 1181 2285 1226 versatum
2333 1184 2476 1224 esse.
2509 1167 2647 1223 Cum
2692 1181 2824 1220 vero
2867 1165 3052 1218 [totum
3083 1162 3328 1232 episcopi
3367 1169 3423 1214 et
3507 1203 3516 1210 .

1847 1266 2046 1320 fratres
2071 1280 2265 1318 omnes
2300 1264 2354 1317 in
2386 1262 2620 1317 ecclesia
2661 1259 2726 1314 ad
2762 1259 3080 1327 episcopum
3115 1255 3418 1309 creandum

1848 1359 2262 1420 convenissent,
2287 1365 2456 1426 atque
2482 1354 2741 1424 suffragia
2770 1353 3156 1422 deligentium,
3186 1349 3253 1403 de
3288 1349 3423 1402 mul-

1848 1454 1916 1507 tis
1948 1451 2228 1521 pmclaris
2251 1460 2307 1504 et
2333 1448 2648 1503 iilustribns
2671 1446 2829 1508 viris,
2861 1445 3066 1514 quibus
3095 1459 3217 1497 eam
3245 1441 3424 1509 digni-

1849 1554 2013 1598 tatem
2073 1541 2334 1595 collatum
2386 1539 2451 1592 iri
2501 1537 2788 1592 hominum
2824 1537 3011 1605 Opinio
3061 1545 3201 1592 erat.
3235 1533 3420 1585 varia-

1848 1646 1989 1701 rent,
2031 1634 2191 1689 affuit
2230 1635 2396 1689 etiam
2447 1631 2772 1686 Fabianus:
2832 1640 2888 1684 et
2935 1627 3189 1698 quamvis
3236 1624 3305 1679 de
3355 1637 3424 1677 eo

1849 1731 1982 1783 nulli
2015 1729 2405 1798 episeoporum
2449 1726 2501 1780 in
2549 1733 2792 1778 mentem
2847 1722 3087 1783 veniret,
3122 1719 3423 1786 derepente

1850 1834 2032 1875 tamen
2083 1819 2342 1873 alicunde
2387 1818 2652 1872 advolans
2691 1814 2767 1885 (Ι)
2807 1814 3086 1876 columba,
3139 1827 3202 1864 ac
3258 1808 3423 1878 capiti

1848 1916 1968 1982 ejus
1999 1913 2267 1972 insidens,
2306 1927 2431 1964 eum
2469 1909 2801 1979 designavit,
2851 1916 2908 1960 et
2954 1905 3224 1974 Spiritum
3265 1901 3319 1954 in
3357 1917 3424 1954 eo

1847 2005 2203 2073 acquiescere
2252 2002 2608 2071 significavit,
2638 2001 2690 2053 in
2741 1998 3011 2053 columine
3044 1995 3226 2064 specie
3256 2009 3424 2062 appa-

1849 2113 1967 2150 rere
1999 2095 2222 2149 solitum
2260 2113 2272 2146 :
2302 2091 2772 2163 quemadmodum
2812 2090 2940 2144 olim
2979 2097 3192 2141 certum
3224 2085 3423 2139 Serva-

1848 2189 1950 2242 tori
1986 2188 2269 2257 perhibuit
2302 2186 2701 2248 testimonium,
2731 2199 2917 2238 vocem
2947 2182 3228 2235 caelestem
3258 2193 3425 2246 super

1847 2283 2024 2350 ipsum
2054 2281 2298 2336 Verbum
2330 2279 2679 2346 pertrahens.
2709 2275 2823 2342 Qua
2858 2291 2913 2329 re
2943 2285 3051 2328 tam
3099 2270 3422 2326 admiranda

1847 2376 2144 2430 universus
2195 2375 2432 2444 populus
2486 2371 2818 2434 delectatus,
2876 2369 3068 2422 eadem
3115 2365 3421 2427 alacritate,

1844 2479 2008 2537 atque
2052 2468 2244 2521 eodem
2289 2465 2452 2519 simul
2487 2481 2584 2519 ore
2623 2479 2817 2518 omnes
2865 2465 3090 2531 dignum
3141 2475 3266 2513 eum
3303 2462 3425 2511 esse

1844 2573 1898 2615 et
1931 2563 2191 2614 idoneum
2230 2559 2701 2619 acclamaverunt,
2733 2567 2788 2610 et
2820 2556 3086 2608 continuo
3123 2555 3173 2606 io
3211 2553 3425 2622 episco-

1847 2655 1951 2724 pali
1986 2655 2185 2708 throno
2222 2654 2588 2707 collocarunt.
2633 2651 2810 2718 Atque
2846 2651 2892 2704 is
2930 2651 2982 2702 in
3037 2647 3424 2714 persecutione

1845 2748 1948 2801 sub
1999 2746 2164 2801 Decio
2214 2746 2561 2815 spiritualetn
2596 2746 2860 2797 verticem
2911 2741 3165 2808 martyrii
3219 2755 3422 2792 corona

1844 2849 2144 2895 exornatus
2181 2839 2283 2907 (2),
2334 2839 2717 2909 cpisc0patum
2756 2839 2821 2890 ad
2851 2835 3169 2891 Cornelium
3204 2846 3424 2886 succes-

1844 2949 2024 2986 sorem
2083 2932 2410 2987 transmisit.
2463 2931 2808 2986 Alexandria:
2860 2937 3067 2989 autem,
3107 2925 3422 2981 Alexandro

1845 3022 2141 3076 Mammaea:
2193 3022 2306 3075 ﬁlio
2346 3021 2675 3090 imperante,
2732 3029 2853 3089 post
2891 3016 3171 3072 lulianum
3228 3016 3423 3067 Demc-

1848 3115 2005 3174 trius,
2061 3114 2155 3184 qui
2193 3115 2560 3184 quadraginta
2601 3114 2778 3167 tribus
2821 3111 2980 3163 annis
3016 3122 3297 3162 sacrarum
3329 3121 3423 3158 ec-

165 3195 420 3265 ᾙρακλᾷ
450 3193 528 3262 τῷ
578 3191 859 3260 φιλοσόφῳ
890 3191 984 3243 καὶ
1017 3188 1220 3260 πρώτῳ
1271 3189 1382 3242 τῶν
1427 3189 1737 3259 Ὦριγένους

1846 3208 2135 3262 etesiarum
2177 3207 2540 3276 regendarum
2581 3221 2780 3258 munus
2831 3203 3073 3256 obierat.
3131 3199 3420 3252 lleraclam

153 3286 520 3341 cnoubasttiiv
555 3283 881 3339 καταλείπει
926 3282 1019 3336 τὸν
1059 3283 1270 3352 θρόνον,
1313 3282 1420 3333 Καὶ
1459 3281 1652 3335 τούτου
1680 3281 1739 3335 δὲ

153 3381 300 3449 μετὰ
331 3381 518 3448 τρίτον
565 3378 659 3433 καὶ
694 3377 922 3430 δέκατον
954 3374 1074 3439 ἔτος
1115 3372 1176 3428 τὸ
1223 3375 1488 3446 βιώσιμον
1541 3375 1742 3443 μεταλο

151 3475 441 3539 λάξαντος,
473 3476 501 3527 ὁ
536 3473 703 3534 πολὺς
745 3469 1022 3534 Διονύσιος
1069 3470 1161 3522 ἐπὶ
1193 3468 1306 3521 τῶν
1345 3468 1742 3534 ὲκκλητιαστι‹

153 3566 274 3619 κῶν
303 3567 507 3619 οἰάκων
540 3564 638 3632 τῆς
687 3561 1046 3640 Ἀλεξάνδρου
1094 3558 1406 3622 ἀνέϐαινεν,
1446 3559 1485 3609 Γ
1487 3558 1740 3627 ορδικνοῦ

150 3658 565 3729 βασιλεύοντος.
594 3660 670 3711 Οὐ
702 3655 808 3726 μὴν
834 3656 890 3708 δὲ
923 3656 1060 3709 ana
1091 3655 1187 3706 κα1⁵
1217 3653 1360 3707 κατὰ
1387 3654 1488 3722 τὴν
1531 3651 1741 3705 Ἀντιό-

151 3771 256 3822 [ou
285 3753 379 3804 τὸν
421 3751 835 3819 ’Δσκληπιάδην
879 3749 1108 3816 Quinto;
1141 3747 1438 3816 διεδέχετο,
1488 3744 1740 3808 Ἀλεξᾶν·

149 3847 290 3914 δρου
318 3843 600 3904 διέποντος
640 3841 737 3911 τὴν
769 3841 946 3910 ἀρχήν
970 3856 982 3870 ο
1020 3838 1081 3891 οῦ
1111 3838 1336 3899 Ζέϐενος
1377 3832 1533 3898 αὖθις
1566 3837 1743 3889 διάδο-

150 3957 250 4010 χος
297 3936 383 4010 ἦν.
445 3938 551 3990 Τὸν
615 3937 662 3989 δ’
716 3937 808 3988 ἐπὶ
869 3933 1162 4003 Γορδιανοῦ
1215 3933 1660 4001 τελευτήσαντα,
1715 3933 1742 3983 ὁ

151 4034 494 4104 ίερομάρτυς
526 4031 780 4093 Βαϐύλας
815 4030 913 4092 τὰς
945 4029 1096 4099 ἱερὰς
1150 4028 1307 4098 ἡνίας
1343 4027 1700 4095 διεχειρίζετο
1723 4042 1738 4056 ο

147 4131 213 4182 ὃν
242 4128 384 4197 μετὰ
433 4126 535 4196 τὴν
581 4123 878 4194 ὁμολογίαν
921 4125 979 4174 ιν
1033 4120 1399 4190 δεσμωτηρίῳ
1452 4120 1550 4188 τὴν
1594 4118 1743 4187 ζωὴν

149 4218 543 4289 ἀμειψάμενον
572 4217 666 4268 ἐπὶ
694 4215 906 4279 Δεκίου,
938 4214 1139 4276 essm;
1162 4212 1262 4281 τῆς
1291 4210 1479 4264 αὐτόθι
1515 4211 1740 4278 Ἐκκλη-

150 4313 284 4373 σίας
318 4309 640 4379 προϊστατο.
693 4307 818 4362 Ἐπὶ
845 4310 982 4359 πᾶσι
1029 4305 1244 4367 τούτοις
1275 4304 1413 4372 μετὰ
1464 4303 1554 4356 τὸν
1581 4319 1742 4370 περι-

148 4405 358 4473 δόητον
387 4404 443 4465 ὲς
475 4401 707 4469 ὕστερον
730 4400 1072 4469 Νάρκισσον,
1110 4399 1314 4468 μᾶλλον
1338 4398 1395 4450 δὲ
1443 4399 1541 4449 σὺν
1568 4397 1738 4464 αὐτῷ,

150 4498 305 4568 μετὰ
329 4498 455 4549 Δῖον
486 4496 580 4548 καὶ
604 4493 964 4565 Γερμανίωνά
1008 4509 1066 4545 τε
1099 4492 1193 4544 καὶ
1227 4491 1465 4561 Γόρδιον,
1509 4491 1606 4552 τῆς
1647 4489 1742 4542 Ἰε-

149 4565 484 4662 ροσολύμων
561 4587 860 4656 παροικίας
920 4586 1020 4656 τὴν
1094 4585 1466 4653 ποιμαντικὴν
1532 4583 1739 4636 διεῖπεν
1775 4565 1819 4622 υ

161 4682 546 4751 Ἀλέξανδρος,
582 4681 715 4750 περὶ
749 4677 811 4732 οὗ
845 4679 1017 4731 πολὺν
1048 4678 1206 4744 λόγον
1247 4678 1443 4730 ἀνόπιν
1474 4675 1739 4745 ἐποιησά-

150 4797 270 4848 μην
290 4793 305 4806 ο
344 4776 400 4837 δς
431 4776 494 4843 δὴ
526 4776 617 4827 καὶ
659 4773 928 4847 Ὠριγένει
975 4773 1073 4835 τὰς
1102 4775 1289 4842 χεῖρας
1336 4770 1633 4834 ὲπιὸαλὼν,
1665 4767 1742 4838 τῷ

146 4873 269 4925 τῶν
325 4867 717 4937 πρεσϐυτέρων
745 4866 939 4919 τοῦτον
979 4866 1339 4932 ὲγκαταλέγει
1391 4863 1605 4933 βαθμῷ.
1645 4866 1741 4925 ὐς

147 4965 429 5035 πρότερον
484 4963 553 5031 τῇ
613 4961 757 5032 ὑπὲρ
805 4959 1044 5029 Χριστοῦ
1093 4958 1400 5026 διαπρέψας
1456 4959 1738 5028 ὁμολογία,

145 5059 272 5118 τοῖς
307 5055 580 5123 πρότερον
628 5053 918 5121 διωγμοῖς,
960 5051 1100 5122 μετὰ
1152 5051 1250 5121 τὴν
1289 5051 1397 5103 τῶν
1440 5051 1742 5120 Ἰεροσολύ-

150 5167 280 5219 ,ιων
335 5146 648 5216 προεδρίαν,
679 5145 836 5216 βαθεῖ
861 5161 920 5196 τε
969 5145 1119 5214 γήρᾳ
1171 5144 1265 5195 καὶ
1315 5143 1532 5211 λιπαρῴ
1582 5160 1741 5195 κατε-

149 5239 470 5309 στεμμένος
520 5235 677 5304 αὖθις
722 5240 780 5290 ὲν
822 5239 1133 5305 Καισαρείᾳ
1168 5238 1280 5298 τοῖς
1327 5237 1470 5304 ὑπὲρ
1504 5235 1742 5301 Χριστοῦ

145 5330 558 5400 δικαστηρίοις,
592 5330 786 5381 Δεκίου
813 5327 904 5380 τὸν
945 5328 1188 5395 διωγμὸν
1219 5332 1300 5389 είς
1331 5327 1474 5395 μέγα
1510 5329 1745 5397 ἀναρρι-

147 5423 438 5485 πίζοντος,
469 5419 784 5491 παραστὰς,
840 5421 933 5474 καὶ
979 5421 1301 5488 περιφανῶς
1359 5421 1741 5488 μαρτυρήσας,

147 5519 255 5571 ἐπὶ
285 5515 389 5584 τῆς
432 5514 659 5585 εἱρκτῆς
686 5513 779 5567 τὸν
825 5513 938 5583 βίον
972 5514 1244 5578 ἐξέλιπεν.
1293 5513 1487 5566 Ἦνίκα
1522 5513 1614 5564 καὶ
1641 5512 1742 5563 Ba-

147 5610 332 5670 Εὐλας
360 5608 451 5660 τὸν
493 5608 636 5677 ὑπὲρ
680 5607 921 5678 Χριστοῦ
975 5609 1162 5674 ἀγῶνα
1205 5606 1491 5676 διήνεγκεν
1524 5604 1618 5658 ἐπὶ
1646 5606 1746 5675 τῆς

231 5793 314 5859 (1)
353 5789 803 5864 Eusebius-libro
837 5806 909 5851 vn,
942 5806 1062 5864 cap.
1099 5790 1186 5842 ‘29.

232 5867 316 5931 (ε)
353 5861 860 5932 Fabianusumrtyr
901 5863 1058 5915 anuis
1100 5864 1160 5917 12
1191 5861 1510 5918 cathedram
1542 5862 1740 5916 ltonia~

1847 3299 2264 3368 philosophum,
2310 3299 2744 3368 primariumque
2781 3296 3037 3365 Origcuis
3062 3291 3422 3360 discipulum,

1843 3407 2226 3448 siiccessoreni
2262 3392 2480 3446 habuit.
2513 3390 2678 3460 376
2715 3388 2824 3442 Sed
2859 3396 2916 3441 et
2964 3383 3115 3446 huic,
3144 3398 3267 3435 cum
3302 3389 3425 3448 post

1845 3503 2050 3540 annum
2106 3485 2470 3540 tredecimum
2523 3483 2878 3551 episcopatus
2927 3479 3011 3531 sui
3065 3475 3422 3534 decessisset,

1846 3593 2078 3647 magnus
2126 3578 2419 3648 Dionysius
2451 3574 2746 3637 successit,
2780 3570 3060 3626 Gordiano
3104 3577 3218 3621 tum
3254 3567 3426 3648 impe-

1846 3681 2022 3725 rante.
2087 3670 2326 3723 ltursum
2357 3666 2664 3720 Antiochia:
2700 3668 2801 3718 sub
2831 3660 3124 3715 Alexandri
3190 3642 3424 3726 imperio

1847 3768 1902 3818 in
1955 3761 2254 3831 episcopali
2301 3760 2586 3813 functione
2641 3754 2983 3824 Asclepiada:
3029 3751 3296 3806 suffectus
3342 3758 3426 3801 cst

1847 3858 2141 3914 Philctus:
2183 3856 2341 3925 Cujus
2388 3853 2589 3908 deinde
2649 3850 2904 3904 Zebenus
2958 3860 3246 3902 successor
3297 3841 3422 3895 fuit.

1845 3951 2117 4006 Ceterum
2151 3963 2218 4004 eo
2268 3961 2492 4016 quoque
2539 3944 2643 3998 sub
2674 3942 2956 3998 Gordiano
2992 3939 3282 3999 defuncto,
3325 3935 3427 3987 Ba-

1848 4044 2002 4114 bylas
2024 4057 2180 4096 sacer
2209 4049 2417 4108 martyr
2447 4036 2709 4091 Ecclesiae
2734 4033 3104 4102 gubernacula
3130 4032 3207 4084 ibi
3239 4044 3428 4082 susce-

1847 4139 1974 4208 pit:
2033 4136 2128 4207 qui
2182 4134 2286 4189 sub
2343 4132 2508 4188 Decio
2565 4139 2688 4200 post
2745 4127 3152 4183 confessionem
3207 4123 3427 4175 fortiter

1847 4231 2054 4285 obitam
2089 4229 2142 4282 in
2183 4226 2419 4282 vinculis
2467 4223 2729 4286 decessit,
2781 4219 3203 4284 Ecclesiamque
3249 4213 3421 4267 Fabio

1848 4321 2141 4392 regendam
2193 4317 2417 4386 reliquit
2463 4317 2563 4385 (5).
2618 4315 2792 4368 Porro
2842 4307 3244 4378 Hierosolymis
3297 4312 3422 4373 post

1847 4421 2197 4472 decantatqu
2231 4413 2386 4466 illum
2419 4409 2758 4468 Narcissum,
2792 4419 2888 4459 seu
2927 4403 3109 4471 potius
3128 4415 3251 4453 cum
3287 4397 3425 4451 Nar-

1846 4507 1992 4562 cisso
2026 4504 2170 4572 (Dio,
2227 4498 2598 4556 Germanione
2645 4503 2700 4550 et
2739 4492 2948 4547 Gordio
3008 4482 3425 4542 intervenienti-

1846 4595 1972 4668 bus)
2033 4593 2290 4663 pastorali
2345 4603 2575 4645 munere
2631 4587 2688 4641 in
2750 4580 2999 4637 Ecclesia
3055 4575 3281 4631 functus
3339 4579 3425 4624 est

1847 4665 2156 4743 Alesander
2187 4700 2201 4738 :
2239 4687 2306 4738 de
2334 4699 2445 4751 quo
2479 4681 2533 4734 in
2566 4676 2959 4748 superioribus
2992 4671 3162 4725 multa
3192 4665 3427 4719 fecimus

1848 4778 2041 4833 verba.
2081 4775 2129 4829 Is
2164 4774 2456 4844 Origenetn
2488 4787 2584 4841 per
2623 4767 3040 4839 impositionem
3076 4774 3338 4816 manuum
3369 4756 3423 4810 in

1846 4871 2298 4940 presbyterorum
2352 4867 2604 4919 ordinem
2658 4863 2811 4932 legit.
2863 4859 2932 4914 Et
2981 4872 3108 4912 cum
3154 4862 3311 4910 antea
3365 4854 3421 4905 in

1846 4961 2124 5032 prioribus
2147 4958 2633 5027 persccutionibus
2655 4954 3061 5009 confessionem
3089 4947 3423 5019 proCliristo

1844 5069 1969 5108 cum
2025 5051 2188 5107 laude
2238 5051 2457 5105 fortiter
2487 5047 2830 5118 pertulisset,
2879 5053 3003 5114 post
3051 5038 3420 5109 episcopalem

1845 5147 2192 5218 dignitatem,
2226 5161 2334 5215 qua
2387 5141 2787 5213 Hierosolymis
2834 5147 2918 5193 est
2948 5137 3196 5200 functus,
3250 5133 3422 5186 multa

1842 5241 1953 5310 jam
1982 5249 2038 5294 et
2069 5254 2242 5310 prope
2267 5236 2551 5305 decrepita
2580 5243 2868 5289 senectute
2897 5231 3268 5291 venerandus,
3300 5242 3423 5279 rur-

1845 5348 1940 5387 sus
1965 5331 2226 5387 Cwsarem
2257 5329 2426 5384 Decio
2460 5327 2758 5398 plurimum
2796 5325 3063 5378 adversus
3095 5322 3284 5375 fideles
3317 5336 3420 5374 sa:-

1845 5426 2051 5490 viente,
2095 5426 2162 5477 ad
2206 5423 2457 5493 judicum
2496 5420 2762 5475 subsellia
2803 5433 2902 5487 pro
2936 5415 3160 5472 Christo
3185 5421 3418 5475 tractus,

1847 5518 2063 5587 egregie
2097 5515 2424 5586 martyrium
2465 5514 2626 5576 obiit,
2667 5521 2833 5580 atque
2876 5511 2930 5564 in
2966 5524 3189 5563 carcere
3234 5507 3422 5560 deces-

1847 5612 1940 5666 sit.
1967 5609 2086 5678 Quo
2115 5619 2362 5679 tempore
2387 5619 2442 5662 et
2468 5608 2700 5679 Babylas
2728 5606 2872 5676 apud
2906 5602 3288 5660 Nicomediam
3319 5616 3421 5666 pro

1850 5808 1971 5844 nam
2017 5789 2216 5852 tenuit,
2244 5789 2533 5844 Cornelius
2567 5787 2726 5842 annis
2761 5787 2812 5840 5.

1917 5862 1996 5931 (3)
2031 5862 2135 5915 Alii
2171 5861 2316 5915 hunc
2347 5859 2640 5914 Fabianum
2685 5867 2897 5912 vocant.
