4184 6440
195 401 339 465 1125

1138 399 1738 461 ECCLESIASTlC/E
1779 401 2174 464 HISTORIE
2215 405 2366 469 LIB.
2408 410 2474 469 Υ.

3310 419 3442 482 1126

189 530 332 580 προς
362 515 424 568 τὸ
450 509 681 584 μέγεθος
716 514 971 568 ἀπειπὼν
999 514 1106 567 τῶν
1129 515 1339 578 δεινῶν,
1367 517 1649 584 ἐξώμνυτο
1669 517 1768 590 μὲν

1882 516 2180 572 sublimem
2237 523 2587 576 sustinebant
2642 527 2954 580 adducitur.
3016 529 3258 594 Quorum
3312 533 3451 586 alter

188 605 356 668 εὐθὺς
394 608 491 674 τὴν
535 605 757 666 πίστιν.
816 608 912 661 καὶ
969 607 1272 660 ἀπελύετοο
1343 610 1538 677 ἅτερος
1596 611 1670 673 δὲ,
1723 604 1767 677 ᾧ

199 696 486 765 Ἰσχυρίων
515 697 614 764 μὲν
647 697 843 766 δνομα,
876 695 1082 761 Εὔνους
1110 697 1168 750 δὲ
1201 698 1261 749 τὸ
1291 697 1608 767 ἐπώνυμον.
1645 691 1766 767 μηδ’

187 787 261 838 ἂν
293 788 348 838 εῐ
375 803 427 838 τι
459 787 552 841 καὶ
586 789 802 855 γένοιτο
831 788 1096 859 προέσθαι
1123 789 1222 857 τὴν
1250 788 1424 858 καλὴν
1453 789 1764 858 ὁμολογίαν,

183 881 238 931 εἰ
271 882 368 932 δια)⁸
401 882 664 950 μυριάκις
695 881 807 934 δέοι
858 881 1065 943 θανεῖν,
1104 882 1344 952 ισχυρῶς
1389 883 1764 950 ἐνιστάμενος,

189 967 296 1018 σὺν
358 967 630 1035 Ἰουλιανῷ
661 969 752 1020 τὶν
802 970 918 1022 ἴσον
967 971 1276 1039 ἐγκειμένῳ
1321 971 1543 1035 τρόπον,
1581 971 1768 1040 έποχοι

184 1059 464 1126 καμήλοις
498 1061 877 1130 γεγενημένοι,
900 1062 998 1114 καὶ
1022 1064 1287 1132 μετέωροι
1318 1064 1764 1132 μαστιγούμενοι,

180 1149 279 1201 διὰ
330 1150 503 1220 μέσης
552 1152 651 1219 τῆς
703 1153 920 1216 πόλεως
962 1154 1183 1224 ῆγοντο.
1245 1151 1373 1209 Εἶτα
1432 1156 1526 1208 τοῦ
1592 1157 1766 1225 δήμου

181 1241 387 1310 ἄγριον
415 1246 602 1307 αὐτοῖς
633 1245 1077 1312 καταιγίσαντος,
1110 1245 1186 1313 τῷ
1217 1249 1351 1316 πυρὶ
1393 1249 1763 1316 κατεκὰησαν.

196 1333 370 1387 ’Δλλὰ
393 1334 491 1389 καὶ
520 1334 702 1407 Βησᾶς
732 1337 849 1389 ἐκεῖ
877 1338 976 1408 τὴν
1007 1339 1224 1407 κλῆσιν,
1264 1340 1575 1403 καλλίνικος
1608 1344 1769 1394 ὁπλο-

185 1423 369 1492 μάχος
412 1424 655 1494 Χριστοῦ
709 1426 790 1496 τῷ
825 1426 967 1496 λόγῳ
1007 1427 1106 1496 τῆς
1160 1428 1445 1492 εὐσεϐείας
1509 1431 1767 1500 ἀριστεὺς

181 1514 416 1581 δόκιμος
455 1515 733 1584 ἐκφανεὶς,
778 1515 880 1586 τὴν
906 1517 1007 1586 τῆς
1049 1519 1294 1588 κεφαλῆς
1328 1520 1592 1588 ὑφίστατο
1621 1525 1766 1572 ἐκτο-

183 1605 327 1674 μήν.
355 1605 466 1660 Καὶ
490 1609 518 1660 ὁ
545 1607 871 1678 φερώνυμος
890 1609 946 1668 δὲ
967 1609 1192 1680 Μάκαρ,
1231 1610 1399 1672 Λίϐυς
1435 1613 1502 1665 τὰ
1533 1612 1764 1682 πάτρια,

181 1698 393 1766 πολλῆς
434 1700 585 1769 αὑτῷ
636 1700 931 1773 δεδομένης
987 1703 1308 1773 προτροπῆς
1364 1705 1446 1766 είς
1507 1704 1764 1774 ἄρνησιν,

177 1790 313 1842 ἐπεὶ
340 1791 614 1854 ἀνένδοτος
637 1787 724 1863 ἦν,
756 1793 864 1855 ζῶν
885 1796 1017 1863 πυρὶ
1043 1795 1497 1868 κατεπίμπρατο.
1524 1795 1628 1847 Ναὶ
1661 1797 1767 1865 μὴν

179 1883 284 1936 καὶ
332 1884 658 1954 Ἐπίμαχος,
692 1886 787 1938 καὶ
825 1885 1197 1955 Ἀλέξανδρος,
1230 1886 1429 1956 δεσμὰ,
1460 1886 1766 1956 κάθειρξιν,

179 1974 385 2040 ¹τᾶλλα,
419 1977 514 2028 καὶ
562 1974 841 2046 ξυστῆρας
891 1975 1095 2049 σιδήρῳ
1147 1977 1521 2046 τεθηγμένους
1556 1977 1766 2045 διενεγ-

182 2067 402 2131 κόντες,
434 2068 585 2131 τέλος
632 2069 838 2139 τιτάνῳ
872 2069 1270 2140 προσριφέντες
1308 2067 1526 2142 ζεούσῃ,
1572 2070 1762 2133 δεινῶς

179 2174 217 2209 κ
229 2160 609 2227 ατεφλέγοντο.

1885 611 2068 661 statim
2107 611 2172 662 ad
2219 619 2422 665 tantam
2467 616 2734 668 malorum
2772 619 3167 674 immanitatem
3209 623 3454 677 animum

1880 697 2198 766 despondit,
2238 700 2399 755 fidem
2438 705 2732 773 abjuravit,
2768 717 2823 761 et
2855 707 2996 764 liber
3028 710 3291 766 dimissus
3335 722 3452 776 est;

1879 789 2020 842 alter
2060 802 2269 857 autem,
2309 795 2396 846 cui
2447 793 2783 866 lsehyrionis
2832 813 3056 865 nomen,
3096 801 3233 855 Euni
3270 813 3452 858 autem

1876 897 2185 952 cognomen
2220 883 2346 951 fuit,
2379 885 2559 954 reipsa
2592 887 2724 941 satis
2756 903 2845 942 eas
2876 890 3273 958 appellationes
3305 908 3455 946 com-

1877 973 2154 1040 probans,
2204 984 2261 1028 et
2311 977 2764 1044 persecutoribus
2817 978 3032 1034 fortiter
3080 997 3394 1052 repugnans
3439 1003 3451 1037 :

1876 1059 2080 1128 quippe
2109 1066 2415 1117 sexcenties
2444 1063 2630 1132 potius
2663 1066 2822 1130 mori,
2857 1082 3022 1134 quam
3056 1071 3356 1138 quidquam
3387 1072 3453 1124 dc

1875 1148 2016 1203 bona
2054 1150 2401 1219 professione
2429 1155 2713 1208 remittere
2748 1168 2997 1224 paratus;
3029 1158 3256 1228 ipseque
3280 1161 3451 1214 Julia-

1877 1259 2000 1306 nus,
2034 1246 2126 1314 qui
2176 1245 2230 1298 in
2278 1249 2486 1301 eadem-
2515 1262 2681 1302 eausa
2731 1260 2889 1314 erat;
2931 1251 3154 1306 camelis
3188 1252 3452 1306 sublimes

1877 1337 2142 1403 impositi,
2175 1347 2339 1406 atque
2387 1339 2459 1391 ita
2508 1355 2604 1408 per
2645 1341 2882 1394 mediam
2922 1344 3116 1398 urbem
3157 1345 3319 1405 vecti,
3354 1345 3448 1398 fla-

1875 1430 1987 1497 gris
2031 1431 2154 1483 caesi
2198 1440 2351 1491 sunt,
2391 1429 2565 1485 donec
2601 1448 2628 1484 a
2661 1433 2818 1501 plebe
2867 1433 3106 1488 ferocius
3155 1435 3451 1490 insultante

1876 1519 1931 1573 in
1960 1521 2136 1588 ignem
2165 1522 2400 1590 conjecti
2432 1521 2860 1590 conflagrarunt.
2897 1524 3056 1593 381
3085 1525 3189 1579 Sed
3214 1539 3260 1577 et
3290 1525 3452 1578 Besas

1877 1612 1950 1664 ibi
1988 1611 2412 1680 hoplomachus,
2445 1628 2541 1668 seu
2576 1626 2819 1667 armatus
2849 1617 3026 1677 miles.
3058 1634 3107 1670 ei
3145 1619 3320 1673 vict0r
3347 1633 3450 1685 ope

1872 1701 2080 1757 Christi
2114 1704 2389 1773 egregius,
2426 1705 2570 1775 quod
2611 1720 2669 1760 se
2717 1704 2773 1758 in
2809 1721 2954 1760 verae
2989 1708 3207 1776 pietatis
3243 1709 3454 1776 profes-

1872 1794 2028 1849 sione
2075 1795 2397 1850 bellatorem
2441 1807 2746 1866 spectatum
2782 1799 3096 1868 praebuerit,
3135 1800 3333 1867 capitis
3368 1816 3449 1851 re-

1804 1922 1843 1976 ”
1871 1888 2176 1941 sectionem
2211 1888 2498 1942 sustinuit.
2531 1889 2806 1943 Macarius
2837 1905 3078 1958 quoque,
3113 1906 3304 1944 verum
3346 1892 3448 1942 hoc

1869 1979 2126 2032 obtinens
2170 1993 2410 2044 nomen,
2465 1980 2519 2033 in
2567 1980 2738 2049 Libya
2783 1993 2974 2041 ortus.
3024 1996 3147 2034 cum
3202 1983 3452 2048 plurimis

1868 2080 2016 2124 esset
2061 2070 2125 2122 ad
2183 2072 2531 2139 negationem
2587 2073 2818 2125 allectus
2867 2072 3065 2134 modis,
3105 2073 3218 2141 ipse
3265 2085 3446 2126 autem

1869 2162 2133 2214 immotus
2181 2171 2556 2230 permaneret,
2590 2164 2749 2217 vivus
2797 2173 2882 2216 est
2929 2165 3272 2217 combustus.
3310 2165 3452 2217 1⁵η--

185 2261 339 2306 terea
375 2253 706 2322 Epimachus
736 2263 794 2310 et
822 2254 1150 2319 Alexander,
1181 2264 1537 2324 posteaquam
1608 2269 1911 2317 carcerem,
1942 2254 2182 2316 vincula,
2213 2265 2271 2308 ct
2301 2270 2467 2322 super
2492 2255 2596 2309 alia
2663 2255 2964 2310 novaculas
3031 2255 3180 2311 ferro
3241 2257 3449 2310 acumi-

185 2360 351 2400 natas
391 2347 766 2415 pertulissent,
807 2359 1089 2418 postremo
1131 2353 1186 2403 in
1237 2348 1443 2403 calcem
1477 2347 1761 2402 ardentem
1812 2350 2064 2419 proiecti,
2101 2349 2422 2418 gravissime
2458 2359 2586 2402 sunt
2615 2351 2817 2404 exusti.

768 2465 1022 2519 ΚΕΦᾹΛ.
1053 2466 1182 2521 AA'.

182 2555 331 2623 Περὶ
365 2557 573 2610 ἄλλων
590 2557 907 2626 μαρτύρων
941 2559 1010 2610 ἐν
1062 2557 1490 2626 Ἀλεξανδρείᾳ
1514 2556 1613 2610 καί
1646 2559 1765 2610 Πα-

551 2629 834 2696 λαιστίνῃ
869 2631 1408 2697 μαρτυρησάντων.

275 2740 419 2791 Ἀλλ’
454 2742 576 2793 οὐδὲ
620 2744 879 2808 γυναῖκες
928 2743 1022 2794 τοῦ
1078 2743 1247 2795 καλοῦ
1296 2743 1507 2796 ἐκείνου
1549 2743 1772 2796 ἀπελεί-

191 2848 365 2883 ποντο
426 2833 750 2902 μαρτυρίου.
799 2830 1223 2905 Ἇρῤενωθείσαι
1268 2833 1324 2886 δὲ
1366 2834 1460 2886 καὶ
1503 2833 1667 2887 αῦται
1708 2833 1769 2886 τὸ

189 2927 478 2992 φρόνημα,
514 2925 781 2993 ἀνδρικῶς
813 2927 1163 2994 ἠγωνίζοντο.
1190 2919 1287 2977 Ὧν
1316 2925 1506 2996 πρώτη
1549 2927 1772 2996 Ἀμμω-

189 3018 358 3084 ναρία
415 3013 503 3088 ἦν.
552 3018 822 3085 Ἀπήγετο
869 3019 979 3088 γὰρ
1027 3017 1123 3087 τὴν
1176 3019 1510 3087 ἐπαγγελίαν
1565 3019 1768 3090 ἀψευδῆ

187 3108 474 3177 τηροῦσα·
515 3108 612 3161 ἅτε
644 3109 708 3178 δὴ
752 3109 920 3180 μηδεν
948 3105 1022 3163 ῶν
1064 3109 1327 3181 δικαστὴς
1363 3111 1575 3164 κελεύοι
1615 3111 1769 3181 φιλο·

2418 2465 2648 2520 CAPUT
2693 2463 2890 2519 XXXI.

1871 2554 1949 2609 De
1982 2556 2101 2609 aliis
2158 2560 2498 2627 martyribus.
2557 2561 2645 2627 qui
2690 2569 2958 2612 certamen
2994 2576 3144 2614 suum
3204 2563 3450 2616 obierunt

2236 2631 2580 2681 Alexandria:
2614 2640 2660 2680 et
2691 2631 2742 2681 in
2775 2629 3087 2683 Palwstina.

1943 2741 2196 2795 Mulieres
2237 2755 2456 2809 quoque
2501 2755 2529 2793 a
2574 2750 2678 2792 tam
2719 2738 2948 2808 pulchro
2992 2741 3298 2795 certamine
3339 2759 3447 2795 non

1870 2833 2136 2895 aberant,
2195 2848 2316 2901 qua‘
2375 2832 2586 2884 virilem
2649 2831 2918 2884 habentes
2974 2831 3257 2896 animum,
3319 2849 3452 2887 sane

1876 2941 2038 2993 quam
2086 2923 2302 2976 fortiter
2352 2923 2761 2991 depugnarunt.
2814 2921 3055 2988 Quarum
3106 2926 3291 2993 prima
3347 2926 3452 2979 luit

1875 3017 2259 3078 Ammonaria;
2287 3015 2521 3068 abducta
2547 3015 2694 3068 enim
2722 3025 2827 3077 est,
2848 3016 3270 3084 promiSsionem
3295 3033 3448 3070 suam

1878 3121 2197 3164 constanter
2235 3124 2568 3163 conservans
2606 3125 2619 3160 :
2654 3123 2760 3176 qua
2796 3122 2853 3160 se
2890 3107 3026 3160 nihil
3060 3107 3323 3162 facturam
3365 3127 3452 3164 re-

189 3200 400 3253 νεικῶν
429 3203 547 3264 ταῖς
581 3201 838 3271 βασάνοις
868 3204 1050 3274 νικᾷν,
1081 3204 1514 3274 ἀποκριναμένη.
1560 3203 1683 3256 Ἐπὶ
1713 3204 1768 3257 δὲ

1876 3213 2120 3272 ceperat,
2150 3201 2297 3271 quod
2324 3200 2486 3270 iudex
2519 3200 2686 3253 variis
2721 3208 3122 3253 tormentorum
3154 3201 3449 3270 generibus

189 3296 372 3363 ταύτῃ
404 3297 497 3347 καὶ
524 3297 560 3364 ή
587 3295 878 3366 θαυμαστὴ
909 3298 1186 3363 γυναικῶν
1228 3297 1572 3368 Μερκουρία,
1604 3300 1698 3350 καὶ
1734 3301 1766 3368 η

191 3385 472 3449 πολύπαις
530 3389 648 3456 μὲν,
683 3389 745 3441 τὸ
776 3388 831 3442 δὲ
870 3390 1034 3441 πλέον
1078 3388 1328 3457 φιλόθεος
1361 3391 1635 3457 Διονυσία,
1673 3390 1770 3444 τοῦ

188 3479 517 3540 δικάζοντος
543 3480 600 3530 tv
628 3479 769 3532 αιδοϊ
801 3482 1148 3550 ποιουμένου,
1199 3481 1276 3550 τῷ
1305 3480 1522 3552 ἄμετρα
1551 3482 1774 3552 βασανί-

188 3571 336 3634 ζειν,
369 3569 545 3632 οὕτως
591 3571 696 3624 ὑπὸ
726 3574 1002 3638 γυναικῶν
1036 3575 1334 3644 καρτερίας
1361 3576 1652 3644 ἡττᾶσθαι,
1687 3593 1771 3628 σι-

187 3664 346 3731 δήρῳ
376 3662 654 3717 τεθνᾶσιν.
699 3664 823 3717 Ἐπὶ
853 3665 910 3718 δὲ
944 3665 1156 3729 τούτοις
1189 3664 1380 3737 Ἥρων
1407 3668 1503 3719 καὶ
1545 3668 1768 3738 Ἀστὴρ,

201 3751 478 3819 Ἰσίδωρος
509 3750 602 3803 καὶ
627 3750 940 3821 Διόσκορος,
976 3751 1131 3805 οὔπω
1179 3753 1434 3822 πέμπτον
1465 3756 1563 3808 καὶ
1605 3757 1772 3809 δέκα·

185 3860 284 3895 τον
309 3843 429 3903 ἔτος
455 3841 732 3911 έξηνυκὼς
756 3859 768 3874 ·
794 3843 1058 3912 Αἰγύπτῳ
1076 3843 1133 3897 δὲ
1156 3845 1579 3914 προσοικοῦντες
1605 3841 1768 3916 ἦσαν.

191 3937 338 4006 11υρ1
371 3935 472 4004 μὲν
517 3937 642 4000 τοὺς
672 3936 867 3999 ἄλλους
899 3937 1153 4007 ἐπίμπρα
1178 3956 1192 3968 ·
1237 3937 1331 3990 τὸν
1372 3939 1429 3990 δὲ
1465 3939 1607 4004 νέον,
1642 3938 1768 3991 ἄτο-

190 4029 298 4080 πὸν
323 4045 375 4079 τι
411 4028 618 4097 οἰηθεὶς
654 4029 782 4099 περὶ
814 4027 1004 4095 αὑτοῦ,
1036 4029 1111 4092 ὡς
1149 4028 1222 4097 μὴ
1264 4029 1579 4100 έρῤωμένον
1605 4029 1768 4098 δῆθεν

189 4124 290 4174 καὶ
339 4121 585 4192 ἀνδρώδη
638 4121 1008 4190 ἐξαπατῆσαι,
1056 4121 1272 4190 παρῆκε
1314 4122 1431 4190 μὲν,
1476 4120 1771 4190 ὑπέρθεσιν

189 4217 378 4282 φήσας
414 4214 491 4282 τῷ
535 4215 639 4284 νέῳ
665 4215 990 4284 ἐπιμετρείν
1021 4213 1116 4266 τοῦ
1151 4213 1254 4282 τῆς
1304 4216 1518 4284 ἡλικίας
1562 4215 1767 4284 ἀώρου.

191 4303 451 4374 Ἕτερος,
484 4304 771 4375 Νεμεσίων
807 4306 1001 4374 ὃνομα,
1048 4305 1349 4371 Αἰγύπτιος
1381 4305 1425 4358 δ’
1457 4301 1524 4376 ἦν
1553 4306 1648 4358 καὶ
1673 4307 1773 4357 αἰ-

186 4397 311 4459 τδς,
339 4396 640 4458 συνοικίαις
663 4396 822 4466 δῆθεν
866 4397 1080 4466 λῃστῶν
1123 4400 1434 4467 ἐντραφεὶς,
1479 4397 1584 4450 ὑπὸ
1612 4397 1770 4468 δίκην

188 4491 385 4558 ῆγετδ.
422 4488 511 4551 Ὧς
546 4488 600 4541 δὲ
629 4489 724 4541 τοῦ
760 4489 1106 4556 ἐγκλήματος
1137 4490 1230 4540 τὸν
1269 4488 1461 4558 μῶμον
1491 4506 1774 4560 προσαπε-

1874 3310 1999 3348 cum
2049 3309 2111 3346 ea
2164 3290 2526 3354 contendens,
2558 3305 2792 3359 eamque
2835 3305 3153 3359 expugnare
3195 3291 3446 3357 studens,

1869 3387 2144 3458 iussisset.
2185 3385 2313 3438 l‘ost
2365 3383 2507 3437 hanc
2556 3394 2614 3438 et
2662 3382 2983 3463 admiranda
3015 3383 3104 3436 illa
3135 3383 3399 3437 Mei-curia
3432 3403 3445 3438 :

1874 3496 1976 3534 nec
2011 3495 2117 3532 non
2156 3478 2458 3531 multorum
2489 3476 2791 3530 liberorum
2835 3483 3033 3542 mater,
3063 3485 3114 3530 et
3150 3476 3293 3543 quod
3329 3492 3448 3530 ma-

1867 3571 1956 3638 jus
1987 3577 2092 3630 est,
2122 3567 2216 3619 Dei
2251 3581 2443 3619 amans
2474 3564 2754 3634 Dionysia,
2781 3579 2907 3619 cum
2931 3564 3155 3634 quidem
3190 3566 3451 3634 qua-sito-

1873 3675 1987 3712 rem
2021 3659 2197 3727 ipsum
2223 3659 2334 3724 jam
2366 3656 2617 3725 puderet,
2649 3654 2796 3724 quod
2843 3656 2899 3709 in
2943 3654 3230 3708 immensis
3267 3657 3450 3709 carni-

1871 3753 2051 3806 ficinis
2075 3752 2190 3804 suis
2214 3766 2242 3802 a
2270 3749 2564 3802 mulierum
2599 3748 2911 3802 constantia
2937 3749 3270 3811 vinceretur,
3298 3747 3449 3800 ferro

1870 3853 1999 3898 sunt
2034 3851 2258 3897 necaue.
2296 3840 2504 3894 Deinde
2562 3839 2766 3903 lleron,
2792 3847 2847 3892 et
2877 3839 3058 3904 Aster,
3085 3848 3141 3894 et
3183 3838 3447 3900 Isidorus.

1871 3943 1927 3988 et
1961 3934 2275 3996 Dioscorus,
2304 3932 2398 3998 qui
2438 3931 2681 3983 nondum
2731 3930 3005 3982 decimum
3055 3929 3310 3997 quintum
3353 3946 3448 3983 ex-

1872 4026 2117 4094 pleverat
2159 4037 2384 4080 annum.
2416 4020 2656 4091 {Egyptii
2687 4036 2904 4084 omnes,
2934 4021 3224 4089 producti;
3255 4030 3310 4074 et
3341 4036 3447 4076 cz-

1874 4115 1976 4168 teri
2023 4114 2242 4182 quidem
2296 4114 2406 4181 igni
2461 4122 2591 4165 sunt
2633 4112 2930 4174 combusti,
2972 4111 3444 4165 adolescentulum

1872 4216 2055 4261 autem
2085 4204 2254 4274 judex
2289 4204 2520 4264 dimisit,
2555 4204 2792 4256 absurda
2829 4202 3060 4271 quadam
3101 4205 3168 4258 de
3209 4219 3275 4257 eo
3315 4219 3446 4257 con-

1873 4307 2030 4366 cepta
2063 4297 2347 4366 opinione,
2380 4295 2526 4364 quod
2564 4296 2716 4347 illum
2752 4295 2990 4347 nondqu
3039 4295 3173 4347 satis
3209 4293 3446 4355 firmum,

1873 4388 2109 4443 necdum
2142 4388 2345 4451 virum,
2381 4385 2556 4438 fraudi
2601 4393 2658 4438 et
2694 4384 3006 4437 seductioni
3042 4384 3296 4436 idoneum
3326 4399 3446 4437 esse

1876 4489 2126 4551 putaret;
2166 4493 2486 4546 moramque
2522 4487 2577 4530 et
2616 4487 2827 4544 tempus
2863 4478 2914 4529 in
2945 4493 3013 4531 eo
3041 4479 3444 4545 completurum

188 4577 441 4648 τρίϐετο,
470 4578 546 4639 ὡς
581 4578 909 4648 Χριστιανὸς
963 4578 1148 4629 λοιπὸν
1207 4578 1425 4646 δέσμιος
1473 4581 1670 4648 εἴχετο.
1710 4579 1768 4632 '0

1877 4576 2103 4635 diceret.
2141 4573 2286 4642 quod
2334 4573 2480 4627 atati
2535 4573 2770 4625 deesset.
2823 4571 2933 4624 llos
2984 4582 3319 4624 consecutus
3365 4581 3447 4621 est

188 4670 249 4721 δὲ
282 4669 509 4732 ἀδίκως,
547 4671 644 4723 καὶ
682 4671 866 4739 μεῖξον
895 4673 925 4740 ἢ
964 4672 1088 4731 τοὺς
1123 4671 1329 4742 λῃστὰς
1358 4671 1764 4742 λυμηνάμενος,

191 4762 370 4830 μέσον
393 4761 619 4814 ἐκείνων
650 4765 817 4831 πυρὸς
850 4764 1097 4834 δαπάνην
1147 4765 1320 4817 ἐποίει
1361 4764 1451 4817 τὸν
1490 4766 1765 4834 μάρτυρα.

190 4852 497 4920 Σύνταγμα
522 4851 568 4906 δ’
606 4855 665 4907 έν
694 4853 872 4925 τούτῳ
909 4855 1280 4923 στρατιωτῶν,
1321 4856 1523 4926 ’Λμὼν,
1561 4859 1768 4928 Ζήνων,

194 4946 559 5014 Πτολεμαῖος,
602 4945 867 5014 Ἰγγένης,
903 4947 999 5001 καί
1029 4965 1114 5012 τις
1143 4948 1457 5019 πρεσϐύτης
1489 4949 1768 5018 Θεόφιλος,

189 5039 307 5110 πρὸ
360 5037 454 5088 τοῦ
502 5038 859 5108 δικαστηρίου
907 5039 1162 5104 ἑστῶτες,
1218 5040 1314 5092 καὶ
1365 5039 1769 5110 καταθροῦντες

189 5131 327 5192 τοὺς
360 5130 823 5199 ἀγωνιζομένους,
853 5131 1041 5200 ἐπειδή
1092 5149 1212 5184 τινα
1244 5134 1379 5203 πρδς
1411 5132 1640 5202 ἄρνησιν
1685 5133 1774 5201 ῥέ-

197 5239 381 5275 ποντα
405 5220 614 5292 έώρων,
652 5222 1010 5291 ἁσχὰλλοντες
1037 5223 1135 5291 μὲν
1156 5219 1294 5294 ἦσαν
1329 5225 1419 5274 καὶ
1443 5223 1766 5291 διεπρίοντο,

190 5315 299 5364 καὶ
327 5311 403 5379 πῆ
433 5312 529 5381 μὲν
554 5311 830 5372 ἀνένευον,
870 5311 946 5380 πῆ
976 5312 1032 5364 δὲ
1069 5312 1160 5364 καὶ
1202 5311 1472 5372 τείνοντες
1504 5306 1642 5380 ἦσαν
1674 5315 1772 5372 τὰς

192 5405 412 5477 χεῖρας,
438 5402 498 5456 τὸ
520 5401 675 5472 σῶμα
705 5403 841 5470 πρὸς
862 5403 922 5453 τὸ
942 5401 1128 5453 δοκοῦν
1149 5401 1510 5469 διατιθέμενοι
1537 5401 1771 5468 εὐφυῶςο

191 5500 326 5550 ἐπεὶ
349 5496 406 5548 δὲ
441 5495 617 5547 ταῦτα
640 5497 975 5565 πράττοντες
1005 5495 1387 5564 ἐφωράθησαν,
1422 5493 1511 5545 ἐπὶ
1533 5495 1589 5546 τὺ
1618 5496 1773 5546 δικα-

197 5587 396 5640 στικὸν
432 5587 696 5655 ἀνήγοντο
723 5586 898 5655 βῆμα,
933 5587 1042 5638 Καὶ
1071 5585 1388 5654 θαρσαλέως
1434 5585 1530 5648 ;-.ὲν
1567 5582 1776 5651 ὡμολό-

194 5694 337 5744 γουν
362 5695 374 5706 ·
412 5678 467 5737 ἐς
503 5677 781 5741 τοσοῦτον,
818 5679 892 5740 ὠς
936 5679 1026 5729 τὸν
1059 5678 1301 5744 ἡγεμόνα
1356 5675 1451 5726 καὶ
1488 5675 1610 5737 τοὺς
1650 5674 1774 5744 περὶ

193 5771 366 5822 αὑτὸν
399 5771 600 5838 μᾶλλον
642 5771 944 5840 θροεῖσθαι,
987 5771 1227 5831 ἐκείνους
1271 5769 1326 5820 δὲ
1365 5768 1597 5835 θάρσους
1639 5769 1772 5834 πίμ-

201 5859 485 5914 πλασθαν
526 5863 617 5914 καὶ
652 5863 776 5924 τοὺς
816 5863 914 5932 μὲν
949 5861 1206 5924 δικαστὰς
1243 5861 1319 5922 εἰς
1374 5859 1490 5920 δέος
1537 5861 1773 5929 ἄρρητον

1870 4666 2187 4730 Nemesion,
2220 4663 2511 4734 Egyptius
2537 4674 2591 4716 et
2621 4663 2756 4731 ipse.
2788 4672 2951 4730 atque
2989 4666 3130 4715 inter
3162 4662 3448 4730 prazdones

1870 4758 2167 4818 educatus,
2203 4770 2313 4824 quo
2357 4757 2577 4807 nomine
2629 4755 2681 4806 in
2723 4753 2989 4821 judicium
3034 4751 3214 4804 fuerat
3244 4763 3448 4819 pertra-

1872 4859 1992 4903 ctus
2019 4867 2031 4900 :
2066 4857 2354 4917 postquam
2388 4858 2593 4907 autem.
2624 4860 2787 4898 causa
2820 4847 2988 4906 dicta,
3017 4845 3224 4897 critnen
3253 4845 3302 4892 id
3334 4857 3363 4894 a
3389 4859 3445 4892 se

1871 4952 1956 4997 est
1983 4942 2261 5006 amolitus,
2289 4939 2550 5008 deinceps
2576 4947 2635 4992 ut
2656 4936 3003 4992 Christianus
3027 4936 3078 4988 in
3109 4933 3343 4987 vinculis
3363 4945 3446 4986 est

1875 5035 2150 5088 detentus.
2173 5033 2444 5097 Qumsitor
2466 5023 2635 5100 porro
2659 5029 3063 5098 iniquissimus,
3087 5025 3258 5094 magis
3282 5025 3443 5077 etiam

1877 5127 1930 5179 in
1981 5126 2129 5178 hunc
2176 5138 2340 5191 quam
2390 5124 2442 5174 in
2493 5121 2616 5174 illos
2664 5120 2918 5180 stevieus,
2961 5127 3254 5184 martyrem
3303 5116 3446 5168 inter

1876 5214 2162 5285 praedones
2191 5211 2430 5264 medium
2466 5209 2574 5274 igni
2605 5209 2838 5262 exussit.
2865 5205 3067 5258 Turma
3097 5205 3293 5257 deinde
3323 5218 3446 5253 sue-

1876 5307 2024 5361 cedit
2064 5305 2298 5358 militum
2333 5321 2347 5355 :
2380 5303 2554 5355 Amon
2585 5299 2863 5361 videlicet,
2895 5297 3064 5358 Zeno,
3096 5296 3442 5350 Ptolema-us,

1877 5399 2173 5466 lngenuus,
2203 5406 2254 5447 et
2283 5395 2503 5463 quidam
2539 5391 2734 5445 aﬂ‘eeta
2769 5401 2927 5443 a:ta;e
2960 5387 3309 5456 Theophilus.
3343 5401 3444 5452 pro

1878 5491 2140 5544 tribunali
2200 5498 2562 5558 apparentes:
2609 5487 2700 5554 qui
2756 5500 2981 5554 agonem
3042 5481 3441 5535 decertantium

1878 5597 2177 5650 martyrum
2206 5591 2542 5650 Spectantes.
2573 5581 2614 5633 si
2646 5596 2807 5646 quem
2837 5578 3084 5630 videri-nt
3115 5578 3178 5628 ad
3209 5574 3443 5643 abnega-

1879 5688 2082 5726 tionem
2125 5688 2500 5742 propensum,
2545 5671 2708 5739 382
2751 5669 3183 5738 indignationem
3235 5683 3343 5735 pra:
3385 5682 3443 5719 se

1879 5769 2140 5825 ίι·ῐἰιιῑι’3,
2183 5766 2568 5831 ringebantur,
2609 5774 2664 5816 et
2709 5761 3005 5828 aliquando
3057 5761 3279 5829 quidem
3337 5760 3445 5810 illis

1879 5857 2180 5909 innuebant
2223 5871 2236 5908 :
2274 5853 2608 5923 quandoque
2662 5867 2792 5906 vero
2833 5867 3026 5906 manus
3080 5867 3204 5906 suas
3252 5860 3441 5904 exten-
