4184 6440
769 383 910 448 HT!

2002 375 2425 435 NICEPHORI
2465 371 2806 433 CALLISTI

3904 375 4038 438 ηπ

768 497 987 556 dentes,
1023 508 1223 563 corpus
1266 507 1424 545 suum
1475 505 1574 560 pro
1625 490 1857 544 arbitrio
1897 491 2064 542 variis
2100 489 2345 558 gestibus

2460 488 2698 554 ἴσχεσθαι
2718 503 2730 515 ·
2771 485 2899 548 τοὺς
2924 483 2969 536 δ’
2996 485 3054 537 ἐν
3080 486 3390 558 ἀπορρητῳ
3421 486 3876 557 ἀγαλλιωμένους
3915 491 4035 559 ἠδε-

771 584 1131 638 inelinabant.
1163 583 1317 647 Quod
1349 597 1474 636 cum
1508 583 1580 635 ita
1613 582 1794 635 facere
1828 583 1880 634 in
1915 581 2165 650 ﬂagranti
2203 580 2343 633 facto

769 677 1110 748 deprehensi
1166 685 1376 737 essent,
1414 676 1580 729 illicet
1626 674 1691 727 ad
1742 674 2055 742 quaesitoris
2103 672 2342 725 tribunal

770 778 901 821 sunt
947 767 1195 834 abrepti;
1248 767 1342 820 ubi
1403 776 1550 820 tanta
1608 765 1806 820 fiducia
1857 764 2342 819 Christianismum

770 865 900 909 sunt
931 859 1184 924 prolessi,
1221 863 1279 908 ut
1321 857 1610 925 pralectus
1645 857 1762 925 ipse
1796 865 1851 907 et
1888 870 2194 909 assessores
2228 855 2347 921 ejus

773 950 1133 1002 vehementer
1173 949 1660 1009 contnrbarentur.
1702 959 1757 1002 et
1797 947 2108 1002 incredibili
2147 948 2346 1000 timore

769 1043 1226 1108 (:orripcrentur,
1263 1056 1384 1093 cum
1431 1041 1506 1092 illi
1558 1051 1748 1094 contra
1798 1040 2122 1093 fortitudine
2175 1038 2339 1091 animi

770 1135 943 1202 magis
999 1133 1384 1200 implerentur,
1433 1134 1753 1202 majoreqnc
1794 1149 1958 1200 quam
2000 1147 2121 1200 qua;
2165 1130 2346 1184 verbis

768 1226 1031 1293 explicari
1068 1225 1263 1294 possit,
1296 1226 1642 1278 exsultarent
1673 1226 1881 1287 laetitia,
1909 1234 1963 1277 et
1999 1235 2107 1278 tam
2140 1224 2348 1292 magni-

772 1322 873 1374 lico
920 1319 1204 1386 triumpho
1252 1319 1496 1372 victoria:
1543 1320 1892 1386 susciperent
1931 1333 2188 1371 coronas.
2236 1317 2346 1369 Nec

771 1411 956 1462 minus
988 1410 1201 1462 interea
1238 1411 1290 1463 in
1323 1410 1477 1478 pagis
1508 1419 1564 1463 et
1596 1409 1738 1462 villis
1771 1407 1992 1477 plurimi
2033 1408 2101 1460 ab
2155 1406 2348 1459 inﬁde-

771 1501 912 1552 libus
955 1509 1084 1552 suut
1133 1500 1272 1554 male
1324 1500 1556 1567 accepti.
1612 1500 1670 1553 lu
1725 1500 1931 1567 quibus
1967 1506 2023 1551 et
2065 1497 2345 1567 Ischyrion

771 1589 860 1642 ille
893 1588 1018 1652 fuit,
1054 1590 1141 1644 cui
1174 1605 1203 1643 a
1237 1591 1386 1642 claro
1417 1591 1652 1658 quodam
1688 1593 1806 1660 ejus
1839 1591 1942 1644 loci
1981 1589 2123 1650 viro,
2150 1589 2347 1642 domus

774 1679 1089 1745 procuratio
1139 1680 1396 1732 mandata
1437 1679 1638 1732 luerat.
1681 1680 1818 1732 Eum
1865 1677 2125 1732 dominus
2171 1676 2343 1729 sacri—

772 1770 934 1822 licare
975 1771 1040 1822 ad
1075 1786 1226 1822 aram
1269 1771 1499 1823 deorum
1550 1771 1734 1839 jussit.
1781 1771 1846 1824 Et
1877 1785 1998 1821 eum
2043 1771 2094 1822 id
2133 1769 2223 1822 illc
2255 1783 2343 1821 re-

2448 578 2594 640 σθαι,
2634 579 2725 628 ἐπὶ
2755 577 2906 645 καλῴ
2937 578 3014 646 τῷ
3044 577 3300 646 θριάμϐῳ
3329 580 3733 650 ἀναδουμένους
3778 583 3879 634 τὸν
3913 586 4036 634 στέ-

2445 688 2635 737 φανον.
2676 671 2925 723 Πλεῖστοι
2955 671 3012 722 δὲ
3045 673 3135 723 καὶ
3185 673 3335 725 ἄλλοι
3364 673 3476 724 τῶν
3524 674 3631 726 ἀπὸ
3662 677 3868 744 κώμης
3929 677 4036 728 sse.

2443 764 2552 815 τῶν
2581 763 2748 815 ἐθνῶν
2774 761 3076 816 διεσπῶντο
3095 780 3110 794 ο
3139 757 3215 816 ὧν
3245 759 3322 826 εἷς
3361 769 3456 818 καὶ
3500 766 3787 836 Ἰσχυρίων
3817 769 4037 827 ἐκεῖνος

2443 853 2535 926 ἦν,
2567 857 2629 918 ὗς
2651 857 2757 907 τῶν
2794 855 2915 908 κατ’
2952 854 3102 909 οἷκον
3132 853 3245 926 εἶχε
3267 859 3368 926 τὴν
3396 860 3702 928 ἐπιτροπὴν
3756 860 3874 913 τῶν
3909 863 4034 912 ἐπει

2447 951 2638 1014 σὴμων
2684 947 2937 1014 τηνικάδε
2983 948 3167 1009 τινός·
3204 941 3268 1004 ὃν
3309 950 3336 998 ὀ
3379 949 3478 1014 τῆς
3519 951 3697 1010 οἰκίας
3753 953 4035 1019 δεσπότης

2446 1036 2692 1086 ἐπιθύειν
2720 1037 2938 1087 ἐκέλευε
2965 1038 3045 1105 τῷ
3079 1037 3274 1105 βωμῷ,
3301 1039 3496 1105 καὶμὴ
3525 1039 3851 1105 πειθόμενον
3876 1038 4035 1105 {369:-

2446 1125 2571 1189 ξεν
2613 1123 2735 1179 εἶτα
2791 1127 3140 1198 ἐλοιδορεῖτο.
3205 1131 3292 1192 Ὡς
3348 1131 3404 1182 δὲ
3454 1131 3546 1181 καὶ
3611 1131 3689 1181 ἔτι
3747 1129 4030 1190 ἐνίστατο,

2449 1219 2759 1289 βακτηρίαν
2821 1222 3088 1290 μεγίστην
3140 1222 3342 1286 λαϐὼν,
3384 1224 3473 1275 διὰ
3505 1223 3614 1274 τῶν
3661 1224 3904 1291 ἐντέρων
3942 1229 4035 1276 καὶ

2445 1309 2552 1360 τῶν
2605 1309 2932 1378 σπλάγχνων
2982 1312 3207 1374 διώσας,
3242 1311 3554 1366 άπέκτεινε.
3605 1315 3712 1366 Καὶ
3744 1316 3794 1366 τι
3849 1316 3934 1367 δεῖ
3974 1320 4034 1365 τὸ

2448 1402 2655 1472 πλῆθος
2690 1404 3081 1472 καταριθμεῖν,
3113 1409 3230 1457 ὅσοι
3261 1407 3492 1475 ἐρήμοις
3539 1407 3690 1476 δρεσι
3722 1409 4033 1478 πὶανηθὲν-

2447 1511 2534 1555 τες
2564 1495 2612 1545 οἱ
2649 1495 2750 1563 μὲν
2805 1497 2974 1565 λιμῷ,
3029 1496 3180 1549 ἄλλοι
3208 1499 3263 1550 δέ
3316 1499 3485 1565 δίψει,
3537 1503 3630 1551 καὶ
3685 1500 3764 1568 τῷ
3812 1502 4033 1568 σφοδρῷ

2447 1587 2626 1654 κρύει.
2653 1587 2794 1655 νόσῳ
2842 1605 2902 1640 τε
2950 1590 3042 1641 καὶ
3078 1588 3327 1658 λῃσταῖς,
3384 1592 3521 1658 πρὸς
3568 1593 3622 1644 δὲ
3679 1597 3769 1644 καὶ
3819 1593 4030 1661 θηρίοις

2449 1679 2668 1741 ἁλόντες
2704 1678 3054 1748 ἐφθάρησαν;
3081 1674 3184 1732 Ἦν
3223 1683 3270 1733 οἱ
3309 1683 3728 1751 περιγενόμενοι
3758 1687 3854 1752 τῆς
3891 1685 4032 1735 ἐκεί-

2449 1789 2555 1823 νων
2596 1772 2736 1822 εἰσιν
2783 1772 3094 1834 ἀξιόπιστοι
3155 1774 3471 1841 μάρτυρες·
3527 1769 3601 1826 ὧν
3653 1774 3711 1825 ἒν
3742 1776 3912 1843 ἔργον
3960 1779 4033 1828 εἰς

770 1871 1014 1926 cnseret,
1053 1863 1409 1917 contumeliis
1457 1865 1718 1929 primum,
1752 1863 1952 1915 deinde
2001 1865 2168 1919 etiam
2216 1874 2345 1913 con-

2460 1864 2684 1932 5ήλωσιν
2733 1863 3066 1931 παραθεῖναι
3103 1864 3216 1916 δεῖν
3251 1865 3459 1933 οἴομαι.
3494 1867 3804 1937 Χαιρήμων
3942 1870 4032 1936 τῆς

772 1957 931 2007 viciis
963 1956 1014 2006 in
1045 1971 1168 2006 eum
1200 1963 1283 2007 est
1315 1956 1584 2007 invectus.
1615 1954 1720 2008 Sed
1747 1955 1895 2007 enim
1927 1967 2052 2005 cum
2081 1951 2261 2004 adhuc
2288 1951 2343 2002 in

772 2049 1045 2101 sententia
1095 2048 1377 2118 Ischyrion
1435 2048 1776 2116 persisteret,
1813 2046 2062 2115 scipione
2108 2043 2346 2098 maximo

773 2140 1196 2208 comprehenso,
1225 2155 1320 2207 per
1347 2139 1612 2191 interiora
1645 2154 1771 2190 eum
1801 2139 1891 2191 ille
1925 2140 2133 2190 viscera
2161 2146 2346 2188 trans-

772 2233 982 2286 l'ossum
1019 2231 1246 2285 occidit.
1291 2229 1397 2283 Sed
1446 2230 1578 2299 quid
1615 2245 1754 2299 opus
1790 2239 1872 2282 est
1909 2230 2123 2283 turbam
2155 2243 2346 2282 eorum

777 2339 1090 2387 recensere,
1126 2325 1218 2393 qui
1262 2324 1316 2376 in
1358 2324 1492 2377 solis
1521 2323 1657 2376 loris
1689 2332 1743 2375 et
1779 2321 2061 2374 montibus
2089 2320 2350 2372 oberran-

775 2429 882 2480 ιρις,
916 2419 1114 2486 partim
1157 2416 1321 2480 fatue,
1357 2416 1554 2486 partim
1592 2415 1712 2474 siti.
1749 2417 1971 2484 quidam
2009 2414 2220 2466 acriore
2255 2412 2352 2465 fri-

775 2525 907 2577 gore
966 2518 1061 2561 aut
1118 2510 1346 2570 morbo,
1403 2507 1653 2560 nonnulli
1707 2508 1869 2559 etiam
1922 2521 1950 2558 a
2007 2504 2354 2573 pradonibus

779 2602 1050 2670 oppressi,
1077 2611 1172 2654 aut
1202 2617 1229 2653 a
1256 2601 1446 2654 bestiis
1479 2600 1741 2668 discerpti
1777 2597 2074 2652 interiere?
2108 2597 2352 2661 Quorum

779 2695 1048 2756 tilltltilllll,
1078 2693 1172 2761 qui
1205 2709 1266 2744 ex
1294 2693 1378 2746 eis
1407 2693 1738 2761 superstites
1764 2690 1940 2752 fuere,
1976 2689 2160 2742 idonei
2189 2688 2356 2742 exsti-

782 2798 895 2839 tere
921 2795 1106 2838 testes.
1138 2785 1210 2837 De
1240 2785 1308 2837 iis
1339 2799 1405 2836 ex
1438 2783 1690 2852 pluribus
1737 2796 1906 2834 unum
1955 2781 2147 2834 saltem
2172 2795 2356 2834 exem-

782 2880 930 2947 plum
979 2878 1186 2931 referre
1248 2877 1624 2930 necessarium
1675 2889 1796 2929 esse
1841 2874 1996 2927 duxi.
2032 2872 2357 2928 Chaeremon

779 2982 920 3036 erat,
950 2973 1070 3039 ejus
1101 2971 1278 3033 urbis,
1308 2985 1427 3039 quae
1471 2970 1629 3023 Nilus
1659 2968 1887 3031 dicitur,
1931 2967 2242 3036 episcopus,
2277 2965 2360 3018 vir

787 3067 956 3117 multa
1014 3074 1298 3118 senectute
1349 3063 1646 3116 admodum
1699 3059 2049 3114 venerandus
2093 3074 2109 3112 :
2155 3059 2201 3111 is
2251 3072 2358 3111 una

783 3171 910 3208 eum
952 3157 1183 3225 conjuge
1229 3170 1348 3220 sua,
1379 3169 1502 3208 cum
1543 3156 1595 3206 in
1645 3163 1913 3217 montem,
1950 3151 2048 3220 qui
2094 3151 2362 3205 Arabicus

2447 1955 2643 2008 Νείλου
2674 1954 3014 2023 καλουμένης
3045 1957 3346 2019 ἐπίσκοπος
3395 1957 3605 2021 πόλεως
3628 1999 3642 2019 ,
3678 1961 3821 2030 ἀνὴρ
3884 1961 4036 2028 βαθεῖ

2448 2050 2596 2118 γήρα
2631 2049 2868 2116 μάλιστα
2897 2048 3240 2116 διαπρέπων.
3271 2049 3440 2112 Οὗτος
3473 2053 3690 2119 σῦναμα
3727 2056 3800 2122 τῇ
3841 2053 4034 2106 ἐαυτιῦ

2452 2142 2688 2210 συμϐίῳ,
2722 2141 2847 2211 περὶ
2879 2141 2961 2206 τὸ,
3001 2141 3029 2193 δ
3064 2143 3322 2212 Ἀράϐιον
3351 2143 3475 2211 ὅρος
3518 2144 3769 2196 καλεῖται
3819 2141 4033 2212 φυγὼν,

2450 2233 2550 2284 οὐκ
2605 2234 2883 2302 ἐπανῆκεν
2937 2227 3135 2295 αὖθιςο
3190 2235 3309 2286 οὐδέ
3362 2253 3444 2297 τις
3497 2237 3722 2288 ἐκείνων
3774 2238 3908 2289 ίζεῖν
3945 2238 4036 2288 τοῦ

2451 2322 2637 2376 λοιποῦ
2671 2324 2903 2394 ἐδυνήθη
2947 2324 3144 2388 αὐτούς
3167 2342 3180 2355 ο
3215 2326 3333 2378 ἀλλ’
3367 2327 3490 2379 οὐδὲ
3523 2329 3590 2380 τὰ
3624 2331 3856 2396 σώματα
3893 2331 4024 2380 ἐκεί-

2453 2430 2558 2463 νων
2586 2414 2718 2464 ὃπου
2751 2413 2852 2480 γῆς
2902 2416 3028 2475 εἰσι,
3060 2413 3138 2483 τῷ
3181 2415 3464 2468 είσέπειτα
3505 2417 3682 2484 χρόνῳ
3718 2433 3825 2468 που
3857 2418 4038 2484 ὧςθη.

2457 2505 2651 2556 Πολλοὶ
2698 2505 2756 2557 δὲ
2805 2506 2896 2569 καὶ
2931 2505 3082 2559 ἄλλοι
3133 2508 3272 2559 κατά
3304 2510 3360 2559 τὸ
3393 2510 3687 2578 εἰρημένον
3717 2510 3846 2578 δρος
3887 2510 4043 2579 Ἀρα-

2457 2597 2573 2648 ϐιον
2602 2597 2705 2649 ὑπὸ
2748 2596 2856 2649 τῶν
2886 2599 3060 2650 ἐκεῖνο
3110 2601 3554 2665 προσωκύντων
3593 2601 3897 2670 βαρϐάρων
3959 2607 4041 2655 ἐα-

2456 2689 2637 2741 λωσαν
2660 2706 2674 2720 ο
2711 2691 2758 2740 οἱ
2790 2690 2888 2758 μὲν
2924 2692 2989 2758 τῇ
3037 2693 3333 2760 περιουσίᾳ
3363 2694 3472 2744 τῶν
3514 2695 3822 2762 χρημάτων
3857 2695 4042 2746 λυθέν-

2457 2797 2548 2840 τες
2571 2799 2584 2811 ·
2614 2781 2800 2832 πολλοὶ
2829 2781 2886 2833 δὲ
2917 2781 3008 2832 καὶ
3032 2782 3107 2848 τῷ
3134 2785 3366 2851 ἀπορεῖν
3399 2784 3585 2844 κακῶς
3611 2786 4041 2852 παραπώλοντο.

2460 2873 2644 2926 Ταῦτα
2673 2875 2772 2941 μὲν
2807 2875 2892 2924 ἐπ’
2931 2875 3211 2940 Αἴγυπτον
3247 2877 3340 2926 καὶ
3385 2875 3802 2944 Ἀλεξάνδρειαν
3840 2880 4045 2946 ἐπράτ-

2461 2982 2618 3018 τοντο
2652 2966 2718 3017 τά
2749 2965 2931 3018 δεινά·
2980 2967 3074 3018 ἐπὶ⁵
3123 2966 3180 3018 δέ
3221 2967 3590 3035 Παλαιστίνης
3635 2969 3698 3020 οὐ
3757 2972 3951 3036 μείους
3999 2973 4045 3022 οἱ

2464 3054 2617 3109 ἆθλοι
2655 3057 2750 3108 καὶ
2785 3055 2851 3108 τὰ
2878 3057 3260 3125 παλαίσματα.
3290 3053 3393 3110 Ὧν
3426 3061 3476 3110 ot
3507 3061 3751 3112 πλεῖστοι
3783 3064 3900 3123 τοῖς
3927 3079 4047 3127 προσ

2463 3153 2780 3218 τρεπτικοῐς
2835 3148 2944 3202 τῶν
3017 3150 3333 3219 Ὤριγένους
3397 3152 3573 3219 λόγων
3627 3154 3912 3223 ἀνδρικῶς
3961 3156 4045 3205 τὶν

781 3247 1007 3308 dicitur,
1047 3246 1402 3315 profugisset,
1443 3260 1725 3312 nunquam
1779 3244 1905 3297 inde
1955 3253 2038 3296 est
2084 3257 2357 3304 reversus,

2465 3240 2652 3306 ἀγῶνα
2687 3240 2956 3311 διέφερον.

789 3355 971 3409 neque
1002 3341 1258 3408 cuiquam
1292 3354 1477 3390 eorum
1511 3348 1699 3407 postea
1731 3336 2022 3406 apparuit;
2053 3335 2150 3390 sed
2182 3347 2360 3403 neque
2395 3349 2640 3402 quonam
2711 3349 2941 3402 corpora
3008 3349 3198 3390 eorum
3241 3339 3620 3407 pervenerint,
3668 3342 3931 3408 cuiquam
3969 3351 4045 3390 e-t

783 3437 1047 3504 deinceps
1103 3435 1406 3503 cognitum.
1468 3434 1610 3498 Quin
1668 3433 1825 3486 multi
1882 3447 2104 3502 quoque
2155 3432 2246 3486 alii
2298 3433 2351 3484 in
2395 3432 2632 3484 Arabico
2663 3445 2731 3484 eo
2765 3442 2974 3492 monte.
3009 3433 3079 3485 ab
3141 3434 3224 3486 eis
3299 3435 3390 3503 qui
3435 3436 3586 3489 illum
3631 3437 3890 3490 incolunt
3929 3439 4046 3489 bar-

787 3532 932 3584 baris
976 3531 1142 3599 capti,
1178 3532 1263 3584 vel
1301 3531 1537 3599 pecunia
1569 3532 1638 3584 ab
1671 3532 1750 3583 eis
1789 3541 1922 3584 sunt
1953 3530 2242 3599 redempti,
2281 3533 2361 3582 vel
2412 3538 2637 3598 prepter
2703 3529 2832 3582 :eris
2899 3531 3137 3599 inopiam
3170 3533 3370 3585 misere
3411 3533 3484 3585 ibi
3529 3533 3837 3601 perierunt.
3879 3538 4046 3603 Atque

786 3625 901 3677 haec
944 3624 1166 3692 quidem
1208 3624 1556 3678 Alexandria:
1600 3632 1655 3677 et
1689 3624 1742 3678 in
1773 3623 2007 3693 Egypto
2041 3623 2363 3676 acciderunt
2402 3622 2651 3676 adversa.
2684 3621 2953 3676 Ceterum
2987 3640 3096 3676 non
3130 3625 3374 3678 minores
3400 3625 3560 3679 luctze
3629 3635 3684 3679 et
3751 3639 4048 3679 cer-ianum

786 3719 841 3770 iu
879 3717 1163 3770 Palwstina
1217 3716 1395 3772 luere.
1433 3717 1524 3771 Sic
1577 3719 1778 3786 passim
1825 3716 2048 3787 plurimi
2093 3725 2363 3786 martyres
2405 3715 2798 3769 cobortatoriis
2858 3715 3112 3785 Origenis
3180 3719 3529 3772 orationibus
3562 3719 3800 3772 viriiiter
3856 3735 4050 3788 again-5

800 3811 1175 3876 pertulerunt.

1240 3902 1402 3972 333
1445 3901 1673 3957 CAPUT
1714 3900 1934 3956 xxxu.

791 3993 854 4047 Ut
876 3993 1125 4063 Origenes
1158 3997 1223 4046 ad
1258 3995 1492 4047 tribunal
1540 3997 1782 4065 martyrii
1823 3994 2132 4056 consistens,
2169 3995 2363 4060 pietate

945 4066 1250 4118 Christiana
1282 4065 1556 4134 ubjurata,
1592 4083 1622 4117 α
1656 4068 1825 4133 seipse
1850 4066 2202 4133 degenerarit.

864 4155 930 4208 Et
975 4154 1064 4207 Ille
1105 4155 1329 4222 quidem
1383 4156 1684 4223 permultos
1737 4155 1868 4208 fecit
1915 4164 2215 4222 martyres;
2265 4152 2358 4206 sed

789 4260 916 4297 cum
949 4244 1209 4297 omnibus
1240 4244 1354 4297 suis
1383 4245 1558 4312 c0piis
1591 4243 1868 4298 hostiliter
1898 4243 2128 4298 Satanas
2159 4244 2360 4297 bellmu

788 4338 838 4388 ei
879 4344 1145 4400 moveret,
1182 4336 1444 4404 omnique
1489 4337 1540 4389 vi
1585 4345 1640 4390 et
1683 4344 1882 4390 conatu
1927 4336 2193 4392 adversus
2234 4353 2362 4392 eum

790 4431 1044 4488 duceret,
1072 4437 1125 4479 et
1157 4427 1340 4479 acrius
1369 4429 1418 4479 ei
1456 4435 1566 4478 tum
1600 4443 1762 4494 quam
1796 4428 2028 4479 aliorum
2061 4428 2244 4490 alicui,
2280 4429 2365 4481 in-

3040 3900 3290 3953 ΚΕΦΔΔ.
3323 3900 3450 3957 ΛΒ’.

2486 3991 2585 4056 Ὠς
2616 3992 2710 4043 καὶ
2744 3989 3052 4057 Ὠριτένης
3083 3991 3162 4056 τῷ
3189 3991 3533 4058 μαρτυρικῴ
3579 3997 3903 4061 παραστὰς
3947 3997 4052 4060 ,Βή-

2609 4076 2779 4128 ματι,
2818 4062 2881 4114 τὸ
2913 4061 3102 4127 σέϐας
3127 4062 3576 4131 ἐξομοσάμενος
3612 4064 3937 4132 ditty-adp".

2561 4152 2707 4204 Ἀλλ’
2740 4151 2896 4214 οὗτος
2945 4152 3044 4220 μὲν
3078 4153 3305 4214 πολλοὺς
3337 4157 3512 4207 ἐποίει
3553 4157 3681 4217 τοὺς
3733 4161 4051 4227 μάρτυρας·

2472 4245 2623 4314 αὐτῷ
2670 4243 2726 4297 δέ
2777 4246 3081 4314 πανστρατὶ
3125 4246 3440 4314 ἐφαμίλλως
3467 4247 3562 4298 τοῦ
3598 4248 3781 4300 Σαταν
3814 4268 4053 4317 παρατε-

2479 4337 2743 4405 ξαμένου,
2785 4338 2936 4409 πάσῃ
2967 4354 3024 4389 τε
3078 4340 3298 4406 μηχανῇ
3335 4341 3428 4390 καὶ
3457 4340 3689 4408 δυνάμει
3734 4348 3866 4394 κατ’
3901 4342 4054 4394 αἰτοῦ

2476 4430 2988 4499 στρατηγήσαντος,
3023 4432 3115 4482 καὶ
3144 4430 3517 4499 διαφερόντως
3556 4434 3707 4502 παρὰ
3745 4437 3875 4495 τοὺς
3921 4453 4056 4500 ττι».-

792 4519 1097 4586 l‘estiusqnn
1140 4518 1474 4577 immineret,
1507 4516 1747 4584 perfecta
1779 4523 1835 4567 et
1876 4515 2127 4568 absoluta
2163 4517 2357 4568 virtute

2477 4518 2607 4570 κάδε
2647 4518 3062 4587 πολεμηθέντας
3085 4521 3292 4588 ἀγρίως
3324 4521 3472 4586 αὐτῷ
3505 4524 3945 4590 ἐπισκήψαντος,
3975 4524 4055 4576 τιὸ

789 4620 874 4663 est
901 4610 1228 4670 destitutus;
1272 4607 1534 4659 nimirum
1568 4606 1659 4673 qui
1694 4607 1962 4658 virtutum
1996 4606 2243 4657 omnium
2276 4622 2370 4674 pa-

795 4712 950 4752 rente
983 4698 1353 4751 submissioue
1382 4706 1437 4750 et
1477 4697 1808 4758 humilitate,
1841 4706 1894 4748 et
1925 4712 2047 4764 qum
2082 4712 2178 4764 per
2221 4697 2369 4749 illam

796 4791 1054 4855 provenit
1107 4785 1376 4838 immobili
1433 4796 1489 4837 et
1545 4795 1692 4839 recta
1745 4785 1914 4838 animi
1975 4785 2372 4840 constitutione

794 4890 958 4948 atque
1007 4878 1307 4932 indolentia
1359 4876 1674 4930 excidisset.
1721 4875 1886 4930 Aiunt
1927 4878 2100 4937 enim,
2138 4877 2371 4931 Deciana

801 4972 1184 5040 persecutione
1212 4979 1268 5022 et
1296 4969 1473 5038 ipsum
1505 4970 1965 5037 comprehensum
1994 4985 2138 5032 esse,
2166 4979 2222 5023 et
2250 4971 2373 5022 vin-

799 5063 938 5115 culis
968 5063 1353 5115 constrictnm.
1391 5061 1630 5114 Primum
1667 5062 1849 5129 itaque
1883 5062 2168 5114 tormentis
2197 5062 2376 5130 gravi-

803 5163 902 5204 bus
931 5169 1162 5222 corpore
1195 5163 1310 5207 toto
1342 5152 1601 5217 amictus,
1637 5168 1762 5206 mox
1798 5152 1997 5206 deinde
2035 5153 2089 5204 in
2129 5153 2377 5206 acerbis-

801 5248 997 5298 simum
1034 5248 1308 5299 demissus
1339 5254 1423 5298 est
1454 5261 1754 5299 Curccrem.
1789 5244 1867 5299 lbi
1896 5245 2133 5314 ingentis
2167 5246 2378 5314 ponde-

808 5342 880 5390 ris
910 5337 1304 5391 ferramt-ntum
1331 5354 1457 5391 eum
1489 5338 1872 5407 distringebat,
1901 5347 1956 5391 et
1988 5339 2213 5406 insuper
2243 5353 2378 5406 sup-

806 5430 1030 5492 plicium
1062 5431 1200 5498 ignis
1223 5432 1273 5485 ei
1303 5433 1692 5484 intendebatur
1719 5447 1733 5482 :
1757 5431 1974 5500 aliaque
2004 5433 2144 5485 mala
2177 5432 2374 5499 partim

802 5524 910 5592 jam
945 5536 1056 5576 tum
1109 5525 1510 5586 inferebantur,
1546 5525 1743 5594 partim
1782 5525 1942 5592 paulo
1975 5534 2095 5592 post
2128 5525 2380 5578 immine-

810 5618 961 5675 bant,
995 5632 1057 5668 ac
1092 5616 1291 5670 diebus
1337 5618 1591 5686 pluribus
1630 5626 1868 5685 quatuor
1904 5618 2246 5668 vinculorum
2291 5631 2381 5668 ca-

811 5721 946 5762 tnSIa
994 5708 1161 5777 pedes
1199 5710 1316 5779 ejus
1353 5710 1757 5762 distinebantur
1785 5708 1880 5778 (l).
1917 5708 2047 5773 Quae
2075 5710 2257 5761 omnia
2291 5725 2381 5776 ge-

883 5822 958 5889 (l)
989 5822 1183 5876 Euseb.
1221 5824 1316 5875 lib.
1346 5841 1420 5885 vi,
1457 5839 1574 5892 cap.
1610 5824 1696 5874 ιν.

2480 4611 2601 4662 κατ’
2639 4611 2840 4677 ἀρετὴν
2873 4611 3248 4678 ἀποτυγχάνει
3298 4612 3532 4675 τελείου,
3588 4615 3684 4665 άτε
3720 4613 3786 4682 δὴ
3833 4619 3930 4666 καὶ
3962 4615 4056 4665 τιίν

2478 4700 2692 4769 ἀρετῶν
2748 4704 2963 4770 μητρὸς
2994 4701 3092 4770 τῆς
3148 4707 3681 4773 ταπεινοφροσύνης,
3735 4707 3833 4757 καὶ
3877 4708 3977 4773 τῆς
4002 4705 4059 4756 δῖ

2478 4793 2652 4862 αὐτὴν
2707 4793 2982 4854 ἀπαθείας
3035 4794 3354 4848 ἀποπεσὼν.
3417 4797 3528 4849 Καὶ
3585 4799 3745 4866 γὰρ,
3781 4801 3941 4864 φασὶ,
3995 4797 4058 4860 vf:

2481 4888 2618 4937 κατά
2652 4887 2842 4936 Δέκιον
2904 4886 3135 4956 διωγμῷ
3167 4887 3540 4956 συλληφθέντα
3571 4891 3670 4940 καὶ
3697 4891 3893 4944 τοῦτον
3921 4893 4058 4962 apt;-

2476 4994 2548 5028 τα
2580 4977 2680 5047 μὲν
2723 4979 2899 5044 δεσμά
2932 4979 3296 5047 διελάμϐανον
3317 4997 3330 5009 ·
3361 4981 3615 5049 βασάνοις
3655 4981 3711 5033 δὲ
3742 4985 3870 5035 καθ’
3901 4985 4059 5036 ἄπα-.-

2479 5085 2567 5130 τος
2596 5068 2688 5120 τοῦ
2721 5068 2973 5138 σώματος
3007 5073 3304 5134 αἰκισθεὶς,
3347 5076 3657 5144 πικροτάτῃ
3701 5077 4058 5144 ἐπερρίπτειιι

2480 5162 2546 5227 τῇ
2576 5162 2810 5230 φρουρᾷ.
2848 5162 3040 5223 Κλοιὸς
3066 5165 3160 5213 ἐπὶ
3199 5164 3408 5225 τούτοις
3442 5164 3689 5233 σιδήρεος
3734 5169 3945 5226 πιέζων

2482 5250 2596 5317 πῦρ
2630 5267 2688 5300 τε
2732 5253 3031 5316 τγπειλείτο.
3067 5253 3177 5306 Καὶ
3210 5253 3345 5306 ἄλλα
3383 5256 3450 5305 τὰ
3485 5255 3584 5322 μὲν
3618 5257 3886 5323 ἐπήγετο,
3921 5260 3983 5305 τα
4011 5255 4057 5302 ἱὲ

2483 5341 2698 5409 ἔμελλε.
2736 5343 2965 5404 Πολλαίς
2998 5344 3042 5396 δ’
3078 5347 3137 5396 ἐν
3181 5349 3418 5415 ἡμέραις
3464 5348 3568 5399 ὑπὸ
3608 5349 3879 5418 τέσσαρσι
3914 5348 4054 5410 ξιίιιι

2484 5433 2703 5501 δεσμοῖς
2734 5437 2857 5497 τοὺς
2895 5437 3065 5497 πόδας
3097 5440 3491 5507 ἐντεινόμενος,
3521 5443 3789 5505 γενναίως
3821 5445 4055 5507 ῆνεγκεν.

2503 5526 2738 5588 Ἐκεῖνος
2774 5529 2872 5596 μὲν
2899 5525 2991 5580 οὖν
3027 5531 3204 5582 θανεῖν
3235 5531 3449 5597 ἕτοιμος
3498 5528 3564 5600 ἦν
3588 5551 3600 5562 ·
3642 5532 3721 5599 τῷ
3755 5534 3814 5583 δέ
3849 5531 4056 5594 δικαστῇ

2487 5620 2790 5686 ςιὶονεικία
2841 5621 3004 5673 πάλιν
3056 5622 3327 5690 ἑτέρωθεν
3357 5624 3455 5690 τῆς
3491 5624 3734 5690 ἐφέσεως
3771 5625 4055 5688 άποστῆνπι

2484 5713 2944 5780 παρασκευάσαι,
3003 5714 3096 5765 καὶ
3139 5712 3280 5780 ξίςει
3329 5716 3580 5776 κολάζειν
3622 5718 3830 5783 ἥκιστα
3882 5713 4053 5784 ﬂag“.
