4184 6440
222 374 351 437 1137

1141 377 1754 438 ΕΟΕιΕΞΙΑδΤΙΕΑΞ
1797 380 2185 440 ιιιςιόιιιιΕ
2226 383 2373 441 LIB.
2414 385 2508 443 Vl.

3332 383 3468 452 1138

216 488 314 538 τοῦ
354 483 686 544 ἀποστείλας
720 483 954 552 πάμπαν
990 489 1088 555 τῆς
1117 485 1330 538 ἑαυτῶν
1381 487 1656 554 σωτηρίας
1688 490 1789 538 ἁπ-

1909 490 2098 555 tcopali
2132 490 2416 556 dignitate,
2452 506 2615 559 quam
2650 498 2933 559 tantopere
2987 492 3195 548 dudum
3245 495 3468 553 adum-

217 572 552 638 εγνωκότας,
589 575 738 641 τρεῖς
773 573 832 637 ἐξ
863 573 1091 635 Ἰταλίας
1123 574 1352 642 ἀφανεῖς
1404 577 1790 642 μετεστέλλετο

217 667 552 723 ἑπισκῦπους
581 665 662 727 είς
688 665 1262 734 Ῥὡμην,άπλάστους
1286 669 1464 736 πάντη
1488 667 1581 719 καὶ
1608 669 1793 736 ἀγροι-

219 759 316 825 κῐςι
361 756 642 819 συζῶντας
665 774 678 786 ·
713 758 808 808 καὶ
851 759 884 826 ἠ
915 758 1190 825 πρόφασις
1217 757 1460 824 εὔλογος,
1496 758 1569 820 ὡς
1600 759 1665 810 ἄν
1700 774 1791 824 γε,

219 847 380 913 φησὶ,
404 849 505 916 τὴν
539 845 746 915 μεταξὺ
781 849 997 900 ἐκείνου
1056 849 1153 900 καὶ
1182 851 1290 900 τῶν
1353 850 1671 900 ἐπισκόπων
1730 851 1792 899 ἐκ

221 937 462 991 παλαιοῦ
490 938 828 991 διαλύσωσιν
855 938 1055 1009 ἔχθραν
1098 943 1317 1008 μεσῖται
1351 941 1660 1008 γενόμενοι.
1684 940 1795 993 Καὶ

218 1033 268 1082 cl
315 1031 416 1098 μιν
446 1026 585 1100 ἧκον
611 1032 879 1099 ἁπλότητι
906 1029 1135 1101 γνώμης
1164 1035 1238 1101 μή
1269 1049 1324 1083 τι
1356 1035 1464 1085 τῶν
1495 1031 1590 1084 τοῦ
1624 1032 1792 1084 πλάσ-

227 1140 405 1189 ματος
442 1125 500 1175 ἐν
520 1123 596 1191 νῷ
631 1124 873 1190 θέμενοι.
919 1124 1351 1191 Ἐγκλεισθεῖσιν
1381 1121 1476 1177 οὖν
1505 1125 1630 1193 βίαν
1660 1123 1794 1192 ἐπῆ-

221 1216 322 1282 γὸν
351 1232 498 1278 τινες
526 1217 629 1284 τῆς
651 1215 866 1269 ἑκείνου
899 1218 1241 1286 συμμορίας,
1299 1219 1438 1290 μέθῃ
1508 1219 1603 1270 καὶ
1638 1235 1797 1287 κραι-

224 1307 376 1378 πάλῃ
419 1308 824 1376 κεκαρωμένοι,
859 1309 1065 1378 χειρῶν
1110 1313 1353 1379 εἰκονικῇ
1399 1309 1642 1361 επιοέαει
1681 1311 1798 1360 ἐπι-

222 1401 434 1466 σκοπῆς
458 1400 656 1467 ἐκείνῳ
685 1401 952 1470 παρέχειν
999 1400 1240 1469 ἀξίωμα.
1296 1405 1360 1454 υἱ
1411 1402 1509 1470 μὲν
1553 1400 1647 1453 οὖν
1702 1401 1798 1452 καὶ

222 1491 455 1552 ἄγοντες
483 1493 690 1559 σφόδρα
720 1493 1179 1561 ἐκϐεϐιασμένοι,
1211 1495 1312 1556 τὰς
1359 1497 1547 1564 χεῖρας
1604 1495 1799 1564 ἐκείνῳ

221 1580 524 1632 ἐπέθεντο⁸
579 1583 680 1651 τὴν
739 1583 906 1652 χάριν
926 1582 974 1660 δ’
1026 1576 1185 1646 οὗτος
1217 1585 1293 1644 ὡς
1328 1585 1504 1638 ἐδόκει
1566 1585 1800 1646 ἀνοσίως

223 1674 428 1737 λαϐὼν,
456 1675 796 1727 ἀντεποιεῖτο
820 1674 1050 1745 ταύτης,
1076 1679 1168 1728 καὶ
1197 1677 1487 1730 διεκδικεῖν
1514 1678 1798 1746 ἐπειρᾶτοο

221 1765 537 1833 ἅνθρωπος,
561 1758 606 1832 ᾧ
634 1767 730 1819 καὶ
758 1767 820 1818 τὸ
848 1769 929 1829 εἰς
968 1767 1215 1836 Χριστὸν
1246 1767 1540 1821 πιστεῦσαι
1587 1767 1802 1836 πρόφα-

225 1875 313 1919 σις
339 1859 367 1907 ό
403 1857 646 1920 Σατανᾶς
670 1853 739 1927 ἦν
770 1859 1124 1926 ἐνσκηνὼσας
1177 1859 1348 1928 αὐτῷ.
1374 1858 1799 1928 Κατηχούμενος

223 1951 334 2016 γάρ
374 1948 479 2000 ὑπὸ
519 1949 627 2001 τῶν
660 1950 1008 2019 ἑπορκιττῶν
1040 1952 1182 2019 νόσῳ
1223 1952 1519 2021 περιέπεσε
1544 1950 1757 2021 χαλεπῇ
1784 1969 1792 1974 ”

222 2041 360 2093 ἄπιτ’
396 2041 797 2094 ἀποθανεῖσθαι
825 2044 1194 2112 προσδόκιμον
1231 2045 1384 2109 ὄντα,
1419 2044 1482 2095 τὸ
1529 2043 1674 2113 ὕδωρ
1715 2044 1798 2096 αί-

221 2133 392 2197 τῆσαι
422 2131 605 2184 λαϐεῖν
627 2148 641 2162 ·
674 2130 703 2182 δ
725 2134 818 2185 καὶ
851 2137 909 2186 ὲν
944 2135 1084 2205 αὐτῇ
1128 2139 1192 2204 τῇ
1231 2136 1386 2208 κλίνῃ
1487 2136 1667 2188 ἔκειτο
1701 2152 1799 2186 πε-

226 2224 474 2292 ριχυθὲν,
539 2224 707 2294 δῆθεν
764 2226 1094 2290 ἐϐάπτιζεν·
1158 2229 1271 2295 εἴγε
1306 2227 1412 2298 χρὴ
1464 2228 1524 2279 τὸ
1553 2228 1798 2281 τοιοῦτον

227 2317 518 2385 βάπτισμα
573 2318 875 2388 ὀνομάσαι’
919 2321 946 2373 ὅ
978 2338 1039 2388 γε
1093 2321 1214 2373 οὐδὲ
1261 2323 1371 2375 τῶν
1436 2323 1642 2374 λοιπῶν
1700 2323 1799 2388 τῆς

240 2409 572 2480 Ἕκκλησίας
603 2412 890 2481 συμϐόλων
910 2412 1130 2482 ἠξίωτο,
1165 2409 1240 2468 ὧν
1263 2413 1442 2483 χρεὼδ
1461 2417 1588 2478 τοὺς
1621 2415 1799 2468 τοιού-

226 2519 356 2564 τους
393 2502 843 2571 μεταλαμϐάνειν
868 2505 1010 2557 κατὰ
1043 2506 1134 2558 τὸν
1170 2507 1268 2573 τῆς
1297 2506 1631 2575 Ἐκκλησίας
1675 2506 1800 2559 θεσ-

224 2595 351 2660 μόν.
379 2594 661 2648 ’Δλλόῦδὲ
693 2597 797 2649 ὑπὸ
822 2599 1158 2662 ἐπισκόπων,
1189 2599 1286 2664 τὴν
1314 2601 1469 2652 νόσον
1497 2600 1798 2666 διαφυγὼν,

223 2682 573 2752 ἐσφραγίσθη
613 2687 667 2746 ἐς
704 2685 954 2755 ὕστερον.
1002 2688 1220 2740 Τούτων
1267 2688 1322 2741 δὲ
1359 2690 1468 2742 τῶν
1522 2692 1801 2759 μυστικῶν

230 2775 310 2841 μὴ
338 2776 542 2843 τυχὼν,
576 2777 695 2838 πῶς
726 2777 793 2830 ἂν
828 2779 988 2846 ἁγίου
1025 2780 1340 2849 Πνεῦματος
1372 2782 1605 2850 ἔτυχεν;
1639 2783 1802 2838 Ἀλλὰ

227 2868 333 2918 κάν
362 2868 437 2936 τῷ
459 2870 636 2938 κατρῴ
657 2871 749 2924 τοῦ
781 2871 1026 2942 διωγμοῦ
1057 2874 1229 2944 δειλίᾳ
1261 2875 1498 2943 σχεθεὶς,
1519 2877 1802 2946 εξὼμνυτο

225 2962 330 3028 τὴν
363 2961 458 3012 τοῦ
490 2963 869 3032 πρεσϐυτέρου
915 2966 1100 3035 τιμήν.
1147 2967 1283 3020 Ὑπὸ
1314 2970 1424 3036 γὰρ
1467 2968 1579 3024 τῶν
1618 2970 1804 3022 διακό-

226 3069 338 3103 νων
361 3051 707 3122 ἀξιούμενος,
734 3056 837 3108 ὄσα
895 3056 1052 3125 θέμις
1085 3060 1224 3127 ἱερεῖ
1259 3061 1476 3128 βοηθεῖν
1525 3062 1799 3130 ἀδελφοῖς,

1897 589 2067 643 Vt-rat,
2103 581 2264 648 potiri
2287 591 2585 648 oporteret,
2619 582 2865 649 perditos
2888 584 3151 643 quosdam
3172 595 3334 640 secta:
3353 599 3469 639 suae

1897 671 2170 732 homines,
2209 672 2302 738 qui
2334 672 2562 726 salutem
2597 687 2751 725 suam
2801 671 3034 741 'prorsus
3063 673 3174 741 jam
3211 674 3470 743 despera-

1898 772 2041 825 rant,
2072 772 2185 815 tres
2214 762 2280 814 ad
2309 778 2369 815 se
2404 763 2636 816 Romam
2667 764 2888 817 obscuri
2921 764 3161 817 nominis
3196 780 3263 818 ex
3316 766 3467 818 Italia

1895 849 2209 917 episcopos,
2243 865 2450 919 eosque
2480 851 2832 920 simplicibus
2881 863 3044 921 atque
3071 853 3208 906 adeo
3244 856 3468 908 rusticis

1897 939 2162 1004 moribus,
2195 940 2260 994 ad
2296 942 2666 996 simulandum
2695 954 2751 996 et
2773 945 3232 998 dissimulandum
3258 946 3471 999 scilicet

1907 1031 2136 1085 minime
2200 1033 2453 1097 idoneos,
2484 1035 2792 1103 pertrahit:
2843 1037 2938 1089 illo
2988 1035 3276 1103 splendido
3337 1050 3473 1102 prm-

1902 1133 2050 1177 textu
2093 1139 2248 1189 usus,
2280 1135 2340 1179 ut
2367 1126 2493 1195 ipsi.
2521 1127 2773 1197 partibus
2817 1129 2933 1181 suis
2962 1127 3333 1196 interpositis,
3358 1141 3473 1178 me-

1899 1215 2138 1268 diatores
2174 1217 2316 1270 inter
2343 1233 2401 1272 se
2426 1227 2482 1271 et
2518 1219 2834 1288 episcopos.
2900 1227 3119 1270 veteres
3163 1216 3477 1270 simultates

1899 1315 1953 1360 et
1990 1307 2305 1362 inimicitias
2328 1318 2744 1377 componerent.
2769 1308 2849 1362 Illi
2886 1323 3072 1375 porro,
3108 1315 3336 1376 propter
3357 1306 3476 1358 ani-

1903 1415 2121 1454 morum
2149 1402 2560 1470 simplicitatem
2589 1402 2726 1454 nihil
2759 1403 2863 1454 tale
2888 1400 3074 1463 veriti,
3107 1399 3176 1454 ad
3209 1414 3339 1453 eum
3382 1413 3478 1450 ve-

1901 1509 2061 1549 nere.
2091 1494 2167 1547 lbi
2201 1496 2284 1549 eis
2315 1495 2370 1547 in
2414 1494 2667 1547 conclavi
2700 1492 2980 1546 conclusis
3012 1493 3236 1562 quidam
3267 1506 3334 1543 ex
3357 1491 3480 1557 ejus

1902 1587 2212 1650 sodalitate,
2238 1602 2336 1655 per
2361 1587 2672 1640 animorum
2698 1585 2936 1654 crapulm
2964 1594 3020 1638 et
3041 1581 3330 1637 ebrietatis
3355 1598 3480 1649 gra-

1903 1679 2185 1743 vedinem,
2214 1680 2323 1732 vim
2352 1677 2617 1742 afferunt,
2651 1686 2708 1731 et
2731 1675 3051 1746 imaginaria
3080 1689 3342 1728 manuum
3375 1672 3479 1724 im~

1907 1770 2180 1838 positione
2199 1771 2570 1839 episc0palem
2621 1769 2943 1838 dignitatem
2982 1767 3194 1820 homini
3228 1763 3481 1818 conferre

1906 1871 2132 1930 cogunt.
2168 1861 2323 1926 Quod
2358 1877 2494 1916 sane
2524 1860 2732 1921 illi,vel
2769 1859 2953 1924 inviti,
2983 1858 3033 1911 vi
3065 1865 3234 1927 atque
3289 1871 3483 1910 nece;-

1906 1954 2068 2011 sitate
2086 1954 2331 2020 adducti,
2364 1954 2574 2009 fecere.
2603 1954 2670 2007 Et
2696 1951 2943 2007 Novatus
2999 1950 3269 2006 honorem
3329 1963 3479 2011 eum,

1907 2065 2070 2118 quem
2140 2059 2247 2102 tam
2301 2048 2593 2109 scelerate,
2661 2055 2722 2100 ut
2771 2045 3093 2108 videbatur,
3143 2052 3479 2098 censecutus

1907 2141 2115 2205 fuerat,
2138 2140 2465 2208 usurpabat,
2483 2138 2852 2207 eamdemque
2871 2147 3065 2190 contra
3080 2137 3483 2189 obtrectatores

1907 2234 2208 2288 defendere
2243 2235 2510 2302 parabat:
2545 2232 2732 2294 homo,
2763 2232 2815 2284 in
2845 2246 2956 2300 quo
3027 2229 3258 2284 Satanas
3296 2228 3478 2281 domi-

1908 2328 2097 2382 cilium
2132 2326 2364 2389 habens,
2395 2324 2598 2380 Christi
2632 2338 2832 2378 nomen
2868 2332 2925 2377 et
2952 2322 3109 2375 tidem
3149 2320 3216 2374 ad
3250 2329 3485 2388 ιιι-αξιοι-

1907 2433 2044 2484 tum,
2075 2422 2270 2475 saltem
2331 2429 2582 2474 uteretur
2615 2420 2712 2489 (1).
2740 2417 2878 2471 Cum
2919 2417 3066 2469 enim
3096 2414 3165 2467 ab
3191 2412 3485 2468 exorcistis

1907 2519 1975 2573 de
2005 2517 2111 2572 ﬁde
2143 2517 2553 2579 institueretur,
2579 2514 2773 2567 morbo
2823 2520 2913 2566 est
2943 2518 3234 2577 correptus
3279 2507 3432 2574 gravi
3465 2522 3478 2557 :

1907 2625 2147 2677 cumque
2173 2610 2283 2678 jam
2320 2609 2372 2660 in
2401 2606 2817 2674 exspectatione
2864 2601 3058 2654 mortis
3083 2609 3252 2661 esset,
3287 2614 3483 2666 aquam

1908 2701 2214 2772 petiit,qua
2237 2701 2290 2752 itt
2334 2699 2452 2768 ipso
2481 2699 2645 2760 lecto,
2671 2697 2743 2750 ita
2779 2703 2835 2747 ιιι
2865 2692 3255 2753 decumbebat,
3291 2691 3483 2763 perfu-

1908 2811 2028 2856 sus.
2065 2793 2375 2862 baptizatus
2404 2791 2615 2843 scilicet
2646 2798 2764 2842 est:
2800 2788 2842 2841 si
2898 2785 3121 2854 quidem
3161 2784 3482 2837 tinctiooem

1912 2887 2222 2958 huiusmodi
2264 2885 2594 2948 baptismum
2617 2896 2815 2935 voeare
2846 2880 2996 2934 licet.
3038 2880 3202 2949 392
3227 2878 3485 2933 Sedenim

1911 2982 2002 3036 ille
2028 2989 2215 3050 postea
2250 2976 2482 3044 reliquis
2513 2974 2783 3028 Ecclesia:
2810 2972 3075 3042 symbolis
3105 2981 3268 3038 atque
3313 2983 3484 3021 caere-

1912 3073 2114 3129 tnoniis
2143 3072 2244 3142 (2),
2269 3069 2472 3138 quibus
2496 3066 2561 3120 ad
2590 3080 2715 3118 eum
2752 3064 2972 3117 modum
3024 3061 3177 3117 tincti
3201 3062 3352 3125 juxta
3391 3059 3490 3113 Bc-

226 3147 286 3196 εν
340 3147 518 3215 καιρῷ
561 3148 638 3218 τῷ
700 3149 805 3200 τῶν
854 3149 1116 3219 διωγμῶν
1177 3153 1499 3220 ἐπικουρίας
1564 3153 1800 3221 μάλιστα

1909 3167 2090 3221 clesize
2137 3162 2456 3217 santtiones
2498 3158 2575 3212 uti
2632 3157 2829 3219 solent,
2863 3155 3090 3208 minime
3146 3153 3345 3230 dignus
3406 3161 3490 3203 est

231 3238 521 3308 χρῄζουσι,
572 3241 827 3294 τοσοῦτον
857 3243 1068 3312 ἀπέσχε
1123 3244 1525 3314 πειθαρχῆσαι,
1590 3248 1666 3308 ὡς
1715 3251 1807 3300 καὶ

232 3331 634 3398 χαλεπαίνοντα
671 3334 1134 3401 ἀπαλλάττεσθαι,
1188 3339 1280 3390 καὶ
1343 3339 1417 3408 μὴ
1471 3337 1566 3390 τοῦ
1617 3339 1806 3391 λοιποῦ

233 3425 617 3495 πρεσϐύτερον
647 3427 853 3480 ἐθέλειν
889 3423 1052 3493 εἶναι,
1087 3430 1253 3501 ἑτέρᾳ
1281 3432 1575 3502 φιλοσοφίᾳ
1595 3433 1664 3484 τὰ
1687 3433 1808 3483 κατ’

231 3515 399 3564 αὑτὸν
425 3517 818 3583 ἐπιτρέψαντα.
861 3519 970 3572 Καὶ
1000 3519 1131 3574 ἄλλο
1177 3522 1236 3574 δέ
1273 3538 1326 3573 τι
1370 3522 1580 3592 ἀπᾷδον
1609 3525 1811 3577 παντά-

233 3625 375 3660 πασι
402 3609 783 3679 διεπράττετο.
813 3614 991 3665 Ποιῶν
1032 3615 1140 3684 γὰρ
1186 3621 1534 3685 προσφορὰς,
1577 3616 1649 3677 ὡς
1689 3617 1809 3679 ἔθος

231 3700 448 3768 ἱερεῦσι
481 3706 679 3767 ποιεῖν,
714 3699 834 3757 εἶτα
863 3706 1001 3775 πρὸς
1054 3706 1153 3774 τὴν
1185 3707 1279 3760 τοῦ
1314 3707 1484 3778 ἄρτου
1519 3708 1810 3778 μετάδοσιν

230 3791 546 3860 γινόμενος,
579 3794 853 3856 ἐπιδιδοὺς
883 3796 1104 3867 ἑκάστῳ
1149 3798 1212 3850 τὸ
1241 3799 1430 3869 μέρος,
1454 3799 1809 3869 ὀμνύειντοὺς

233 3883 624 3952 ταλαιπώρους
660 3887 1011 3954 ἠνάγκαζεν,
1040 3891 1270 3943 ἁντὶτοῦ
1304 3893 1422 3959 μετ’
1457 3893 1811 3961 εὐχαριστίας

234 3975 574 4041 λαμϐάνειν·
611 3980 862 4048 κατέχων
892 3982 1001 4049 γὰρ
1024 3983 1115 4036 καὶ
1145 3983 1314 4051 ἄμφω
1354 3983 1454 4046 τὰς
1505 3987 1694 4054 χεῖρας
1718 3984 1812 4036 τοῦ

234 4067 522 4132 λαϐόντος,
553 4070 617 4123 οὐ
646 4073 927 4142 πρότερον
959 4074 1100 4126 ἀνίει
1134 4074 1237 4137 ἕως
1300 4075 1471 4128 ταῦτα
1516 4077 1776 4145 ὀμόσαιεν
1799 4092 1810 4103 ·

234 4162 521 4229 χρήσομαι
571 4163 680 4230 γὰρ
714 4165 828 4226 τοῖς
867 4165 1077 4218 ἐκείνου
1126 4169 1405 4236 ῥήμασιν’
1447 4168 1686 4236 ὐμοσόν
1724 4186 1812 4238 μοι

235 4252 390 4302 κατὰ
423 4252 516 4305 τοῦ
581 4254 816 4322 αἵματος
869 4258 968 4309 καὶ
1017 4257 1112 4310 τοῦ
1173 4259 1431 4326 σώματος
1474 4260 1571 4313 τοῦ
1607 4261 1811 4330 Κυρίου

234 4343 400 4410 ἡμῶν
442 4342 619 4412 Ἰησοῦ
648 4347 911 4415 Χριστοῦ,
949 4349 1241 4416 μηδέποτέ
1276 4367 1343 4420 με
1374 4351 1702 4402 καταλιπεῖν
1721 4352 1815 4404 καὶ

236 4435 572 4504 ἐπιστρέψαι
609 4437 747 4506 πρὸς
794 4440 1131 4508 Κορνήλιον·
1173 4441 1392 4512 Ῥώμης
1417 4444 1462 4495 δ’
1493 4436 1647 4506 οὗτος
1693 4445 1813 4497 ὲπί-

1914 3259 2178 3314 habitus:
2213 3269 2398 3322 neque
2443 3267 2568 3305 cum
2593 3249 2986 3311 convaluisset,
3018 3246 3358 3316 signaculum
3421 3245 3489 3295 ab

1913 3352 2173 3420 episcopo
2208 3347 2410 3401 deinde
2440 3343 2647 3414 recepit
2683 3341 2790 3410 (5).
2849 3339 3025 3393 Porro
3083 3353 3210 3396 cum
3261 3336 3486 3409 mystica

1915 3443 2227 3514 hujusmodi
2271 3438 2517 3509 symbola
2557 3451 2665 3489 non
2705 3435 2781 3489 sit
2812 3433 3046 3487 sortitus
3085 3431 3185 3497 (ὦ),
3213 3431 3491 3498 quantodo

1915 3535 2182 3604 Spiritum
2214 3539 2465 3583 sanctum
2498 3537 2580 3580 est
2611 3523 2937 3578 assecutus?
2983 3520 3093 3576 Sed
3145 3529 3202 3574 et
3231 3533 3489 3588 persecn-

1917 3623 2082 3679 tionis
2113 3620 2475 3690 temporibus,
2508 3633 2602 3686 per
2629 3616 2997 3677 timiditatem,
3047 3609 3353 3680 presbyteri
3391 3613 3491 3661 ho.

1915 3728 2106 3767 norem
2134 3708 2427 3781 abjuravit.
2450 3707 2746 3773 Postquam
2772 3703 2922 3756 enim
2949 3718 2978 3755 a
3001 3701 3247 3754 diacouis
3271 3708 3493 3765 rogatus

1913 3815 2019 3868 est,
2053 3811 2112 3856 ut
2139 3800 2582 3873 periclitantibus
2646 3795 2932 3857 fratrtbus,
2971 3794 3025 3846 in
3088 3801 3489 3846 tormentorum

1916 3893 2237 3947 discrimine
2268 3891 2506 3944 maxime
2545 3888 2750 3942 auxilio
2778 3885 3175 3954 indigentibus,
3212 3884 3284 3934 ita
3319 3891 3381 3932 ut
3405 3897 3493 3939 ιε-

1915 3987 2196 4040 cerdotem
2244 3984 2483 4041 deceret.
2545 3990 2743 4051 praesto
2791 3979 3044 4031 adesset:
3089 3986 3302 4029 tantum
3340 3976 3493 4029 abest

1919 4088 1978 4132 ut
2003 4079 2112 4132 illis
2142 4095 2166 4130 s
2195 4088 2214 4131 t
2241 4075 2565 4136 obsecutus,
2598 4082 2657 4126 ιιι
2682 4087 2808 4126 cum
2857 4071 3237 4139 indignatione
3289 4083 3483 4132 magna

1918 4189 1977 4227 se
2020 4171 2370 4232 subduxerit,
2397 4178 2453 4222 et
2483 4167 2550 4220 de
2580 4179 2781 4219 cancro
2829 4164 3117 4232 presbyter
3149 4176 3270 4214 esse
3333 4159 3489 4213 nolu-

1917 4262 2042 4324 erit,
2060 4260 2208 4314 aliud
2232 4259 2443 4315 scilicet
2469 4255 2830 4327 philoSophite
2849 4269 3023 4323 genus
3039 4261 3284 4306 secutus.
3317 4250 3491 4302 Altam

1917 4368 2138 4423 quoque
2169 4350 2464 4408 absurdam
2496 4349 2793 4402 admodum
2851 4362 2965 4399 rem
3019 4346 3074 4398 iu
3126 4358 3185 4397 se
3246 4342 3490 4395 admisit.

1917 4443 2053 4499 Cum
2076 4444 2229 4497 enim
2247 4442 2556 4496 oblationes
2577 4440 2822 4503 oﬂ'erret,
2840 4440 2932 4508 qui
2961 4453 3080 4491 mos
3117 4435 3494 4491 sacerdotibus

239 4544 468 4590 σκοπος.
511 4530 574 4580 Oi
626 4531 684 4583 δὲ
744 4531 924 4584 ἄθλιοι
983 4536 1206 4595 ἐκεῖνοι.
1243 4536 1305 4588 οὑ
1369 4537 1640 4604 πρότερον
1673 4539 1804 4592 άπε-

1919 4545 2024 4598 est,
2073 4532 2370 4603 etiamad
2424 4532 2873 4586 distributionem
2920 4529 3074 4598 panis
3129 4526 3491 4601 pervenisset.

239 4620 489 4684 γεύοντο.
517 4624 565 4672 εἰ
600 4624 676 4691 μὴ
706 4625 976 4690 πρότερον
1005 4626 1199 4694 ἐκείνῳ
1233 4628 1297 4696 δὴ
1322 4627 1649 4696 κατηρῶντο
1673 4643 1688 4657 ο
1717 4627 1816 4680 καὶ

235 4714 365 4762 ἀντὶ
401 4711 497 4764 τοῦ
543 4714 718 4782 ’Δμὴν
756 4716 957 4774 είπεῖν,
994 4719 1054 4768 τὸ
1121 4717 1197 4787 μὴ
1253 4719 1553 4786 ἐπανήκειν
1594 4717 1809 4783 ἔλεγον.

237 4805 447 4856 Τούτου
487 4806 586 4876 τὴν
613 4808 814 4860 κακίαν
843 4810 938 4863 καὶ
971 4810 1030 4862 τὸ
1065 4811 1335 4877 κακόηθες
1374 4813 1471 4877 τῆς
1521 4810 1813 4877 αἱρέσεως,

237 4898 496 4964 Μάξιμος
527 4899 917 4969 πρεσϐύτερος
949 4903 1044 4952 καὶ⁵
1072 4900 1375 4969 Οὐρϐανὲις.
1425 4903 1509 4963 δὶς
1544 4903 1634 4953 τὸν
1680 4902 1817 4969 Χρι-

237 4992 371 5041 σιὸν
404 4993 948 5062 παρρησιασάμενοι,
998 4995 1160 5056 δόξαν
1189 5011 1246 5047 τε
1279 4997 1379 5047 οὐκ
1402 4995 1694 5062 ἐλαχίστην
1752 4995 1815 5044 ἑκ

238 5083 336 5134 τοῦ
367 5083 704 5151 ὁμολογῆσαι
743 5089 1198 5154 καρπωαάμενοι,
1236 5088 1318 5139 ἔτι
1363 5087 1419 5139 δὲ
1471 5087 1726 5150 Σιδώνιός
1756 5104 1814 5140 τε

242 5176 339 5224 καὶ
381 5176 676 5243 Κελερῖνος
720 5179 814 5229 καὶ
845 5179 1001 5229 αὐτοὶ
1043 5178 1136 5230 τὸν
1187 5178 1303 5229 ἴσον
1351 5178 1541 5242 ἁχῶνα
1598 5181 1817 5248 διαδρα-

240 5271 460 5339 μοντες,
494 5265 702 5333 πρῶτοι
751 5268 1135 5333 φωράταντες.

243 5358 299 5415 ἐς
328 5355 600 5426 Θρίαμϐον
629 5359 723 5410 ἐπὶ
757 5365 925 5426 μέσου
957 5361 1053 5428 τῆς
1117 5361 1412 5429 ἐκκλησίας
1467 5361 1812 5430 προύτίθουν.

244 5448 372 5500 Τῶν
405 5448 459 5501 δὲ
481 5453 982 5521 χειροτονησάντων
1011 5453 1152 5504 αὖτὰ
1187 5447 1263 5513 εἷς
1309 5454 1410 5504 οὐκ
1460 5455 1539 5515 εἰς
1598 5457 1816 5521 μακρὰν

1207 5270 1416 5336 πρῶτοι
1471 5269 1813 5336 προσιόντες,

319 5587 394 5653 (ι)
428 5587 586 5643 Tales
615 5592 743 5644 olim
777 5591 968 5645 Clinici
1003 5590 1156 5643 dicti.

318 5663 392 5725 t2)
425 5661 628 5712 Euseb.
664 5653 763 5713 lib.
803 5677 874 5722 vt,
912 5676 1032 5725 cap.
1077 5663 1164 5714 45.

327 5734 402 5790 (5t
428 5731 908 5784 Contirmatiunem
939 5731 1040 5783 hoc.
1071 5748 1215 5786 nunc
1258 5747 1535 5784 vocamus.

319 5805 397 5869 (ί)
425 5803 626 5857 Τούτου
656 5803 712 5853 δὲ
741 5803 822 5872 μὴ
851 5801 1046 5869 τυχὼν,
1085 5821 1199 5864 πως
1232 5805 1299 5856 ἂν
1329 5819 1419 5853 τευ
1459 5804 1615 5869 ἁγιου
1654 5802 1816 5852 lived-

1923 4629 2047 4681 data
2082 4626 2312 4680 cuilibet
2336 4634 2489 4694 parte
2514 4639 2632 4683 sua,
2665 4639 2763 4691 pro
2801 4638 2868 4675 eo
2919 4622 3065 4692 quod
3103 4635 3228 4677 cum
3282 4619 3495 4689 gratia-

1925 4735 2043 4773 rum
2074 4733 2194 4772 eam
2223 4720 2448 4770 actione
2478 4717 2762 4786 percipere
2792 4714 3090 4774 debebant,
3119 4713 3309 4781 jnrare
3330 4713 3494 4770 mise-

1927 4825 2014 4864 ros
2042 4811 2256 4878 coegit:
2283 4821 2572 4876 utramque
2609 4807 3212 4875 enitnrpercipienttum
3270 4817 3492 4875 manum

1925 4905 2297 4972 comprimens
2366 4901 2467 4970 (5),
2515 4916 2622 4953 non
2666 4900 2821 4968 prius
2869 4912 2962 4950 eas
3029 4896 3263 4954 remisit.
3329 4910 3494 4963 quam

1921 4997 2164 5063 juratutn
2198 4993 2268 5045 ab
2295 4993 2376 5045 eis
2402 5001 2548 5044 esset
2593 4993 2740 5058 (utar
2788 4998 2973 5042 autem
2999 4989 3181 5039 verbis
3207 4987 3325 5056 ejus
3358 4999 3492 5038 cono

1925 5087 2148 5154 ceptis):
2169 5084 2368 5153 Adjura
2398 5083 2527 5134 ntihi
2548 5099 2642 5154 per
2659 5081 2978 5149 sanguinem
3000 5090 3052 5135 et
3067 5093 3263 5147 corpus
3282 5078 3494 5130 Dotuiui

1928 5179 2098 5232 nostri
2129 5178 2255 5231 Jesu
2285 5175 2515 5237 Christi.
2550 5189 2826 5241 nunquam
2854 5181 2905 5230 te
2931 5188 2959 5224 a
2983 5185 3068 5223 me
3090 5170 3494 5225 discessurum.

1926 5281 1981 5324 et
2039 5269 2104 5322 ad
2138 5268 2457 5324 Cornelium
2505 5267 2812 5335 (Romanus
2873 5264 2963 5316 hic
3010 5261 3114 5315 fuit
3174 5263 3494 5330 cpiscopus)

1928 5361 2234 5415 rediturum
2267 5377 2409 5414 esse.
2452 5358 2632 5411 Miseri
2666 5368 2848 5413 autem
2881 5357 2956 5409 illi
2989 5371 3097 5408 non
3143 5355 3297 5423 prius
3345 5353 3491 5421 quod

1927 5463 2273 5522 acceperant.
2301 5452 2684 5520 degustarunt,
2719 5465 2882 5518 quant
2911 5462 2968 5501 se
2998 5447 3075 5500 illi
3113 5445 3491 5500 devoverant:

1931 5605 2098 5658 ματος
2134 5588 2359 5656 ἑτυχενς
2403 5587 2674 5658 Eusebius

2000 5660 2078 5724 (5)
2119 5658 2192 5710 Ea
2237 5649 2571 5725 Tempestate
2619 5656 2771 5708 laicis
2828 5651 3380 5725 etiatnreucharistia
3440 5649 3492 5701 in

1930 5745 2121 5782 manus
2163 5724 2395 5783 dabatur
2441 5747 2450 5779 :
2493 5730 2636 5796 quod
2677 5737 2860 5794 postea
2899 5726 2951 5777 in
2992 5724 3230 5776 Ecclesia
3267 5734 3349 5776 est
3379 5735 3497 5773 mu-

1932 5807 2120 5854 latum.
