4184 6440
178 411 306 476 liii

1094 401 1706 467 ECCIJ‘ZSIASTiCﬂi
1751 401 2141 462 lllSTORlE
2187 404 2329 463 LIB.
2371 405 2463 464 ἰ’ῐ.

3276 398 3425 466 1169.

175 528 263 576 σὶν
298 521 393 574 ἐπὶ
422 518 517 573 τοῦ
561 516 801 587 ὕπερθεν
858 514 955 583 τῆς
1010 516 1209 584 στήλης
1261 514 1466 585 βάθρου
1521 512 1749 582 βοτάνην

1861 516 1966 563 tua:
1999 510 2171 579 ipsius
2207 512 2322 566 basi
2360 514 2532 567 herba
2563 528 2883 570 excresccre
2917 514 3015 585 (l),
3048 532 3168 592 qua
3205 532 3329 573 cum
3352 533 3424 573 ao

170 613 285 682 ἔχει
324 613 484 679 λόγος
540 609 864 672 ἑκφύεσθαι·
900 607 967 676 ἢν
1017 605 1082 675 δὴ
1112 606 1243 675 ἄχρι
1292 605 1387 658 τοῦ
1434 603 1745 673 κρασπέδου

169 707 268 777 τῆς
296 705 395 759 τοῦ
426 703 635 775 χαλκοῦ
669 701 940 765 διπλοΐδος
966 699 1253 763 ἀνιοῦσαν,
1300 700 1505 770 ἥκιστα
1552 714 1748 766 περαι-

167 801 313 869 τέρω
344 798 688 869 προϐαίνειω
725 794 946 865 Ταύτην
974 794 1021 847 δ’
1061 793 1157 847 ἅτε
1195 793 1292 846 τοῦ
1345 792 1494 861 ἱεροῦ
1533 793 1746 845 ἐκείνου

169 891 482 961 κρασπέδου
537 889 821 960 ἡμμένην,
858 886 1311 955 ἀλεξιφάρμακον
1357 885 1629 937 παντοίων
1659 902 1747 936 νο-

168 984 439 1051 σημάτων
470 980 863 1033 καθίστασθαι.
901 978 1008 1031 Τὸν
1045 977 1093 1031 δ’
1125 978 1422 1046 ἀνδριάντα
1451 976 1644 1029 τοῦτον
1671 978 1750 1039 είς

166 1071 409 1143 Χριστοῦ
442 1074 628 1142 σχῆμα
653 1069 979 1140 διαχυθῆναι
1013 1067 1167 1139 παρὰ
1194 1068 1294 1137 τῆς
1319 1068 1749 1137 αἱμορροούσης,

162 1163 379 1233 ἀληθὴς
408 1165 673 1217 κατιοῦσα
700 1163 758 1226 ις
788 1162 937 1231 ἡμᾶς
982 1162 1197 1230 ἱστορία
1241 1160 1595 1228 παρέδωκεν,
1627 1160 1660 1228 ἢ
1685 1159 1749 1227 δὴ

166 1262 264 1309 καὶ
298 1256 464 1325 μέχρι
495 1256 606 1308 τῶν
629 1255 842 1325 χρόνων
887 1254 1229 1323 παρέμεινεν
1289 1251 1602 1306 Ἰουλιανοί
1640 1252 1750 1303 Καὶ

165 1347 360 1399 καινὸν
386 1344 540 1398 οὐδὲν
568 1346 697 1407 τοὺς
744 1342 920 1396 πάλαι
966 1342 1105 1412 πρὸς
1154 1340 1249 1394 τοῦ
1283 1341 1537 1409 Σωτῆρος
1594 1339 1751 1408 ἡμῶν

165 1438 379 1507 ἀγαθοῦ
404 1454 551 1501 τινος
584 1436 961 1507 μετασχόντας
980 1432 1208 1488 τοιαῦτα
1234 1432 1314 1501 τῷ
1346 1432 1561 1501 Σωτῆρι
1594 1430 1754 1500 ἀμεί-

161 1531 371 1600 ψασθαι
389 1569 407 1586 .

762 1731 1020 1785 ΚΕΦΑΛ.
1051 1730 1173 1798 ις’.

165 1823 307 1892 Περὶ
337 1822 457 1877 τῶν
488 1822 734 1892 μορφῶν
762 1823 882 1877 τῶν
911 1825 1097 1892 ἁγίων
1124 1824 1505 1887 ἀποστόλων,
1527 1825 1752 1879 καὶτοῦ

404 1897 628 1961 θρόνου
656 1896 946 1949 Ἰακώϐου
971 1894 1080 1948 τοῦ
1101 1893 1504 1963 ἁδελφοθέου.

235 2008 415 2061 Ὅπου
450 2026 513 2075 γε
554 2011 647 2061 καὶ
677 2008 789 2061 τῶν
827 2008 991 2078 ἱερῶν
1035 2009 1205 2064 αὐτοῦ
1236 2010 1494 2081 μαθητῶν
1538 2013 1749 2084 Πέτρου

165 2103 264 2155 καὶ
292 2102 508 2153 Παύλου
555 2102 654 2163 τὰς
704 2101 942 2166 εἰκόνας,
987 2102 1066 2154 ἔτι
1094 2102 1153 2154 δὲ
1198 2105 1291 2155 καὶ
1317 2106 1482 2157 αὑτοῦ
1509 2106 1751 2176 Χριστοῦ

161 2197 259 2251 καὶ
292 2197 391 2265 τῆς
421 2197 586 2249 αὐτὸν
633 2196 902 2267 τεκούσης
949 2197 1269 2266 ὑπερφυῶς.
1301 2199 1359 2250 έν
1390 2204 1575 2269 γραφῇ
1610 2219 1753 2272 χρω-

166 2291 361 2357 μάτων
414 2293 494 2349 sic
523 2289 686 2359 δεῦρο
725 2290 1046 2359 σωζομένας
1101 2291 1361 2355 πλείστας
1407 2294 1750 2363 ἀνέγνωμεν,

162 2384 357 2435 Δουκᾶ
389 2383 489 2451 μὲν
542 2384 641 2435 τοῦ
676 2385 981 2437 ἀποστόλου
1035 2385 1270 2456 πρώτως
1299 2387 1471 2450 αὑτὰς
1507 2388 1753 2459 ἀκρεδῶς

162 2475 396 2537 είδυίαις
421 2477 658 2543 γράφειν
689 2478 878 2546 χερσὶν
901 2479 1314 2549 ίστορήσαντος,
1341 2482 1435 2531 καὶ
1464 2486 1559 2533 τοῦ
1586 2483 1752 2551 ἔργον

162 2567 565 2637 κατάρξαντος·
594 2569 787 2623 ἔπειτα
820 2570 878 2626 δὲ
913 2573 1006 2624 καὶ
1038 2572 1144 2625 τῶν
1173 2572 1350 2627 ἄλλων
1379 2574 1627 2644 ἀρχαίων
1652 2576 1750 2629 ἁν-

160 2659 311 2729 δρῶν
340 2664 416 2723 ὼς
451 2663 599 2725 εἰκὸς
629 2658 717 2716 οἷα
746 2667 1020 2735 σωτῆρας,
1049 2666 1243 2735 ἐθνικῇ
1274 2684 1378 2719 τινι
1411 2668 1551 2736 τάχα
1589 2684 1753 2737 συνη-

163 2753 292 2823 θείᾳ
323 2755 708 2819 δουλευόντων,
739 2757 834 2809 καὶ
880 2757 1071 2810 τοῦτον
1120 2758 1186 2826 δὴ
1246 2760 1337 2809 τὸν
1363 2762 1564 2827 τρόπον
1583 2761 1752 2828 τιμᾷν

162 2840 463 2892 εἰωθότων
503 2844 599 2894 καὶ
642 2844 1135 2914 ἀπαραφυλάκτως
1163 2845 1241 2913 (2)
1272 2846 1577 2916 διενεργείν
1606 2849 1753 2900 τοῦτ’

160 2935 305 2987 αὐτὸ
349 2938 859 3005 παραδεδωκότων*
910 2940 1047 3011 ὅπερ
1078 2944 1111 3011 ή
1182 2941 1481 3010 Ἐκκλησία
1542 2942 1753 2996 ἐκεῖθεν

162 3026 434 3092 λαϐοῦσα,
477 3030 559 3091 εἰς
594 3031 738 3099 μέγα
766 3048 825 3083 τε
851 3031 1057 3102 ηὔξησε
1086 3033 1179 3085 καὶ
1222 3033 1489 3098 ἐπέδωκε,
1517 3035 1658 3087 Θεοῦ
1689 3038 1752 3087 τὺ

162 3123 334 3189 ἔργον
355 3124 833 3194 οίκονομήσαντος·
868 3126 929 3179 ού
962 3129 1179 3197 μορφὰς
1194 3127 1249 3181 δὲ
1294 3130 1455 3197 μόνον
1492 3132 1584 3183 καὶ
1620 3132 1752 3201 στή-

1861 601 2133 656 ﬁmbriam
2189 619 2345 657 mrem
2394 605 2660 674 diploidis
2714 609 3052 677 pertigissct,
3103 625 3210 665 non
3259 609 3427 665 altius

1857 695 2320 764 progrediebatur
2356 716 2368 751 :
2408 712 2642 767 eamque
2678 698 2848 753 veluti
2892 715 3106 754 sacram
3150 701 3422 756 fimbriam

1857 796 2087 857 tangens
2115 789 2229 852 illa,
2266 804 2510 859 praesens
2558 791 2827 846 adversus
2876 806 3040 845 omne
3072 808 3245 859 genus
3283 808 3430 851 mor-

1857 877 2055 932 borum
2087 878 2358 937 auxilium
2392 880 2650 934 habuisse
2682 882 2830 934 dicta
2866 878 3148 951 est.407
3181 880 3427 934 Statuam

1858 986 2024 1039 porro
2055 972 2216 1026 istam
2262 989 2292 1026 a
2343 974 2576 1028 muliere
2612 974 2705 1027 illa
2735 974 3022 1044 sanguinis
3051 974 3321 1042 proﬂuvio
3356 974 3434 1026 la-

1858 1062 2117 1124 borante.
2154 1066 2219 1118 ad
2260 1064 2466 1121 Christi
2496 1066 2726 1120 fortnam
2760 1076 2813 1119 et
2845 1067 3091 1121 habitum
3139 1066 3428 1121 conflatam

1856 1168 1999 1217 esse,
2039 1170 2168 1208 vera
2204 1166 2485 1226 certaque,
2512 1173 2633 1225 quae
2657 1158 2723 1211 ad
2759 1174 2860 1212 nos
2890 1158 3168 1227 pervenit,
3196 1158 3426 1212 historia

1859 1245 2108 1299 tradidit.
2143 1247 2323 1315 Atque
2356 1266 2419 1304 ea
2452 1251 2517 1303 ad
2561 1250 2765 1306 Iuliani
2794 1267 2971 1320 usque
3017 1262 3267 1319 tempora
3306 1267 3434 1320 per-

1859 1338 2100 1393 duravit.
2136 1341 2326 1410 Neque
2362 1345 2501 1397 adeo
2534 1346 2734 1398 mirum
2766 1345 2939 1398 videri
2982 1345 3170 1409 debet,
3202 1346 3296 1413 qui
3326 1345 3432 1399 ali-

1859 1430 1991 1501 quid
2024 1431 2282 1487 beneﬁcii
2327 1437 2459 1489 olim
2504 1454 2533 1489 a
2578 1438 2870 1492 Servatore
2908 1449 3099 1491 nostro
3142 1452 3432 1508 accepere,

1858 1537 1954 1576 eos
1983 1538 2082 1591 per
2111 1525 2388 1594 ejusmodi
2407 1536 2767 1581 monumenta
2789 1527 2928 1598 grati
2950 1543 3078 1599 erga
3105 1543 3231 1582 eum
3262 1527 3436 1582 animi

1862 1614 2187 1668 memoriam
2224 1617 2539 1685 reliquisse.

2446 1734 2670 1791 CAPUT
2710 1736 2850 1791 XVI.

1868 1824 1940 1877 De
1982 1826 2155 1896 ﬁgura
2208 1837 2257 1880 et
2303 1828 2471 1895 forma
2516 1836 2823 1882 sanctorum
2852 1831 3236 1896 apostolorum,
3269 1840 3318 1885 et
3375 1836 3444 1883 do

2214 1902 2400 1952 throno
2425 1898 2605 1953 Jacobi
2637 1902 2826 1969 fratris
2856 1900 3087 1955 Domini.

1928 2014 2066 2068 Cum
2132 2013 2298 2068 etiam
2354 2024 2671 2069 sanctorum
2733 2017 3106 2085 apostolorum
3172 2015 3315 2069 Petri
3378 2025 3436 2069 et

1861 2107 2033 2173 l'auii,
2064 2108 2343 2179 ipsiusque
2384 2109 2522 2162 adeo
2557 2109 2789 2172 Christi,
2836 2120 2891 2163 et
2939 2125 3063 2178 quae
3092 2125 3217 2161 enm
3264 2124 3434 2176 supra

1858 2213 2073 2256 natura:
2123 2213 2344 2270 captum
2398 2202 2632 2256 miriﬁce
2688 2202 2879 2271 genuit
2927 2202 3171 2270 Virginis
3217 2202 3432 2265 matris,

1858 2294 2139 2348 coloribus
2166 2293 2520 2348 adumbratas
2553 2294 2844 2361 imagines,
2878 2293 3147 2361 plurimas
3174 2292 3242 2345 ad
3281 2292 3433 2346 hunc

1861 2402 2036 2454 usque
2071 2387 2218 2441 diem
2267 2396 2626 2439 conservatas
2658 2400 2781 2438 esse
2830 2386 3101 2439 norimus.
3132 2387 3211 2439 Ac
3253 2385 3433 2439 Lucas

1858 2480 2083 2545 quidem
2138 2480 2422 2546 apostolus
2467 2479 2677 2547 primus
2711 2479 2859 2547 ipsas
2896 2490 3174 2541 accurate,
3208 2494 3351 2545 opus
3381 2479 3436 2533 id

1858 2586 2111 2634 exorsus,
2150 2571 2405 2623 manilius
2456 2572 2571 2624 suis
2615 2570 2905 2641 depinxit;
2954 2571 3155 2626 deinde
3204 2587 3336 2625 vero
3367 2589 3433 2626 ex

1858 2660 2144 2712 veteribus
2180 2660 2272 2713 alii
2308 2674 2530 2727 quoque
2566 2659 2697 2724 viri,
2744 2675 2846 2729 pro
2878 2675 2948 2714 eo
2978 2670 3145 2729 atque
3190 2678 3287 2730 par
3314 2672 3439 2717 erat

1858 2753 2025 2806 veluti
2076 2763 2385 2807 Servatores
2438 2769 2569 2807 suos
2606 2755 2659 2806 in
2717 2754 2889 2825 signis
2927 2764 2982 2820 et
3030 2755 3265 2823 picturis
3314 2771 3436 2819 aer,-

1858 2852 2075 2906 vantes,
2110 2845 2254 2897 idem
2297 2845 2483 2903 fecere
2512 2861 2525 2897 :
2553 2844 2777 2899 ethnica
2818 2845 3045 2915 quidem
3082 2848 3160 2899 illi
3198 2848 3435 2900 fortasse

1859 2938 2263 2992 consuetudine
2306 2938 2479 2995 ducti.
2515 2948 2573 2993 et
2612 2955 2821 2993 morem
2865 2955 2990 2997 eum
3034 2942 3217 2994 colere
3264 2940 3435 3004 soliti,

1863 3031 2073 3097 absque
2106 3039 2286 3082 tamen
2330 3032 2641 3085 necessaria
2667 3032 3065 3085 observatione
3097 3033 3349 3091 obtinere
3383 3039 3436 3091 id

1862 3121 2237 3176 tradiderunt.
2262 3122 2369 3178 Sed
2401 3123 2648 3178 Ecclesia
2680 3123 2806 3176 inde
2836 3138 3123 3193 acceptum
3168 3130 3344 3196 magis
3371 3146 3436 3185 ac

160 3215 289 3277 λας.
322 3214 459 3267 ἀλλὰ
508 3218 601 3269 καὶ
653 3219 833 3270 πέπλα
886 3220 982 3273 καὶ
1025 3220 1259 3290 ράεδους
1305 3222 1397 3273 καὶ
1443 3222 1749 3290 σκίμποδας

1864 3215 2036 3285 magis
2096 3215 2322 3269 adauxit
2381 3217 2768 3286 (providentia
2832 3218 2926 3272 Dei
2974 3231 3206 3275 curante
3242 3235 3430 3295 atque

158 3309 279 3361 τῶν
315 3312 486 3377 ἁγίων
517 3311 743 3364 ἐκείνων
775 3313 987 3382 ἀνδρῶν
1018 3316 1099 3376 είς
1125 3316 1351 3384 μνήμην
1375 3315 1493 3383 δῆτ’
1522 3316 1752 3370 ἐκείνων

162 3404 406 3471 ἄληστον
429 3404 790 3468 διασώζουσα’
824 3405 967 3458 καθὰ
990 3406 1051 3477 δὴ
1079 3409 1173 3460 καὶ
1197 3408 1289 3459 τὸν
1334 3407 1596 3461 Ἰακώϐου
1629 3409 1755 3479 θρό-

160 3513 258 3545 νον
292 3497 525 3547 ἐπιπο>.ὺ
557 3498 650 3549 τοῦ
686 3499 883 3565 χρόνου
936 3499 1363 3567 πεφυλαγμένον
1411 3500 1749 3570 ἀνέγνωμεν·

159 3586 224 3637 ὃν
252 3586 484 3654 ἀδελφὸν
519 3589 616 3640 μὲν
665 3590 761 3642 τοῦ
804 3592 1010 3660 Κυρίου
1064 3589 1227 3651 εἶναι.
1281 3594 1496 3662 πρῶτον
1526 3595 1582 3645 δὲ
1639 3594 1751 3645 τῶν

171 3678 575 3748 Ἰεροσολύμων
623 3682 947 3748 ἐπίσκοπον,
1000 3684 1142 3754 πρὸς
1177 3686 1346 3738 αὐτοῦ
1389 3686 1628 3753 Χριστοῦ
1656 3687 1752 3739 καὶ

159 3771 279 3823 τῶν
311 3774 629 3825 ἀποστόλων
668 3775 1010 3844 χρηματίσαι
1043 3777 1095 3829 oi
1135 3776 1269 3829 θεῖοι
1311 3777 1459 3844 λόγοι
1510 3780 1750 3847 παραδι-

156 3864 347 3917 δόασι.
380 3864 675 3933 Ιιεριεῑπον
725 3867 833 3935 γὰρ
861 3869 911 3920 οἱ
963 3869 1082 3936 μετ’
1115 3872 1362 3931 ἐκείνους
1396 3872 1609 3923 ἐκείνου
1632 3872 1751 3936 διὰ-

157 3958 339 4026 δοχοι,
366 3960 539 4011 ταῦτα
576 3960 763 4026 σαφῶς
797 3960 1382 4032 έπιδεδειγμένοι,οἵον
1436 3967 1569 4034 περὶ
1622 3966 1750 4025 τοὺς

156 4050 441 4119 θεοφιλεῖς
480 4054 683 4119 ἄνδρας
734 4053 1037 4123 ἀξιόχρεων
1088 4055 1151 4107 τὸ
1197 4056 1361 4117 σέϐας
1411 4054 1701 4118 ἁπέσωζον
1731 4071 1745 4086 ο

158 4146 364 4215 ὥσπερ
408 4146 470 4215 δη
526 4149 620 4197 καὶ
666 4147 725 4209 ἐς
776 4149 927 4215 ἡμᾶς
975 4147 1137 4200 τοῦτο
1188 4148 1332 4215 μάλα
1384 4148 1750 4216 πρεσϐεύεται

161 4238 398 4308 μνήμης
433 4237 596 4289 ἕνεκα
642 4238 853 4290 πολλῶν
888 4238 996 4292 τῶν
1052 4240 1187 4311 παρ’
1229 4243 1364 4311 ἡμῖν
1400 4240 1747 4311 σωζομένων.

171 4330 349 4383 Ἀλλὰ
378 4332 508 4399 περὶ
543 4330 642 4400 μὲν
680 4330 891 4384 τούτων
915 4330 1109 4394 οὕτως.

771 4625 1024 4679 ΚΕΦΑΛ.
1056 4622 1150 4676 ΙΖ’.

155 4720 309 4787 Περὶ
339 4719 468 4796 -τοῦ
523 4719 697 4796 ἁγίου
731 4719 1067 4796 Γρηγορί-οτ)
1107 4717 1214 4796 τρῦ
1275 4718 1633 4796 περιΰρήτοτξ
1682 4721 1753 4772 ἐν

234 4792 565 4857 θαύμασιν,
594 4790 675 4853 ὡς
706 4790 829 4852 τοῖς
869 4790 997 4841 κατ’
1029 4789 1226 4841 ἐκεῖνο
1259 4789 1469 4855 καιροῦ
1510 4792 1743 4856 χρόνοις

233 4860 486 4928 ἤκμαζε.

234 4974 366 5035 Τοῖς
397 4974 454 5026 δὲ
492 4976 631 5026 κατὰ
660 4972 925 5044 Γαλιηνὸν
961 4975 1176 5042 χρόνοις
1213 4973 1428 5041 ἤκμαζε
1458 4976 1548 5026 καὶ
1571 4974 1747 5041 λόγοις

156 5074 263 5123 καὶ
302 5068 627 5135 παραδόξων
643 5068 867 5135 τέρασιν
886 5066 1066 5135 ἔργων
1094 5066 1394 5133 Γρηγόριος
1424 5066 1452 5116 ό
1472 5067 1581 5117 τῶν
1607 5068 1749 5119 κατὰ

156 5164 374 5216 Πόντον
400 5159 708 5226 ἐκκλησιῶν
738 5160 835 5210 σὺν
878 5158 1233 5229 Ἀθηνοδώρῳ
1262 5158 1337 5226 τῷ
1360 5157 1579 5225 ἀδελφῷ
1611 5160 1749 5226 ἡγη-

153 5259 443 5321 σάμενος.
501 5254 599 5319 τῆς
648 5252 1069 5320 Νεοκαισαρὲων
1132 5254 1231 5318 μὲν
1286 5250 1386 5317 τὴν
1442 5251 1747 5319 ἐπισκοπὴν

152 5352 331 5417 ἔχων,
374 5348 474 5417 τήν
530 5364 594 5413 γε
651 5347 759 5413 μὴν
811 5347 919 5398 τῶν
965 5346 1409 5415 κατορθωμάτων
1464 5348 1745 5413 ἐνέργειαν

152 5441 493 5507 ἐπωνυμίαν
523 5442 597 5501 ὼς
649 5442 795 5502 εἰκὸς
850 5439 1319 5508 κληρωσάμενος·
1371 5438 1429 5500 ὃς
1472 5438 1744 5506 Ἑλλήνων

159 5538 271 5586 σιέν
304 5535 410 5600 φὺς
444 5533 717 5598 πατέρων,
747 5534 807 5582 τὸ
837 5532 1000 5590 σέϐας
1039 5531 1318 5596 μετέθετο,
1350 5533 1444 5582 καὶ
1477 5530 1571 5581 ἐπὶ
1609 5530 1745 5598 μᾶλ-

152 5629 254 5680 λον
297 5625 368 5677 τὰ
409 5625 509 5691 τῆς
549 5624 787 5685 πίστεως
822 5622 973 5692 αύτῷ
1017 5621 1274 5694 ηὔξησεν.
1338 5623 1607 5691 Ὠριγένει
1638 5623 1746 5691 γὰρ

1858 3307 2186 3376 disponente
2208 3308 2248 3373 ),
2285 3323 2396 3361 non
2434 3309 2595 3363 modo
2630 3310 2837 3380 clligies
2868 3323 2921 3365 et
2968 3322 3203 3377 statuas,
3237 3330 3431 3370 verum

1862 3404 2027 3455 etiam
2061 3412 2265 3467 vestes,
2292 3402 2543 3468 baculos,
2576 3413 2630 3456 et
2664 3404 2834 3459 lectos
2863 3415 3181 3461 sanctorum
3214 3408 3433 3462 illorum

1856 3499 2105 3551 virorum
2128 3510 2498 3559 conservans,
2532 3496 2600 3551 ad
2639 3500 2961 3551 memoriam
2996 3514 3191 3553 eorum
3232 3501 3437 3568 sempi-

1860 3601 2095 3645 ternam.
2133 3589 2308 3643 Sicuti
2357 3597 2414 3642 et
2445 3587 2634 3644 Jacobi
2682 3591 2942 3642 thronum
2990 3590 3057 3643 ad
3090 3592 3262 3646 multa
3296 3602 3434 3645 tem-

1859 3699 1993 3754 pora
2025 3694 2304 3737 servatum
2338 3696 2459 3736 esse
2489 3683 2720 3746 scimus,
2764 3699 2929 3750 quem
2978 3685 3205 3740 fratrem
3253 3685 3435 3757 ipsum

1856 3777 2097 3839 Domini,
2130 3775 2366 3845 primum
2420 3774 2929 3844 Hierosolymorum
2967 3779 3312 3846 episcopum,
3363 3779 3434 3832 ab

1856 3869 1976 3938 ipso
2006 3866 2232 3922 Christo
2262 3876 2320 3921 et
2349 3868 2615 3936 apostolis
2658 3879 2902 3921 creatum
2941 3882 3088 3928 esse.
3122 3885 3275 3923 sacra
3314 3886 3431 3924 mo-

1854 3968 2121 4015 numenta
2160 3958 2463 4014 tradidere.
2494 3958 2754 4013 Venerati
2782 3968 2912 4013 sunt
2942 3962 3089 4014 enim
3118 3962 3267 4015 hunc
3304 3977 3432 4016 suc-

1855 4068 2107 4110 cessores
2136 4055 2279 4125 ejus,
2312 4060 2655 4107 asservatum
2691 4070 2705 4106 :
2741 4054 2873 4106 satis
2910 4061 3099 4121 aperte
3130 4054 3430 4109 declaran-

1857 4157 1963 4210 tes,
1993 4161 2105 4216 quo
2138 4148 2291 4201 cultu
2337 4156 2393 4200 et
2446 4143 2631 4201 studio
2680 4147 2794 4201 Deo
2841 4147 3075 4201 dilectos
3120 4148 3272 4202 viros
3316 4150 3433 4205 sit:

1856 4242 2160 4311 prosecuti.
2198 4239 2673 4307 Quemadmodum
2730 4239 2785 4293 id
2826 4239 2898 4293 ad
2930 4253 3035 4293 nos
3077 4255 3298 4310 quoque
3339 4250 3429 4298 est

1856 4332 2267 4395 transmissum,
2318 4330 2460 4398 apud
2507 4345 2647 4396 quos
2697 4330 2865 4383 multa
2917 4330 3085 4382 etiam
3143 4334 3426 4387 memorize

1854 4426 2029 4491 gratia
2061 4430 2436 4477 asservantur.
2472 4422 2673 4475 Verum
2705 4421 2773 4474 de
2808 4421 2895 4474 bis
2935 4421 3050 4474 hac
3090 4422 3239 4475 dicta
3268 4422 3423 4477 sum-

1856 4516 2023 4570 ciant.

2317 4627 2486 4699 nos
2517 4626 2745 4683 CAPUT
2785 4624 2953 4681 xvn.

1856 4719 1930 4773 De
1973 4726 2156 4773 sancto
2200 4717 2454 4787 Gregorio
2500 4719 2768 4856 ignara/is
2816 4717 2986 4780 claro,
3036 4726 3090 4768 ut
3148 4733 3212 4770 ea
3270 4724 3428 4772 etate

2549 4791 2765 4841 ornerit.

2549 4791 2765 4841 ornerit.

1924 4968 2136 5022 Galieni
2173 4968 2520 5036 temporibus
2565 4967 2730 5021 simul
2782 4975 2839 5020 et
2883 4965 3137 5019 doctrina
3174 4973 3231 5018 et
3260 4963 3427 5019 mira-

1853 5062 1994 5116 culis
2050 5061 2371 5130 ingentibus
2428 5060 2617 5112 tloruit
2668 5058 3009 5126 Gregorius,
3074 5073 3199 5112 cum
3252 5057 3426 5113 fratre

1849 5154 2209 5210 Athenodoro
2264 5152 2529 5206 ecclesias
2580 5152 2634 5204 in
2699 5152 2873 5205 Ponto
2923 5150 3257 5217 gubernans.
3312 5149 3420 5217 Ipsi

1851 5259 2033 5303 autem
2064 5245 2520 5300 Neocmsariensis
2545 5244 2817 5312 obtigerat
2851 5242 3226 5309 episcopatus,
3259 5249 3316 5294 et
3350 5240 3419 5292 ab

1849 5341 2089 5393 efﬁcacia
2123 5339 2517 5390 miraculorum
2549 5337 2891 5389 edendorum
2924 5347 3229 5401 cognomen
3270 5332 3423 5385 Miriv

1848 5434 1960 5485 ﬁci.
1994 5430 2304 5483 Gentilibus
2338 5439 2518 5482 autem
2567 5428 2786 5498 genitus
2828 5421 3154 5494 parentibus
3198 5420 3424 5491 religio-

1856 5540 1979 5577 nem
2044 5523 2297 5585 tnutat‘it,
2352 5532 2410 5575 et
2470 5523 2524 5575 in
2579 5521 2686 5574 fide
2731 5521 2963 5572 maxime
3013 5516 3250 5586 profecit.
3302 5532 3316 5567 :
3368 5523 3427 5567 et

1857 5619 2201 5672 Alexandriae
2256 5616 2479 5685 Origeni
2538 5631 2761 5685 operam
2813 5615 2985 5678 dans,
3026 5627 3210 5667 sacras
3257 5619 3427 5680 atque

235 5786 320 5852 (Ι)
352 5784 464 5836 Sub
503 5798 566 5833 ea
601 5789 777 5852 statua
813 5779 981 5852 hcr_ba
1010 5777 1448 5852 dissicpaippazo;
1469 5775 1732 5829 excrevit.

1857 5775 1997 5829 JSED.
2035 5772 2130 5826 lib.
2174 5788 2264 5837 vn,
2309 5787 2430 5840 cap.
2468 5772 2577 5839 Η.)

235 5847 320 5925 (2)
368 5850 855 5921 ’Λπαρσ-λλάιιως,
890 5847 1179 5911 Eusebius,
1219 5856 1278 5901 ut
1309 5862 1495 5917 supra.

423 5951 698 6009 Ριτιῖοι.
747 5948 866 6007 Gn.
909 5945 1123 6007 CXLV
1142 5990 1157 6007 .

2914 5934 2984 5998 37
