4184 6440
182 395 326 461 1165

1113 397 1722 459 ECCLESIASTICE
1768 394 2155 455 lllSTORl/E
2197 397 2343 459 LIB.
2383 399 2475 458 VI.

3291 398 3433 461 1⁸166

173 520 239 572 oi
260 518 367 570 οιαὶ
402 517 607 585 Ἰἐρακι
637 515 714 585 τῷ
750 513 871 567 κατ’
904 514 1181 583 Αἴγυπτον
1234 512 1520 582 ἐπισκόπῳ
1561 516 1751 583 ἑορτα-

1860 514 2182 581 opiscopum
2215 515 2441 568 alteram
2487 514 2681 567 festam
2726 515 2841 571 sive
2872 514 3195 572 Paschalem
3224 518 3433 587 episto-

175 610 380 680 στικην
422 610 619 677 ἑτέραν
653 608 978 678 ἐχάραττεν,
1020 609 1077 659 ἐν
1180 608 1277 659 καὶ
1304 608 1402 675 τῆς
1450 607 1571 659 κατ’
1616 606 1763 659 Ἀλεο

173 703 476 773 ξάνδρειαν
503 705 743 763 στάσεως
778 701 971 771 μνείαν
1023 702 1374 771 ποιούμενος,
1403 701 1595 754 τοῦτον
1622 702 1761 753 ὑπι-

171 792 407 861 γορεύει
430 786 433 789 ’
457 792 549 844 τὸν
604 791 806 861 τρόπον
824 812 836 824 ·

772 928 1029 984 ΚΕΟΔΛ.
1069 928 1172 983 18⁸.

173 1036 327 1107 Περὶ
357 1035 471 1105 τῆς
508 1036 581 1090 ἐν
607 1035 1037 1107 Ἀλεξανδρείᾳ
1073 1033 1424 1107 *γενομένης
1481 1030 1759 1098 στάσεως

808 1106 919 1160 τοῦ
943 1104 1121 1160 λαοῦ.

260 1243 282 1275 ι
302 1223 459 1293 Ἐμοὶ
487 1222 546 1276 δέ
572 1222 626 1275 τί
661 1221 995 1290 θαυμαστὸν,
1021 1222 1069 1273 εί
1099 1220 1237 1290 πρὸς
1267 1220 1393 1282 τοὺς
1426 1219 1760 1290 πορρωτέρω

175 1312 577 1375 κατοικοῦντας
606 1312 846 1383 χαλεπὸν
870 1313 930 1365 τὸ
955 1312 1061 1365 κᾶν
1087 1311 1157 1364 δι’
1184 1310 1487 1364 ἐπιστολῶν
1516 1309 1756 1380 ὀμιλείν;

170 1406 274 1457 ὅτε
300 1407 397 1459 καὶ
416 1404 493 1473 τῷ
522 1403 660 1473 πρὸς
686 1403 927 1473 ἐμαυτὸν
964 1403 1114 1471 αὐτῷ
1147 1419 1239 1472 μοι
1271 1400 1644 1469 διαλέγεσθαι,
1664 1402 1759 1454 καὶ

169 1500 245 1565 τῇ
291 1496 400 1566 ίδία
429 1495 579 1566 ψυχῇ
615 1494 1110 1565 συμϐουλεύεσθαι,
1152 1494 1493 1562 καθέστηκεν
1515 1494 1773 1562 ἀπορον;’

172 1588 328 1656 Πρὸς
360 1587 491 1655 γοῦν
516 1589 585 1641 τὰ
634 1586 875 1658 ἐμαυτοῦ
908 1586 1214 1657 σπλάγχνα,
1252 1585 1381 1648 τοὺς
1418 1588 1759 1655 ὁμοσκήνους

169 1676 281 1729 καὶ
308 1676 625 1747 συμψύχους
672 1676 959 1745 ἀδελφοὺς,
994 1677 1090 1730 καὶ
1135 1676 1234 1745 τῆς
1259 1672 1426 1729 αὑτοῦ
1484 1672 1755 1735 πολιτείας

171 1771 279 1821 καὶ
319 1770 675 1838 Ἐκκλησίας,
719 1769 1087 1822 ἐπιστολαιων
1128 1768 1323 1837 δέομαι
1381 1764 1752 1837 γραμμάτων.

171 1859 298 1913 Καὶ
319 1860 473 1913 ταῦθ’
506 1861 656 1947 ὅπως
686 1860 753 1913 ἂν
768 1860 1220 1947 δξαπεμψαίμην,
1251 1859 1534 1927 ἀμήχανον
1567 1854 1754 1925 φαίνει

1860 1859 2140 1928 Ecclesiae,
2191 1864 2445 1933 epistolis
2490 1879 2634 1935 opus
2686 1874 2769 1919 est

167 1969 293 2005 ται.
340 1952 498 2021 Ῥᾷον
524 1934 635 2019 γάῥ
664 1952 730 2005 ἀν
757 1934 839 2013 τις
867 1951 966 2020 οὐχ
1004 1952 1151 2013 ὅπως
1179 1951 1258 2011 είς
1288 1952 1387 2018 τὴν
1442 1947 1753 2015 ὑπερόριον,

173 2045 319 2098 ἀλλᾶ
348 2044 441 2096 καὶ
466 2043 565 2096 ἀπ’
606 2043 909 2097 Ἀνατολῶν
952 2045 1046 2096 ἐπὶ
1076 2042 1296 2111 Δυσμάς
1332 2040 1694 2109 περαιωθείη,
1718 2041 1754 2111 ἢ

174 2138 287 2205 τὴν
355 2135 765 2207 Ἀλεξάνδρειαν
826 2137 923 2190 ἀπ’
980 2138 1153 2207 αὐτῆς
1205 2135 1301 2205 τῆξ
1354 2133 1756 2205 Ἀλεξανδρείας

172 2230 422 2284 ἐπέλθοι.
452 2229 565 2300 Τῆς
597 2232 705 2301 γὰρ
731 2232 940 2301 ἐρήμου
972 2234 1073 2301 τῆς
1124 2229 1322 2299 πολλῆς
1353 2230 1447 2282 καὶ
1497 2227 1756 2297 ἀτριϐοῦς

169 2324 419 2391 ἐκείνης,
450 2322 518 2393 ἢν
555 2323 613 2374 ἐν
655 2321 778 2375 δυσὶ
824 2323 1037 2387 γενεαῖς
1092 2320 1381 2373 διώδευσεν
1423 2321 1453 2371 ὁ
1515 2319 1753 2389 Ἰσραὴλ,

172 2412 388 2484 ἄπορος
440 2412 642 2482 μᾶλλον
680 2414 777 2466 καὶ
823 2411 1023 2473 ἄϐατος
1054 2411 1204 2464 ἐστιν
1232 2412 1265 2477 ἡ
1315 2410 1620 2477 μεσαιτάτη
1655 2409 1754 2479 τῆς

172 2504 391 2565 1πόλεως
430 2504 548 2566 ὁδὸς
613 2506 710 2557 καὶ
757 2504 1035 2572 θαλάσσης
1064 2519 1077 2532 ⁸
1132 2503 1200 2573 ἢν
1239 2504 1439 2555 ἐκεῖνοι
1491 2504 1754 2573 ραγεῖσαν

174 2600 279 2652 καὶ
305 2597 767 2668 διατειχισθετσαν
792 2598 953 2667 ἐσχον
994 2596 1299 2667 ἱππήλατον
1325 2612 1341 2627 ο
1376 2597 1470 2649 καὶ
1493 2588 1568 2648 ὧν
1591 2596 1650 2647 ὲν
1684 2596 1752 2665 τῇ

174 2692 446 2759 λεωφόρῳ
494 2690 1003 2759 κατεποντίσθησαν
1060 2688 1370 2756 Αἰγύπτιοι,
1418 2688 1467 2739 oi
1527 2686 1754 2753 γαληνοὶ

176 2782 280 2834 καὶ
299 2782 602 2850 ἀκύμαντοι
632 2783 854 2850 λιμένες
910 2782 1221 2848 γεγόνασιν,
1270 2777 1436 2831 εἰκὼν
1493 2778 1753 2840 πολλάκις

178 2875 452 2942 φανέντες
478 2875 586 2926 ἀπὸ
616 2872 725 2926 τῶν
766 2875 824 2925 ἐν
873 2872 1058 2935 αὐτοῖς
1114 2874 1314 2939 φόνων,
1372 2866 1484 2923 οἷον
1546 2871 1754 2940 ἐρυθρὰ

177 2965 451 3018 θάλασσα.
487 2966 546 3019 '0
587 2964 632 3017 δ’
661 2964 935 3034 ἐπιρρέων
995 2964 1237 3031 ποταμὸς
1269 2963 1370 3032 τὴν
1406 2962 1559 3015 πόλιν
1620 2962 1753 3015 ποτὲ

181 3059 291 3127 μέν
317 3058 525 3127 ἐρήμου
546 3057 652 3131 ,τῆς
693 3058 924 3127 ἀνύδρου
950 3056 1243 3126 ξηρότερος
1262 3055 1442 3123 ὤφθη,
1477 3056 1575 3109 καὶ
1613 3057 1753 3125 μᾶλα

1866 610 1995 668 lam.
2052 610 2105 661 in
2160 625 2267 678 qua
2314 610 2607 665 seditionis
2656 612 3042 670 Alexandrina:
3093 598 3432 672 mentionem

1867 702 2094 765 faciens,
2119 701 2190 755 ad
2224 702 2371 758 hunc
2398 703 2621 761 modum
2656 705 2854 761 scribit
2885 724 2899 759 :

2445 920 2671 980 CAPUT
2712 924 2857 978 XIX.

2162 1033 2237 1102 De
2264 1034 2517 1087 seditione
2547 1034 2726 1103 populi
2762 1034 3128 1089 Alexandrini.

1939 1230 1957 1262 ι
1990 1212 2131 1278 Quid
2169 1227 2271 1284 ego
2320 1212 2565 1269 admirer
2606 1212 2824 1268 difﬁcile
2855 1228 3000 1280 esse,
3033 1230 3159 1269 cum
3207 1215 3291 1271 eis
3333 1217 3429 1286 qui

1861 1318 2056 1373 magna
2088 1302 2338 1358 locorum
2366 1303 2782 1373 intercapedine
2806 1320 2837 1359 a
2876 1304 3041 1359 nobis
3070 1315 3201 1360 sunt
3228 1305 3431 1373 dissiti,

1859 1410 1959 1465 per
2008 1397 2273 1466 epistolas
2323 1398 2530 1467 agere?
2571 1396 2709 1452 Cum
2764 1397 2819 1451 in
2870 1398 3101 1452 dubium
3155 1401 3429 1463 venerim,

1858 1488 2137 1557 quomodo
2180 1490 2298 1558 ipse
2343 1505 2559 1544 mecum
2613 1490 2923 1561 colloquar,
2972 1498 3029 1545 et
3078 1490 3194 1560 ipse
3231 1492 3430 1545 animai

1860 1594 1994 1634 mea:
2041 1582 2368 1636 consulam?
2416 1581 2497 1636 Ad
2534 1586 2651 1651 ipsa
2696 1582 2845 1637 enim
2891 1582 3105 1637 viscera
3144 1598 3287 1649 mea,
3324 1582 3433 1637 hoc

1857 1679 1964 1736 est,
1996 1672 2065 1726 ad
2094 1674 2292 1726 fratres
2317 1675 2412 1743 qui
2436 1675 2683 1744 ejusdem
2716 1687 2847 1729 sunt
2874 1675 3254 1739 contubernii,
3283 1676 3433 1744 ejus-

1858 1762 1983 1818 dem
2031 1766 2225 1827 animi,
2284 1767 2529 1838 ejusdem
2590 1769 2715 1823 vita
2771 1768 3034 1831 instituti,
3079 1777 3137 1822 et
3181 1769 3429 1839 ejusdem

2821 1882 2834 1918 :
2891 1880 3021 1934 easq
3030 1879 3097 1919 ue
3150 1866 3431 1934 quomodo

1863 1954 2098 2024 perferri
2147 1969 2362 2015 curem.
2398 1955 2596 2010 durum
2642 1968 2700 2010 et
2735 1971 2904 2026 prope
2953 1955 3291 2024 impossibile
3324 1964 3429 2013 est.

1859 2045 2101 2101 Facilius
2144 2062 2381 2117 namque
2425 2046 2627 2117 aliquis
2670 2064 2777 2102 non
2816 2049 2942 2103 dico
2977 2048 3031 2102 in
3066 2048 3429 2117 longinquum

1856 2136 2038 2191 exsilii
2063 2136 2265 2200 locum,
2295 2137 2393 2193 sed
2430 2138 2500 2193 ab
2520 2137 2747 2194 Oriente
2768 2138 2835 2192 ad
2859 2137 3213 2193 Occidentem
3252 2147 3433 2193 trans-

1858 2226 2005 2292 ierit,
2064 2243 2229 2297 quam
2264 2229 2655 2283 Alexandriam
2690 2244 2756 2282 ex
2793 2229 2914 2297 ipsa
2945 2227 3275 2283 Alexandria
3300 2242 3430 2298 per-

1859 2327 2032 2389 agret.
2062 2321 2249 2392 Longe
2283 2323 2490 2392 quippe
2534 2322 2837 2378 solitudine
2871 2322 2964 2375 illa
3003 2323 3222 2376 deserta
3264 2330 3431 2390 atque

1858 2412 2028 2477 invia,
2060 2429 2225 2482 quam
2268 2415 2485 2469 duabus
2528 2414 2785 2469 etatibus
2830 2429 2927 2469 seu
2975 2413 3429 2483 generationibus

1860 2504 1954 2557 lilii
2005 2503 2172 2559 Israel
2227 2506 2695 2574 pertransierunt,
2751 2506 3115 2575 periculosior
3152 2505 3325 2577 διο
3372 2516 3431 2561 et

1858 2595 2177 2665 impeditior
2207 2604 2294 2649 est
2345 2596 2523 2650 media
2554 2597 2792 2651 civitatis
2835 2598 2923 2652 via
2967 2614 2981 2650 :
3018 2607 3074 2651 et
3106 2597 3243 2651 mari
3292 2600 3428 2653 item

1858 2686 1973 2752 illo,
2001 2686 2150 2756 quod
2182 2686 2263 2740 illi
2297 2685 2535 2742 divisum
2585 2697 2643 2742 et
2669 2688 2725 2743 in
2757 2688 3029 2758 parietum
3069 2691 3301 2745 formam
3343 2705 3429 2745 re-

1858 2775 2078 2831 dactum
2136 2778 2245 2832 late
2290 2778 2604 2834 habuerunt
2646 2783 2920 2850 pervium,
2968 2793 3026 2837 et
3070 2784 3243 2853 quieti
3281 2792 3434 2839 tran-

1857 2869 2126 2939 quillique
2167 2880 2605 2939 portus,-eorum
2639 2871 2927 2938 ﬂuctuum,
2959 2876 3015 2929 in
3048 2891 3282 2943 quorum
3313 2887 3430 2930 tra-

1852 2964 2003 3032 jeCtu
2059 2961 2303 3033 Egyptii
2354 2972 2483 3017 sunt
2541 2963 2855 3027 submersi,
2919 2968 3158 3034 speciem
3193 2981 3307 3037 pra
3367 2983 3429 3023 se

1858 3058 2137 3118 tulerunt,
2185 3056 2317 3109 dum
2359 3055 2677 3121 frequenter
2723 3066 2951 3125 propter
2991 3059 3168 3113 cades
3210 3060 3268 3114 in
3318 3062 3429 3116 illis

178 3152 278 3203 λον
306 3149 597 3219 αὐχμώδης
632 3151 870 3219 ἐκείνης,
902 3151 967 3217 ἢν
994 3149 1448 3219 διαπορευόμενος
1472 3151 1501 3201 ὁ
1538 3148 1754 3218 Ἰσραὴλ

1867 3145 2142 3201 iactitatae
2189 3147 2400 3201 similes
2444 3145 2617 3200 Rubri
2670 3149 2836 3202 maris
2879 3160 3277 3218 apparuerunt.
3321 3152 3431 3219 Qui

177 3245 362 3303 οὕτως
390 3242 669 3311 ἐδίψησεν,
716 3242 791 3305 ὡς
828 3243 1002 3311 Μωσῆ
1066 3243 1165 3311 μὲν
1208 3242 1482 3313 καταϐοᾷν
1513 3259 1526 3273 ·
1562 3243 1757 3312 ῥυῆναι

178 3332 239 3383 δέ
268 3332 453 3393 αὐτοῖς
482 3332 633 3399 παρά
679 3332 776 3383 τοῦ
835 3330 1117 3398 θαυμάσια
1156 3330 1436 3392 ποιοῦντος
1480 3330 1645 3398 μόνου
1696 3334 1760 3383 ἐκ

178 3424 397 3493 πέτρας
425 3423 732 3493 ἀκροτόμου
770 3423 954 3475 ποτόν.
987 3423 1125 3475 ﬂor}.
1160 3423 1215 3476 δέ
1246 3422 1500 3485 τοσοῦτος
1544 3423 1761 3491 ὲπλήμ-

183 3532 384 3584 μυρεν,
415 3518 490 3577 ῶς
524 3516 706 3568 πᾶσαν
757 3515 858 3584 τὴν
890 3516 1202 3585 περίχωρον
1241 3516 1339 3577 τὰς
1371 3530 1431 3567 τε
1458 3515 1611 3576 ὀδοὺς
1668 3516 1763 3567 καὶ

183 3611 317 3666 τοὺς
342 3609 548 3676 ἀγροὺς
575 3607 969 3668 ὲπικλύσιντα,
1024 3607 1124 3674 τῆς
1162 3608 1256 3658 ἐπὶ
1287 3606 1409 3658 Νῶε
1462 3606 1761 3675 γενομένης

185 3700 286 3752 τοῦ
321 3701 509 3760 ὓδατος
537 3702 712 3769 φορᾶς
742 3701 1039 3765 ὲπιγαγείν
1066 3700 1317 3767 ἀπειλήν.
1367 3702 1483 3752 Ἀεὶ
1506 3701 1561 3752 δὲ
1596 3701 1761 3769 αἷμα.

183 3811 236 3845 τι
266 3794 361 3845 καὶ
398 3793 580 3861 φόνοις
612 3794 707 3844 καὶ
722 3794 1187 3859 καταποντισμοῖς
1214 3790 1425 3842 κάτεισι
1452 3792 1762 3859 μεμιασμέ-

185 3902 279 3947 νος
311 3901 326 3918 ·
362 3879 471 3947 οἷος
498 3885 604 3936 ὑπὸ
653 3884 826 3953 Μωσῇ
860 3884 1051 3951 γέγονε
1086 3882 1161 3951 τῷ
1188 3884 1385 3949 Φαραὼ
1440 3884 1759 3951 μεταϐαλὼν

183 3979 269 4038 εἰς
303 3972 442 4046 αἷμα
476 3977 570 4027 καὶ
623 3975 915 4039 ἐποζέσας.
948 3977 1058 4029 Καὶ
1114 3978 1267 4028 ποῖον
1316 3976 1515 4047 γένοιτ’
1547 3978 1613 4029 ἂν
1665 3979 1759 4029 τοῦ

184 4073 369 4122 πάντα
404 4068 762 4135 καθαίροντος
786 4066 978 4128 ὓδατος
1028 4066 1171 4133 ὕδωρ
1218 4066 1349 4120 ἀλλο
1408 4066 1756 4135 καθάρσιονς

186 4161 315 4220 Πῶς
336 4160 403 4212 ἀν
433 4163 461 4210 ὀ
490 4159 655 4219 πολὺς
688 4158 780 4210 καὶ
809 4159 1117 4227 ἀπέραντος
1152 4157 1458 4226 ἀνθρώποις
1510 4160 1759 4221 Ὠκεανὸς

181 4251 490 4321 ἐπιχυθεὶς,
524 4250 624 4320 τὴν
644 4251 850 4321 πικρὰν
869 4248 1073 4317 ταύτην
1090 4250 1429 4318 ἀποσμήξειε
1457 4250 1756 4317 οἀλασσαν;

184 4344 253 4394 Ἢ
282 4343 399 4404 πῶς
451 4342 517 4394 ἂν
555 4344 584 4394 ὀ
616 4342 792 4410 μέγας
847 4342 1093 4409 ποταμὸς
1157 4343 1185 4393 ὁ
1227 4342 1662 4411 ἐκπορευόμενος
1702 4345 1760 4410 ἐξ

196 4435 380 4502 Ἐδέμ,
420 4435 514 4486 ἐπὶ
542 4434 642 4496 τάς
677 4435 949 4504 τέσσαρας
977 4435 1155 4503 ἀρχὰς
1194 4436 1273 4496 είς
1320 4435 1386 4495 ἃς
1415 4435 1755 4502 ἀφορίζεται,

1862 3253 1994 3292 vero
2028 3254 2127 3306 per
2168 3240 2359 3293 urbem
2392 3240 2565 3308 ipsam
2616 3239 2837 3309 proﬂuit
2882 3242 3083 3307 amnis,
3132 3242 3432 3312 aliquando

1860 3331 2081 3400 quidem
2120 3332 2274 3394 .solis
2322 3333 2431 3387 illis
2480 3344 2537 3387 et
2586 3335 2867 3404 inaquosis
2915 3336 3088 3401 locis,
3140 3353 3239 3407 per
3288 3355 3432 3408 quos

1861 3421 2023 3478 Israel
2080 3425 2344 3479 incedens
2388 3442 2565 3497 usque
2610 3429 2884 3483 adeo-siti
2926 3441 3009 3485 est
3054 3446 3317 3499 pressus,
3370 3446 3433 3489 ut

1860 3516 2363 3573 adversus'Mosem
2392 3520 2809 3585 vociferaretur,
2837 3533 2896 3576 et
2940 3524 3011 3577 ab
3042 3538 3110 3577 eo
3139 3528 3235 3594 qui
3262 3529 3429 3581 solus

1861 3608 2183 3661 admiranda
2239 3608 2393 3673 facit,
2436 3626 2503 3663 ex
2543 3612 2811 3667 altissima
2856 3626 2912 3668 et
2951 3616 3249 3672 durissima
3288 3634 3428 3688 rupe

1861 3700 2005 3751 unda
2040 3700 2362 3768 proﬂueret,
2405 3704 2559 3757 visus
2592 3715 2676 3760 est
2724 3708 2898 3761 multo
2942 3709 3149 3763 aridior
3204 3711 3434 3765 siccior-

1859 3804 1987 3858 que.
2038 3794 2347 3861 Aliquando
2395 3806 2576 3850 autem
2630 3798 2686 3852 in
2738 3785 2952 3853 tantum
3000 3802 3320 3868 exundavit,
3373 3818 3432 3859 ut

1862 3883 2098 3936 vicinam
2150 3886 2429 3954 regionem
2486 3889 2834 3953 universam,
2887 3894 3119 3962 viasque
3170 3905 3227 3950 et
3271 3912 3432 3965 agros

1861 3988 2052 4029 omnes
2106 3975 2313 4031 diluvio
2370 3979 2641 4046 obruerit,
2700 3998 2934 4053 eamque
2990 4003 3111 4055 quae
3164 3990 3268 4044 sub
3316 3991 3431 4045 Noe

1860 4067 1983 4129 fuit,
2012 4083 2071 4122 se
2092 4085 2246 4138 aqua:
2268 4073 2688 4130 inundationem
2718 4077 3087 4133 adducturum
3114 4097 3235 4136 esse
3257 4087 3431 4138 mina.

1862 4169 1948 4213 tus
1978 4162 2069 4214 sit.
2104 4163 2334 4231 Semper
2357 4168 2613 4233 equidem
2650 4184 2869 4232 cruore.
2902 4174 3144 4228 caedibus
3200 4179 3433 4231 civium-

1860 4267 1964 4318 que
2000 4253 2414 4309 submersorum
2452 4257 2911 4315 suﬂ'ocationibus
2951 4264 3187 4319 infectus
3223 4270 3326 4322 fuit
3377 4282 3431 4323 et

1861 4346 2268 4400 contaminatus
2306 4364 2318 4400 :
2350 4348 2530 4416 qualis
2561 4350 2651 4405 ille
2683 4350 2990 4409 Pharaonis
3024 4371 3119 4421 per
3150 4358 3337 4413 Mosen
3374 4360 3428 4413 in

1859 4440 2181 4506 sanguinem
2232 4458 2571 4507 conversus,
2613 4454 2669 4497 et
2718 4449 3041 4515 sanguinem
3102 4449 3257 4505 olens
3306 4453 3427 4505 fuit.

188 4526 587 4596 μετοχετεύσας
608 4528 687 4587 είς
717 4526 850 4593 μίαν
891 4526 987 4577 τοῦ
1016 4524 1191 4577 Γαιὼν
1236 4525 1542 4578 ἀποπλύνλι
1572 4527 1632 4577 τὸ
1666 4526 1755 4578 λύ-

1860 4530 1989 4595 Qua:
2046 4548 2177 4585 vero
2240 4533 2485 4588 ﬂuminis
2533 4537 2652 4604 ejus
2703 4540 2849 4605 quod
2908 4551 3169 4609 repurgat
3221 4546 3427 4609 omnia,

187 4620 365 4688 θρον;
415 4619 483 4669 Ἢ
544 4617 721 4669 πότεό
768 4616 1133 4685 τεθολωμένος
1189 4619 1292 4669 ὑπὸ
1346 4616 1454 4668 τῶν
1510 4618 1762 4687 πονηρῶν

187 4709 529 4777 πανταχόθεν
551 4707 977 4777 ἀναθυμιάσεων
1003 4708 1111 4777 ἀὴρ
1162 4708 1461 4776 εἰλικρινὴς
1507 4710 1716 4775 γένοιτο
1744 4726 1759 4774 ;

190 4801 441 4854 Τοιοῦτοι
468 4801 579 4868 γὰρ
605 4801 715 4853 ἀπὸ
749 4800 849 4864 τῆς
893 4801 995 4869 γῆς
1027 4800 1193 4869 ἀτμοὶ
1222 4802 1313 4854 καὶ
1350 4802 1458 4853 ἀπὸ
1488 4801 1763 4869 θαλάσσης

188 4894 402 4961 ἄνεμοι,
432 4891 694 4961 ποταμῶν
727 4908 786 4943 τε
837 4887 1003 4961 αὖραι
1040 4895 1133 4944 καὶ
1181 4890 1417 4959 λιμένων
1456 4893 1760 4961 ἀνειλήσεις

189 4982 670 5046 ἀποπνέουσιν,ὼς
724 4983 1050 5051 σηπομένων
1105 4984 1160 5034 ὲν
1206 4985 1339 5035 πᾶσι
1376 4987 1486 5045 τοῖς
1538 4987 1762 5036 ὑποκει-

196 5079 379 5143 μένοις
412 5074 700 5144 στοιχείοις
728 5075 959 5142 νεκρῶν,
1014 5075 1187 5143 ίχῶρα
1219 5072 1357 5127 εἶναι
1389 5076 1486 5137 τὰς
1513 5076 1759 5143 δρόσους.

194 5165 329 5218 Εἶτα
378 5166 720 5231 θαυμάζουσι
754 5166 846 5217 καὶ
874 5165 1195 5236 διαποροῦσι
1229 5167 1389 5217 πόθεν
1420 5169 1467 5218 οἱ
1522 5171 1761 5234 συνεχεῖς

189 5257 373 5326 λοιμοί
408 5273 424 5289 ο
462 5258 628 5309 πόθεν
655 5258 712 5309 αί
736 5258 971 5325 χαλεπαὶ
993 5260 1138 5310 νόσοι
1170 5275 1183 5289 ·
1217 5259 1382 5310 πόθεν
1412 5261 1467 5310 ai
1500 5260 1761 5312 παντοδα-

192 5353 296 5404 παὶ
328 5349 560 5419 φθοραί·
590 5351 755 5403 πόθεν
783 5353 1067 5414 ὁποικίλος
1104 5357 1195 5405 καὶ
1223 5353 1388 5416 πολὺς
1426 5352 1531 5404 τῶν
1556 5353 1764 5422 ἀνθρώ-

192 5458 311 5493 πων
347 5441 568 5510 δλεθρος
601 5458 615 5507 ;
643 5441 732 5493 διὰ
762 5440 816 5492 τί
844 5429 1046 5511 μηκέτι
1064 5443 1287 5495 τοσοῦτο
1320 5444 1522 5510 πλῆθος
1549 5445 1764 5511 οἰκητό-

197 5550 305 5601 ρων
337 5533 370 5601 ή
403 5532 636 5601 μεγίστη
671 5532 826 5592 πόλις
872 5534 929 5583 ὲν
959 5533 1095 5603 αὐτῇ
1152 5536 1331 5604 φέρει,
1389 5537 1497 5586 ἀπὸ
1557 5536 1765 5603 νηπίων

192 5625 475 5693 ἀρξαμένη
505 5624 710 5675 παίδων
738 5624 900 5692 μέχρι
915 5625 1023 5676 τῶν
1056 5628 1134 5687 εἰς
1153 5627 1321 5693 ἀκρον
1336 5628 1728 5695 γεγηρακότων
1750 5643 1762 5656 ·

192 5715 349 5776 dolo;
380 5715 762 5782 ὠμογέροντας
786 5715 877 5776 οὓς
906 5715 1090 5767 ἐκάλει
1114 5718 1378 5787 πρότερον
1403 5718 1582 5780 ὄντας,
1619 5720 1767 5785 ἔτρε-

194 5824 293 5874 φεν
324 5823 340 5872 ;
376 5807 561 5859 Ἀλὶοι
598 5810 1132 5877 τεσσαρακοντουται
1194 5827 1286 5862 και
1345 5811 1507 5880 μέχρι
1560 5810 1667 5863 τῶν
1725 5805 1764 5863 ο⁰

1866 4624 2174 4691 reperietur
2221 4626 2491 4692 espiatrix
2538 4629 2728 4682 unda?
2774 4632 3063 4695 Quomodo
3109 4635 3275 4688 etiam
3331 4638 3432 4688 im-

1866 4729 2090 4767 mensus
2119 4726 2175 4767 ct
2205 4716 2517 4771 honuniltus
2542 4718 2975 4787 importni-abilis
2996 4724 3270 4787 Oceanus,
3302 4729 3433 4782 huic

1864 4804 2209 4870 superfusus,
2270 4823 2519 4861 amarum
2577 4810 2677 4862 hoc
2720 4810 2935 4866 deteret
2980 4825 3145 4884 atque
3191 4818 3435 4874 abolebit

1867 4897 2131 4963 polagus?
2178 4900 2285 4950 Aut
2325 4900 2601 4966 quomodo
2640 4904 2836 4970 ingens
2875 4906 2963 4959 ille
2998 4906 3195 4962 ﬂuvius
3240 4916 3331 4978 qui
3368 4929 3430 4965 ex

1867 4989 2031 5041 fidem
2066 4991 2366 5057 egreditur,
2408 4992 2452 5043 si
2494 5003 2732 5060 quatuor
2764 4998 2959 5065 capita,
3009 5000 3061 5051 in
3090 5018 3210 5067 quea
3239 5004 3436 5057 dividi-

1867 5091 1977 5145 tur,
2014 5083 2066 5135 iu
2102 5098 2269 5136 unum
2302 5094 2487 5152 caput,
2522 5100 2721 5154 nempe
2756 5091 2813 5140 in
2856 5090 3071 5143 alveum
3104 5093 3251 5147 Geon
3297 5097 3435 5150 deri-

1869 5182 1976 5234 vol,
2026 5186 2312 5228 cruentam
2362 5176 2547 5230 abluet
2583 5172 2793 5233 saniem
2821 5181 2844 5231 ?
2875 5184 3159 5245 Quomodo
3197 5188 3434 5255 denique

1866 5278 1995 5322 uer.
2050 5278 2079 5315 a
2146 5264 2386 5317 cladium
2456 5266 2659 5334 ubique
2717 5278 2990 5322 tantarum
3048 5274 3435 5341 impurissimis

1866 5354 2310 5409 exlmlutiouibus
2336 5357 2569 5413 inlectus
2589 5369 2754 5428 atque
2781 5361 3042 5426 pollutus,
3069 5370 3437 5434 purgabilur?

1868 5443 2027 5496 'l‘auli
2062 5462 2089 5495 ιι
2130 5456 2271 5498 terra
2300 5462 2549 5514 vapores,
2572 5464 2600 5502 a
2632 5452 2766 5503 mari
2799 5453 2966 5517 venti,
2997 5472 3023 5506 ιι
3055 5455 3233 5509 ﬂuviis
3262 5473 3431 5524 aurae,

1867 5552 1895 5587 ιι
1949 5536 2216 5602 portubus
2266 5542 2564 5593 crassiores
2615 5543 2830 5597 nebula:
2872 5534 3146 5611 feruntur,
3193 5557 3251 5601 ut
3285 5550 3434 5602 tabe-

1871 5628 2150 5681 scentibus
2199 5645 2262 5681 ac
2311 5630 2716 5693 difﬂuentibus,
2770 5635 2823 5686 in
2866 5635 3128 5688 omnibus
3165 5637 3435 5704 subjectis

1868 5721 2177 5784 elementis,
2212 5726 2599 5787 cadaveribus,
2630 5742 2829 5780 cruore
2863 5737 3025 5781 roret.
3066 5727 3128 5780 Et
3159 5730 3437 5782 admiran—

1873 5824 1948 5865 tui
1992 5813 2171 5867 adhuc
2212 5825 2267 5869 ct
2304 5818 2577 5882 dubitant,
2611 5819 2754 5872 unde
2784 5832 3057 5874 continua:
3110 5822 3435 5890 proveniant
