4184 6440
189 373 253 438 11
267 375 340 435 69

1130 385 1737 448 ECCLESIASTlC/E
1773 391 2168 452 HlSTORI/E
2211 393 2362 455 LIB.
2411 392 2506 451 Η.

3311 392 3453 458 11Ἷο

197 487 554 556 ἀφειδοῦντες
576 493 783 546 ὶαυτῶν
823 495 916 548 καὶ
956 498 1202 566 ἀλλήλων
1233 503 1502 571 ἐχόμενοι,
1559 507 1771 557 ἐπισκο-

1883 515 2047 576 atquc
2088 507 2215 571 alia,
2251 508 2574 562 exercitium
2623 517 2784 575 atque
2837 508 3164 576 exploratio.
3215 509 3332 562 Non
3369 511 3460 564 illa

193 578 432 640 ποῦντις
463 581 796 646 ἀφυλάκτως
829 585 957 647 τοὺς
998 588 1306 654 νοσοῦντας,
1343 593 1590 662 λιπαρῶς
1639 597 1777 669 ὑπη-

193 671 540 739 ρετούμενοι,
571 673 971 744 θεραπεύοντες
1003 680 1059 729 ὲν
1116 681 1356 750 Χριστῷ,
1401 688 1774 750 συναπηλλάτ-

189 781 354 817 παντο
411 769 684 832 -ἑκείνοις,
755 772 1138 837 ἀσμενέστατα
1207 776 1300 828 τοῦ
1375 778 1507 846 παρ’
1573 781 1778 848 ἑτέρων

191 858 687 926 ἀναπιμπλάμενοι
720 862 951 926 πάθους,
993 865 1086 918 καὶ
1119 866 1220 931 τὴν
1247 867 1401 919 νόσον
1431 870 1515 936 ἐφ’
1547 871 1775 934 ἑαυτοὺς

190 950 447 1012 ῑλκοντες
466 953 573 1004 ἀπὸ
595 953 705 1004 τῶν
753 956 1006 1023 πλησίον,
1063 958 1156 1010 καὶ
1205 959 1421 1021 ἑκόντες
1465 963 1777 1030 ὰιιαμασσό-

191 1059 352 1106 μενοι
393 1045 492 1106 τὰς
521 1045 824 1111 ἀλγηδόνας
862 1064 872 1074 ·
924 1052 1018 1102 καὶ
1063 1051 1254 1102 πολλοὶ
1304 1057 1776 1122 νοσοκομήσαντες

190 1132 291 1183 καὶ
331 1133 603 1199 ῥῶσαντες
633 1138 876 1207 ἑτέρους,
905 1139 1288 1209 ἐτελεύτησαν,
1322 1144 1483 1195 αὑτὸν
1515 1147 1606 1196 τὶν
1633 1149 1776 1199 ὲκεί-

190 1241 301 1272 νων
329 1223 556 1277 θάνατον
581 1228 658 1288 είς
674 1229 907 1291 ἑαυτοὺς
929 1235 1431 1302 μεταστησάμενοι,
1463 1237 1555 1288 καὶ
1587 1237 1646 1289 τὸ
1682 1240 1775 1307 δη·-

193 1313 371 1377 μῶδες
409 1315 557 1383 ῥῆμα
591 1319 760 1386 μόνης
787 1320 878 1372 ἀεὶ
894 1319 1084 1374 δοκοῦν
1109 1321 1509 1394 φιλοφροσύνης
1530 1326 1772 1396 ἔχεσῡαι,

189 1404 340 1473 ἔργῳ
365 1407 430 1476 δὴ
458 1410 580 1459 τότε
626 1410 986 1480 πληροῦντες,
1041 1414 1295 1478 ἀπιόντες
1335 1418 1553 1470 πάντων
1596 1420 1774 1472 αὐτῶν

192 1500 508 1568 περίψημα.
542 1503 603 1553 υί
629 1503 761 1568 γοῦν
799 1505 1014 1573 ἄριστοι
1059 1508 1168 1558 τῶν
1198 1509 1328 1578 παρ’
1368 1513 1498 1578 ἡμῖν
1527 1510 1774 1580 ἀδελφῶν

191 1591 382 1643 τοῦτον
411 1594 504 1644 τὸν
535 1597 738 1664 τρόπον
767 1598 1118 1670 ἐξεχώρησαν
1150 1601 1244 1654 τοῦ
1274 1601 1414 1670 Bion,
1467 1606 1774 1674 πρεσῦύτε-

195 1686 279 1753 ροί
306 1685 364 1735 τέ
394 1703 538 1748 τινες
568 1689 664 1740 καὶ
684 1689 945 1752 διάκονοι,
978 1697 1074 1744 καὶ
1092 1693 1203 1746 τῶν
1225 1696 1333 1746 ἀπὸ
1360 1695 1454 1746 τοῦ
1494 1696 1626 1750 λαοῦ
1655 1697 1774 1749 λίαν

195 1779 582 1847 ἐπαινούμενοι
608 1798 622 1811 ο
651 1783 725 1844 ὡς
757 1786 853 1835 καὶ
888 1784 982 1837 τοῦ
1007 1785 1239 1838 θανάτου
1295 1787 1453 1841 τοῦτο
1507 1792 1566 1841 τὸ
1609 1787 1771 1853 εἶδος,

191 1870 282 1923 διὰ
309 1874 510 1942 πολλὴν
541 1875 824 1927 εὐσέϐειαν
857 1879 951 1930 καὶ
979 1881 1163 1930 πίστιν
1207 1882 1428 1949 ίσχυρὸν
1459 1883 1771 1949 γενόμενον,

195 1964 363 2031 μηδὲν
395 1965 614 2029 ἀποδεῖν
639 1970 944 2038 μαρτυρίου
971 1970 1174 2026 δοκεῖν.
1212 1972 1325 2023 Καὶ
1353 1972 1421 2025 τὰ
1451 1973 1684 2042 σώματα
1717 1974 1773 2026 δὲ

190 2057 301 2106 τῶν
330 2057 502 2124 ἁγίων
527 2059 747 2122 ὑπτίαις
777 2063 938 2129 χερσὶ
971 2065 1070 2116 καὶ
1106 2065 1329 2126 κόλποις
1359 2065 1772 2134 ὑπολαμϐάνον-

190 2164 305 2210 τες,
337 2148 729 2218 καθαιροῦντες
754 2168 813 2203 τε
827 2152 1166 2222 ὀφθαλμοὺς,
1201 2156 1294 2206 καὶ
1342 2159 1588 2226 στόματα
1645 2173 1774 2226 συγ-

191 2241 487 2306 κλείοντες,
522 2245 938 2312 ῶμοφοροῦντές
964 2264 1024 2299 τε
1078 2251 1174 2301 καὶ
1220 2249 1574 2314 διατιθέντες,
1607 2265 1772 2319 προσ·

193 2337 523 2406 κολλώμενοι
557 2376 572 2402 ,
652 2339 1132 2410 συμπλεκόμενοι,
1225 2343 1469 2413 λουτροῖς
1547 2362 1607 2397 τε
1676 2346 1772 2400 καὶ

191 2431 538 2498 περιστολαῖς
575 2434 1075 2501 κατακοσμοῦντες,
1136 2437 1276 2505 μετὰ
1310 2438 1508 2507 μικρὸν
1536 2437 1770 2507 ἐτύγχα-

193 2533 280 2568 νον
311 2517 418 2568 τῶν
453 2519 604 2583 ῖσων,
634 2521 722 2574 ἀεὶ
749 2523 858 2575 τῶν
917 2524 1364 2594 ὑπολειπομένων
1391 2529 1772 2597 ,ἐφεπομένων

189 2615 303 2671 τοῖς
341 2613 446 2680 πρὸ
467 2613 668 2668 αὐτῶν.
699 2615 782 2668 Τὰ.
806 2617 862 2669 δέ
892 2635 950 2684 γε
980 2620 1110 2688 ἔθνη
1143 2621 1251 2672 πᾶν
1284 2621 1640 2672 τούναντίον“⁶
1679 2623 1772 2674 καὶ

190 2706 367 2755 νοσεῖν
397 2707 735 2774 ἀρχομένους
789 2709 1110 2763 ἀπωθοῦντο
1141 2725 1156 2740 ⁶
1187 2715 1281 2765 καὶ
1299 2714 1614 2781 ἀπέφευγον
1646 2715 1772 2776 τοὺς

192 2793 483 2859 φιλτάτους
511 2811 525 2824 ’
558 2797 653 2848 καὶ
676 2799 732 2847 ἐν
765 2801 886 2860 ταῖς
911 2799 1051 2862 ὁδοῖς
1099 2799 1360 2870 ἔρριπτον
1420 2804 1726 2872 ἡμιθνῆτας
1753 2819 1767 2833 ·

191 2881 289 2933 καὶ
319 2884 547 2950 νεκροὺς
576 2886 818 2952 ἀτάφους
846 2886 1372 2953 ἀπεσκυὸαλίζοντο,
1407 2893 1509 2959 τὴν
1534 2892 1632 2943 τοῦ
1671 2891 1770 2945 θα-

191 2974 357 3024 νάτου
395 2973 630 3026 διάδοσιν
664 2979 758 3028 καὶ
789 2980 1078 3031 κοινωνίαν
1102 2981 1500 3050 ἐκτρεπόμενοι
1526 3000 1538 3013 ·
1581 2985 1648 3053 ἢν
1669 2986 1770 3038 οὐκ

189 3063 259 3135 ἦν
287 3066 573 3120 καὶπολλὰ
605 3073 1020 3139 μηχανωμένοις
1044 3073 1288 3125 ἐκκλῖναι
1321 3075 1522 3142 ράδιον.
1562 3095 1580 3126 ι
1615 3078 1769 3130 Μετά

1883 598 2108 666 quidem
2148 613 2177 650 a
2203 598 2362 652 nobis
2390 598 2674 659 abstinuit,
2698 596 2863 669 412
2891 613 3078 652 verum
3125 600 3298 652 multo
3339 613 3461 652 ma-

1885 691 2027 743 xime
2051 689 2102 742 in
2137 697 2325 758 gentes
2352 699 2435 742 est
2459 700 2721 758 grassata.
2761 708 2777 738 ι
2813 689 3082 758 Deinceps
3109 692 3223 744 haec
3251 690 3456 744 infert:

1890 800 1907 832 ι
1957 782 2180 835 Plurimi
2213 781 2395 849 itaque
2428 784 2644 844 fratres,
2684 797 2784 850 pro
2814 782 3103 836 excellenti
3137 799 3237 836 suo
3269 799 3456 838 amore

1883 883 1938 926 et
1978 873 2214 926 fraterna
2249 877 2538 936 charitate,
2579 875 2682 926 sibi
2737 874 2869 940 ipsis
2907 889 3014 926 non
3063 884 3370 942 parcentes,
3404 888 3460 930 et

1881 963 2023 1018 alius
2067 964 2137 1017 ab
2169 963 2277 1017 alio
2331 963 2568 1017 invicem
2629 965 2832 1018 animis
2881 963 3252 1033 dependentes
3282 1006 3296 1028 ,
3338 965 3458 1018 sine

1882 1066 2028 1109 metu
2063 1057 2211 1109 omni
2259 1065 2492 1125 a'grotos
2520 1056 2862 1109 visitarunt:
2912 1064 2968 1109 et
3026 1071 3223 1123 magno
3276 1057 3459 1111 studio

1880 1156 1937 1200 et
1961 1160 2093 1199 cura
2126 1145 2234 1199 illis
2283 1146 2337 1199 in
2367 1144 2594 1200 Christo
2637 1146 3024 1209 inservientes,
3052 1162 3158 1198 una
3194 1161 3316 1199 cum
3351 1146 3458 1200 illis

1883 1238 2087 1292 mortui
2145 1249 2311 1303 sunt,
2362 1253 2629 1308 perquam
2695 1237 2931 1292 libenter
2982 1238 3214 1292 aliorum
3267 1239 3456 1293 dolore

1881 1331 2094 1399 seipsos
2131 1331 2445 1400 implentes.
2491 1332 2861 1400 inorbumque
2888 1331 3262 1400 proximorum
3292 1331 3345 1384 in
3397 1347 3456 1386 se

1882 1421 2282 1489 pertrahentes,
2339 1437 2402 1476 ac
2436 1438 2544 1474 non
2593 1432 2816 1490 gravate
2847 1421 3066 1476 dolores
3117 1421 3453 1491 mitigantes.

1879 1514 2033 1567 Multi
2074 1523 2331 1568 curantes
2359 1523 2526 1582 atque
2571 1513 2964 1568 confirmantes
2991 1513 3148 1577 alios,
3199 1514 3301 1581 ipsi
3353 1514 3458 1568 de-

1877 1615 2183 1670 cesserunt,
2204 1617 2435 1660 mortem
2467 1607 2684 1658 illorum
2712 1609 2763 1658 in
2794 1607 3006 1674 seipsos
3036 1605 3452 1660 transferentes.

1877 1694 1952 1748 Ita
1979 1695 2254 1764 vulgatum
2303 1694 2438 1748 illud
2471 1695 2726 1758 verbum,
2764 1696 2911 1762 quod
2947 1695 3226 1748 comitatis
3280 1696 3456 1748 solius

1876 1795 1930 1839 et
1961 1786 2355 1863 benevolentiae
2381 1801 2599 1852 semper
2615 1790 2793 1842 visum
2824 1796 2928 1847 est,
2957 1786 3112 1840 factis
3141 1796 3252 1839 tum
3283 1786 3458 1839 adim-

1881 1878 2120 1947 plerunt,
2156 1877 2287 1931 dum
2318 1876 2385 1931 ad
2426 1893 2550 1930 eum
2587 1877 2811 1931 modum
2844 1877 3196 1940 decedentes,
3226 1893 3283 1931 se
3313 1878 3458 1946 peri-

1882 1984 2068 2039 psema
2119 1969 2198 2040 (Ι)
2252 1971 2499 2024 omnium
2552 1984 2672 2022 esse
2719 1967 3083 2023 declararent.
3135 1968 3248 2022 lloc
3300 1979 3479 2035 pacto.

1879 2061 2076 2129 optimi
2106 2060 2253 2131 apud
2301 2077 2405 2115 nos
2439 2061 2656 2123 fratres,
2684 2059 2990 2128 presbyteri
3011 2061 3179 2113 etiam
3208 2060 3452 2127 quidam,

1877 2168 1934 2210 et
1957 2156 2200 2217 diaconi,
2231 2167 2287 2209 et
2326 2170 2392 2210 ex
2425 2155 2582 2223 plebe
2613 2154 2978 2208 laudatissimi
3007 2153 3324 2222 q.uique,ex
3352 2152 3454 2205 bac

1879 2229 1988 2301 vita
2021 2248 2404 2316 cmigrarunt:
2460 2257 2517 2299 ut
2561 2244 2670 2312 jam
2713 2245 2765 2298 id
2798 2259 2974 2314 genus
3008 2244 3199 2296 mortis
3251 2243 3452 2310 pietate

1879 2341 2051 2394 multa
2090 2352 2149 2393 et
2200 2338 2307 2392 fide
2338 2337 2680 2400 roboratum,
2728 2351 2834 2388 non
2871 2335 3101 2389 multum
3167 2333 3453 2387 videretur

1885 2437 2082 2490 abesse
2114 2450 2144 2488 a
2173 2433 2464 2506 martyrio.
2499 2434 2563 2486 Et
2602 2440 2917 2486 sanctorum
2950 2429 3215 2484 cadavera
3253 2427 3328 2480 illi
3368 2442 3454 2478 su-

1880 2529 2024 2598 pinis
2056 2527 2310 2582 manibus
2327 2536 2382 2581 et
2403 2525 2527 2580 sinu
2546 2526 2825 2594 excipere,
2856 2521 3045 2577 oculos
3063 2519 3449 2589 comprimere,

1878 2637 1973 2674 ora
2001 2620 2279 2684 claudere,
2331 2619 2387 2671 in
2437 2617 2700 2672 humeros
2734 2615 2948 2678 tollere,
2987 2629 3316 2682 componere
3337 2652 3352 2675 ,
3381 2612 3449 2664 ad

1879 2727 1938 2766 se
1967 2711 2265 2781 applicare,
2304 2708 2616 2779 complecti,
2663 2709 2870 2770 lavare,
2903 2707 3154 2762 vestibus
3186 2705 3452 2758 funerali-

1877 2803 1982 2857 bus
2011 2818 2299 2866 exornare,
2333 2810 2390 2856 et
2438 2799 2603 2870 paulo
2648 2808 2772 2868 post
2813 2798 3008 2868 aequali
3069 2807 3220 2851 sorte
3259 2796 3447 2865 potiri.

1875 2895 2314 2963 superstitesque
2344 2905 2442 2946 eos
2476 2892 2572 2960 qui
2604 2899 2999 2960 praecesserant
3043 2890 3227 2944 statim
3260 2887 3452 2941 subse-

1875 2987 1991 3057 qui.
2015 2983 2220 3039 Gentes
2256 2999 2422 3053 porro
2465 2993 2661 3038 contra
2701 2982 2891 3036 omnia
2921 2981 3193 3043 fecerunt,
3226 2995 3322 3034 eos
3355 2980 3450 3048 qui

1870 3091 2139 3152 aegrotare
2199 3080 2501 3149 coepissent
2537 3077 2930 3148 propellentes,
2978 3083 3035 3130 et
3093 3075 3452 3129 charissimos

188 3159 246 3210 δὲ
271 3159 442 3212 ταῦτα
473 3161 906 3229 εἰρηνευσάντων
932 3160 1041 3215 τῶν
1071 3167 1214 3218 κατὰ
1262 3167 1362 3234 τὴν
1426 3169 1580 3220 πόλιν
1651 3172 1768 3230 τοῖς

1877 3189 2124 3244 quosque
2174 3173 2522 3242 refugientes,
2582 3171 2971 3225 semimortuos
3023 3171 3077 3223 in
3130 3169 3246 3224 vias
3305 3180 3450 3223 sten

190 3252 335 3303 κατὰ
385 3253 485 3320 τὴν
536 3253 811 3321 Αἴγυπτον
881 3256 1153 3322 ἀδελφοῖς,
1206 3260 1567 3328 ἑορταστικὴν
1607 3260 1766 3324 αὖθις

191 3344 495 3397 ἐπιστέλλει
553 3348 817 3416 γραφήν
885 3350 977 3401 καὶ
1048 3351 1166 3418 μετ’
1217 3352 1433 3422 ἐκείνην
1493 3353 1769 3423 διαφόροις

191 3438 372 3498 ἄλλοις
408 3438 636 3506 ἔγραφε.
664 3441 773 3492 Καὶ
803 3443 933 3509 περὶ
948 3443 1230 3496 Σαὸὅάτου
1264 3446 1320 3498 δὲ
1355 3446 1522 3497 αὐτοῦ
1583 3447 1768 3516 γραφὴ

191 3536 442 3601 φέρεται,
465 3535 560 3584 καὶ
593 3533 721 3600 περὶ
764 3537 1068 3601 γυμνασίου
1103 3537 1239 3606 ἄλλη
1270 3554 1282 3565 ·
1343 3542 1436 3589 καὶ
1465 3539 1601 3604 πρὸς
1652 3537 1771 3606 Ἐρ-

195 3627 434 3692 μὰμωνα
455 3626 533 3686 δὲ,
565 3626 796 3686 καὶτοῖς
826 3629 951 3678 κατ’
984 3631 1260 3694 Αἴγυπτον
1290 3630 1496 3698 ὁμιλῶν
1533 3631 1599 3680 δι’
1653 3633 1772 3682 ἐπι-

194 3723 417 3790 στολῆς,
452 3725 544 3774 καὶ
575 3723 708 3776 ἄλλα
750 3726 848 3791 μεν
881 3740 1068 3792 φησιν,
1103 3725 1242 3778 ἀλλὰ
1289 3729 1385 3777 καὶ
1418 3727 1550 3800 περι
1578 3727 1770 3776 Δεκίου

193 3819 293 3868 καὶ
323 3817 527 3868 Γάλλου
590 3816 685 3866 καὶ
721 3816 824 3883 τῆς
857 3817 1233 3886 κακοτροπίας
1292 3816 1470 3869 αὐτῶν
1524 3816 1767 3880 διέξεισι.

193 3902 309 3971 Τῆς
333 3904 544 3958 δὲκατὰ
573 3907 662 3958 τὸν
695 3907 955 3975 Γαλιηνὸν
986 3909 1208 3978 εἰρήνης
1235 3907 1425 3976 μνείαν
1443 3911 1695 3960 ποιεῖται.

1873 3280 2089 3330 nentes,
2139 3275 2385 3318 mortuos
2425 3263 2731 3332 insepultos
2787 3263 3176 3333 projicientes,
3223 3276 3447 3316 succes-

1871 3358 2194 3426 sionemqne
2241 3365 2298 3410 et
2371 3355 2812 3411 communionem
2867 3357 3064 3412 mortis
3093 3365 3450 3419 aversantes,

1871 3464 2038 3517 quam
2068 3458 2246 3501 tamen
2272 3448 2624 3516 quantumvis
2648 3448 2816 3500 multa
2847 3449 3202 3502 molientibus
3237 3448 3448 3502 evitare

1872 3541 2034 3596 facile
2097 3519 2204 3594 non
2251 3549 2391 3593 erat.
2437 3559 2454 3589 ι
2495 3538 2702 3593 Deinde
2751 3555 2876 3594 cum
2913 3541 3024 3610 jam
3065 3555 3141 3594 ea
3199 3540 3252 3592 in
3314 3540 3450 3592 urbe

1874 3634 2176 3702 pacatiores
2200 3642 2383 3686 essent
2406 3647 2514 3694 res,
2545 3631 2840 3700 Dionysius
2878 3632 2944 3683 ad
2973 3633 3168 3684 fratres
3203 3630 3254 3682 in
3283 3628 3447 3697 :Egy-

1874 3735 1968 3793 pto
2022 3725 2341 3779 Pasclialem
2383 3727 2718 3794 epistolam,
2770 3733 2827 3778 et
2899 3739 3092 3776 rursus
3143 3723 3265 3774 aliis
3317 3721 3452 3773 alias

1872 3817 2117 3886 scripsit.
2150 3817 2552 3871 Circuml'ertur
2582 3819 2744 3871 etiam
2777 3819 2899 3887 ejus
2925 3818 2994 3870 de
3041 3816 3278 3870 Sabbato
3313 3813 3450 3865 scii-

1877 3918 2054 3978 ptum,
2083 3919 2139 3962 e'.
2166 3910 2312 3963 aliud
2338 3910 2405 3963 de
2437 3910 2700 3963 exercitio
2731 3930 2742 3962 :
2769 3921 2824 3964 et
2860 3911 2926 3962 ad
2969 3908 3447 3962 Hennammonem

193 4002 500 4068 fratiesque
524 3999 808 4070 Aigyptios
836 4003 1048 4056 litteras
1095 4003 1363 4068 scribens,
1397 4002 1539 4056 inter
1570 4003 1676 4055 alia
1735 4002 1802 4056 de
1846 4001 2008 4057 Decio
2043 4020 2100 4057 ct
2129 4002 2303 4065 Gallo,
2335 4005 2632 4074 pravisque
2660 4019 2852 4058 eorum
2881 4003 3130 4056 moribus
3190 4002 3449 4071 pleraque

191 4106 629 4156 commemorat:
670 4105 725 4148 et
761 4096 1171 4162 tranquillitatis
1226 4110 1348 4163 qua:
1393 4096 1494 4150 sub
1539 4094 1768 4149 Galieno
1809 4095 1931 4161 fuit,
1966 4100 2303 4152 mentionem
2337 4099 2488 4154 facit.

760 4217 1016 4272 ΚΕΦΑΛ.
1071 4217 1201 4271 KA'.

269 4309 409 4376 Περί
432 4308 708 4373 Νέπωτος
731 4309 830 4360 καί
863 4309 974 4376 τῆς
1014 4310 1142 4362 κατ’
1172 4310 1359 4363 αὐτόν
1391 4313 1699 4380 αίρέσεως.

281 4428 407 4479 Ἐπὶ
436 4427 646 4486 τούτοις
697 4424 871 4478 ᾶπασι
933 4427 1028 4476 καὶ
1061 4425 1156 4478 δύο
1197 4425 1377 4493 βιϐλία
1410 4426 1550 4492 Περὶ
1592 4426 1774 4494 ἐπαγ-

2376 4222 2540 4292 413
2570 4221 2794 4276 CAPUT
2825 4220 2968 4275 χχι.

2278 4315 2350 4366 De
2385 4313 2587 4384 Nepote
2621 4324 2670 4367 et
2715 4315 2899 4368 haeresi
2929 4313 3063 4375 eius.

1942 4431 2144 4484 Adliarc
2180 4434 2319 4484 duos
2351 4430 2520 4484 libros
2554 4428 2628 4481 De
2658 4428 3086 4495 promissionibus
3112 4425 3446 4493 composuit,

193 4520 421 4588 γελιῶν
450 4518 736 4571 συντάττει
763 4531 776 4545 ·
815 4510 892 4568 ὧν
929 4518 955 4586 ἡ
1001 4517 1259 4580 ὑπόθεσις
1306 4517 1502 4577 Νέπως
1527 4512 1616 4585 ἦν,
1649 4517 1769 4568 ἐπί-

1877 4523 2078 4592 quibus
2129 4531 2507 4591 argumentum
2547 4519 2783 4588 praebuit
2819 4517 3033 4586 Nepos:
3087 4520 3177 4586 qui
3229 4517 3446 4587 A'Igypii

157 4617 172 4634 ‘
197 4630 403 4675 σκοπος
442 4613 540 4680 μὲν
577 4609 892 4677 Αἰγυπτίων
953 4611 1265 4678 γενόμενος.
1332 4609 1770 4676 Ἰουδαῖκὼτερον

193 4710 308 4776 γὰρ
327 4705 687 4772 διακείμενος,
702 4705 769 4755 τὰ
787 4703 1176 4772 ἐπηγγελμένα
1198 4705 1308 4761 τοῖς
1338 4702 1516 4769 ἁγίοις
1532 4701 1769 4772 Χριστοῦ

194 4804 259 4853 ιν
319 4800 441 4860 ταῖς
496 4798 769 4866 Γραφαίς,
834 4796 1119 4866 παχύτερα
1178 4799 1272 4849 καὶ
1339 4797 1770 4866 αωματικῶτερα

195 4888 342 4943 εἶναι
374 4890 610 4960 φρονῶν,
645 4891 738 4941 ἐπὶ
773 4889 868 4940 τοῦ
910 4889 1180 4957 παρόντος
1231 4884 1373 4942 εἶναι
1427 4889 1594 4942 ἐτίθει
1633 4890 1772 4942 κατὰ

193 5048 519 5103 violentiam
553 5062 706 5101 suam
746 5047 1133 5112 eompriniant,
1165 5064 1230 5100 an
1271 5062 1497 5115 rapaces
1527 5049 1772 5102 avaritia:

193 5119 439 5173 furentis
489 5115 855 5169 insatiabilem
907 5132 1129 5185 semper
1178 5118 1432 5170 ardorem
1492 5117 1576 5171 vel
1621 5128 1771 5172 metu

196 5190 401 5242 mortis
438 5187 808 5252 exstinguanl.
842 5205 908 5241 an
934 5187 1204 5240 cervicem
1255 5189 1479 5240 lleelant
1520 5189 1769 5256 superbi,

193 5275 270 5314 an
304 5258 586 5311 audaciam
621 5257 829 5308 leniant
861 5257 1118 5325 improbi,
1148 5274 1214 5309 an
1257 5259 1615 5325 pereuntibus
1642 5264 1771 5312 elia-

198 5333 280 5383 ris
304 5331 384 5380 vel
425 5330 506 5380 sic
528 5325 736 5393 aliquid
762 5326 960 5379 divites
983 5329 1287 5396 largiantur
1319 5337 1375 5381 et
1409 5327 1619 5380 donent
1650 5333 1770 5383 sine

195 5400 421 5452 herede
458 5396 706 5450 morituri
748 5411 761 5447 :
798 5397 1069 5450 Exercitia
1121 5408 1249 5450 sunt
1300 5399 1458 5450 nobis
1506 5400 1627 5452 ista.
1662 5415 1771 5451 non

195 5469 421 5529 funera,
447 5469 580 5520 dant
607 5465 791 5520 animo
824 5469 1160 5522 fortitudinis
1187 5469 1435 5535 gloriam,
1453 5479 1770 5536 contemptu

196 5540 400 5591 mortis
433 5545 740 5605 praeparant
785 5538 850 5589 ad
901 5554 1180 5591 coronam.
1229 5557 1247 5588 ι
1287 5538 1470 5606 (Cypr.
1507 5538 1558 5590 in
1599 5539 1771 5592 Serm.

195 5610 266 5661 de
305 5607 585 5676 mortalit.)

274 5679 354 5745 (l)
413 5679 636 5732 Veteres
689 5677 906 5730 urbium
956 5677 1300 5744 expiationes
1366 5680 1774 5731 anniversarias

197 5749 492 5811 facientes,
555 5748 805 5801 homines
863 5763 1071 5803 saeros.
1137 5750 1238 5800 huc
1295 5760 1401 5811 est,
1465 5753 1557 5815 qui
1622 5762 1773 5815 peste

197 5820 382 5873 aliove
420 5818 614 5874 morbo
659 5820 933 5886 expiando
971 5821 1078 5874 diis
1115 5819 1562 5883 immoiabautur,
1590 5828 1644 5875 et
1674 5822 1774 5874 Ca-

1873 4615 2187 4683 episcopus,
2222 4614 2445 4668 Judaica
2477 4613 2759 4681 opinione,
2810 4627 2930 4680 qua:
2987 4612 3193 4666 sanitis
3241 4611 3446 4665 Clu-isti

1876 4709 2144 4776 promissa
2177 4706 2383 4760 suntin
2433 4705 2753 4772 Scripturis,
2788 4719 2952 4757 sensu
2991 4705 3262 4776 corporali
3299 4721 3447 4756 cras-

1875 4801 1991 4853 sius
2018 4799 2350 4867 intellzgens,
2396 4815 2460 4852 ea
2490 4800 2552 4851 ad
2601 4813 2840 4866 praesens
2882 4799 3165 4860 saeculum,
3199 4807 3255 4851 et
3298 4798 3445 4849 desi-

1875 4901 2091 4962 gnatum
2117 4892 2408 4959 quamdam
2452 4889 2596 4951 mille
2630 4904 2897 4942 annorum
2950 4890 3115 4941 vitam
3152 4889 3440 4943 referebat.

1878 5048 2075 5104 tliarmi
2110 5057 2271 5116 atque
2305 5047 2586 5100 Pliarmaci
2617 5045 2980 5110 vocabantur,
3004 5047 3055 5099 in
3097 5048 3444 5099 victimarum

1875 5135 2082 5172 morem
2132 5118 2440 5177 redimitos.
2475 5132 2505 5168 e
2547 5119 2667 5170 loco
2712 5118 2976 5184 praecipiti
3022 5117 3076 5170 in
3126 5133 3275 5170 mare
3308 5119 3444 5183 deji-

1875 5190 2115 5248 cieliant,
2165 5188 2419 5256 Neptuno
2483 5188 2851 5247 immolantes,
2927 5202 3050 5240 cuin
3103 5188 3446 5242 solemnibus

1877 5260 2026 5313 liisce
2059 5258 2264 5317 verbis,
2301 5259 2589 5326 περίψημα
2627 5258 2787 5327 ἡμῶν
2823 5259 3006 5319 γενοῦ,
3041 5256 3160 5324 ἢτοι
3197 5262 3442 5324 σωτηρία

1877 5331 1970 5382 καὶ
2026 5329 2439 5396 ἀπολύτρωσις·
2483 5329 2568 5381 Sis
2610 5342 2708 5395 pro
2763 5328 2922 5379 nobis
2977 5329 3305 5395 peripseina,
3344 5329 3444 5381 lioc

1875 5412 1978 5460 est,
2014 5400 2313 5464 piaculum,
2359 5397 2538 5460 luitio,
2593 5399 2896 5464 redemptio
2958 5409 3162 5458 nostra,
3208 5409 3260 5448 et
3319 5415 3442 5451 ser-

1878 5481 2048 5522 vatrix
2091 5469 2240 5521 urbis
2292 5467 2534 5521 victima.
2569 5467 2810 5536 (Snidas,
2847 5476 2903 5519 et
2955 5467 3212 5520 Νιοοι.ιιιε
3245 5467 3443 5520 Leoni-

1877 5557 1995 5600 cus,
2052 5539 2126 5590 De
2168 5539 2315 5591 varia
2356 5536 2598 5598 historia,
2655 5537 2750 5592 lib.
2788 5555 2867 5601 Ill,
2903 5553 3022 5605 cap.
3066 5537 3190 5602 ult.)-
3242 5558 3257 5586 ι
3301 5537 3441 5589 Tan-

1878 5626 2039 5678 quam
2102 5618 2454 5677 purgamenta
2524 5609 2688 5676 hujus
2765 5609 2956 5662 mundi
3034 5608 3162 5659 facti
3239 5623 3433 5678 suinns

1878 5677 2120 5731 omnium
2157 5681 2490 5747 peripsema;
2550 5697 2567 5727 ι
2623 5680 2724 5731 hoc
2753 5688 2856 5737 est.
2891 5679 3000 5732 Nos
3037 5689 3295 5745 tanquam
3328 5677 3440 5742 pia-

1878 5753 1996 5802 cula
2037 5750 2223 5802 mundi
2261 5749 2388 5801 facti
2421 5765 2631 5807 sumus.
2656 5764 2711 5803 ct
2740 5750 3082 5804 succidaneae
3111 5765 3211 5818 pro
3239 5748 3442 5816 populo

1882 5824 2132 5875 victimie.
2175 5821 2214 5880 (Ι
2245 5820 2366 5874 Cor.
2401 5836 2474 5881 iv,
2512 5820 2618 5882 l5.)
