4184 6440
711 280 842 345 1171

1925 303 1973 362 Ν
1986 304 2100 362 lCE
2112 307 2346 367 PHURI
2387 311 2474 369 CA
2487 313 2524 370 L
2538 314 2735 372 LlSTI

3826 312 3965 374 H72

695 396 766 451 Et
797 398 943 467 quod
975 399 1021 454 is
1046 415 1107 453 ex
1133 402 1457 476 Apocalypsi
1497 406 1723 465 Joannis
1771 414 2087 481 opinionem
2112 435 2265 475 suam

2388 426 2645 497 (ιλιοστὴν
2675 428 2820 496 ζωῆς
2863 446 2985 483 τινα
3035 433 3368 501 ὡρισμένην.
3427 431 3536 483 Καὶ
3566 432 3750 482 τοίνυν
3800 423 3960 490 οὗτος

696 503 755 543 se
784 490 1236 547 conﬁrmaturum
1276 511 1399 550 esse
1430 501 1770 568 Opinaretur.
1814 506 2013 560 librum
2053 526 2275 580 compo-

698 581 830 644 suit,
859 584 944 635 cui
981 585 1200 640 titulum
1243 588 1648 646 Confutationis
1677 610 1890 662 eorum,
1937 601 2029 668 qui
2067 602 2272 673 allego-

698 670 809 724 rias
839 687 1192 741 componunt.
1225 679 1445 733 indidit.
1481 681 1580 736 Cui
1610 684 1924 756 Dionysius,
1959 692 2010 744 in
2037 695 2116 745 eis
2131 670 2273 761 quos

701 764 938 820 diximus
971 767 1538 850 libris‘respondens,
1580 778 1634 829 in
1667 780 1851 846 priore
1893 783 2113 850 quidem
2151 801 2274 839 sen-

699 859 929 912 tentiam
969 843 1224 916 suarnde
1260 864 1407 918 illius
1443 843 1694 936 dogmate
1716 873 1938 940 exponit
1963 916 1977 938 ,
2012 875 2064 927 in
2094 887 2276 944 poste-

697 948 846 1001 riore
883 959 1065 1004 autem
1099 951 1166 1006 de
1216 955 1537 1026 Apocalypsi
1581 960 1808 1015 Joannis
1842 964 1952 1031 agit
1999 966 2271 1034 pluribus.

705 1057 724 1088 ι
752 1038 1233 1128 Quandoquidem,
1264 1047 1464 1115 inquit,
1512 1052 1779 1119 scriptum
1812 1055 2090 1122 quoddam
2145 1075 2275 1128 pro-

699 1129 885 1185 ferunt
917 1133 1162 1203 Nepotis,
1189 1121 1302 1206 quo
1331 1141 1491 1194 valde
1536 1121 2005 1208 nitunturaveinti
2037 1121 2190 1206 certo
2219 1162 2275 1218 et

699 1222 1147 1294 irrefragahiliter
1178 1231 1500 1288 ostendente
1531 1245 1694 1304 atque
1732 1240 2018 1307 probante,
2047 1259 2273 1314 regnum

697 1314 906 1371 Christi
941 1319 994 1371 in
1037 1323 1200 1376 terris
1239 1323 1482 1378 futurum
1529 1345 1542 1380 :
1588 1328 1642 1381 in
1675 1330 1798 1382 aliis
1828 1333 2049 1399 quidem
2091 1338 2275 1393 multis

697 1405 964 1475 Nepotem
1034 1413 1241 1482 recipio
1292 1426 1345 1470 et
1386 1420 1751 1489 complector,
1815 1427 2056 1496 propter;
2089 1429 2272 1497 iidem,

702 1501 1050 1557 tolerantiam
1104 1505 1331 1571 laboris,
1379 1507 1787 1579 Scripturarum
1843 1519 2159 1586 lectionem,
2221 1535 2277 1577 et

701 1592 1020 1661 frequentes
1073 1599 1429 1665 psalmodias,
1499 1606 1701 1673 quibus
1769 1609 2056 1680 hucusque
2120 1615 2275 1666 multi

703 1682 1052 1741 delectantur
1079 1693 1295 1757 fratres,
1332 1696 1721 1768 hominemque
1763 1702 1937 1769 ipsum
1980 1705 2270 1760 observo.»

701 1772 913 1830 Deinde
949 1793 1271 1849 progressus
1304 1786 1504 1841 infert:
1548 1808 1565 1838 ι
1593 1790 1847 1844 Sedenim
1885 1795 1928 1848 si
1972 1796 2101 1863 quid
2130 1808 2277 1853 recte

706 1862 916 1919 dictum
973 1870 1064 1935 sit,
1103 1873 1328 1930 laudare
1356 1878 1407 1931 id
1447 1883 1726 1938 convenit.
1777 1862 2014 1941 Rursum
2055 1906 2187 1944 vero
2231 1892 2277 1945 si

707 1957 840 2023 quid
871 1964 1172 2018 secundum
1197 1983 1383 2022 sanam
1408 1971 1712 2028 doctrinam
1746 1994 1853 2031 non
1882 1980 1953 2033 sit
1985 1983 2276 2050 scriptum,

708 2046 764 2101 id
820 2053 1087 2122 castigare
1114 2069 1351 2125 oportet.
1399 2063 1474 2116 Ac
1509 2067 1552 2119 si
1602 2068 1824 2135 quidem
1861 2070 1975 2139 ipse
2035 2046 2276 2139 adesset,

706 2138 840 2193 satis
868 2153 1014 2196 esset
1046 2147 1320 2203 rationum
1348 2151 1400 2204 in
1435 2154 1730 2224 colloquio,
1764 2175 1861 2226 per
1895 2161 2278 2234 interrogatio-

707 2247 833 2285 nem
862 2242 918 2287 et
945 2241 1382 2305 responsionem,
1432 2245 1497 2298 ad
1538 2252 1950 2314 persuasionem
1989 2271 2047 2311 et
2089 2258 2279 2311 conci—

709 2323 990 2380 liationem
1045 2345 1236 2385 eorum
1283 2349 1402 2403 qua!
1457 2339 1600 2393 inter
1631 2356 1687 2395 se
1710 2356 2081 2412 opponuntur.
2142 2351 2278 2406 Cum

709 2429 896 2472 autem
931 2421 1198 2491 scriptum
1230 2427 1347 2496 ejus
1394 2432 1526 2485 satis
1562 2434 1625 2485 ad
1660 2439 2100 2503 persuadendum
2134 2460 2283 2496 Com-

709 2511 974 2576 positum,
1008 2515 1058 2568 in
1085 2517 1368 2574 hominum
1403 2525 1472 2577 sit
1501 2527 1776 2589 manibus.
1798 2546 1908 2599 quo
1941 2535 2146 2604 scripto
2178 2536 2280 2608 legi

711 2615 766 2654 et
816 2607 1105 2672 pmphetis
1139 2613 1495 2679 conviciatur.
1535 2618 1824 2691 Evangelia
1857 2625 1996 2679 nihil
2035 2643 2156 2682 esse
2186 2607 2283 2683 du-

2375 519 2438 568 ὲκ
2492 517 2592 585 τῆς
2675 519 3099 588 Ἀποκαλύψεως
3180 523 3430 574 Ἰωάννου
3489 523 3787 589 κρατύνειν
3863 519 3963 587 τὴν

2379 607 2592 675 αἵρεσιν
2613 611 2837 678 οἰηθεὶς,
2869 612 3052 681 βίϐλον
3085 613 3374 678 συντάξας,
3407 613 3626 680 ἔλεγχον
3649 612 3763 664 τῶν
3790 611 3962 696 me:

2376 702 2650 768 γοριστῶν
2674 705 2878 774 ταύτην
2899 705 3234 774 ἐπέγραψεν.
3284 705 3426 772 Πρὸς
3457 704 3516 756 ὃν
3552 703 3829 761 Διονύσιος
3852 704 3963 762 τοῖς

2322 840 2324 842 ,
2376 791 2690 859 είρημένεις
2711 792 2905 845 τούτου
2935 796 3373 864 συγγράμμασιν
3417 792 3742 859 ἀντιλέγων,
3773 792 3838 842 ὲν
3868 788 3964 856 μὲν

2375 882 2452 952 τῷ
2478 884 2732 953 προτέρῳ
2763 885 2824 935 τὸ
2849 884 3007 947 δόξαν
3029 871 3283 954 περὶτοῦ
3315 884 3587 952 δόγματος
3633 881 3962 950 ἐκτίθησιν,

2376 974 2436 1024 έν
2467 974 2523 1027 δὲ
2547 976 2625 1046 τῷ
2649 975 2888 1046 δευτέρῳ
2906 979 3043 1042 περὶ
3069 977 3168 1047 τῆς
3214 975 3642 1044 Ἀποκαλύψεως
3705 974 3962 1026 Ἰωάννου

2377 1067 2738 1135 διαλαμϐάνει
2764 1068 3131 1135 πλατύτερον,
3164 1067 3307 1142 οὕτω
3361 1066 3608 1130 διεξιών·
3668 1083 3691 1116 ς
3736 1063 3965 1142 Ἐπειδὴ

2377 1156 2667 1224 σύνταγμά
2689 1175 2741 1210 τι
2767 1158 3166 1228 προκομίζουσι
3203 1158 3488 1232 Νέπωτος,
3519 1149 3564 1222 ᾦ
3595 1156 3718 1209 λίαν
3743 1154 3967 1223 ἐπερεί-

2378 1250 2578 1313 δονται,
2639 1249 2716 1311 ὡς
2779 1236 3216 1321 ἀναντιρρήτωξ
3275 1248 3640 1301 ὲπιδεικνύντι
3699 1249 3808 1315 τὴν
3868 1245 3964 1298 τοῦ

2378 1337 2617 1408 Χριστοῦ
2650 1339 2927 1408 βασιλείαν
2961 1342 3054 1394 ἐπὶ
3081 1339 3187 1410 γῆς
3233 1341 3478 1404 ἔσεσθαι,
3513 1342 3571 1392 ὲν
3619 1338 3806 1400 ἀλλοις
3867 1339 3968 1405 μὲν

2379 1433 2597 1495 πολλοῖς
2624 1434 2963 1504 ἀποδέχομαι
2988 1438 3084 1489 καὶ
3113 1433 3316 1502 ἀγαπῶ
3346 1433 3592 1485 Νέπωτα
3611 1433 3715 1501 τῆς
3743 1448 3807 1482 τε
3873 1430 3966 1480 πί-

2380 1542 2568 1591 στεως,
2599 1525 2812 1594 καὶτῆς
2843 1527 3183 1594 φιλοπονίας,
3212 1526 3308 1578 καὶ
3340 1525 3448 1593 τῆς
3483 1526 3545 1576 έν
3570 1526 3694 1584 ταῖς
3717 1523 3970 1592 Γραφαῖς

2378 1616 2684 1688 διατριϐῆς.
2706 1620 2802 1670 καὶ
2834 1617 2937 1686 τῆς
2972 1617 3176 1685 πολλῆς
3201 1615 3549 1702 ψαλμῳδίας,
3655 1613 3828 1683 μέχρι
3873 1612 3968 1664 νῦν

2385 1707 2571 1761 πολλοὶ
2597 1709 2704 1761 τῶν
2729 1710 2974 1777 ἀδελφῶν
2992 1706 3356 1778 ἐνθυμοῦνται
3379 1723 3396 1738 ·
3432 1708 3528 1758 καὶ
3577 1706 3721 1757 πάνυ
3773 1703 3842 1756 δι’
3885 1705 3968 1755 αἱ⁴

2381 1800 2503 1864 δοῦς
2533 1800 2654 1868 άγω
2682 1801 2776 1853 τὸν
2801 1801 3088 1869 ἄνθρωπον
3111 1800 3296 1853 αὐτόν.
3336 1818 3354 1849 ι
3388 1794 3527 1853 Εἶτα
3579 1794 3814 1870 προῖὼν,
3847 1798 3968 1848 ἑπι-

2382 1894 2535 1962 φέρει
2560 1912 2575 1926 ο
2616 1913 2637 1945 ι
2682 1883 2781 1956 Ὣςθ
2803 1894 2858 1946 εί
2880 1912 2934 1946 τι
2962 1895 3063 1963 μὲν
3090 1894 3266 1964 ὀρθῶς
3290 1893 3520 1960 λέγοιτο,
3548 1893 3795 1944 ἐπαινεῖν
3823 1893 3964 1961 χρή·

2380 1982 2678 2038 διευθύνειν
2702 1983 2748 2036 δ’
2781 1983 2938 2047 αὖθις
2968 1984 3021 2036 εῐ
3054 2002 3107 2036 τι
3142 1985 3218 2053 μὴ
3249 1984 3418 2050 ὑγιῶς
3472 1985 3589 2034 ἐστι
3634 1981 3972 2050 γεγραμμέ-

2381 2091 2492 2127 νον.
2529 2075 2638 2128 Καὶ
2660 2077 2708 2126 εί
2743 2075 2843 2142 μὲν
2875 2075 3057 2144 παρῆν
3084 2076 3113 2126 ό
3142 2073 3304 2143 ἀνὴρ,
3353 2073 3638 2138 αὐτάρκης
3687 2066 3778 2140 ἦν’
3811 2070 3973 2136 λόγος

2381 2168 2520 2238 πρὸς
2542 2166 2812 2236 ἐρώτησιν
2838 2168 2934 2220 καὶ
2965 2168 3280 2235 ἀπόκρισιν,
3313 2166 3520 2218 πείθων
3553 2167 3648 2217 καὶ
3696 2163 3973 2232 συμὸιεά-

2383 2259 2490 2322 ζων
2518 2261 2579 2312 τὸ
2614 2261 3008 2328 ἀνθιστάμενον
3029 2278 3041 2290 ·
3083 2259 3303 2329 γραφῆς
3332 2259 3379 2312 δ’
3401 2257 3616 2311 ἐκείνου
3652 2256 3970 2308 πιθανωτά-

2381 2369 2480 2421 της
2513 2354 2904 2422 προκειμένης,
2937 2347 3177 2426 ᾖγραφῇ
3196 2353 3360 2422 νόμον
3405 2351 3503 2417 μὲν
3553 2352 3644 2402 καὶ
3678 2351 3976 2418 προφήτας

2383 2444 2814 2513 διαλοιδορεῖται,
2851 2446 3150 2514 εὐαγγέλια
3211 2445 3267 2498 δὲ
3311 2446 3371 2496 τὸ
3410 2444 3578 2513 μηδὲν
3610 2444 3857 2512 ἥγηται·
3910 2444 3978 2492 τὰ

2382 2533 2440 2587 δὲ
2472 2535 2579 2587 τῶν
2612 2535 2929 2587 ἀποστόλων
2967 2538 3378 2605 συγγράμματα
3405 2535 3798 2601 έκφαυλίζεται
3827 2550 3842 2565 ο
3879 2535 3979 2587 a23-

2385 2623 2454 2692 τὴ
2488 2623 2544 2675 δὲ
2593 2618 2681 2677 οἷά
2710 2642 2761 2676 τι
2804 2625 3190 2694 κεκρυμμένον
3254 2626 3554 2694 μυστήριον
3603 2624 3931 2695 περιᾲδεται
3964 2640 3977 2653 ’

712 2695 805 2758 cit,
847 2706 902 2750 et
960 2701 1288 2766 apostolicos
1341 2706 1508 2761 libros
1541 2721 1816 2779 tanquam.
1857 2715 2062 2787 nullius
2120 2722 2282 2788 pretii

2388 2711 2484 2771 τὰς
2512 2711 2620 2763 τῶν
2649 2713 3040 2782 ἁπλουστέρων
3083 2713 3328 2782 ἀδελφῶν
3357 2713 3533 2781 ψυχάς
3563 2713 3714 2765 οὐδὲν
3757 2713 3980 2764 ἐώντων

715 2787 929 2853 elevat;
993 2791 1168 2857 ipsum
1215 2805 1395 2850 autem
1431 2802 1656 2865 perinde
1706 2813 1867 2873 atque
1925 2787 2198 2863 occultum
2230 2823 2286 2866 et

2389 2804 2591 2873 ὑψηλὸν
2623 2804 2716 2854 καὶ
2750 2806 2891 2872 μέγα
2924 2807 3141 2871 φρονεῖν
3195 2804 3322 2873 περί
3354 2822 3412 2856 τε
3449 2803 3550 2870 τῆς
3596 2802 3838 2868 ἀληθοῦς
3884 2803 3982 2852 καὶ

719 2896 979 2936 arcanum
1005 2888 1322 2955 mysterium
1350 2891 1679 2960 celebratur,
1705 2895 1872 2968 414
1887 2899 2284 2968 simpliciorum

2389 2894 2606 2958 ἐνδόξου
2639 2896 2964 2962 ἐπιφανείας
3010 2895 3274 2965 Χριστοῦ,
3342 2895 3458 2948 ἀλλ’
3511 2895 3630 2947 οὐδὲ
3679 2896 3813 2962 περὶ
3877 2893 3981 2959 τῆς

714 2974 949 3027 fratrum
978 2976 1211 3042 animos,
1256 2979 1392 3033 nihil
1430 2986 1752 3050 permittens
1796 3004 2047 3056 magnum
2085 3003 2140 3045 et
2194 3009 2286 3047 su-

2390 2989 2549 3056 ήμῶν
2586 2990 2652 3040 ὲκ
2670 2989 2880 3058 νεκρῶν
2913 2989 3285 3052 ἀναστάσεως,
3343 2987 3570 3056 καὶτῆς
3618 2987 3752 3056 πρὸς
3813 2987 3982 3038 αὐτὸν

718 3064 884 3119 blime
910 3068 976 3121 de
997 3079 1166 3134 certa,
1192 3086 1318 3124 vera
1349 3083 1404 3152 et
1432 3076 1666 3144 gloriosa
1686 3080 2029 3147 apparitione
2057 3084 2284 3152 Christi,

2391 3080 2817 3148 ἐπισυναγωγῆς
2846 3097 2905 3131 τε
2939 3082 3033 3132 καὶ
3065 3080 3402 3148 ὁμοιώσεως.
3445 3079 3604 3134 Ἀλλά
3663 3081 3846 3148 μικρά
3884 3081 3982 3131 καὶ

719 3165 812 3211 aut
853 3161 919 3212 de
972 3171 1160 3216 nostra
1193 3179 1224 3218 a
1277 3170 1507 3222 mortuis
1547 3173 1969 3235 resurrectione,
2025 3186 2188 3244 atque
2221 3183 2287 3233 ad

2392 3172 2562 3241 θνητά
2591 3164 2680 3225 οἷα
2723 3171 2786 3224 τά
2849 3171 2962 3239 νῦν,
3019 3175 3316 3239 ἀναγκαῖον
3359 3173 3455 3224 καὶ
3505 3173 3670 3238 ἡμᾶς,
3728 3170 3809 3233 ὡς
3846 3171 3984 3240 πρὸς

723 3249 902 3317 ipsum
939 3257 1320 3324 aggregatioue
1365 3269 1417 3312 et
1453 3261 1866 3328 assimilatione,
1925 3266 2018 3321 sed
2057 3267 2287 3326 humilia

2394 3264 2640 3333 παρόντα
2679 3265 3028 3336 διαλεχθῆναι
3071 3265 3165 3318 τὸν
3194 3265 3422 3333 ἀδελφὸν
3466 3265 3624 3333 ἡμῶν
3651 3263 3916 3315 Νέπωτα.
3958 3283 3974 3311 ι

722 3344 968 3409 quaedam
1015 3361 1068 3400 et
1123 3350 1351 3412 caduca.
1405 3356 1584 3422 qualia
1644 3365 1927 3426 praesentis
1983 3365 2105 3418 vitzc
2137 3378 2291 3431 sunt,

722 3449 914 3501 sapere
966 3447 1022 3490 et
1056 3441 1261 3495 sentire
1297 3460 1315 3514 ι
1367 3460 1628 3513 perquam
1676 3460 1760 3503 est
1793 3458 2189 3519 necessarium,
2233 3468 2293 3512 ut

724 3528 894 3582 veluti
923 3545 1050 3585 cum
1085 3546 1351 3602 praesente
1380 3539 1544 3592 fratre
1570 3551 1758 3597 nostro
1778 3545 1995 3614 .Nepote
2026 3547 2294 3604 disseren.

725 3631 807 3674 tes
840 3637 1089 3692 agamus.
1122 3646 1141 3677 ι
1179 3626 1386 3682 Deinde
1439 3646 1855 3697 commemorat,
1916 3655 1972 3692 se
2027 3635 2079 3692 in
2132 3643 2295 3696 Arse--

725 3717 876 3768 noite
911 3719 988 3787 (i)
1025 3717 1215 3777 fuisse.
1263 3721 1355 3775 ubi
1409 3723 1722 3788 huiusmodi
1762 3733 1988 3784 emersit
2018 3732 2245 3788 haeresis
2280 3753 2290 3786 :

726 3812 914 3880 ibique
951 3814 1210 3871 omnibus
1238 3818 1637 3876 ecclesiasticis
1658 3831 1821 3891 atque
1850 3825 1972 3878 aliis
2009 3827 2137 3880 item
2163 3830 2296 3882 viris

725 3906 1108 3972 praesentibus,
1167 3909 1341 3963 tribus
1389 3912 1664 3968 continuis
1719 3915 1910 3970 diebus
1956 3918 2022 3970 de
2074 3919 2295 3988 Nepotis

725 3996 998 4063 doctrina,
1055 3999 1196 4053 libro
1251 4003 1367 4070 ejus
1413 4005 1714 4070 proposito,
1741 4005 2092 4068 disseruisse.
2162 4009 2298 4061 Fra-

724 4098 980 4155 trumquc
1041 4091 1292 4145 stabilem
1352 4107 1417 4147 ac
1462 4094 1744 4148 decentem
1795 4111 2005 4153 murem
2063 4099 2297 4152 admira-

662 4173 664 4175 ’
725 4192 816 4234 tur
848 4180 945 4249 (Ξ),
979 4182 1072 4248 qui
1101 4183 1206 4235 rite
1229 4190 1392 4251 atque
1411 4184 1602 4247 ordine
1630 4188 2082 4256 responsionibus
2109 4205 2298 4244 assen-

727 4274 912 4328 siones
955 4275 1484 4344 approbationesque
1519 4292 1645 4330 suas
1672 4281 2140 4333 accommodarint
2164 4298 2178 4344 ;
2204 4298 2299 4335 ne-

727 4382 835 4434 que
868 4368 1210 4421 contentiose
1228 4366 1523 4422 defendere
1548 4371 1973 4435 perseverarint.
1988 4389 2108 4440 quae
2124 4375 2292 4427 semel

726 4431 870 4522 apud
901 4470 958 4509 se
989 4457 1432 4511 constituissent:
1454 4431 1633 4524 neque
1663 4457 2001 4537 objectiones
2022 4461 2292 4530 legitimas
2323 4431 2374 4490 Β

728 4545 1147 4620 intermiserint,
1177 4547 1460 4600 veritatem
1492 4547 1567 4600 illi
1592 4549 1863 4617 cognitam
1896 4552 2060 4620 (quod
2089 4553 2297 4620 pudore

729 4637 964 4705 quodam
1002 4637 1193 4704 ali-lui,
1248 4653 1371 4691 cum
1429 4639 1856 4702 convincuntur.
1898 4658 2005 4696 non
2067 4645 2296 4714 faciunt)

729 4730 1046 4798 proﬁtentes
1074 4751 1082 4781 :
1123 4730 1373 4797 bonaque
1406 4732 1767 4794 conscientia,
1822 4750 1942 4801 quae
1973 4737 2301 4789 auctoritate

731 4823 1039 4874 divinarum
1087 4822 1417 4875 Litterarum
1454 4825 1682 4891 probata
1709 4837 1918 4889 essent,
1956 4827 2092 4878 i-itra
2131 4827 2303 4881 simu-

731 4912 990 4965 lationem
1041 4922 1095 4966 et
1143 4913 1658 4970 dissimulationem.
1693 4916 1954 4969 cordibus
2006 4917 2070 4970 ad
2132 4918 2301 4971 Deum

732 5004 1056 5072 simpliciter
1109 5006 1449 5072 compositis.
1509 5006 1893 5075 suscipientes.
1947 5007 2112 5060 Addit
2160 5025 2303 5076 prai-

738 5106 905 5158 terea,
943 5107 1001 5150 ut
1061 5099 1227 5150 etiam
1259 5101 1377 5167 ejus
1429 5099 1534 5152 loci
1566 5099 1760 5155 doctor
1787 5099 2053 5156 Coracion
2095 5101 2299 5162 dictus,

2362 3430 2364 3432 _
2392 3353 2526 3411 Εῐτα
2557 3358 2821 3428 διηγεῖται
2857 3359 2930 3421 ὡς
2956 3361 3012 3410 ὲν
3028 3357 3107 3428 τῷ
3154 3357 3466 3429 Ἀρσενοῖτῃ
3497 3357 3817 3423 γενόμενος,
3851 3356 3984 3408 ἔνθα

2394 3452 2455 3502 τὸ
2479 3451 2724 3504 τοιοῦτον
2753 3451 3058 3514 ἐπεπόλαζε
3085 3451 3309 3520 σχίσμα,
3338 3451 3557 3502 πάντων
3613 3449 3804 3517 σχεδὲν
3836 3465 3986 3517 παρ-

2397 3544 2565 3596 όντων
2613 3542 2720 3595 τῶν
2772 3543 3059 3610 ίερατικὼν
3088 3541 3301 3610 ἀνδρῶν
3329 3541 3425 3591 καὶ
3450 3539 3561 3590 τῶν
3592 3538 3773 3599 ἄλλως
3833 3541 3988 3607 ἐχόν-

2397 3653 2527 3696 των,
2558 3638 2738 3704 τρισὶν
2769 3633 2892 3701 ἑξῆς
2923 3634 3157 3702 ἡμέραις
3184 3633 3276 3683 τὸν
3314 3630 3447 3700 περὶ
3482 3631 3748 3692 Νέπωτος
3792 3633 3984 3683 ἀνεκί-

2401 3743 2475 3778 νει
2506 3726 2682 3793 λόγον,
2711 3725 2803 3777 τοῦ
2837 3724 3044 3793 βιϐλίου
3077 3722 3543 3791 προσεδλημένου.
3591 3721 3760 3772 Ἔνθα
3789 3721 3857 3790 δὴ
3890 3724 3986 3773 καὶ

2397 3821 2459 3871 τὸ
2490 3819 2753 3881 εὐσταθὲς
2780 3818 2889 3871 τῶν
2916 3817 3162 3884 ἀδελφῶν
3206 3813 3498 3885 θαυμάζει,
3561 3814 3831 3876 ἐπιεικῶς
3890 3821 3988 3877 τὰς

2401 3910 2828 3977 συγκαταθέσεις
2877 3910 3266 3977 πεποιημένων
3295 3909 3416 3970 ταῖς
3462 3908 3815 3976 ἀποκρίσεσι,
3848 3909 3989 3976 μήτε

2402 4004 2722 4071 φιλονείκως
2789 4000 3196 4069 περιεχομένων
3256 4000 3364 4050 τῶν
3433 3998 3579 4061 ἅπαξ
3649 3999 3991 4067 αἱρεθέντων

2401 4095 2605 4157 αὐτοῖς,
2647 4092 2787 4161 μήτε
2844 4090 2909 4143 ’δὲ
2962 4091 3062 4152 τὰς
3118 4089 3427 4156 ἀντιλογίας
3472 4089 3987 4156 ὑποστελλομένων,

2405 4188 2563 4253 μήτε,
2593 4185 2641 4235 εί
2674 4185 2850 4250 γνοῖεν
2871 4182 3124 4251 τάληθὲς,
3171 4181 3312 4233 αἰδοῖ
3331 4179 3700 4250 κρατηθέντες
3732 4182 3808 4248 μὴ
3838 4197 3993 4232 συνο-

2406 4271 2660 4339 μολογεῖν
2685 4283 2697 4295 ·
2725 4266 2901 4336 ἀγαθῇ
2929 4265 2986 4318 δὲ
3031 4267 3333 4335 συνειδήσει
3364 4266 3432 4317 τά
3477 4267 3600 4326 ταῖς
3632 4265 3811 4325 θείαις
3843 4266 3990 4332 Γρα-

2405 4365 2531 4430 φαῖς
2601 4360 2990 4428 παριστάμενα
3060 4361 3409 4428 ὑποκρίσεως
3467 4357 3592 4426 δίχα
3650 4358 3794 4425 πρὸς
3856 4359 3992 4409 Θεὲν

2404 4453 2756 4525 ήπλωμέναις
2815 4451 3067 4522 καρδίαις
3102 4450 3518 4519 καταδέχεσθαι.
3592 4451 3892 4519 Ἐπιφέρει
3935 4451 3991 4503 δὲ

2407 4551 2501 4601 καὶ
2529 4550 2603 4610 ὡς
2653 4550 2678 4597 ὁ
2735 4548 2865 4615 παρ’
2913 4545 3145 4607 ἐκείνοις
3190 4545 3530 4605 διδάσκαλος,
3586 4544 3887 4610 Κορακίων
3924 4540 3992 4612 ἦν

2409 4640 2604 4709 ὲκείνῳ
2631 4640 2825 4706 ὄνομα,
2854 4643 2974 4699 ταῖς
2996 4639 3104 4690 τῶν
3130 4638 3521 4702 ἀντιλεγόντων
3551 4637 3836 4705 ᾑρημένος
3873 4654 3988 4702 φω-

2410 4734 2548 4794 ναῖς,
2582 4732 2797 4784 πάντων
2845 4733 3155 4802 παρόντων,
3217 4729 3472 4781 συνέθετο
3521 4729 3594 4796 μὴ
3654 4729 3749 4779 τοῦ
3791 4727 3987 4778 λοιποῦ

2403 4826 2693 4895 προσέξειν
2750 4825 2969 4893 ἐκείνῳ,
3032 4825 3153 4894 μηδ’
3195 4824 3278 4883 είς
3343 4824 3535 4888 μνείαν
3585 4820 3789 4882 ἐλθεῖν,
3825 4819 3986 4887 ’μηδὲ

2402 4918 2658 4985 διδάξειν,
2713 4918 2787 4980 ὡς
2847 4916 3050 4978 ίκανῶς
3093 4915 3325 4982 τάληθὲς
3359 4913 3633 4978 διαγνούς.
3683 4911 3798 4964 Καὶ
3861 4911 3988 4969 τοὺς

2402 5012 2594 5072 ἄλλους
2629 5010 2889 5080 ἀδελφούς
2920 5027 3052 5080 φησι
3106 5007 3320 5078 χαίρειν
3371 5011 3480 5068 τοῖς
3541 5006 3721 5072 λόγοις
3771 5005 3868 5056 καὶ
3917 5006 3983 5072 τῇ

2401 5102 2538 5168 πρὸς
2578 5100 2822 5160 ἅπαντας
2856 5098 3268 5164 συγκατασὰσει
3299 5099 3393 5149 καὶ
3432 5095 3800 5150 συνδιαθέσει.

737 5190 967 5243 vocibus
1004 5191 1085 5244 eis
1111 5207 1230 5259 qua:
1270 5200 1458 5246 contra
1513 5192 1660 5247 illius
1705 5193 2020 5262 opinionem
2079 5196 2302 5263 prolata:
2343 5195 2558 5247 fuerant
2591 5192 3306 5261 persuasus,praesentibus
3369 5189 3626 5243 omnibus
3685 5195 3983 5255 receperit,

736 5290 964 5341 veritate
988 5288 1098 5355 jam
1129 5286 1347 5340 abunde
1377 5287 1510 5340 satis
1535 5296 1836 5355 perspecta,
1865 5290 1970 5343 sibi
2001 5291 2068 5344 de
2099 5300 2296 5345 caetero
2337 5289 2476 5342 nihil
2546 5289 2790 5342 futurum
2827 5303 2948 5339 cum
2982 5287 3190 5355 Nepote
3218 5285 3418 5354 negotii
3452 5323 3466 5346 ,
3499 5297 3678 5348 neque
3744 5282 3984 5335 mentio-

812 5428 886 5492 (Ι)
927 5431 1165 5480 Auctore
1199 5425 1335 5480 Plin.
1366 5427 1464 5485 lib.
1497 5444 1549 5488 ν,
1597 5443 1717 5496 cap.
1769 5429 1823 5487 9,
1882 5429 2024 5479 inter
2067 5428 2306 5496 reliquas

740 5500 941 5551 multas
989 5497 1207 5566 Λκίκγριί
1263 5498 1636 5564 μτωίεοιυτοε,
1673 5513 1812 5566 quas
1863 5513 2055 5550 nomos
2088 5508 2302 5559 vocant,

742 5569 1058 5621 Arsenoites
1119 5570 1437 5620 nominatur
1491 5585 1503 5618 :
1562 5569 1630 5620 ab
1679 5569 1908 5621 Arsinoe
1970 5569 2171 5635 oppido
2225 5569 2306 5621 sic

743 5639 942 5697 dictus,
975 5638 1120 5703 quod
1157 5638 1481 5691 Ptolemaeus
1527 5638 1916 5705 Philadelphus
1951 5648 2054 5690 sub
2084 5639 2304 5690 nomine

746 5707 950 5762 sororis
983 5721 1114 5776 sue,
1147 5723 1266 5777 quae
1302 5711 1375 5763 ita
1408 5709 1810 5772 nominabatur,
1844 5710 2088 5764 condidit
2138 5709 2277 5762 Ideni

2413 5443 2628 5480 amnem
2685 5426 2777 5493 qui
2837 5423 3106 5476 Arsinoen
3167 5420 3527 5492 praeterﬂuit,
3625 5418 3987 5474 Ptolemum

2412 5489 2919 5572 appeliayitgnmitl.
3087 5489 3324 5572 νιςξοειν-
3511 5561 3521 5570 .
3558 5561 3590 5572 ..
3651 5559 3673 5572 ρ,
3871 5562 3881 5572 .

2483 5559 2559 5633 (2.)
2600 5566 2766 5617 Ἔνθα
2799 5567 2888 5616 καὶ
2924 5565 2985 5615 τὸ
3013 5563 3268 5624 ἔνσταθες
3317 5563 3409 5639 καὶ
3440 5559 3748 5639 φιλάληθες
3796 5562 3892 5610 καὶ

2411 5629 2961 5702 εὐπαρακολούθητον
3012 5635 3104 5686 καὶ
3160 5632 3383 5703 συνετὸν
3433 5629 3827 5703 ὑπερηγάσθην
3875 5633 3987 5682 τῶν

2410 5709 2672 5786 αδιλγων.
2709 5706 2902 5760 Euseb.
2945 5705 3036 5760 lib.
3078 5719 3170 5760 vn.
3205 5717 3324 5769 (ap.
3355 5702 3442 5755 24.
