4184 6440
189 428 327 491 1173

1107 431 1712 491 ECCLESIASTlC/E
1757 432 2144 493 HISTORI/E
2181 436 2320 492 LIB.
2364 431 2462 491 VI.

3284 422 3435 487 tm.

184 556 310 592 nem
341 555 400 595 se
424 544 542 612 ejus
573 541 862 603 facturum,
887 556 1066 611 neque
1091 541 1396 596 doctrinam
1432 543 1928 611 promulgaturum.
1996 547 2146 600 Alios
2211 560 2430 614 quoque
2496 544 2694 596 fratres
2729 542 2863 596 dicit
2915 541 3124 596 lanatos
3179 539 3418 595 delecta-

185 646 384 704 tusque
433 650 554 690 esse
610 634 1089 690 dissertationibus
1117 634 1219 696 eis,
1270 643 1432 704 atque
1475 639 1752 691 communi
1785 641 2029 693 omnium
2061 637 2444 694 conciliatione
2471 644 2527 690 et
2561 650 2850 690 consensu.

753 772 1004 825 ΚΕΦΑΔ.
1060 772 1186 825 KB’.

186 879 298 941 01¢
318 888 634 952 Διονύσιος
663 891 696 941 ό
721 887 1173 955 Ἀλεξανδρείας
1202 889 1332 955 περὶ
1359 888 1472 956 τῆς
1499 889 1749 942 Ἀποκαο

552 959 792 1024 luteum
818 957 1100 1012 Ἰωάννου
1130 958 1371 1024 ίστορσῖ.

268 1088 432 1157 Ἑξῆς
473 1088 529 1141 δὲ
569 1090 700 1158 περὶ
744 1090 844 1159 τῆς
892 1089 1318 1159 Ἀποκαλύψεως
1376 1090 1469 1142 τοῦ
1504 1091 1752 1142 Ἰωάννου

182 1180 364 1233 ταῦτά
394 1197 581 1247 φησιν’
611 1180 645 1232 ἃ
673 1181 737 1252 δὴ
761 1182 942 1235 πάντα
977 1181 1118 1235 κατά
1145 1181 1321 1252 ῥῆμα,
1345 1184 1394 1234 εί
1424 1183 1518 1234 καὶ
1543 1181 1629 1234 διὰ
1656 1198 1756 1246 μα-

183 1271 348 1338 κροῦ,
374 1271 525 1342 ὅμως
557 1273 835 1339 ἀναγκαῖά
866 1289 929 1341 γε
971 1274 1121 1337 εντα,
1172 1274 1502 1342 ἐκθήσομαι.
1547 1292 1565 1324 ι
1601 1272 1754 1336 Τινὲς

184 1365 294 1429 μὲν
325 1360 439 1426 οὖν,
492 1366 648 1432 φησὶ,
703 1363 814 1417 τῶν
846 1354 953 1433 πρδ
1009 1366 1167 1435 ἡμῶν
1205 1366 1478 1435 ήθέτησαν
1506 1367 1600 1418 καὶ
1633 1365 1756 1417 ἀνευ

184 1452 468 1504 σκεύασαν
499 1455 676 1523 πάντη
706 1455 763 1507 τὸ
792 1455 1014 1522 βιϐλίον’
1045 1459 1140 1508 καὶ
1174 1456 1296 1510 καθ’
1324 1458 1555 1511 ἕκαστον
1584 1457 1759 1524 κεφά-

187 1544 348 1594 λαιον
381 1543 785 1607 διευθύναντες,
818 1545 1123 1611 ἄγνωστόν.
1148 1563 1210 1612 γε
1244 1548 1334 1598 καὶ
1374 1547 1760 1613 ἀσυλλόγιστον

183 1636 575 1700 ἀποραίνουσι,
611 1636 997 1714 ψεύδεσθαί-τε
1022 1638 1122 1708 τὴν
1142 1639 1480 1709 ἐπιγραφήνο
1504 1638 1759 1708 Ἰωάννην

187 1727 303 1793 γὰρ
330 1727 430 1777 οὐκ
453 1722 593 1778 εἶναι
623 1727 896 1792 λέγουσιν·
929 1730 1046 1782 ἀλλ’
1071 1729 1179 1782 οὐδ’
1208 1730 1575 1797 ’Δποκάλυψιν
1597 1726 1758 1791 εἶναι,

185 1817 294 1883 τὴν
327 1818 528 1887 σφόδρα
559 1821 653 1870 καὶ
683 1823 854 1888 παχεῖ
887 1823 1317 1892 κεκαλυμμένην
1351 1821 1426 1892 τῷ
1458 1823 1555 1887 τῆς
1581 1824 1760 1889 ἀγνω-

190 1909 320 1970 σίας
349 1911 834 1978 παραπετάσματι·
873 1915 968 1965 καὶ
995 1915 1093 1983 οὐχ
1131 1917 1278 1978 ὅπως
1307 1915 1415 1966 τῶν
1448 1915 1763 1968 ἀποστόλων

188 2001 340 2063 τινὰ,
379 2001 497 2052 ἀλλ’
534 2002 645 2055 οὐδ’
677 2004 811 2062 ὅλως
868 2006 979 2058 τῶν
1033 2007 1223 2073 ἁγίων,
1276 2006 1308 2076 ἧ
1362 2007 1470 2058 τῶν
1516 2009 1623 2060 ἀπὸ
1664 2007 1761 2077 τῆς

2415 774 2644 831 CAPUT
2687 775 2848 830 XXII.

1856 885 1996 951 Quid
2034 887 2312 959 Dionysius
2341 887 2822 959 Alexandrinusde
2862 889 3176 959 Apocalypsi
3202 887 3425 942 Joannis

2340 959 2590 1026 scriptum
2635 956 2928 1026 reliquerit.

1927 1087 2134 1142 Deinde
2177 1088 2245 1143 de
2283 1087 2609 1158 Apocalypsi
2640 1089 2871 1144 Joannis
2899 1089 3228 1144 sententiam
3271 1105 3424 1144 suam

1859 1181 2070 1251 profert
2106 1199 2118 1235 :
2150 1197 2272 1250 qua:
2299 1182 2487 1235 omnia
2517 1184 2772 1250 quamvis
2800 1183 2912 1235 sint
2941 1182 3212 1251 longiora,
3244 1191 3425 1234 tamen

1859 1275 2172 1328 necessario
2197 1273 2876 1328 verbiscommemoranda
2897 1274 3105 1341 putavi.
3138 1272 3426 1326 «Nonnulli

1860 1378 2078 1436 eorum,
2111 1361 2307 1447 inquit,
2341 1363 2434 1432 qui
2464 1379 2559 1416 eos
2589 1371 3015 1432 praecesserunt.
3045 1362 3429 1424 aboleverunt,

1861 1463 1917 1508 et
1944 1455 2103 1523 plane
2133 1454 2352 1508 irritum
2379 1454 2630 1508 fecerunt
2653 1455 2854 1508 librum
2884 1455 3088 1522 ipsum,
3112 1463 3279 1521 amne
3304 1462 3429 1505 eum

1863 1558 1958 1611 per
1975 1543 2150 1611 capita
2168 1545 2348 1598 omnia
2367 1554 2745 1612 coarguentes,
2761 1546 2817 1598 in
2831 1559 2950 1598 eam
2966 1543 3199 1599 formam
3210 1544 3436 1613 redege-

1863 1645 2015 1696 runt.
2048 1647 2106 1689 ut
2133 1638 2392 1703 cognosci
2412 1652 2519 1690 non
2549 1645 2755 1705 posset,
2785 1647 2842 1690 et
2863 1637 3012 1690 nulla
3043 1638 3255 1690 ratione
3281 1652 3431 1690 eom-

1865 1730 2072 1798 positus
2114 1743 2234 1784 esse
2261 1730 2560 1784 videretur.
2586 1730 2796 1784 Falsam
2817 1743 3035 1798 quoque
3050 1728 3213 1800 515
3239 1729 3435 1782 inseri-

1866 1821 2107 1889 ptionem
2134 1820 2335 1874 habere
2360 1821 2616 1874 dixerunt
2637 1839 2650 1874 :
2671 1836 2848 1889 neque
2871 1822 3016 1874 enim
3035 1819 3266 1872 Joannis
3286 1834 3432 1876 esse.

1864 1928 2042 1981 neque
2091 1913 2475 1966 revelationem
2528 1913 2692 1965 ullam
2721 1912 2948 1974 habere,
2972 1912 3065 1980 qui
3097 1919 3206 1964 tam
3237 1925 3434 1976 magno

1864 2016 1920 2061 et
1949 2021 2134 2059 crasso
2162 2005 2516 2060 obscuritatis
2554 2005 2674 2058 velo
2703 2016 2997 2072 coopertus
3029 2012 3205 2065 esset;
3245 2011 3300 2055 et
3326 2017 3433 2055 nor.

200 2093 562 2162 Ἐκκλησίας,
629 2096 821 2149 τούτου
885 2101 1167 2166 γεγονέναι
1214 2100 1441 2169 ποιητὴν
1488 2100 1581 2153 τοῦ
1635 2117 1766 2166 συγ-

1873 2097 2028 2151 modo
2062 2113 2171 2149 non
2209 2098 2275 2150 ab
2304 2096 2551 2165 apostolo
2593 2096 2873 2164 quopiam,
2910 2095 3004 2148 sed
3057 2109 3123 2147 ne
3167 2108 3196 2146 a
3244 2100 3435 2146 saneto

188 2185 548 2254 γράμματος·
585 2187 856 2259 Κήρινθον
909 2191 965 2243 δὲ
1014 2193 1105 2243 τὸν
1154 2192 1248 2243 καὶ
1285 2194 1383 2262 τὴν
1431 2194 1759 2246 ἀπ’ἑκείνου

189 2277 497 2346 κληθεῖσαν
521 2281 892 2352 Κηρινθιανὴν
928 2285 1342 2353 συστησάμενον
1370 2287 1601 2355 αἵρεσιν,
1619 2287 1762 2352 ἀξιό-

189 2383 392 2420 πιστον
421 2370 754 2440 ἐπιφημίσαι
783 2371 1089 2441 θελήσαντα
1130 2374 1207 2444 τῷ
1238 2376 1434 2429 ἑαυτοῦ
1474 2377 1762 2446 πράγματι

187 2458 403 2527 δνομαο
434 2461 593 2514 τοῦτο
646 2464 753 2532 γὰρ
807 2458 947 2517 εἶναι
985 2466 1082 2535 τῆς
1127 2466 1474 2530 διδασκαλίας
1506 2468 1671 2522 αὑτοῦ
1705 2469 1764 2521 τὸ

187 2551 397 2642 δόγμα,
431 2554 673 2620 ἐπίγειον
701 2555 924 2608 ἔσεσθαι
953 2557 1051 2627 τὴν
1075 2558 1167 2610 τοῦ
1196 2560 1434 2629 Χριστοῦ
1465 2560 1760 2642 βασιλείαν.-

193 2644 294 2696 καὶ
342 2637 416 2697 ὧν
460 2645 620 2709 αὐτὸς
655 2647 923 2714 ὠρέγετο,
983 2651 1363 2720 φιλοσώματος
1393 2652 1471 2705 ῶν
1503 2657 1598 2706 καὶ
1624 2637 1764 2707 πάνυ

197 2736 485 2805 σαρκικὸς,
518 2739 575 2788 ὲν
603 2739 815 2802 τούτοις
845 2741 1211 2811 ὀνειροπολεῖν
1236 2744 1454 2796 ἔσεσθαι
1479 2760 1492 2773 '
1528 2746 1764 2817 γαστρὸς

196 2827 293 2878 καὶ
327 2828 434 2879 τῶν
468 2828 572 2880 ὑπὸ
621 2833 862 2899 γαστέρα
907 2835 1248 2902 πλησμονῆς,
1279 2837 1528 2888 τουτέστι
1574 2840 1766 2900 σιτίοις

191 2919 290 2968 καὶ
319 2921 502 2981 ποτοῖς
522 2923 614 2990 καὶ
636 2922 858 2989 γάμοις.
885 2923 979 2976 καὶ
999 2925 1065 2976 δι’
1095 2920 1169 2980 ὧν
1195 2929 1570 2997 εὐφημότερον
1596 2930 1767 2982 ταῦτα

193 3005 356 3075 ᾠήθη
399 3009 690 3072 ποιεῖσθαι,
750 3012 965 3081 ἑορταῖς
1010 3016 1107 3067 καὶ
1159 3016 1371 3079 θυσίαις
1415 3021 1507 3071 καὶ
1554 3020 1768 3088 ἱερείων

199 3105 465 3168 σφαγαῖς.
503 3104 646 3172 Ἐγὼ
675 3105 730 3157 δὲ
771 3107 1035 3176 ἀθετῆσαι
1069 3110 1168 3176 μὲν
1193 3112 1291 3162 οὐκ
1336 3110 1402 3163 ἂν
1432 3111 1767 3182 τολμήσαιμι

195 3195 258 3243 τὸ
292 3193 518 3261 βιϐλίον,
555 3196 763 3250 πολλῶν
803 3198 936 3251 αὐτὸ
967 3200 1054 3252 διὰ
1087 3203 1322 3270 σπουδῆς
1352 3204 1583 3271 ἑχόντων
1614 3205 1769 3263 d551-

198 3284 346 3348 φῶν.
373 3287 610 3350 Μείζονα
642 3289 698 3340 δὲ
725 3288 825 3358 τῆς
854 3290 1097 3358 ἐμαυτοῦ
1142 3295 1460 3362 φρονήσεως
1506 3295 1606 3364 τὴν
1641 3296 1773 3347 ὑπό-

199 3376 368 3446 ληψιν
419 3379 517 3447 τήν
567 3382 697 3448 περὶ
748 3381 916 3433 αὑτοῦ
956 3381 1240 3451 λαμόἀνω.
1277 3387 1386 3437 Καὶ
1432 3386 1541 3455 γὰρ
1587 3390 1635 3440 εἰ
1697 3390 1771 3457 μὴ

204 3469 461 3537 συνίημι,
494 3471 608 3522 ἀλλ’
635 3472 846 3524 ὑπονοῶ
878 3490 939 3540 γε
973 3475 1095 3526 νοῦν
1126 3493 1248 3528 τινα
1275 3477 1568 3548 βαθύτερον
1597 3483 1771 3547 ἐγκεῖ-

204 3558 334 3611 σθαι
364 3562 473 3621 τοῖς
515 3561 778 3630 ῥήμασιν·
812 3564 910 3614 οὐκ
941 3566 1056 3634 ἰδίῳ
1086 3565 1257 3618 ταῦτα
1288 3569 1501 3635 μετρῶν
1531 3570 1624 3620 καὶ
1651 3571 1772 3638 κρί-

200 3665 312 3697 νων
344 3647 614 3717 λογισμῷ,
651 3649 833 3703 πίστει
862 3651 917 3703 δὲ
958 3654 1019 3704 τὸ
1049 3655 1209 3706 πλέον
1249 3658 1456 3723 νέμων,
1514 3659 1774 3727 ὑψηλοτέ-

206 3755 312 3806 ραν
345 3739 376 3807 ἦ
413 3741 506 3790 ὑπ’
537 3741 670 3809 ἐμοῦ
718 3745 1140 3814 καταληφθῆναι
1198 3752 1478 3816 νενόμικα.
1529 3753 1638 3811 Καὶ
1677 3753 1773 3803 οὐκ

201 3831 599 3900 ἀποδοκιμάζω
630 3834 825 3896 ταῦτα,
854 3835 890 3888 ἃ.
929 3837 1002 3906 μὴ
1042 3839 1386 3906 συνεώρακα’
1419 3843 1686 3910 Θαυμάζω
1719 3845 1775 3896 δὲ

207 3923 413 3992 μᾶλλον
462 3925 544 3977 ὃτι
597 3927 671 3995 μὴ
717 3928 974 3983 συνεῖδον.
1009 3949 1026 3979 ι
1088 3932 1212 3984 Ἐπὶ
1259 3932 1466 3995 τούτοις
1519 3934 1616 4002 τὴν
1646 3936 1775 4003 ὅλην

201 4015 312 4080 τῆς
344 4015 741 4083 ἀποκαλύψεως
774 4015 1073 4084 βασανίσας
1121 4021 1360 4090 γραφὴν,
1414 4022 1673 4074 ἀδύνατον
1720 4025 1776 4075 δὲ

204 4105 378 4172 αὐτὴν
410 4108 550 4158 κατά
584 4109 680 4177 τὴν
706 4109 998 4178 πρόχειρον
1029 4110 1316 4175 ἀποδείξας
1354 4113 1597 4168 διάνοιαν
1640 4119 1779 4167 νοεῖ-

207 4197 358 4260 σθαι,
409 4199 663 4268 ἐπιφέρει
712 4189 915 4265 λέγων’
956 4218 973 4250 ι
1007 4201 1342 4264 Συντελέσας
1397 4203 1454 4256 δὲ
1486 4207 1668 4257 πᾶσαν
1703 4206 1780 4268 ὡς

210 4291 394 4340 εἰπεῖν
421 4289 519 4359 τὴν
550 4291 916 4359 προφητείαν,
948 4294 1246 4373 μακαρίζει
1275 4298 1303 4348 ὁ
1332 4299 1621 4364 προφήτης
1651 4299 1777 4360 τούς

206 4399 267 4433 τε
295 4382 665 4450 φυλάσσοντας
697 4385 888 4452 αὐτὴν,
917 4390 1010 4440 καὶ
1038 4386 1101 4455 δὴ
1127 4388 1220 4440 καὶ
1247 4389 1456 4441 ἑαυτόν.
1489 4390 1780 4459 Μακάριος

209 4477 343 4541 γάρ,
381 4475 564 4544 φησὶν,
606 4478 633 4527 ὁ
673 4477 858 4545 τηρῶν
886 4480 1013 4538 τοὺς
1060 4479 1249 4545 λόγους
1293 4482 1392 4550 τῆς
1442 4484 1779 4552 προφητείας

206 4566 306 4618 τοῦ
340 4566 546 4635 βιὸλίου
587 4568 812 4619 τούτουο
851 4569 1008 4634 κάγὼ
1047 4570 1303 4635 Ἰωάννης
1345 4576 1372 4625 ό
1422 4573 1633 4641 βλέπων
1686 4576 1782 4627 καὶ¹

207 4657 431 4711 ἀκούων
464 4658 658 4712 ταῦτα.
705 4661 1007 4714 Καλεῖοθαι
1047 4663 1144 4731 μὲν
1175 4661 1268 4717 οὖν
1295 4664 1554 4736 Ἰωάννην
1594 4669 1776 4732 αὑτὸν,

1866 2191 2086 2260 quidem
2115 2190 2226 2243 ullo
2257 2198 2354 2242 aut
2378 2188 2753 2242 ecclesiastico
2781 2188 2899 2239 viro
2927 2186 3133 2239 editum
3162 2201 3305 2238 esse.
3337 2183 3438 2236 Ce-

1866 2283 2111 2336 rinthnm
2141 2292 2348 2343 autem,
2373 2282 2465 2350 qui
2494 2282 2614 2350 ejus
2641 2295 2760 2349 qua:
2790 2279 2858 2332 ab
2885 2295 2951 2330 eo
2974 2277 3325 2332 Cerinthiana
3357 2275 3431 2328 di-

1865 2375 2010 2429 citur
2031 2375 2457 2428 haeresisauetor
2477 2381 2582 2435 est,
2605 2371 2840 2424 voluisse
2861 2369 3062 2422 celebri
3086 2367 3306 2419 nomine
3333 2365 3436 2420 fide

1865 2465 2084 2536 dignam
2105 2464 2488 2517 auctoritatem
2515 2463 2769 2530 figmento
2795 2476 2893 2512 suo
2915 2474 3128 2527 parare.
3156 2458 3267 2511 Hoc
3290 2456 3445 2509 enim

1867 2573 1985 2611 esse
2011 2555 2369 2625 professionis
2397 2570 2508 2607 sua:
2532 2554 2745 2618 dogma,
2777 2565 3003 2618 regnum
3033 2549 3238 2602 Christi
3272 2557 3437 2601 terre-

1870 2669 1997 2705 num
2027 2653 2302 2715 futurum;
2337 2663 2392 2702 et
2426 2665 2562 2718 quas
2589 2650 2705 2715 ipse
2741 2646 3047 2714 cerporalis
3070 2643 3361 2698 admodum
3385 2655 3441 2695 et

1870 2741 2105 2796 carnalis
2146 2741 2532 2809 concupiverat
2578 2755 2685 2803 res,
2733 2739 2785 2791 in
2831 2739 2911 2790 eis
2956 2736 3261 2790 somniasse
3308 2733 3437 2786 illud

1872 2833 2136 2894 futurum,
2157 2835 2210 2887 in
2233 2833 2439 2908 ventris
2465 2830 2673 2884 sellicet
2697 2839 2751 2882 et
2773 2818 3110 2896 eorum-quae
3131 2827 3233 2880 sub
3256 2835 3442 2878 ventre

1871 2937 1999 2978 sunt
2029 2925 2255 2978 libidine
2283 2933 2337 2976 et
2364 2923 2617 2976 ubertate
2655 2941 2665 2973 :
2701 2922 2801 2973 hoc
2832 2928 2936 2982 est,
2967 2920 3108 2980 cibo,
3132 2930 3285 2986 potu,
3310 2932 3443 2970 eon-

1874 3022 2063 3078 nubio.
2089 3033 2142 3074 et
2172 3022 2254 3088 (ut
2279 3020 2676 3073 absurditatem
2704 2993 2907 3069 tantdm
2935 3015 3200 3082 speciosis
3225 3021 3444 3065 ornaret

1870 3114 2076 3183 verbis)
2104 3114 2301 3166 diebus
2332 3111 2503 3173 feStis,
2535 3109 2842 3165 sacrificiis.
2867 3117 2920 3158 et
2947 3107 3289 3159 victimarum
3325 3119 3440 3156 ma-

1877 3205 2229 3258 ctatiunibus.
2262 3202 2375 3271 Ego
2407 3204 2829 3274 verojabrogare
2863 3200 3063 3252 librum
3104 3212 3252 3258 eum,
3281 3210 3442 3264 quem

1878 3303 2074 3351 fratres
2103 3297 2259 3350 multi
2292 3297 2538 3350 studiose
2567 3295 2775 3362 legunt,
2810 3307 2916 3344 non
2943 3291 3153 3352 ausim;
3186 3289 3444 3356 majorem

1882 3399 2062 3444 autem
2087 3403 2249 3457 quam
2273 3403 2371 3456 pro
2396 3387 2659 3441 tenuitate
2686 3400 2803 3454 mea
2829 3385 3006 3445 decet,
3034 3383 3100 3435 de
3127 3398 3194 3435 eo
3219 3382 3444 3449 concepi

1879 3483 2212 3550 Opinionem.
2256 3482 2389 3534 Nam
2419 3482 2518 3535 etsi
2553 3496 2659 3532 non
2691 3479 2956 3542 intelligo.
2985 3477 3234 3544 suspicor
3264 3485 3443 3527 tamen

1877 3574 2126 3625 altiorem
2157 3571 2629 3636 secretioremque
2663 3569 2716 3620 in
2748 3567 2932 3619 verbis
2959 3567 3082 3634 ejus
3117 3566 3287 3618 latere
3319 3578 3446 3617 sen-

1879 3681 2023 3725 sum,
2065 3678 2301 3730 eumque
2339 3662 2498 3727 longe
2545 3659 2946 3718 sublimiorem,
2979 3672 3140 3725 quam
3194 3665 3251 3709 ut
3293 3671 3322 3707 a
3364 3671 3449 3708 me

1880 3755 2086 3823 percipi
2118 3761 2298 3820 queat.
2331 3752 2386 3805 Id
2418 3749 2564 3820 quod
2590 3765 2700 3802 non
2729 3749 2960 3802 arbitrio
2984 3747 3331 3815 meojudico,
3352 3745 3449 3799 sed

1882 3847 2007 3900 fidei
2052 3846 2222 3914 magis
2269 3843 2473 3897 tribuo.
2515 3841 2633 3894 Non
2677 3840 2866 3911 rejicio
2903 3839 3124 3906 quidem
3171 3852 3292 3905 quae
3340 3851 3449 3889 non

1882 3937 2171 4006 perspicio,
2205 3935 2373 4003 magis
2416 3944 2597 3988 autem
2636 3935 2881 3986 admiror
2914 3932 3059 4000 quod
3098 3946 3206 3982 non
3253 3929 3453 3984 intelli-

1880 4043 2021 4098 gam.
2057 4027 2334 4082 «Postha-c
2359 4027 2631 4094 scriptura
2666 4025 3016 4077 revelationis
3047 4023 3195 4077 omni
3221 4021 3452 4090 diligen-

1883 4121 1992 4174 tius
2019 4129 2074 4172 et
2097 4118 2427 4185 exquisitius
2454 4131 2744 4186 perpensa,
2776 4113 3002 4182 intelligi
3035 4128 3143 4166 non
3171 4127 3330 4180 posse
3365 4112 3453 4165 de-

1882 4220 2166 4272 monstrat,
2203 4211 2244 4262 si
2277 4225 2402 4262 eum
2437 4223 2656 4268 sensum
2694 4215 2928 4283 spectes,
2961 4205 3053 4274 qui
3105 4204 3158 4257 in
3195 4213 3452 4273 promptu

1883 4306 2094 4373 positus
2120 4305 2335 4355 videtur
2355 4301 2698 4376 ;'a€“deinde
2736 4300 2900 4353 refert
2925 4316 2939 4353 :
2976 4317 2993 4348 ι
3022 4298 3280 4351 Absoluta
3300 4311 3451 4362 vero,

1886 4404 1947 4447 ut
1976 4395 2046 4447 ita
2081 4393 2283 4456 dicam,
2317 4391 2600 4461 prophetia
2642 4391 2915 4448 universa.
2953 4389 3144 4442 beatos
3189 4388 3452 4461 propheta

1887 4485 2188 4546 renuntiat,
2217 4485 2310 4549 qui
2338 4498 2457 4535 eam
2488 4481 2850 4542 servaverint,
2884 4497 3052 4547 seque
3084 4481 3222 4532 adeo
3252 4479 3450 4546 ipsum.

1889 4577 2084 4628 Beatus
2128 4576 2300 4637 enim,
2343 4574 2538 4642 inquit,
2585 4574 2676 4642 qui
2726 4582 2907 4625 servat
2949 4573 3113 4625 verba
3155 4570 3456 4640 prophetia:

1886 4668 2013 4721 libri
2048 4668 2241 4737 hujus;
2281 4676 2335 4718 et
2370 4681 2471 4733 ego
2502 4665 2763 4727 Joannes,
2797 4663 2886 4732 qui
2921 4675 2975 4716 et
3006 4662 3116 4716 vidi
3155 4673 3210 4717 et
3249 4651 3454 4716 audivi.

209 4752 309 4803 καὶ
350 4744 491 4802 εἶναι
518 4751 617 4821 τὴν
640 4753 860 4822 γραφὴν
882 4753 1135 4814 Ἰωάννου
1162 4757 1386 4824 ταύτην,
1420 4757 1520 4809 οὐκ
1545 4759 1770 4825 ἀντερῶ.

1887 4761 2080 4815 Vocari
2122 4759 2343 4825 quidem
2375 4757 2638 4810 Joannem
2667 4772 2814 4816 eum,
2843 4765 2897 4809 et
2918 4755 3145 4808 Joannis
3169 4771 3290 4808 esse
3326 4757 3458 4806 scri-

219 4849 412 4916 Ἀγίου
440 4849 537 4917 μὲν
564 4850 672 4917 γάρ
693 4846 834 4901 εἶναι
858 4866 1000 4908 τινος
1022 4849 1114 4900 καὶ
1138 4848 1497 4901 θεοπνεύστου
1525 4851 1777 4902 συναινῶ·

209 4941 271 4991 οὐ
309 4937 421 5007 μὴν
451 4938 650 5008 ῥαδίως
681 4939 747 4992 ἂν
784 4941 1084 5010 συνθείμην
1125 4940 1314 4992 τοῦτον
1340 4939 1477 4993 εἶναι
1518 4942 1611 4993 τὸν
1646 4941 1782 4993 ἀπό-

212 5031 428 5090 στολον,
459 5031 551 5081 τὸν
595 5030 708 5082 υἱὸν
744 5030 1058 5091 Ζεϐεδαίου,
1098 5031 1190 5082 τὸν
1235 5032 1465 5100 ἀδελφὸν
1495 5033 1779 5095 Ἰακώϐου,

209 5114 273 5171 οὗ
303 5120 368 5170 τὸ
420 5118 751 5185 Εὐαγγέλιον
781 5119 842 5170 τὸ
869 5119 1008 5171 κατά
1057 5120 1314 5186 Ἰωάννην
1365 5121 1781 5189 ἐπιγεγραμμέ-

209 5229 325 5275 νον,
374 5210 464 5262 καὶ
494 5211 527 5279 ή
561 5209 818 5278 ἐπιστολὴ
850 5212 880 5278 ἡ
913 5207 1217 5278 Καθολική.
1255 5211 1639 5280 Τεκμαίρομαι
1674 5211 1782 5279 γάρ

211 5309 277 5358 ἐκ
325 5321 388 5356 τε
443 5303 538 5355 τοῦ
581 5303 744 5372 ήθους
779 5305 1078 5369 ἑκατέρων,
1122 5305 1217 5355 καὶ
1246 5302 1340 5355 τοῦ
1367 5303 1474 5355 τῶν
1505 5304 1681 5370 λόγων
1709 5303 1787 5356 εῖ-

211 5399 370 5458 δους,
417 5397 511 5447 καὶ
557 5400 655 5465 τῆς
694 5397 787 5448 τοῦ
839 5397 1046 5465 βιὸλίου
1079 5396 1421 5464 διεξαγωγῆς
1450 5398 1782 5465 λεγομένης,

217 5489 298 5557 μὴ
323 5492 418 5540 τὴν
452 5490 613 5541 αὑτὸν
644 5485 799 5541 εἶναι.
853 5491 909 5541 Ὀ
949 5490 1046 5556 μὲν
1093 5492 1201 5558 γὰρ
1244 5490 1641 5559 εύαγγελιστὴς
1696 5491 1788 5543 οὐ-

209 5580 393 5649 δαμοῦ
427 5582 488 5632 τὸ
513 5580 684 5649 ὄνομα
713 5580 879 5633 αὑτοῦ
919 5582 1327 5648 παρεγγράφει,
1369 5582 1487 5634 οὐδὲ
1516 5581 1788 5650 κηρύσσει

214 5675 414 5727 ἑαυτὸν
455 5673 579 5726 οὔτε
614 5675 701 5726 διὰ
735 5676 825 5726 τοῦ
859 5674 1222 5741 Εὐαγγελίου,
1257 5675 1378 5727 οὔτε
1421 5675 1508 5728 διὰ
1536 5676 1633 5744 τῆς
1661 5677 1786 5727 ἐπι-

216 5767 436 5832 στολῆς.
491 5785 508 5817 ι
570 5767 677 5818 Καὶ
737 5768 932 5836 μικρὸν
985 5768 1336 5830 ὑποκαταϐὰς
1386 5769 1547 5820 πάλιν
1597 5767 1782 5835 λέγει·

223 5879 242 5905 ι.
274 5857 534 5920 Ηωάννης
583 5857 636 5912 δὲ
683 5856 945 5931 οὐδαμοῦ,
987 5859 1092 5912 οὐδ’
1136 5859 1210 5921 ὡς
1251 5859 1380 5925 περὶ
1432 5859 1643 5926 ἑτέρου,
1677 5857 1786 5910 οὐδ’

1887 4859 2041 4919 ptum
2068 4848 2142 4912 id,
2161 4864 2265 4900 non
2292 4863 2555 4916 repugno.
2582 4847 2646 4900 Et
2667 4848 2837 4900 sancti
2863 4847 3090 4916 alicujus
3110 4862 3174 4899 ac
3197 4847 3458 4899 divinitus

1890 4939 2052 4994 amati
2082 4939 2183 4991 viri
2215 4954 2334 4992 esse
2362 4939 2667 5000 assentior;
2700 4953 2807 4990 non
2840 4937 2995 4991 facile
3020 4946 3198 4990 tamen
3227 4939 3457 5005 apostoli

1889 5047 2010 5086 esse
2035 5031 2423 5093 concesserim,
2447 5030 2540 5082 lilii
2563 5029 2834 5092 Zebedmi,
2859 5029 3046 5082 fratris
3068 5028 3280 5093 Jacobi,
3304 5028 3462 5096 cujus

1890 5124 2244 5193 Evangelium
2263 5131 2346 5176 est
2363 5122 2507 5190 quod
2529 5121 2831 5174 secundum
2849 5121 3112 5174 Joannem
3134 5120 3458 5188 inscriptum

1892 5228 1995 5282 est,
2013 5229 2066 5272 et
2086 5216 2314 5286 epistola
2339 5214 2626 5269 catholica.
2644 5214 3026 5282 Conjecturam
3049 5215 3195 5267 enim
3215 5214 3376 5276 facio,
3395 5228 3460 5265 ex

1896 5321 2254 5377 utrorumque
2276 5309 2603 5376 scriptorum
2625 5316 2846 5364 more_et
2873 5306 3074 5369 indole,
3090 5322 3154 5358 ex
3176 5306 3462 5358 verborum

1894 5403 2090 5466 forma,
2111 5411 2166 5455 et
2186 5417 2252 5454 ex
2277 5401 2449 5470 ipsius
2470 5399 2594 5452 libri
2616 5400 2806 5458 ductu,
2833 5398 2980 5452 illius
3006 5414 3110 5450 non
3133 5414 3274 5451 esse.
3297 5396 3465 5467 416

1896 5491 1974 5546 Ac
1993 5493 2336 5562 Evangelista
2361 5491 2579 5563 quidem
2603 5507 2868 5559 nusquam
2895 5506 3092 5543 nomen
3115 5505 3274 5542 suum
3297 5488 3464 5542 ascri-

1897 5585 2016 5638 bit:
2051 5599 2229 5654 neque
2277 5585 2518 5652 seipsum
2560 5585 2643 5637 vel
2681 5585 2733 5636 in
2771 5583 3083 5651 Evangelio,
3117 5582 3201 5635 vel
3249 5582 3302 5634 in
3348 5579 3464 5645 epi-

1897 5676 2032 5728 stola
2069 5675 2452 5743 deprzedicat.»
2477 5674 2544 5727 Et
2568 5674 2846 5742 paululum
2884 5687 3208 5741 progressus
3240 5686 3460 5724 rursum

1897 5766 2113 5835 inquit:
2140 5764 2407 5821 uJoannes
2435 5766 2657 5835 quidem
2687 5779 3173 5834 nusquam,neque
3204 5773 3462 5838 tanquam

1895 5859 1962 5914 de
1993 5859 2119 5925 alio,
2163 5875 2337 5928 neque
2371 5870 2628 5928 tanquam
2667 5859 2734 5913 de
2767 5858 2974 5927 seipse;
3010 5858 3102 5927 qui
3145 5870 3276 5911 vero
3325 5855 3460 5924 Apo-
