4184 6440
209 399 361 464 1177

1135 401 1741 465 ECCLESIASTICE
1784 402 2171 463 HISTORI/B
2200 403 2349 465 LIB.
2398 403 2495 464 VI.

3313 402 3451 467 i178

199 511 360 580 ἡμᾶς
385 508 604 577 ἀγάπης
627 508 852 577 ἐντολήν
874 524 888 539 ·
916 508 990 571 ὡς
1031 508 1211 572 πάσας
1241 510 1321 563 δεῖ
1356 512 1649 579 φυλάσσειν
1675 512 1766 573 τὰς

1876 512 2253 575 dilectionem,
2280 513 2538 570 fraternae
2562 513 2723 570 'inter
2753 530 2880 571 nos
2896 513 3184 571 eharitatis
3219 518 3447 572 manda-

201 602 457 664 ἐντολάς.
498 598 557 655 '0
582 600 805 669 ελεγχος
834 600 931 653 τοῦ
965 602 1194 669 κόσμου,
1232 601 1325 653 τοῦ
1374 602 1642 666 διαδόλυυ,
1678 603 1773 655 τοῦ

219 691 599 761 ’Δντιχρίστου
627 705 641 721 ·
689 691 721 759 ἠ
755 690 1059 757 ἐπαγγελία
1090 691 1184 745 τοῦ
1223 693 1377 758 ἁγίου
1400 694 1731 762 Πνεύματος
1758 709 1772 725 ⁸

205 784 247 853 ἠ
282 776 527 836 υἱοθεσία
552 780 647 834 τοῦ
696 781 853 833 Θεοῦ·
885 782 918 851 ἡ
950 783 1018 834 δι’
1045 783 1167 835 ὅλου
1212 783 1390 846 πίστις
1432 784 1590 854 ἡμῶν
1616 786 1781 837 άπαι-

199 873 449 941 τουμένη
473 887 487 901 ο
537 875 565 924 ό
594 871 780 943 Πατὴρ
808 877 901 925 καὶ
946 876 974 926 ὁ
1016 874 1141 935 Υἱὸς
1172 875 1471 944 πανταχοῦ·
1517 876 1611 928 καὶ
1640 876 1776 938 ὅλως

193 964 299 1017 διὰ
348 965 569 1017 πάντων
604 966 1135 1035 χαρακτηρίζοντας,
1190 967 1287 1019 ἕνα
1334 968 1429 1019 καὶ
1477 968 1568 1018 τὸν
1615 966 1776 1020 αὑτὸν

197 1058 466 1127 συνορᾷν.
498 1056 591 1108 τοῦ
622 1057 963 1125 Εὑαγγελίου
1000 1061 1095 1111 καὶ
1134 1058 1232 1125 τῆς
1262 1059 1552 1127 ἱπιστολῆς
1591 1060 1775 1129 χρῶτα

196 1144 525 1210 πρόκειται.
569 1145 916 1215 ’Δλλοιοτάτη
955 1145 1013 1197 δδ
1055 1146 1150 1198 καὶ
1189 1146 1314 1214 ξένη
1347 1148 1501 1217 παρὰ
1536 1147 1705 1200 ταῦτα
1738 1150 1772 1217 ἡ

208 1233 625 1301 ’Δποκάλυψιςσ
664 1236 801 1305 μήτε
854 1219 1233 1305 ἐφαπτομένη,
1294 1240 1435 1307 μήτε
1482 1238 1775 1305 γειτνιῶσα

192 1324 414 1377 τούτων
464 1326 654 1394 μηδενὶ
701 1327 890 1401 σχεδον
946 1328 1022 1390 ὡς
1077 1328 1272 1390 εἰπεῖν,
1336 1330 1470 1398 μηδὲ
1502 1330 1776 1395 συλλαϐὴν

194 1418 344 1484 πρὸς
394 1419 534 1471 αὑτὰ
575 1420 760 1489 κοινὴν
794 1419 1029 1488 ἔχουσα·
1083 1420 1200 1475 ἀλλ’
1238 1422 1357 1474 οὐδὲ
1398 1423 1619 1491 μνήμην
1655 1422 1776 1474 τινὰ

187 1508 322 1559 οὐδὲ
373 1509 604 1575 ἔννοιαν,
656 1510 781 1562 οὔτε
826 1513 858 1581 ἡ
917 1512 1176 1580 ἐπιστολὴ
1221 1513 1320 1582 τῆς
1349 1512 1775 1581 ’Ᾱποκαλύψεως

190 1594 317 1664 ἔχει
355 1599 447 1665 (id)
495 1600 601 1668 γὰρ
650 1601 707 1652 τὸ
762 1600 1139 1672 Εὐαγγὲλιον),
1193 1601 1317 1655 οὔτε
1353 1604 1451 1671 τῆς
1484 1604 1769 1671 ἐπιστολῆς

187 1687 231 1756 ὴ
271 1687 649 1758 Ἀποκάλυψις
678 1709 689 1721 ·
731 1693 945 1745 Παύλου
998 1694 1093 1747 καὶ
1145 1693 1234 1747 διὰ
1292 1694 1401 1746 τῶν
1442 1695 1771 1758 ἐπιστολῶν,

185 1774 585 1843 ἁποφήναντός
616 1795 667 1829 τι
696 1781 791 1832 καὶ
823 1782 951 1848 περὶ
1001 1782 1109 1834 τῶν
1154 1784 1553 1853 ἀποκαλύψεων
1588 1786 1771 1848 αὑτοῦ,

182 1862 263 1926 ἃς
291 1866 390 1916 οὐκ
419 1867 696 1937 ἀνέγραψα
732 1870 853 1921 καθ’
891 1873 1085 1931 αὑτάς.
1124 1874 1245 1926 Ἔτι
1284 1874 1340 1927 δὲ
1372 1878 1466 1927 καὶ
1495 1876 1592 1943 τῆς
1632 1877 1770 1943 φρά-

188 1971 340 2016 σεως
373 1958 472 2027 τὴν
506 1960 774 2031 διαφορὰν
814 1963 930 2016 ἔστι
964 1965 1347 2035 τεκμήρασθαι
1393 1966 1489 2019 τοῦ
1530 1968 1771 2033 Εὐάγγε-

184 2047 316 2100 λιου
348 2052 444 2103 καὶ
486 2052 584 2119 τῆς
620 2055 908 2121 ἐπιστολῆς
956 2057 1092 2126 πρὸς
1142 2058 1242 2128 τὴν
1268 2057 1656 2126 ’Δποεςάλύῲιι
1691 2059 1770 2110 Τὰ

191 2141 303 2209 μὲν
333 2144 442 2211 γὰρ
490 2145 550 2195 οὐ
603 2144 768 2212 μόνον
813 2147 1127 2211 ἀπταίστως
1174 2149 1318 2201 κατὰ
1362 2148 1462 2219 τὴν
1500 2148 1766 2219 Ἑλλήνων

185 2232 412 2299 φωνὴν,
445 2232 586 2285 ἀλλὰ
635 2235 727 2286 καὶ
777 2234 1136 2300 λογιωτάταις
1188 2236 1390 2301 λέξεσι,
1426 2238 1539 2299 τοῖς
1584 2236 1767 2289 συλλοο

180 2326 440 2389 γισμοτς,
459 2325 580 2387 ταῖς
603 2326 909 2391 συντάξεσι,
930 2327 1050 2388 ταῖς
1070 2328 1409 2396 ἑρμηνείαις,
1434 2329 1762 2395 γέγραπται.

185 2414 404 2466 Πολλοῦ
446 2432 511 2483 γε
557 2417 659 2480 δεῖ,
713 2417 988 2488 βάρϐαρόν
1029 2437 1149 2471 τινα
1206 2419 1464 2487 φθόγγον,
1503 2421 1535 2488 ἢ
1592 2422 1765 2471 σολοι-

181 2507 433 2574 κισμὸν,
476 2506 510 2576 ἢ
553 2508 693 2569 ὅλως
741 2510 1055 2578 ίδιωτισμὸν
1101 2512 1160 2563 ιν
1206 2512 1390 2573 αὐτοῖς
1449 2510 1760 2579 εὑρεθῆναι.

191 2593 501 2665 Ἑκάτερον
526 2600 637 2668 γὰρ
657 2598 827 2667 εἶχεν,
860 2599 936 2661 ὡς
966 2599 1137 2661 ἔοικε,
1169 2600 1262 2651 τὸν
1292 2599 1470 2667 λόγον,
1498 2598 1599 2669 τὴν
1624 2600 1763 2667 γνῶ-

179 2703 303 2751 σιν,
338 2689 627 2759 ἀμφότερα
663 2690 815 2760 αὐτῷ
858 2691 1237 2760 χαρισαμένου
1263 2690 1358 2742 τοῦ
1400 2690 1628 2759 Κυρίου,
1671 2691 1762 2741 τόν

175 2792 247 2828 τι
286 2779 386 2845 τῆς
418 2779 644 2846 σοφίας⁹
705 2781 800 2831 καὶ
840 2780 932 2832 τὸν
988 2781 1087 2847 τῆς
1143 2778 1417 2847 γνώσεως.
1460 2779 1664 2832 Τοῦτον
1704 2779 1762 2832 δὲ

176 2869 570 2939 ἀποκαλύψεις
614 2872 716 2940 μὶν
758 2871 1086 2942 ἑωρακέναι,
1119 2875 1214 2924 καὶ
1254 2872 1453 2938 γνῶσιν
1482 2871 1760 2939 εἰληφέναι

179 2965 287 3018 καὶ
318 2964 686 3032 προφητείαν,
714 2964 815 3015 οὐκ
852 2964 1067 3032 ἀντερῶ
1088 2980 1104 2995 ο
1134 2964 1416 3016 διάλεκτον
1457 2964 1638 3032 μέντοι
1670 2964 1762 3015 καὶ

178 3055 448 3125 γλῶσσαν
480 3058 580 3106 οὐκ
614 3055 859 3124 ἀκριεῶς
894 3054 1279 3124 ὲλληνίζουσαν
1322 3054 1486 3107 αὑτοῦ
1540 3053 1756 3122 βλέπω.

176 3150 306 3205 ἀλλ’
338 3148 597 3216 ἱδιὼμασι
640 3147 996 3218 βαρϐαρικοῖς
1041 3146 1355 3217 χρώμενον,
1395 3147 1490 3200 καί
1530 3164 1633 3198 που
1668 3164 1759 3198 σο-

175 3242 521 3305 λοικίζοντα.
552 3216 735 3308 Ἀπερ
773 3216 874 3291 ουκ
914 3216 1216 3305 ἀναγκαῖον
1253 3240 1348 3291 νῦν
1388 3239 1591 3305 λέγειν’
1638 3216 1833 3289 οὐδὲν(³

177 3334 303 3401 γὰρ
333 3331 723 3395 ἐπισκώπτων,
758 3333 830 3400 μή
860 3347 942 3392 τις
973 3330 1194 3401 νομίσῃ,
1217 3330 1387 3383 ταῦτα
1418 3328 1593 3396 εἷπον,
1623 3329 1761 3382 ἀλλὰ

186 3424 365 3494 μόνον
392 3424 492 3492 τὴν
521 3424 885 3489 ἀνομοιότητα
915 3403 1211 3473 διευθύνων
1240 3420 1446 3473 τούτων
1487 3420 1598 3472 τῶν
1627 3437 1765 3489 γρα-

178 3515 365 3582 φῶν.)
397 3512 582 3564 Ταῦτα
615 3515 671 3564 ὲν
704 3516 766 3582 τῇ
795 3512 1031 3582 δευτέρᾳ
1059 3512 1167 3563 τῶν
1197 3511 1544 3578 ἐπαγγελιῶν
1576 3512 1761 3564 Διονύ·

179 3622 307 3667 ato;
338 3606 433 3658 καὶ
462 3607 592 3674 περὶ
629 3605 729 3673 τῆς
761 3604 1009 3657 Ἰωάννου
1033 3602 1457 3671 Ἀποκαλύψεως
1490 3607 1625 3673 πρὸς
1654 3605 1761 3657 Νέ-

178 3715 347 3750 πωτα
386 3698 745 3764 ἐνιστάμενος
777 3696 995 3763 εῐρῃκε.

1882 616 2021 664 ιιιιη,
2057 613 2458 672 praeceptorum
2493 591 3234 667 omnium-observationem,
3262 607 3450 659 redar-

1878 695 2156 763 gulionem
2200 695 2415 758 mundi,
2455 696 2680 757 diaboli,
2726 697 3079 755 Antichristi,
3129 697 3451 765 promissio-

1878 800 2004 839 nem
2056 784 2294 851 Spiritus
2346 786 2558 849 sancti,
2609 787 2958 857 adoptionem
3022 789 3259 842 illiorum
3318 787 3445 849 Dei,

1882 875 2043 929 ﬁdem
2092 892 2215 944 qua:
2266 894 2362 947 per
2401 878 2585 931 omnia
2620 893 2649 932 ο
2686 879 2845 932 nobis
2888 880 3147 947 exigitur.
3195 880 3260 933 Et
3300 883 3446 948 quod

1878 967 2039 1021 Pater
2077 978 2133 1020 et
2175 966 2346 1021 Filius
2394 967 2602 1036 ubique
2651 967 3033 1036 designentur.
3069 967 3348 1035 quodque,
3388 976 3448 1019 ut

1876 1058 2192 1112 summatim
2224 1060 2427 1123 dicam,
2458 1060 2502 1112 si
2533 1074 2728 1113 omnes
2780 1060 3057 1127 Evangelii
3101 1066 3157 1111 et
3199 1058 3443 1125 epistola:

1876 1152 2030 1218 quasi
2063 1148 2282 1204 dicendi
2317 1148 2522 1205 formas
2552 1158 2747 1204 notare
2776 1150 2983 1211 lubeat,
3014 1151 3124 1203 vim
3156 1149 3441 1217 utriusque

1879 1251 2137 1309 tanquam
2172 1240 2320 1294 ﬁlum
2353 1241 2622 1303 orationis
2657 1241 3101 1295 animadvertere
3133 1242 3183 1292 in
3215 1240 3441 1307 proclivi

1874 1334 2001 1386 erit.
2036 1332 2334 1402 Peregrina
2361 1340 2544 1388 autem
2585 1343 2642 1387 et
2675 1334 2851 1387 aliena
2885 1349 3111 1402 prorsus
3143 1333 3209 1387 ab
3241 1333 3325 1385 his
3361 1339 3446 1385 est

1873 1424 2250 1494 Apocalypsis,
2291 1439 2468 1492 neque
2500 1423 2606 1478 illis
2633 1425 2935 1485 cohaerens,
2970 1440 3149 1493 neque
3183 1423 3437 1492 proxime

1876 1517 1941 1570 ad
1969 1531 2033 1570 ea
2061 1516 2351 1577 accedens,
2381 1531 2448 1569 ex
2483 1498 2666 1583 aliqua
2693 1526 2881 1583 parte;
2910 1516 3112 1584 quippe
3138 1531 3281 1583 qute.
3307 1530 3445 1583 pene

1875 1606 2130 1669 dixerim,
2160 1621 2228 1659 ne
2258 1607 2517 1677 syllabam
2563 1607 2785 1677 quidem
2834 1622 3179 1661 communem
3213 1621 3335 1659 cum
3363 1606 3445 1659 eis

1877 1697 2101 1751 habeat.
2144 1697 2249 1752 Sed
2286 1713 2465 1767 neque
2510 1699 2843 1751 mentionem
2890 1698 3074 1759 ullam,
3115 1712 3290 1764 neque
3322 1711 3447 1748 sen-

1878 1790 2149 1853 tentiam,
2190 1789 2276 1843 vel
2328 1790 2556 1857 epistola
2609 1788 2966 1859 Apocalypsis
3016 1788 3246 1855 (omitto
3297 1784 3442 1837 enim

1879 1879 2255 1951 Evangelium)
2288 1882 2374 1935 vel
2408 1880 2764 1949 Apocalypsis
2796 1880 3041 1947 epistolae
3075 1877 3240 1930 habet
3271 1893 3285 1929 :
3316 1890 3440 1927 cum

1876 1973 2100 2040 quidem
2139 1972 2363 2036 Paulus,
2395 1970 2604 2040 aliquid
2653 1971 2817 2024 etiam
2852 1970 2907 2023 in
2941 1968 3191 2036 epistolis
3226 1968 3345 2021 suis
3376 1965 3444 2018 de

1876 2064 2310 2117 revelationihus
2341 2063 2454 2117 suis
2488 2062 2764 2125 ostendat,
2795 2076 2933 2130 quas
2974 2070 3155 2113 tamen
3192 2058 3337 2125 ipsas
3386 2056 3441 2109 in

1873 2152 2139 2221 scriptum
2176 2153 2455 2221 peculiare
2502 2166 2614 2203 non
2663 2151 2869 2205 retulit.
2918 2149 3190 2203 Praeterea
3240 2144 3440 2199 discri-

1874 2256 1996 2295 men
2044 2241 2375 2296 elocutionis
2422 2241 2705 2311 Evangelii
2757 2248 2814 2295 et
2860 2240 3106 2308 epistola:
3155 2236 3221 2290 ad
3269 2236 3440 2303 ipsius

1868 2332 2227 2404 Apocalypsis
2265 2333 2493 2387 ductum
2525 2332 2786 2402 colligere
2820 2339 2875 2386 et
2906 2339 3099 2383 notare
3127 2329 3276 2382 licet.
3319 2326 3442 2379 llaec

1869 2427 2019 2481 enim
2050 2443 2159 2480 non
2191 2427 2369 2479 solum
2402 2438 2511 2478 non
2544 2423 2779 2485 vitiosis,
2804 2423 2954 2493 juxta
2983 2420 3295 2475 Gmcorum
3325 2434 3437 2472 ser-

1870 2531 2113 2582 monem,
2138 2517 2233 2570 sed
2261 2516 2426 2570 etiam
2448 2514 2739 2584 exquisitis
2768 2523 2822 2568 et
2845 2512 3081 2583 egregiis
3106 2511 3306 2570 verbis,
3329 2495 3437 2579 8le

1869 2610 2152 2680 logismis,
2209 2608 2736 2678 compositionibus,
2788 2618 2845 2662 et
2889 2603 3437 2675 interpretationibus

1868 2699 2071 2768 scripta
2101 2708 2250 2752 sunt.
2279 2698 2514 2752 Tantum
2535 2697 2746 2751 scilicet
2772 2696 2951 2756 abest,
2981 2704 3039 2748 ut
3068 2694 3351 2748 barbaram
3378 2692 3434 2744 in

1866 2792 1951 2845 eis
1990 2806 2179 2844 vocem
2227 2789 2489 2858 aliquam,
2521 2797 2614 2843 aut
2644 2789 3040 2846 soloacismum.
3075 2794 3169 2838 aut
3209 2782 3436 2836 omnino

1868 2882 2233 2937 rusticitatem
2265 2882 2512 2950 reperias
2541 2898 2554 2933 :
2588 2890 2885 2949 utrumque
2911 2878 3169 2951 enim,ut
3194 2874 3434 2936 videtur,

1868 2976 2060 3031 habuit
2084 2973 2292 3029 donum
2338 2984 2396 3028 et
2439 2976 2712 3028 sermonis
2750 2983 2806 3026 et
2841 2971 3249 3039 intelligentiae;
3293 2978 3439 3021 utra-

1866 3081 1974 3135 que
2000 3066 2053 3120 ei
2086 3082 2118 3120 a
2164 3066 2394 3120 Domino
2439 3074 2496 3119 et
2536 3064 2824 3134 sapientiae
2857 3072 2913 3116 et
2942 3061 3275 3132 cognitionis
3307 3074 3439 3112 con-

1865 3172 2018 3212 cessa
2052 3158 2245 3227 gratia.
2278 3158 2446 3228 418
2482 3158 2639 3212 Hunc
2683 3166 2865 3210 autem
2917 3152 3283 3207 revelationes
3317 3149 3440 3218 qui-

1867 3247 1990 3300 dem
2019 3248 2243 3309 vidisse,
2266 3248 2669 3316 scientiamque
2690 3256 2746 3300 et
2766 3244 3111 3316 prophetiam
3138 3241 3437 3309 accepisse,

1868 3351 1978 3389 nou
2008 3352 2076 3389 eo
2105 3337 2318 3390 inﬁcias
2350 3355 2361 3389 :
2394 3347 2652 3391 caeterum
2683 3337 2737 3388 in
2766 3336 3015 3389 oratione
3042 3348 3138 3386 sua
3170 3347 3295 3384 eum
3321 3344 3439 3381 ser-

1869 3444 2085 3481 monem
2117 3428 2363 3483 Graecum
2398 3436 2656 3482 accurate
2693 3442 2916 3481 servare
2948 3441 3059 3478 non
3090 3425 3269 3476 video.
3301 3422 3433 3474 Nam

1867 3529 1923 3574 et
1956 3503 2180 3574 rusticis
2219 3521 2597 3583 barbarismis,
2625 3530 2680 3573 et
2720 3518 3056 3587 soloecismis
3088 3516 3287 3569 alicubi
3330 3516 3438 3567 uti-

1871 3621 1983 3675 tur,
2013 3627 2153 3681 quos
2199 3614 2422 3681 quidem
2470 3614 2523 3664 in
2565 3612 2861 3681 prieseutia
2905 3610 3167 3662 adiiolare
3207 3622 3312 3659 non
3353 3614 3437 3659 est

1869 3720 2117 3757 necesse.
2154 3705 2266 3759 Nec
2295 3706 2587 3773 quisquam
2622 3704 2739 3756 haec
2769 3702 2972 3755 dixisse
3017 3715 3101 3753 me
3158 3699 3435 3753 existimet

177 3790 544 3845 conviciandi
576 3799 630 3842 et
668 3788 1113 3858 reprehendendi
1146 3789 1355 3854 animo,
1418 3789 1513 3844 sed
1585 3802 1647 3844 ut
1713 3792 2217 3850 dissimilitudinem
2267 3806 2475 3850 tantum
2532 3796 2929 3865 scripturarum
2964 3797 3187 3846 istarum
3224 3790 3436 3843 indica-

174 3902 308 3943 rem
352 3898 517 3955 atque
546 3887 888 3954 expedirem.
930 3904 949 3936 ι
996 3887 1173 3952 Atque
1220 3886 1335 3939 haec
1408 3887 1459 3938 in
1530 3889 1836 3955 posteriore
1871 3891 2014 3945 libro
2061 3892 2503 3956 Promissionum,
2549 3906 2673 3946 cum
2718 3890 2927 3957 Nepote
2967 3900 3326 3956 congressus,
3366 3883 3432 3937 de

171 3978 415 4049 Joannis
442 3980 769 4049 Apocalypsi
799 3978 1091 4049 Dionysius
1121 3981 1365 4049 scripsit.

766 4094 1020 4146 ΚΕΦΑΛ.
1055 4091 1179 4147 KA'.

174 4188 331 4258 Περὶ
361 4186 480 4242 τῶν
508 4186 714 4258 ἆλβων
762 4185 1107 4258 ἐπιστολῶν
1136 4186 1245 4239 τοῦ
1290 4188 1632 4258 Διονυσίου,
1662 4190 1761 4242 καὶ

537 4256 657 4309 τῶν
685 4255 1169 4324 συγγραμμάτων
1195 4257 1406 4311 αὑτοῦ.

253 4349 464 4402 Πολλαὶ
494 4348 552 4400 δὲ
571 4350 667 4401 καὶ
696 4347 856 4401 ἄλλαι
884 4346 1135 4398 πλεῖσται
1160 4346 1253 4398 τοῦ
1285 4347 1578 4415 εἰρημένου
1612 4348 1759 4401 θείου

2379 4099 2603 4155 CAPUT
2645 4097 2832 4153 XXIV.

1930 4192 2007 4245 De
2031 4192 2152 4245 aliis
2181 4190 2418 4261 Dionysii
2452 4192 2703 4261 epistolis,
2737 4191 3045 4259 scriptisque
3099 4188 3349 4251 eiusdem.

1929 4351 2068 4406 Sunt
2096 4361 2152 4405 et
2185 4352 2305 4405 alia:
2336 4351 2586 4419 plurimae
2626 4350 2801 4404 divini
2848 4349 2969 4418 ejus
3002 4346 3103 4399 viri
3136 4344 3380 4413 epistola:
3413 4360 3427 4397 :

176 4442 382 4512 ἀνδρὸς
418 4439 704 4493 ἐπιστολαὶ
733 4441 1031 4510 φέρονται’
1080 4438 1143 4491 ατ
1186 4455 1243 4489 τε
1290 4441 1434 4491 κατὰ
1466 4440 1757 4491 Σαδελλίου

1870 4451 1916 4497 it
1954 4454 2143 4496 contra
2189 4443 2512 4510 Sabellium,
2543 4443 2609 4495 ad
2643 4445 2966 4495 Ammonem
2999 4438 3426 4492 Beronicensem

177 4538 329 4607 πρὸς
393 4534 713 4603 Ἀμμωνᾶν,
761 4531 858 4601 τὴν
910 4530 1250 4600 Βερονικέων
1302 4533 1616 4601 ἐπισκοπὴν
1663 4534 1765 4585 διέ-

1870 4536 2206 4605 episcopum,
2242 4536 2372 4588 item
2406 4550 2526 4604 quae
2572 4534 2638 4589 ad
2680 4532 3077 4600 Telesphorum
3123 4539 3180 4584 et
3219 4528 3287 4582 ad
3323 4528 3432 4581 Eu-

178 4641 362 4680 ττοντα
384 4640 398 4655 ·
435 4624 517 4676 ἔτι
548 4622 605 4675 δὲ
636 4624 668 4691 ἡ
707 4623 844 4692 πρὸς
866 4619 1205 4688 Τελεσφόρον
1238 4625 1332 4675 καὶ
1361 4621 1497 4687 πρὸς
1546 4621 1762 4690 Εὐφρᾶ-

180 4732 348 4786 νορα·
405 4718 500 4768 καὶ
544 4715 707 4767 πάλιν
764 4714 900 4776 πρὸς
944 4712 1240 4782 Ἀμμωνᾶν
1281 4729 1339 4765 τε
1367 4714 1461 4764 καὶ
1492 4712 1755 4781 Εὕπορον.

178 4808 333 4877 Περὶ
374 4807 434 4859 δὲ
461 4806 559 4874 τῆς
593 4805 767 4868 αὐτῆς
803 4804 1145 4867 ὑποθέσεως,
1179 4806 1273 4856 καὶ
1313 4804 1479 4873 ἕτερα
1518 4804 1761 4871 τέσσαρα

182 4901 566 4968 ὑπομνήματα
617 4898 842 4965 γράφει.
890 4896 971 4965 τῷ
1022 4898 1163 4948 κατά
1219 4894 1439 4964 Ῥώμην
1485 4896 1761 4965 ὁμωνύμῳ

182 4991 346 5059 αὐτῷ
381 4990 670 5057 ὲπισκόπῳ
704 4987 1064 5057 προσφωνῶν.
1100 4988 1221 5039 Ἐτι
1246 4987 1303 5039 δὲ
1329 4991 1423 5039 καὶ
1456 4989 1604 5053 παρὰ
1633 4988 1763 5039 ταύ-

182 5103 293 5147 τας
318 5085 479 5138 ἄλλαι
513 5086 572 5136 πὶ
588 5085 729 5145 είους
756 5083 894 5135 είσὶν
913 5081 1215 5134 ἐπιστολαί·
1245 5080 1392 5147 λόγοι
1419 5097 1478 5132 τε
1509 5082 1761 5133 πολύστι-

179 5195 314 5250 χοι⁹
368 5180 425 5229 ὲν
480 5175 783 5229 ἐπιστολῶν
836 5173 1151 5244 χαρακτῆρι
1211 5175 1755 5241 συγκεκροτημένοι·

182 5271 384 5340 ὥσπερ
397 5268 492 5333 οὓς
508 5270 760 5337 Τιμοθέῳ
777 5267 856 5335 τῷ
883 5268 1033 5320 παιδὶ
1058 5268 1343 5319 συντάττει
1364 5266 1505 5333 Περὶ
1526 5267 1759 5333 φύσεως

178 5366 291 5431 τὴν
343 5361 659 5430 ἐπιγραφὴν
713 5360 975 5429 ἔχοντας·
1013 5360 1106 5411 καὶ
1139 5361 1168 5411 ὁ
1218 5358 1358 5423 Περὶ
1416 5356 1762 5425 πειρασμῶν

178 5458 505 5526 Εὑφράνορι
539 5454 1105 5525 προσπεφωνημὲνοςο
1141 5451 1235 5503 καὶ
1279 5451 1411 5519 πρὸς
1440 5450 1759 5518 Βασιλείδην

177 5553 245 5606 δὲ
283 5550 512 5619 γράφων
542 5549 652 5599 τῶν
680 5547 824 5599 κατὰ
855 5546 1189 5599 Πεντάπολιν
1226 5536 1533 5597 ἐπίᾶκοπον
1563 5560 1760 5613 παροι-

179 5644 347 5707 κιῶν,
404 5641 686 5711 καταρχὰς
728 5639 1004 5693 δείκνυσιν
1051 5637 1245 5691 ἑαυτὸν
1278 5638 1650 5705 ὑπομνήματα
1681 5638 1758 5695 εὶς

179 5738 282 5788 τὸν
326 5732 760 5803 Ἐκκλησιαστῇν
779 5728 1107 5801 γεγραφόταζ
1133 5731 1391 5797 Δεάψοροι
1421 5730 1477 5783 δὲ
1507 5731 1597 5780 καὶ
1626 5728 1759 5795 πρὸς

185 5828 360 5881 αὐτόν
382 5828 485 5878 εἰσι
516 5827 793 5881 σταλεῑσαι
818 5824 1117 5893 ἰκισιολαί.
1151 5824 1398 5891 Γέγραφε
1424 5821 1594 5874 δὲκαὶ
1619 5821 1759 5873 κατὰ

1864 4627 2217 4695 phrauorem,
2245 4636 2299 4681 ct
2329 4641 2547 4679 rursum
2573 4640 2693 4693 quas
2721 4624 2786 4676 ad
2810 4624 3131 4676 Ammonem
3162 4631 3217 4673 et
3245 4620 3427 4683 Eupo-

1864 4733 1984 4771 rum
2035 4729 2118 4771 est
2165 4719 2392 4785 scripta.
2447 4715 2768 4784 Composuit
2813 4723 3075 4782 praeterea
3127 4711 3182 4765 in
3230 4710 3423 4763 eodem

1862 4819 2183 4879 argumento
2230 4808 2404 4862 libros
2450 4816 2708 4876 quatuor,
2762 4804 2830 4858 ad
2884 4803 3266 4872 cognominem
3319 4802 3420 4854 sibi

1862 4902 2171 4956 Romanum
2220 4900 2559 4967 episc0pum.
2617 4897 2845 4964 Insuper
2892 4896 3011 4948 aliae
3064 4894 3249 4961 plures
3295 4900 3421 4946 sunt

1860 4993 2126 5063 epistolae,
2159 5004 2214 5044 et
2258 4990 2534 5043 orationes
2571 4988 2790 5056 prolixm
2823 4989 2963 5039 inter
2993 4986 3253 5054 epistolas
3290 4999 3423 5037 con-

1861 5094 2162 5138 numeratae
2183 5100 2195 5135 :
2216 5082 2373 5135 Sirllli
2403 5097 2537 5148 quas
2564 5080 2855 5131 Timotheo
2879 5092 3047 5144 puero
3068 5074 3420 5143 conscripsit,

1863 5176 2279 5245 inscriptionem
2330 5173 2615 5236 habentes,
2666 5170 2736 5223 De
2764 5178 2980 5222 natura.
3036 5167 3209 5221 Sicuti
3257 5166 3422 5220 etiam

1860 5275 1945 5321 est
1972 5281 2035 5319 ea
2065 5281 2229 5334 quam
2260 5264 2326 5316 ad
2362 5262 2773 5331 Euphranorem
2826 5259 3174 5329 composuit,
3212 5256 3285 5309 De
3316 5265 3426 5307 ten-

1864 5358 2174 5413 tatiouibus.
2224 5357 2304 5411 Ad
2338 5356 2635 5410 Basilidem
2671 5364 2853 5409 autem
2891 5352 3249 5406 ecclesiarum
3286 5350 3425 5403 Pen-

1863 5449 2286 5517 tapolitanarum
2332 5447 2651 5514 episcopum
2698 5444 2968 5505 scribens,
2998 5443 3065 5494 ab
3095 5441 3251 5493 initio
3278 5454 3424 5493 com-

1864 5540 2165 5594 mentarius
2196 5555 2253 5593 se
2279 5538 2654 5606 composuisse
2684 5536 2886 5589 indicat
2924 5536 2981 5587 in
3015 5533 3420 5589 Eeclesiastem.

1864 5634 2100 5686 Diversa:
2148 5631 2309 5685 etiam
2367 5630 2432 5684 ad
2489 5630 2664 5698 ipsum
2702 5629 2841 5681 data:
2872 5625 3135 5694 epistolae.
3190 5623 3423 5689 Scripsit

1865 5726 2051 5778 itidem
2084 5732 2272 5777 contra
2305 5722 2531 5775 Paulum
2566 5722 2978 5774 Samosatcnum
3035 5727 3088 5771 el
3129 5717 3416 5770 Manetcm.

1861 5818 1953 5888 qui
1998 5830 2065 5871 eo
2114 5825 2361 5883 tempore
2406 5814 2755 5867 exstiterunt.
2791 5812 2864 5866 Dc
2894 5811 2976 5866 eis
3012 5820 3190 5865 autem
3233 5820 3419 5876 postea
