  <div class='ocr_page' id='page_1' title='image "/cluster/home/n/w/nwhite01/storage/ocr_20150623/145/nnc1.0046980679/650.png"; bbox 0 0 4184 6440; ppageno 0'>
   <div class='ocr_carea' id='block_1_1' title="bbox 122 394 249 462">
    <p class='ocr_par' dir='ltr' id='par_1_1' title="bbox 122 394 249 462">
     <span class='ocr_line' id='line_1_1' title="bbox 122 394 249 462; baseline 0.031 -4"><span class='ocrx_word' id='word_1_1' title='bbox 122 394 249 462; x_wconf 81' lang='lat' dir='ltr'><strong>I189</strong></span> 
     </span>
    </p>
   </div>
   <div class='ocr_carea' id='block_1_2' title="bbox 1032 386 2419 455">
    <p class='ocr_par' dir='ltr' id='par_1_2' title="bbox 1032 386 2419 455">
     <span class='ocr_line' id='line_1_2' title="bbox 1032 386 2419 455; baseline -0.004 -1"><span class='ocrx_word' id='word_1_2' title='bbox 1032 386 1656 455; x_wconf 72' lang='lat' dir='ltr'><strong>ECCLESIASTlCiE</strong></span> <span class='ocrx_word' id='word_1_3' title='bbox 1698 386 2089 447; x_wconf 68' lang='lat' dir='ltr'><strong>HISTORIA!</strong></span> <span class='ocrx_word' id='word_1_4' title='bbox 2132 389 2277 447; x_wconf 73' lang='grc' dir='ltr'><strong>ΗΒ.</strong></span> <span class='ocrx_word' id='word_1_5' title='bbox 2324 389 2419 448; x_wconf 79' lang='lat' dir='ltr'><strong>Vl.</strong></span> 
     </span>
    </p>
   </div>
   <div class='ocr_carea' id='block_1_3' title="bbox 3216 392 3360 458">
    <p class='ocr_par' dir='ltr' id='par_1_3' title="bbox 3216 392 3360 458">
     <span class='ocr_line' id='line_1_3' title="bbox 3216 392 3360 458; baseline 0.021 -3"><span class='ocrx_word' id='word_1_6' title='bbox 3216 392 3360 458; x_wconf 76' lang='lat'><strong>1190</strong></span> 
     </span>
    </p>
   </div>
   <div class='ocr_carea' id='block_1_4' title="bbox 46 501 1688 580">
    <p class='ocr_par' dir='ltr' id='par_1_4' title="bbox 46 501 1688 578">
     <span class='ocr_line' id='line_1_4' title="bbox 46 501 1688 578; baseline 0 -22"><span class='ocrx_word' id='word_1_7' title='bbox 46 508 576 578; x_wconf 62' lang='grc' dir='ltr'>ἑζειιαρασκευάζων,</span> <span class='ocrx_word' id='word_1_8' title='bbox 611 501 686 562; x_wconf 82' lang='grc' dir='ltr'>ὦν</span> <span class='ocrx_word' id='word_1_9' title='bbox 739 508 837 561; x_wconf 64' lang='grc' dir='ltr'><strong>δια)⁸</strong></span> <span class='ocrx_word' id='word_1_10' title='bbox 892 508 1132 570; x_wconf 76' lang='grc' dir='ltr'>ἀκούσας</span> <span class='ocrx_word' id='word_1_11' title='bbox 1173 507 1238 561; x_wconf 74' lang='grc' dir='ltr'>ἄν</span> <span class='ocrx_word' id='word_1_12' title='bbox 1277 522 1359 568; x_wconf 88' lang='grc' dir='ltr'><strong>τις</strong></span> <span class='ocrx_word' id='word_1_13' title='bbox 1414 502 1688 575; x_wconf 78' lang='grc' dir='ltr'>φρίξειεν·</span> 
     </span>
    </p>
   </div>
   <div class='ocr_carea' id='block_1_5' title="bbox 1792 501 3365 580">
    <p class='ocr_par' dir='ltr' id='par_1_5' title="bbox 1799 502 3365 580">
     <span class='ocr_line' id='line_1_5' title="bbox 1799 502 3365 580; baseline 0.01 -25"><span class='ocrx_word' id='word_1_14' title='bbox 1799 515 1924 555; x_wconf 90' lang='lat' dir='ltr'><strong>cum</strong></span> <span class='ocrx_word' id='word_1_15' title='bbox 1964 502 2299 555; x_wconf 76' lang='lat' dir='ltr'><strong>contumelia</strong></span> <span class='ocrx_word' id='word_1_16' title='bbox 2354 502 2744 559; x_wconf 78' lang='lat' dir='ltr'><strong>invehebatur.</strong></span> <span class='ocrx_word' id='word_1_17' title='bbox 2792 506 3057 580; x_wconf 83' lang='lat' dir='ltr'><strong>Doctores</strong></span> <span class='ocrx_word' id='word_1_18' title='bbox 3090 510 3258 567; x_wconf 88' lang='lat' dir='ltr'><strong>etiam</strong></span> <span class='ocrx_word' id='word_1_19' title='bbox 3307 528 3365 572; x_wconf 82' lang='lat' dir='ltr'><strong>et</strong></span> 
     </span>
    </p>
   </div>
   <div class='ocr_carea' id='block_1_6' title="bbox 118 596 1689 662">
    <p class='ocr_par' dir='ltr' id='par_1_6' title="bbox 118 596 1689 662">
     <span class='ocr_line' id='line_1_6' title="bbox 118 596 1689 662; baseline -0.002 -10"><span class='ocrx_word' id='word_1_20' title='bbox 118 596 191 653; x_wconf 65' lang='grc' dir='ltr'>ἦα</span> <span class='ocrx_word' id='word_1_21' title='bbox 241 602 343 653; x_wconf 76' lang='grc' dir='ltr'><strong>καὶ</strong></span> <span class='ocrx_word' id='word_1_22' title='bbox 398 601 523 662; x_wconf 73' lang='grc' dir='ltr'>τοὺς</span> <span class='ocrx_word' id='word_1_23' title='bbox 582 598 929 661; x_wconf 75' lang='grc' dir='ltr'>θωπεύοντας</span> <span class='ocrx_word' id='word_1_24' title='bbox 978 598 1141 653; x_wconf 77' lang='grc' dir='ltr'>αὐτὸν</span> <span class='ocrx_word' id='word_1_25' title='bbox 1192 597 1530 659; x_wconf 71' lang='grc' dir='ltr'>ἐπισκόπους</span> <span class='ocrx_word' id='word_1_26' title='bbox 1578 596 1689 649; x_wconf 82' lang='grc' dir='ltr'><strong>τῶν</strong></span> 
     </span>
    </p>
   </div>
   <div class='ocr_carea' id='block_1_7' title="bbox 116 688 1691 761">
    <p class='ocr_par' dir='ltr' id='par_1_7' title="bbox 116 688 1691 761">
     <span class='ocr_line' id='line_1_7' title="bbox 116 688 1691 761; baseline -0.003 -18"><span class='ocrx_word' id='word_1_27' title='bbox 116 691 327 760; x_wconf 65' lang='grc' dir='ltr'>Ξμόρων</span> <span class='ocrx_word' id='word_1_28' title='bbox 357 691 545 761; x_wconf 72' lang='grc' dir='ltr'>ἀγρῶν</span> <span class='ocrx_word' id='word_1_29' title='bbox 575 708 632 744; x_wconf 89' lang='grc' dir='ltr'><strong>τε</strong></span> <span class='ocrx_word' id='word_1_30' title='bbox 665 690 759 745; x_wconf 77' lang='grc' dir='ltr'>καὶ</span> <span class='ocrx_word' id='word_1_31' title='bbox 785 690 1021 755; x_wconf 81' lang='grc' dir='ltr'>πόλεων,</span> <span class='ocrx_word' id='word_1_32' title='bbox 1057 691 1151 744; x_wconf 75' lang='grc' dir='ltr'>καὶ</span> <span class='ocrx_word' id='word_1_33' title='bbox 1174 689 1602 761; x_wconf 79' lang='grc' dir='ltr'>πρεσσυτέρους,</span> <span class='ocrx_word' id='word_1_34' title='bbox 1631 688 1691 740; x_wconf 71' lang='grc' dir='ltr'>ἐν</span> 
     </span>
    </p>
   </div>
   <div class='ocr_carea' id='block_1_8' title="bbox 116 781 1688 853">
    <p class='ocr_par' dir='ltr' id='par_1_8' title="bbox 116 781 1688 853">
     <span class='ocr_line' id='line_1_8' title="bbox 116 781 1688 853; baseline 0 -18"><span class='ocrx_word' id='word_1_35' title='bbox 116 785 226 846; x_wconf 80' lang='grc' dir='ltr'>ταῖς</span> <span class='ocrx_word' id='word_1_36' title='bbox 263 782 408 853; x_wconf 75' lang='grc' dir='ltr'>πρὸς</span> <span class='ocrx_word' id='word_1_37' title='bbox 455 784 547 837; x_wconf 80' lang='grc' dir='ltr'>τὸν</span> <span class='ocrx_word' id='word_1_38' title='bbox 592 783 719 837; x_wconf 82' lang='grc' dir='ltr'>λαδν</span> <span class='ocrx_word' id='word_1_39' title='bbox 762 782 1003 853; x_wconf 78' lang='grc' dir='ltr'><strong>ὁμιλίαις</strong></span> <span class='ocrx_word' id='word_1_40' title='bbox 1054 783 1279 853; x_wconf 79' lang='grc' dir='ltr'><strong>καθίησι</strong></span> <span class='ocrx_word' id='word_1_41' title='bbox 1324 781 1688 849; x_wconf 78' lang='grc' dir='ltr'>διαλέγεσθαι.</span> 
     </span>
    </p>
   </div>
   <div class='ocr_carea' id='block_1_9' title="bbox 116 873 1691 945">
    <p class='ocr_par' dir='ltr' id='par_1_9' title="bbox 116 873 1691 945">
     <span class='ocr_line' id='line_1_9' title="bbox 116 873 1691 945; baseline -0.002 -19"><span class='ocrx_word' id='word_1_42' title='bbox 116 875 209 926; x_wconf 71' lang='grc' dir='ltr'>Τδν</span> <span class='ocrx_word' id='word_1_43' title='bbox 245 876 355 943; x_wconf 70' lang='grc' dir='ltr'>μὲν</span> <span class='ocrx_word' id='word_1_44' title='bbox 384 877 489 945; x_wconf 84' lang='grc' dir='ltr'>γὰρ</span> <span class='ocrx_word' id='word_1_45' title='bbox 530 876 659 929; x_wconf 85' lang='grc' dir='ltr'>Υίὸν</span> <span class='ocrx_word' id='word_1_46' title='bbox 705 875 801 929; x_wconf 80' lang='grc' dir='ltr'><strong>τοῦ</strong></span> <span class='ocrx_word' id='word_1_47' title='bbox 841 873 978 928; x_wconf 85' lang='grc' dir='ltr'>Θεοῦ</span> <span class='ocrx_word' id='word_1_48' title='bbox 1049 875 1110 927; x_wconf 84' lang='grc' dir='ltr'>οὐ</span> <span class='ocrx_word' id='word_1_49' title='bbox 1166 873 1417 943; x_wconf 80' lang='grc' dir='ltr'>βούλεται</span> <span class='ocrx_word' id='word_1_50' title='bbox 1463 888 1691 943; x_wconf 83' lang='grc' dir='ltr'>συνομο-</span> 
     </span>
    </p>
   </div>
   <div class='ocr_carea' id='block_1_10' title="bbox 1792 587 3363 671">
    <p class='ocr_par' dir='ltr' id='par_1_10' title="bbox 1792 587 3363 671">
     <span class='ocr_line' id='line_1_10' title="bbox 1792 587 3363 671; baseline 0.011 -25"><span class='ocrx_word' id='word_1_51' title='bbox 1792 587 2150 649; x_wconf 73' lang='lat' dir='ltr'><strong>enarratores</strong></span> <span class='ocrx_word' id='word_1_52' title='bbox 2200 597 2388 661; x_wconf 83' lang='lat' dir='ltr'><strong>verbi,</strong></span> <span class='ocrx_word' id='word_1_53' title='bbox 2444 599 2539 665; x_wconf 91' lang='lat' dir='ltr'><strong>qui</strong></span> <span class='ocrx_word' id='word_1_54' title='bbox 2589 612 2654 651; x_wconf 77' lang='lat' dir='ltr'><strong>ex</strong></span> <span class='ocrx_word' id='word_1_55' title='bbox 2706 599 2807 653; x_wconf 87' lang='lat' dir='ltr'><strong>bac</strong></span> <span class='ocrx_word' id='word_1_56' title='bbox 2852 600 2961 655; x_wconf 87' lang='lat' dir='ltr'><strong>vita</strong></span> <span class='ocrx_word' id='word_1_57' title='bbox 3014 603 3363 671; x_wconf 71' lang='lat' dir='ltr'><strong>migrassent.</strong></span> 
     </span>
    </p>
   </div>
   <div class='ocr_carea' id='block_1_11' title="bbox 1792 678 3370 769">
    <p class='ocr_par' dir='ltr' id='par_1_11' title="bbox 1792 678 3370 769">
     <span class='ocr_line' id='line_1_11' title="bbox 1792 678 3370 769; baseline 0.012 -33"><span class='ocrx_word' id='word_1_58' title='bbox 1792 685 2104 753; x_wconf 72' lang='lat' dir='ltr'><strong>petulanter</strong></span> <span class='ocrx_word' id='word_1_59' title='bbox 2132 689 2549 757; x_wconf 87' lang='lat' dir='ltr'><strong>proscindebat.</strong></span> <span class='ocrx_word' id='word_1_60' title='bbox 2583 689 2778 745; x_wconf 79' lang='lat' dir='ltr'><strong>Gravis</strong></span> <span class='ocrx_word' id='word_1_61' title='bbox 2802 704 2857 746; x_wconf 89' lang='lat' dir='ltr'><strong>et</strong></span> <span class='ocrx_word' id='word_1_62' title='bbox 2888 678 3240 751; x_wconf 63' lang='lat' dir='ltr'><strong>molestusin</strong></span> <span class='ocrx_word' id='word_1_63' title='bbox 3271 716 3370 769; x_wconf 86' lang='lat' dir='ltr'><strong>pu-</strong></span> 
     </span>
    </p>
   </div>
   <div class='ocr_carea' id='block_1_12' title="bbox 1792 774 3370 853">
    <p class='ocr_par' dir='ltr' id='par_1_12' title="bbox 1792 774 3370 853">
     <span class='ocr_line' id='line_1_12' title="bbox 1792 774 3370 853; baseline 0.009 -24"><span class='ocrx_word' id='word_1_64' title='bbox 1792 774 1967 839; x_wconf 83' lang='lat' dir='ltr'><strong>blico,</strong></span> <span class='ocrx_word' id='word_1_65' title='bbox 2011 785 2069 831; x_wconf 91' lang='lat' dir='ltr'><strong>et</strong></span> <span class='ocrx_word' id='word_1_66' title='bbox 2101 778 2391 848; x_wconf 75' lang='lat' dir='ltr'><strong>magniﬁca</strong></span> <span class='ocrx_word' id='word_1_67' title='bbox 2432 779 2502 835; x_wconf 89' lang='lat' dir='ltr'><strong>de</strong></span> <span class='ocrx_word' id='word_1_68' title='bbox 2542 782 2726 851; x_wconf 86' lang='lat' dir='ltr'><strong>seipso</strong></span> <span class='ocrx_word' id='word_1_69' title='bbox 2774 784 3117 853; x_wconf 59' lang='lat' dir='ltr'><strong>praedicans,</strong></span> <span class='ocrx_word' id='word_1_70' title='bbox 3163 804 3275 843; x_wconf 90' lang='lat' dir='ltr'><strong>non</strong></span> <span class='ocrx_word' id='word_1_71' title='bbox 3311 799 3370 843; x_wconf 93' lang='lat' dir='ltr'><strong>ut</strong></span> 
     </span>
    </p>
   </div>
   <div class='ocr_carea' id='block_1_13' title="bbox 1790 867 3368 948">
    <p class='ocr_par' dir='ltr' id='par_1_13' title="bbox 1790 867 3368 948">
     <span class='ocr_line' id='line_1_13' title="bbox 1790 867 3368 948; baseline 0.01 -28"><span class='ocrx_word' id='word_1_72' title='bbox 1790 867 2108 938; x_wconf 82' lang='lat' dir='ltr'><strong>episcopus,</strong></span> <span class='ocrx_word' id='word_1_73' title='bbox 2140 871 2237 925; x_wconf 88' lang='lat' dir='ltr'><strong>sed</strong></span> <span class='ocrx_word' id='word_1_74' title='bbox 2264 871 2512 942; x_wconf 86' lang='lat' dir='ltr'><strong>sephista</strong></span> <span class='ocrx_word' id='word_1_75' title='bbox 2540 884 2597 928; x_wconf 92' lang='lat' dir='ltr'><strong>et</strong></span> <span class='ocrx_word' id='word_1_76' title='bbox 2626 874 2916 944; x_wconf 86' lang='lat' dir='ltr'><strong>impostor.</strong></span> <span class='ocrx_word' id='word_1_77' title='bbox 2942 876 3171 931; x_wconf 81' lang='lat' dir='ltr'><strong>Psalmis</strong></span> <span class='ocrx_word' id='word_1_78' title='bbox 3200 894 3368 948; x_wconf 88' lang='lat' dir='ltr'><strong>porro</strong></span> 
     </span>
    </p>
   </div>
   <div class='ocr_carea' id='block_1_14' title="bbox 1790 956 3371 1037">
    <p class='ocr_par' dir='ltr' id='par_1_14' title="bbox 1790 956 3371 1037">
     <span class='ocr_line' id='line_1_14' title="bbox 1790 956 3371 1037; baseline 0.008 -27"><span class='ocrx_word' id='word_1_79' title='bbox 1790 956 1859 1011; x_wconf 87' lang='lat' dir='ltr'><strong>de</strong></span> <span class='ocrx_word' id='word_1_80' title='bbox 1899 957 2132 1015; x_wconf 86' lang='lat' dir='ltr'><strong>Domino</strong></span> <span class='ocrx_word' id='word_1_81' title='bbox 2161 972 2357 1018; x_wconf 91' lang='lat' dir='ltr'><strong>nostro</strong></span> <span class='ocrx_word' id='word_1_82' title='bbox 2388 963 2514 1019; x_wconf 80' lang='lat' dir='ltr'><strong>Jesu</strong></span> <span class='ocrx_word' id='word_1_83' title='bbox 2549 965 2845 1035; x_wconf 78' lang='lat' dir='ltr'><strong>abrogatis,</strong></span> <span class='ocrx_word' id='word_1_84' title='bbox 2881 977 3143 1037; x_wconf 86' lang='lat' dir='ltr'><strong>tanquam</strong></span> <span class='ocrx_word' id='word_1_85' title='bbox 3179 985 3371 1023; x_wconf 87' lang='lat' dir='ltr'><strong>recen-</strong></span> 
     </span>
    </p>
   </div>
   <div class='ocr_carea' id='block_1_15' title="bbox 1792 1050 3367 1126">
    <p class='ocr_par' dir='ltr' id='par_1_15' title="bbox 1792 1050 3367 1126">
     <span class='ocr_line' id='line_1_15' title="bbox 1792 1050 3367 1126; baseline 0.007 -23"><span class='ocrx_word' id='word_1_86' title='bbox 1792 1050 1973 1116; x_wconf 84' lang='lat' dir='ltr'><strong>tibus,</strong></span> <span class='ocrx_word' id='word_1_87' title='bbox 2024 1060 2081 1106; x_wconf 91' lang='lat' dir='ltr'><strong>et</strong></span> <span class='ocrx_word' id='word_1_88' title='bbox 2125 1068 2156 1108; x_wconf 93' lang='lat' dir='ltr'><strong>a</strong></span> <span class='ocrx_word' id='word_1_89' title='bbox 2205 1054 2613 1110; x_wconf 85' lang='lat' dir='ltr'><strong>recentioribus</strong></span> <span class='ocrx_word' id='word_1_90' title='bbox 2667 1060 3021 1126; x_wconf 89' lang='lat' dir='ltr'><strong>compositis,</strong></span> <span class='ocrx_word' id='word_1_91' title='bbox 3086 1060 3138 1112; x_wconf 91' lang='lat' dir='ltr'><strong>in</strong></span> <span class='ocrx_word' id='word_1_92' title='bbox 3189 1060 3367 1115; x_wconf 89' lang='lat' dir='ltr'><strong>media</strong></span> 
     </span>
    </p>
   </div>
   <div class='ocr_carea' id='block_1_16' title="bbox 1788 1143 3371 1218">
    <p class='ocr_par' dir='ltr' id='par_1_16' title="bbox 1788 1143 3371 1218">
     <span class='ocr_line' id='line_1_16' title="bbox 1788 1143 3371 1218; baseline 0.009 -24"><span class='ocrx_word' id='word_1_93' title='bbox 1788 1143 2049 1209; x_wconf 85' lang='lat' dir='ltr'><strong>ecclesia,</strong></span> <span class='ocrx_word' id='word_1_94' title='bbox 2083 1160 2279 1215; x_wconf 76' lang='lat' dir='ltr'><strong>magno</strong></span> <span class='ocrx_word' id='word_1_95' title='bbox 2309 1147 2399 1202; x_wconf 92' lang='lat' dir='ltr'><strong>die</strong></span> <span class='ocrx_word' id='word_1_96' title='bbox 2433 1148 2657 1203; x_wconf 64' lang='lat' dir='ltr'><strong>Pascha:</strong></span> <span class='ocrx_word' id='word_1_97' title='bbox 2688 1150 2755 1203; x_wconf 91' lang='lat' dir='ltr'><strong>de</strong></span> <span class='ocrx_word' id='word_1_98' title='bbox 2784 1150 2969 1218; x_wconf 82' lang='lat' dir='ltr'><strong>seipso</strong></span> <span class='ocrx_word' id='word_1_99' title='bbox 3008 1151 3371 1208; x_wconf 86' lang='lat' dir='ltr'><strong>mulierculas</strong></span> 
     </span>
    </p>
   </div>
   <div class='ocr_carea' id='block_1_17' title="bbox 1788 1232 3368 1309">
    <p class='ocr_par' dir='ltr' id='par_1_17' title="bbox 1788 1232 3368 1309">
     <span class='ocr_line' id='line_1_17' title="bbox 1788 1232 3368 1309; baseline 0.009 -24"><span class='ocrx_word' id='word_1_100' title='bbox 1788 1232 1979 1289; x_wconf 89' lang='lat' dir='ltr'><strong>laudes</strong></span> <span class='ocrx_word' id='word_1_101' title='bbox 2007 1247 2233 1292; x_wconf 88' lang='lat' dir='ltr'><strong>cantare</strong></span> <span class='ocrx_word' id='word_1_102' title='bbox 2262 1239 2610 1304; x_wconf 76' lang='lat' dir='ltr'><strong>instituebat,</strong></span> <span class='ocrx_word' id='word_1_103' title='bbox 2634 1257 2771 1309; x_wconf 89' lang='lat' dir='ltr'><strong>quas</strong></span> <span class='ocrx_word' id='word_1_104' title='bbox 2796 1258 2958 1296; x_wconf 85' lang='lat' dir='ltr'><strong>nemo</strong></span> <span class='ocrx_word' id='word_1_105' title='bbox 2988 1245 3109 1297; x_wconf 87' lang='lat' dir='ltr'><strong>sine</strong></span> <span class='ocrx_word' id='word_1_106' title='bbox 3137 1244 3368 1299; x_wconf 86' lang='lat' dir='ltr'><strong>horrore</strong></span> 
     </span>
    </p>
   </div>
   <div class='ocr_carea' id='block_1_18' title="bbox 1789 1328 3370 1405">
    <p class='ocr_par' dir='ltr' id='par_1_18' title="bbox 1789 1328 3370 1405">
     <span class='ocr_line' id='line_1_18' title="bbox 1789 1328 3370 1405; baseline 0.008 -28"><span class='ocrx_word' id='word_1_107' title='bbox 1789 1328 2084 1382; x_wconf 81' lang='lat' dir='ltr'><strong>audiverit.</strong></span> <span class='ocrx_word' id='word_1_108' title='bbox 2131 1329 2609 1395; x_wconf 81' lang='lat' dir='ltr'><strong>Quemadmodum</strong></span> <span class='ocrx_word' id='word_1_109' title='bbox 2662 1334 2866 1398; x_wconf 86' lang='lat' dir='ltr'><strong>etiam,</strong></span> <span class='ocrx_word' id='word_1_110' title='bbox 2922 1346 2982 1389; x_wconf 90' lang='lat' dir='ltr'><strong>ut</strong></span> <span class='ocrx_word' id='word_1_111' title='bbox 3031 1337 3100 1390; x_wconf 91' lang='lat' dir='ltr'><strong>de</strong></span> <span class='ocrx_word' id='word_1_112' title='bbox 3158 1352 3218 1390; x_wconf 90' lang='lat' dir='ltr'><strong>se</strong></span> <span class='ocrx_word' id='word_1_113' title='bbox 3270 1351 3370 1405; x_wconf 87' lang='lat' dir='ltr'><strong>pro</strong></span> 
     </span>
    </p>
   </div>
   <div class='ocr_carea' id='block_1_19' title="bbox 1787 1422 3370 1497">
    <p class='ocr_par' dir='ltr' id='par_1_19' title="bbox 1787 1422 3370 1497">
     <span class='ocr_line' id='line_1_19' title="bbox 1787 1422 3370 1497; baseline 0.008 -28"><span class='ocrx_word' id='word_1_114' title='bbox 1787 1422 2061 1475; x_wconf 85' lang='lat' dir='ltr'><strong>concione</strong></span> <span class='ocrx_word' id='word_1_115' title='bbox 2101 1423 2169 1475; x_wconf 92' lang='lat' dir='ltr'><strong>ad</strong></span> <span class='ocrx_word' id='word_1_116' title='bbox 2212 1424 2474 1493; x_wconf 84' lang='lat' dir='ltr'><strong>populum</strong></span> <span class='ocrx_word' id='word_1_117' title='bbox 2520 1426 2798 1491; x_wconf 90' lang='lat' dir='ltr'><strong>dicerent,</strong></span> <span class='ocrx_word' id='word_1_118' title='bbox 2833 1444 2897 1480; x_wconf 82' lang='lat' dir='ltr'><strong>ex</strong></span> <span class='ocrx_word' id='word_1_119' title='bbox 2933 1428 3182 1482; x_wconf 82' lang='lat' dir='ltr'><strong>ﬁnitimis</strong></span> <span class='ocrx_word' id='word_1_120' title='bbox 3221 1429 3370 1497; x_wconf 81' lang='lat' dir='ltr'><strong>agris</strong></span> 
     </span>
    </p>
   </div>
   <div class='ocr_carea' id='block_1_20' title="bbox 1786 1512 3373 1589">
    <p class='ocr_par' dir='ltr' id='par_1_20' title="bbox 1786 1512 3373 1589">
     <span class='ocr_line' id='line_1_20' title="bbox 1786 1512 3373 1589; baseline 0.007 -27"><span class='ocrx_word' id='word_1_121' title='bbox 1786 1519 1841 1563; x_wconf 89' lang='lat' dir='ltr'><strong>et</strong></span> <span class='ocrx_word' id='word_1_122' title='bbox 1894 1512 2112 1580; x_wconf 87' lang='lat' dir='ltr'><strong>oppidis</strong></span> <span class='ocrx_word' id='word_1_123' title='bbox 2133 1555 2147 1580; x_wconf 98' lang='lat'><strong>,</strong></span> <span class='ocrx_word' id='word_1_124' title='bbox 2198 1530 2295 1584; x_wconf 88' lang='lat' dir='ltr'><strong>per</strong></span> <span class='ocrx_word' id='word_1_125' title='bbox 2328 1519 2755 1572; x_wconf 78' lang='lat' dir='ltr'><strong>assentationem</strong></span> <span class='ocrx_word' id='word_1_126' title='bbox 2788 1521 2891 1574; x_wconf 82' lang='lat' dir='ltr'><strong>sibi</strong></span> <span class='ocrx_word' id='word_1_127' title='bbox 2934 1520 3222 1575; x_wconf 80' lang='lat' dir='ltr'><strong>adulantes</strong></span> <span class='ocrx_word' id='word_1_128' title='bbox 3253 1523 3373 1589; x_wconf 83' lang='lat' dir='ltr'><strong>epi-</strong></span> 
     </span>
    </p>
   </div>
   <div class='ocr_carea' id='block_1_21' title="bbox 46 964 1691 1035">
    <p class='ocr_par' dir='ltr' id='par_1_21' title="bbox 46 964 1691 1035">
     <span class='ocr_line' id='line_1_21' title="bbox 46 964 1691 1035; baseline -0.003 -12"><span class='ocrx_word' id='word_1_129' title='bbox 46 1016 73 1031; x_wconf 73' lang='lat'><strong>,,</strong></span> <span class='ocrx_word' id='word_1_130' title='bbox 102 968 288 1034; x_wconf 72' lang='grc' dir='ltr'><strong>Δλογεῖν</strong></span> <span class='ocrx_word' id='word_1_131' title='bbox 340 966 403 1031; x_wconf 77' lang='grc' dir='ltr'><strong>ιε</strong></span> <span class='ocrx_word' id='word_1_132' title='bbox 449 966 679 1035; x_wconf 65' lang='grc' dir='ltr'>οὖρανοῦ</span> <span class='ocrx_word' id='word_1_133' title='bbox 734 966 1191 1035; x_wconf 69' lang='grc' dir='ltr'><strong>κατεληλυθέναι·</strong></span> <span class='ocrx_word' id='word_1_134' title='bbox 1248 964 1337 1018; x_wconf 84' lang='grc' dir='ltr'><strong>ῖνα</strong></span> <span class='ocrx_word' id='word_1_135' title='bbox 1383 981 1437 1018; x_wconf 91' lang='grc' dir='ltr'><strong>τι</strong></span> <span class='ocrx_word' id='word_1_136' title='bbox 1486 966 1691 1034; x_wconf 79' lang='grc' dir='ltr'>προλα-</span> 
     </span>
    </p>
   </div>
   <div class='ocr_carea' id='block_1_22' title="bbox 46 1057 1690 1129">
    <p class='ocr_par' dir='ltr' id='par_1_22' title="bbox 46 1057 1690 1129">
     <span class='ocr_line' id='line_1_22' title="bbox 46 1057 1690 1129; baseline -0.002 -13"><span class='ocrx_word' id='word_1_137' title='bbox 46 1059 293 1123; x_wconf 64' lang='grc' dir='ltr'>Γιδόντες</span> <span class='ocrx_word' id='word_1_138' title='bbox 340 1061 452 1113; x_wconf 78' lang='grc' dir='ltr'>τῶν</span> <span class='ocrx_word' id='word_1_139' title='bbox 511 1059 816 1129; x_wconf 76' lang='grc' dir='ltr'><strong>μελλόντων</strong></span> <span class='ocrx_word' id='word_1_140' title='bbox 867 1057 1250 1128; x_wconf 81' lang='grc' dir='ltr'>γραφήσεσθαι</span> <span class='ocrx_word' id='word_1_141' title='bbox 1315 1058 1522 1128; x_wconf 81' lang='grc' dir='ltr'>θῶμεν.</span> <span class='ocrx_word' id='word_1_142' title='bbox 1579 1060 1690 1112; x_wconf 81' lang='grc' dir='ltr'><strong>Καὶ</strong></span> 
     </span>
    </p>
   </div>
   <div class='ocr_carea' id='block_1_23' title="bbox 46 1146 1689 1222">
    <p class='ocr_par' dir='ltr' id='par_1_23' title="bbox 46 1146 1689 1222">
     <span class='ocr_line' id='line_1_23' title="bbox 46 1146 1689 1222; baseline -0.001 -17"><span class='ocrx_word' id='word_1_143' title='bbox 46 1154 266 1222; x_wconf 63' lang='grc' dir='ltr'>ςςτοῦτο</span> <span class='ocrx_word' id='word_1_144' title='bbox 319 1153 385 1205; x_wconf 82' lang='grc' dir='ltr'>οὺ</span> <span class='ocrx_word' id='word_1_145' title='bbox 437 1152 581 1221; x_wconf 89' lang='grc' dir='ltr'>λόγῳ</span> <span class='ocrx_word' id='word_1_146' title='bbox 604 1151 746 1222; x_wconf 78' lang='grc' dir='ltr'>ψιλῷ</span> <span class='ocrx_word' id='word_1_147' title='bbox 774 1152 1074 1221; x_wconf 76' lang='grc' dir='ltr'><strong>ῥηθήσεται</strong></span> <span class='ocrx_word' id='word_1_148' title='bbox 1104 1166 1117 1181; x_wconf 90' lang='grc'><strong>·</strong></span> <span class='ocrx_word' id='word_1_149' title='bbox 1154 1150 1272 1203; x_wconf 81' lang='grc' dir='ltr'>ἀλλ’</span> <span class='ocrx_word' id='word_1_150' title='bbox 1306 1151 1367 1216; x_wconf 68' lang='grc' dir='ltr'><strong>ἐξ</strong></span> <span class='ocrx_word' id='word_1_151' title='bbox 1400 1146 1478 1205; x_wconf 82' lang='grc' dir='ltr'>ὧν</span> <span class='ocrx_word' id='word_1_152' title='bbox 1518 1153 1689 1221; x_wconf 70' lang='grc' dir='ltr'>έπέμ-</span> 
     </span>
    </p>
   </div>
   <div class='ocr_carea' id='block_1_24' title="bbox 46 1220 1686 1316">
    <p class='ocr_par' dir='ltr' id='par_1_24' title="bbox 46 1220 1686 1316">
     <span class='ocr_line' id='line_1_24' title="bbox 46 1220 1686 1316; baseline 0.002 -21"><span class='ocrx_word' id='word_1_153' title='bbox 46 1220 287 1313; x_wconf 38' lang='grc' dir='ltr'>’.φαμεν</span> <span class='ocrx_word' id='word_1_154' title='bbox 338 1220 783 1314; x_wconf 63' lang='grc' dir='ltr'>ὑπομνηματοιν,</span> <span class='ocrx_word' id='word_1_155' title='bbox 825 1220 1103 1298; x_wconf 84' lang='grc' dir='ltr'>δείκνυται</span> <span class='ocrx_word' id='word_1_156' title='bbox 1164 1245 1523 1316; x_wconf 81' lang='grc' dir='ltr'>πανταχόθεν.</span> <span class='ocrx_word' id='word_1_157' title='bbox 1571 1220 1686 1315; x_wconf 72' lang='grc' dir='ltr'><strong>Οὖχ</strong></span> 
     </span>
    </p>
   </div>
   <div class='ocr_carea' id='block_1_25' title="bbox 58 1336 1686 1408">
    <p class='ocr_par' dir='ltr' id='par_1_25' title="bbox 58 1336 1686 1408">
     <span class='ocr_line' id='line_1_25' title="bbox 58 1336 1686 1408; baseline 0.001 -20"><span class='ocrx_word' id='word_1_158' title='bbox 58 1386 83 1395; x_wconf 82' lang='lat'><strong>_</strong></span> <span class='ocrx_word' id='word_1_159' title='bbox 107 1336 311 1405; x_wconf 65' lang='grc' dir='ltr'>ἣκιστα</span> <span class='ocrx_word' id='word_1_160' title='bbox 353 1337 411 1389; x_wconf 81' lang='grc' dir='ltr'><em>δέ</em></span> <span class='ocrx_word' id='word_1_161' title='bbox 464 1354 566 1389; x_wconf 82' lang='grc' dir='ltr'><strong>που</strong></span> <span class='ocrx_word' id='word_1_162' title='bbox 600 1337 750 1404; x_wconf 85' lang='grc' dir='ltr'>λέγει</span> <span class='ocrx_word' id='word_1_163' title='bbox 793 1336 1005 1406; x_wconf 82' lang='grc' dir='ltr'><strong>Ἰησοῦν</strong></span> <span class='ocrx_word' id='word_1_164' title='bbox 1036 1338 1276 1408; x_wconf 82' lang='grc' dir='ltr'>Χριστὸν</span> <span class='ocrx_word' id='word_1_165' title='bbox 1313 1338 1562 1390; x_wconf 73' lang='grc' dir='ltr'>κάτωθεν</span> <span class='ocrx_word' id='word_1_166' title='bbox 1586 1352 1601 1367; x_wconf 72' lang='grc' dir='ltr'><strong>ο</strong></span> <span class='ocrx_word' id='word_1_167' title='bbox 1636 1338 1686 1389; x_wconf 84' lang='grc' dir='ltr'><strong>οί</strong></span> 
     </span>
    </p>
   </div>
   <div class='ocr_carea' id='block_1_26' title="bbox 55 1410 1687 1499">
    <p class='ocr_par' dir='ltr' id='par_1_26' title="bbox 55 1410 1687 1499">
     <span class='ocr_line' id='line_1_26' title="bbox 55 1410 1687 1499; baseline 0.002 -20"><span class='ocrx_word' id='word_1_168' title='bbox 55 1410 155 1489; x_wconf 27' lang='grc' dir='ltr'><strong>ᾗδὲ</strong></span> <span class='ocrx_word' id='word_1_169' title='bbox 203 1431 291 1491; x_wconf 83' lang='grc' dir='ltr'><strong>εἰς</strong></span> <span class='ocrx_word' id='word_1_170' title='bbox 347 1429 512 1482; x_wconf 81' lang='grc' dir='ltr'>αὐτὸν</span> <span class='ocrx_word' id='word_1_171' title='bbox 558 1428 857 1497; x_wconf 76' lang='grc' dir='ltr'>ψάλλοντες</span> <span class='ocrx_word' id='word_1_172' title='bbox 884 1431 977 1483; x_wconf 77' lang='grc' dir='ltr'>καὶ</span> <span class='ocrx_word' id='word_1_173' title='bbox 1029 1429 1469 1499; x_wconf 68' lang='grc' dir='ltr'><strong>ἐγκωμιάζοντες</strong></span> <span class='ocrx_word' id='word_1_174' title='bbox 1519 1432 1579 1483; x_wconf 73' lang='grc' dir='ltr'><strong>έν</strong></span> <span class='ocrx_word' id='word_1_175' title='bbox 1606 1429 1687 1499; x_wconf 83' lang='grc' dir='ltr'>τῷ</span> 
     </span>
    </p>
   </div>
   <div class='ocr_carea' id='block_1_27' title="bbox 46 1502 1685 1591">
    <p class='ocr_par' dir='ltr' id='par_1_27' title="bbox 46 1502 1685 1591">
     <span class='ocr_line' id='line_1_27' title="bbox 46 1502 1685 1591; baseline -0.007 -5"><span class='ocrx_word' id='word_1_176' title='bbox 46 1502 213 1586; x_wconf 44' lang='grc' dir='ltr'><strong>ἰλαῷ</strong></span> <span class='ocrx_word' id='word_1_177' title='bbox 254 1521 501 1586; x_wconf 74' lang='grc' dir='ltr'><strong>ἆγγιλον</strong></span> <span class='ocrx_word' id='word_1_178' title='bbox 532 1522 625 1573; x_wconf 75' lang='grc' dir='ltr'><strong>τὸν</strong></span> <span class='ocrx_word' id='word_1_179' title='bbox 653 1522 827 1590; x_wconf 78' lang='grc' dir='ltr'>ἀσεϐῆ</span> <span class='ocrx_word' id='word_1_180' title='bbox 857 1521 1182 1575; x_wconf 81' lang='grc' dir='ltr'>διδάσκαλον</span> <span class='ocrx_word' id='word_1_181' title='bbox 1216 1522 1396 1575; x_wconf 81' lang='grc' dir='ltr'>αὐτῶν</span> <span class='ocrx_word' id='word_1_182' title='bbox 1426 1522 1486 1586; x_wconf 73' lang='grc' dir='ltr'><strong>ἐξ</strong></span> <span class='ocrx_word' id='word_1_183' title='bbox 1514 1522 1685 1591; x_wconf 85' lang='grc' dir='ltr'>οὐρα-</span> 
     </span>
    </p>
   </div>
   <div class='ocr_carea' id='block_1_28' title="bbox 46 1596 1681 1687">
    <p class='ocr_par' dir='ltr' id='par_1_28' title="bbox 46 1596 1681 1687">
     <span class='ocr_line' id='line_1_28' title="bbox 46 1596 1681 1687; baseline 0.004 -28"><span class='ocrx_word' id='word_1_184' title='bbox 46 1596 191 1683; x_wconf 51' lang='grc' dir='ltr'>Ϊςνοῦ</span> <span class='ocrx_word' id='word_1_185' title='bbox 243 1611 678 1680; x_wconf 77' lang='grc' dir='ltr'>κατεληλυθέναι</span> <span class='ocrx_word' id='word_1_186' title='bbox 709 1612 953 1681; x_wconf 77' lang='grc' dir='ltr'>λέγουσι.</span> <span class='ocrx_word' id='word_1_187' title='bbox 992 1614 1100 1666; x_wconf 80' lang='grc' dir='ltr'><strong>Καὶ</strong></span> <span class='ocrx_word' id='word_1_188' title='bbox 1129 1613 1301 1666; x_wconf 83' lang='grc' dir='ltr'>ταῦτα</span> <span class='ocrx_word' id='word_1_189' title='bbox 1346 1615 1404 1666; x_wconf 79' lang='grc' dir='ltr'>οὐ</span> <span class='ocrx_word' id='word_1_190' title='bbox 1457 1613 1681 1687; x_wconf 78' lang='grc' dir='ltr'>κωλύει,</span> 
     </span>
    </p>
   </div>
   <div class='ocr_carea' id='block_1_29' title="bbox 46 1688 1684 1778">
    <p class='ocr_par' dir='ltr' id='par_1_29' title="bbox 46 1688 1684 1778">
     <span class='ocr_line' id='line_1_29' title="bbox 46 1688 1684 1778; baseline 0.004 -25"><span class='ocrx_word' id='word_1_191' title='bbox 46 1688 235 1771; x_wconf 32' lang='lat' dir='ltr'><strong>ﬂens</strong></span> <span class='ocrx_word' id='word_1_192' title='bbox 282 1705 385 1756; x_wconf 76' lang='grc' dir='ltr'>καὶ</span> <span class='ocrx_word' id='word_1_193' title='bbox 438 1706 753 1773; x_wconf 70' lang='grc' dir='ltr'><strong>λεγομένοις</strong></span> <span class='ocrx_word' id='word_1_194' title='bbox 782 1707 1050 1775; x_wconf 85' lang='grc' dir='ltr'>πάρεστιν</span> <span class='ocrx_word' id='word_1_195' title='bbox 1094 1708 1123 1759; x_wconf 89' lang='grc' dir='ltr'><strong>ό</strong></span> <span class='ocrx_word' id='word_1_196' title='bbox 1158 1707 1534 1778; x_wconf 81' lang='grc' dir='ltr'>ὑπερήφανος.</span> <span class='ocrx_word' id='word_1_197' title='bbox 1568 1706 1684 1768; x_wconf 83' lang='grc' dir='ltr'><strong>Τὰς</strong></span> 
     </span>
    </p>
   </div>
   <div class='ocr_carea' id='block_1_30' title="bbox 46 1782 1686 1868">
    <p class='ocr_par' dir='ltr' id='par_1_30' title="bbox 46 1782 1686 1868">
     <span class='ocr_line' id='line_1_30' title="bbox 46 1782 1686 1868; baseline 0.004 -25"><span class='ocrx_word' id='word_1_198' title='bbox 213 1793 616 1855; x_wconf 80' lang='grc' dir='ltr'>συνεισάκτους</span> <span class='ocrx_word' id='word_1_199' title='bbox 678 1794 846 1848; x_wconf 83' lang='grc' dir='ltr'>αὑτοῦ</span> <span class='ocrx_word' id='word_1_200' title='bbox 900 1798 1189 1862; x_wconf 86' lang='grc' dir='ltr'>γυναῖκας,</span> <span class='ocrx_word' id='word_1_201' title='bbox 1243 1795 1320 1859; x_wconf 82' lang='grc' dir='ltr'><strong>ὡς</strong></span> <span class='ocrx_word' id='word_1_202' title='bbox 1388 1797 1686 1868; x_wconf 79' lang='grc' dir='ltr'>’Δντιοχεῖς</span> 
     </span>
    </p>
   </div>
   <div class='ocr_carea' id='block_1_31' title="bbox 1786 1607 3364 1681">
    <p class='ocr_par' dir='ltr' id='par_1_31' title="bbox 1786 1607 3364 1681">
     <span class='ocr_line' id='line_1_31' title="bbox 1786 1607 3364 1681; baseline 0.008 -27"><span class='ocrx_word' id='word_1_203' title='bbox 1786 1615 1985 1671; x_wconf 86' lang='lat' dir='ltr'><strong>scopos</strong></span> <span class='ocrx_word' id='word_1_204' title='bbox 2036 1614 2094 1658; x_wconf 89' lang='lat' dir='ltr'><strong>et</strong></span> <span class='ocrx_word' id='word_1_205' title='bbox 2154 1607 2505 1679; x_wconf 81' lang='lat' dir='ltr'><strong>presbyteros</strong></span> <span class='ocrx_word' id='word_1_206' title='bbox 2545 1612 2823 1664; x_wconf 84' lang='lat' dir='ltr'><strong>summisit</strong></span> <span class='ocrx_word' id='word_1_207' title='bbox 2868 1622 3030 1681; x_wconf 82' lang='lat' dir='ltr'><strong>atque</strong></span> <span class='ocrx_word' id='word_1_208' title='bbox 3071 1615 3364 1681; x_wconf 75' lang='lat' dir='ltr'><strong>disposuit.</strong></span> 
     </span>
    </p>
   </div>
   <div class='ocr_carea' id='block_1_32' title="bbox 1786 1691 3365 1773">
    <p class='ocr_par' dir='ltr' id='par_1_32' title="bbox 1786 1691 3365 1773">
     <span class='ocr_line' id='line_1_32' title="bbox 1786 1691 3365 1773; baseline 0.009 -27"><span class='ocrx_word' id='word_1_209' title='bbox 1786 1691 1987 1748; x_wconf 80' lang='lat' dir='ltr'><strong>Filium</strong></span> <span class='ocrx_word' id='word_1_210' title='bbox 2016 1697 2243 1765; x_wconf 79' lang='lat' dir='ltr'><strong>quidem</strong></span> <span class='ocrx_word' id='word_1_211' title='bbox 2276 1699 2394 1764; x_wconf 89' lang='lat' dir='ltr'><strong>Dei,</strong></span> <span class='ocrx_word' id='word_1_212' title='bbox 2428 1715 2537 1754; x_wconf 92' lang='lat' dir='ltr'><strong>non</strong></span> <span class='ocrx_word' id='word_1_213' title='bbox 2568 1703 2683 1754; x_wconf 85' lang='lat' dir='ltr'><strong>vult</strong></span> <span class='ocrx_word' id='word_1_214' title='bbox 2713 1705 3001 1756; x_wconf 79' lang='lat' dir='ltr'><strong>nobiscum</strong></span> <span class='ocrx_word' id='word_1_215' title='bbox 3036 1706 3307 1773; x_wconf 81' lang='lat' dir='ltr'><strong>proﬁteri,</strong></span> <span class='ocrx_word' id='word_1_216' title='bbox 3333 1721 3365 1759; x_wconf 87' lang='lat' dir='ltr'><strong>e</strong></span> 
     </span>
    </p>
   </div>
   <div class='ocr_carea' id='block_1_33' title="bbox 1788 1786 3367 1864">
    <p class='ocr_par' dir='ltr' id='par_1_33' title="bbox 1788 1786 3367 1864">
     <span class='ocr_line' id='line_1_33' title="bbox 1788 1786 3367 1864; baseline 0.008 -27"><span class='ocrx_word' id='word_1_217' title='bbox 1788 1786 1929 1839; x_wconf 67' lang='lat' dir='ltr'><strong>caelo</strong></span> <span class='ocrx_word' id='word_1_218' title='bbox 1972 1786 2372 1845; x_wconf 83' lang='lat' dir='ltr'><strong>descendisse:</strong></span> <span class='ocrx_word' id='word_1_219' title='bbox 2418 1800 2478 1844; x_wconf 90' lang='lat' dir='ltr'><strong>ut</strong></span> <span class='ocrx_word' id='word_1_220' title='bbox 2523 1793 2733 1862; x_wconf 81' lang='lat' dir='ltr'><strong>aliquid</strong></span> <span class='ocrx_word' id='word_1_221' title='bbox 2779 1810 2967 1848; x_wconf 80' lang='lat' dir='ltr'><strong>earnm</strong></span> <span class='ocrx_word' id='word_1_222' title='bbox 3016 1812 3197 1850; x_wconf 89' lang='lat' dir='ltr'><strong>rerum</strong></span> <span class='ocrx_word' id='word_1_223' title='bbox 3244 1813 3367 1864; x_wconf 76' lang='lat' dir='ltr'><strong>qua:</strong></span> 
     </span>
    </p>
   </div>
   <div class='ocr_carea' id='block_1_34' title="bbox 54 1854 1688 1963">
    <p class='ocr_par' dir='ltr' id='par_1_34' title="bbox 54 1854 1687 1963">
     <span class='ocr_line' id='line_1_34' title="bbox 54 1854 1687 1963; baseline 0.006 -27"><span class='ocrx_word' id='word_1_224' title='bbox 54 1858 459 1953; x_wconf 53' lang='lat' dir='ltr'><strong>&quot;evagatam,</strong></span> <span class='ocrx_word' id='word_1_225' title='bbox 494 1854 732 1941; x_wconf 81' lang='grc' dir='ltr'>καὶτῶν</span> <span class='ocrx_word' id='word_1_226' title='bbox 778 1854 1101 1957; x_wconf 41' lang='grc' dir='ltr'>περὶ-αὺτὸν</span> <span class='ocrx_word' id='word_1_227' title='bbox 1146 1854 1546 1963; x_wconf 66' lang='grc' dir='ltr'>πρεσδυτέρων</span> <span class='ocrx_word' id='word_1_228' title='bbox 1569 1854 1687 1946; x_wconf 53' lang='lat' dir='ltr'><strong>&quot;xui.</strong></span> 
     </span>
    </p>
   </div>
   <div class='ocr_carea' id='block_1_35' title="bbox 1792 1854 3365 1963">
    <p class='ocr_par' dir='ltr' id='par_1_35' title="bbox 1792 1881 3365 1959">
     <span class='ocr_line' id='line_1_35' title="bbox 1792 1881 3365 1959; baseline 0.008 -29"><span class='ocrx_word' id='word_1_229' title='bbox 1792 1888 1980 1945; x_wconf 82' lang='lat' dir='ltr'><strong>postea</strong></span> <span class='ocrx_word' id='word_1_230' title='bbox 2005 1881 2341 1945; x_wconf 84' lang='lat' dir='ltr'><strong>scribentur,</strong></span> <span class='ocrx_word' id='word_1_231' title='bbox 2369 1888 3133 1955; x_wconf 59' lang='lat' dir='ltr'><strong>praeoccupantesaderamus</strong></span> <span class='ocrx_word' id='word_1_232' title='bbox 3160 1909 3167 1940; x_wconf 92' lang='lat'><em>:</em></span> <span class='ocrx_word' id='word_1_233' title='bbox 3201 1891 3365 1959; x_wconf 84' lang='lat' dir='ltr'><strong>idque</strong></span> 
     </span>
    </p>
   </div>
   <div class='ocr_carea' id='block_1_36' title="bbox 46 1954 1688 2055">
    <p class='ocr_par' dir='ltr' id='par_1_36' title="bbox 46 1954 1688 2055">
     <span class='ocr_line' id='line_1_36' title="bbox 46 1954 1688 2055; baseline 0.007 -28"><span class='ocrx_word' id='word_1_234' title='bbox 46 1954 65 1979; x_wconf 28' lang='grc' dir='ltr'>ζ</span> <span class='ocrx_word' id='word_1_235' title='bbox 86 1977 407 2049; x_wconf 80' lang='grc' dir='ltr'>διακόνων·</span> <span class='ocrx_word' id='word_1_236' title='bbox 440 1975 522 2043; x_wconf 77' lang='grc' dir='ltr'>οἷς</span> <span class='ocrx_word' id='word_1_237' title='bbox 566 1982 663 2033; x_wconf 78' lang='grc' dir='ltr'>καὶ</span> <span class='ocrx_word' id='word_1_238' title='bbox 710 1954 871 2034; x_wconf 84' lang='grc' dir='ltr'>τοῦτο</span> <span class='ocrx_word' id='word_1_239' title='bbox 906 1982 1003 2035; x_wconf 76' lang='grc' dir='ltr'>καὶ</span> <span class='ocrx_word' id='word_1_240' title='bbox 1035 1983 1104 2036; x_wconf 80' lang='grc' dir='ltr'>τὰ</span> <span class='ocrx_word' id='word_1_241' title='bbox 1129 1954 1266 2037; x_wconf 72' lang='grc' dir='ltr'>ἄλλα</span> <span class='ocrx_word' id='word_1_242' title='bbox 1306 1954 1688 2055; x_wconf 76' lang='grc' dir='ltr'>ἁμαρτήματα</span> 
     </span>
    </p>
   </div>
   <div class='ocr_carea' id='block_1_37' title="bbox 1792 1954 3364 2055">
    <p class='ocr_par' dir='ltr' id='par_1_37' title="bbox 1792 1972 3364 2043">
     <span class='ocr_line' id='line_1_37' title="bbox 1792 1972 3364 2043; baseline 0.008 -21"><span class='ocrx_word' id='word_1_243' title='bbox 1792 1983 1902 2023; x_wconf 91' lang='lat' dir='ltr'><strong>non</strong></span> <span class='ocrx_word' id='word_1_244' title='bbox 1929 1972 2094 2026; x_wconf 90' lang='lat' dir='ltr'><strong>nudis</strong></span> <span class='ocrx_word' id='word_1_245' title='bbox 2117 1987 2147 2024; x_wconf 90' lang='lat' dir='ltr'><strong>a</strong></span> <span class='ocrx_word' id='word_1_246' title='bbox 2172 1975 2334 2028; x_wconf 90' lang='lat' dir='ltr'><strong>nobis</strong></span> <span class='ocrx_word' id='word_1_247' title='bbox 2360 1976 2578 2030; x_wconf 82' lang='lat' dir='ltr'><strong>dicetur</strong></span> <span class='ocrx_word' id='word_1_248' title='bbox 2611 1979 2813 2043; x_wconf 88' lang='lat' dir='ltr'><strong>verbis,</strong></span> <span class='ocrx_word' id='word_1_249' title='bbox 2847 1981 2941 2033; x_wconf 88' lang='lat' dir='ltr'><strong>sed</strong></span> <span class='ocrx_word' id='word_1_250' title='bbox 2980 1996 3043 2034; x_wconf 77' lang='lat' dir='ltr'><strong>ex</strong></span> <span class='ocrx_word' id='word_1_251' title='bbox 3077 1997 3364 2035; x_wconf 87' lang='lat' dir='ltr'><strong>commen-</strong></span> 
     </span>
    </p>
   </div>
   <div class='ocr_carea' id='block_1_38' title="bbox 68 2046 1688 2147">
    <p class='ocr_par' dir='ltr' id='par_1_38' title="bbox 68 2046 1688 2147">
     <span class='ocr_line' id='line_1_38' title="bbox 68 2046 1688 2147; baseline 0.007 -26"><span class='ocrx_word' id='word_1_252' title='bbox 68 2046 302 2125; x_wconf 38' lang='lat' dir='ltr'><strong>&#39;;a‘tvi:1u</strong></span> <span class='ocrx_word' id='word_1_253' title='bbox 366 2072 497 2128; x_wconf 71' lang='grc' dir='ltr'>ὄντα</span> <span class='ocrx_word' id='word_1_254' title='bbox 555 2076 936 2142; x_wconf 81' lang='grc' dir='ltr'>συγκρύπτει,</span> <span class='ocrx_word' id='word_1_255' title='bbox 1001 2076 1258 2139; x_wconf 87' lang='grc' dir='ltr'>συνειδὼς</span> <span class='ocrx_word' id='word_1_256' title='bbox 1312 2046 1688 2147; x_wconf 40' lang='grc' dir='ltr'>καὶ-ἐλέγξας</span> 
     </span>
    </p>
   </div>
   <div class='ocr_carea' id='block_1_39' title="bbox 1792 2046 3364 2147">
    <p class='ocr_par' dir='ltr' id='par_1_39' title="bbox 1792 2064 3364 2141">
     <span class='ocr_line' id='line_1_39' title="bbox 1792 2064 3364 2141; baseline 0.008 -25"><span class='ocrx_word' id='word_1_257' title='bbox 1792 2064 1983 2126; x_wconf 84' lang='lat' dir='ltr'><strong>tariis,</strong></span> <span class='ocrx_word' id='word_1_258' title='bbox 2023 2079 2165 2133; x_wconf 90' lang='lat' dir='ltr'><strong>quos</strong></span> <span class='ocrx_word' id='word_1_259' title='bbox 2206 2066 2272 2119; x_wconf 90' lang='lat' dir='ltr'><strong>ad</strong></span> <span class='ocrx_word' id='word_1_260' title='bbox 2303 2083 2402 2122; x_wconf 90' lang='lat' dir='ltr'><strong>vos</strong></span> <span class='ocrx_word' id='word_1_261' title='bbox 2435 2069 2705 2133; x_wconf 76' lang='lat' dir='ltr'><strong>misimus,</strong></span> <span class='ocrx_word' id='word_1_262' title='bbox 2749 2074 2975 2125; x_wconf 89' lang='lat' dir='ltr'><strong>omnino</strong></span> <span class='ocrx_word' id='word_1_263' title='bbox 3015 2075 3364 2141; x_wconf 85' lang='lat' dir='ltr'><strong>probabitur.</strong></span> 
     </span>
    </p>
   </div>
   <div class='ocr_carea' id='block_1_40' title="bbox 46 2146 1688 2237">
    <p class='ocr_par' dir='ltr' id='par_1_40' title="bbox 46 2146 1688 2237">
     <span class='ocr_line' id='line_1_40' title="bbox 46 2146 1688 2237; baseline 0.026 -26"><span class='ocrx_word' id='word_1_264' title='bbox 46 2146 254 2225; x_wconf 37' lang='lat' dir='ltr'><strong>iam;</strong></span> <span class='ocrx_word' id='word_1_265' title='bbox 317 2164 519 2226; x_wconf 80' lang='grc' dir='ltr'>αὐτοὺς</span> <span class='ocrx_word' id='word_1_266' title='bbox 576 2164 869 2233; x_wconf 77' lang='grc' dir='ltr'><strong>ὑπόχρεως</strong></span> <span class='ocrx_word' id='word_1_267' title='bbox 913 2166 1050 2237; x_wconf 76' lang='grc' dir='ltr'><strong>ἔχῃ·</strong></span> <span class='ocrx_word' id='word_1_268' title='bbox 1091 2171 1222 2236; x_wconf 69' lang='grc' dir='ltr'>περὶ</span> <span class='ocrx_word' id='word_1_269' title='bbox 1253 2161 1328 2220; x_wconf 78' lang='grc' dir='ltr'>ὧν</span> <span class='ocrx_word' id='word_1_270' title='bbox 1362 2168 1543 2236; x_wconf 70' lang='grc' dir='ltr'>λέγοις</span> <span class='ocrx_word' id='word_1_271' title='bbox 1566 2146 1688 2221; x_wconf 9' lang='grc' dir='ltr'><strong>ίκαὶ</strong></span> 
     </span>
    </p>
   </div>
   <div class='ocr_carea' id='block_1_41' title="bbox 1792 2146 3368 2237">
    <p class='ocr_par' dir='ltr' id='par_1_41' title="bbox 1792 2154 3368 2227">
     <span class='ocr_line' id='line_1_41' title="bbox 1792 2154 3368 2227; baseline 0.008 -17"><span class='ocrx_word' id='word_1_272' title='bbox 1792 2154 1910 2210; x_wconf 79' lang='lat' dir='ltr'><strong>Non</strong></span> <span class='ocrx_word' id='word_1_273' title='bbox 1954 2156 2141 2212; x_wconf 91' lang='lat' dir='ltr'><strong>minus</strong></span> <span class='ocrx_word' id='word_1_274' title='bbox 2170 2174 2304 2213; x_wconf 87' lang='lat' dir='ltr'><strong>vero</strong></span> <span class='ocrx_word' id='word_1_275' title='bbox 2348 2164 2511 2214; x_wconf 90' lang='lat' dir='ltr'><strong>etiam</strong></span> <span class='ocrx_word' id='word_1_276' title='bbox 2543 2164 2748 2217; x_wconf 80' lang='lat' dir='ltr'><strong>alicubi</strong></span> <span class='ocrx_word' id='word_1_277' title='bbox 2777 2165 2946 2227; x_wconf 91' lang='lat' dir='ltr'><strong>dicit,</strong></span> <span class='ocrx_word' id='word_1_278' title='bbox 2987 2164 3173 2220; x_wconf 85' lang='lat' dir='ltr'><strong>Jesum</strong></span> <span class='ocrx_word' id='word_1_279' title='bbox 3203 2168 3368 2222; x_wconf 78' lang='lat' dir='ltr'><strong>Chri-</strong></span> 
     </span>
    </p>
   </div>
   <div class='ocr_carea' id='block_1_42' title="bbox 50 2255 1687 2330">
    <p class='ocr_par' dir='ltr' id='par_1_42' title="bbox 50 2255 1687 2330">
     <span class='ocr_line' id='line_1_42' title="bbox 50 2255 1687 2330; baseline 0.006 -24"><span class='ocrx_word' id='word_1_280' title='bbox 50 2262 57 2266; x_wconf 85' lang='grc'><em>’</em></span> <span class='ocrx_word' id='word_1_281' title='bbox 99 2256 289 2323; x_wconf 77' lang='grc' dir='ltr'>ἔργοις</span> <span class='ocrx_word' id='word_1_282' title='bbox 340 2255 541 2321; x_wconf 77' lang='grc' dir='ltr'><strong>ἀδικεῖ,</strong></span> <span class='ocrx_word' id='word_1_283' title='bbox 591 2257 667 2327; x_wconf 81' lang='grc' dir='ltr'>μὴ</span> <span class='ocrx_word' id='word_1_284' title='bbox 704 2259 1021 2327; x_wconf 80' lang='grc' dir='ltr'>τολμῶντας</span> <span class='ocrx_word' id='word_1_285' title='bbox 1072 2262 1402 2330; x_wconf 80' lang='grc' dir='ltr'>κατηγορεῖν</span> <span class='ocrx_word' id='word_1_286' title='bbox 1457 2262 1535 2330; x_wconf 84' lang='grc' dir='ltr'>τῷ</span> <span class='ocrx_word' id='word_1_287' title='bbox 1565 2264 1687 2317; x_wconf 82' lang='grc' dir='ltr'>καθ’</span> 
     </span>
    </p>
   </div>
   <div class='ocr_carea' id='block_1_43' title="bbox 46 2332 1688 2425">
    <p class='ocr_par' dir='ltr' id='par_1_43' title="bbox 46 2332 1688 2425">
     <span class='ocr_line' id='line_1_43' title="bbox 46 2332 1688 2425; baseline 0.008 -29"><span class='ocrx_word' id='word_1_288' title='bbox 46 2332 339 2417; x_wconf 49' lang='grc' dir='ltr'>θ’ὲαυτοὺς</span> <span class='ocrx_word' id='word_1_289' title='bbox 369 2347 552 2419; x_wconf 73' lang='grc' dir='ltr'><strong>φόόῳ·</strong></span> <span class='ocrx_word' id='word_1_290' title='bbox 586 2350 725 2403; x_wconf 77' lang='grc' dir='ltr'>ἀλλὰ</span> <span class='ocrx_word' id='word_1_291' title='bbox 770 2354 867 2404; x_wconf 75' lang='grc' dir='ltr'>καὶ</span> <span class='ocrx_word' id='word_1_292' title='bbox 913 2352 1206 2414; x_wconf 76' lang='grc' dir='ltr'>πλουσίους</span> <span class='ocrx_word' id='word_1_293' title='bbox 1249 2355 1533 2423; x_wconf 80' lang='grc' dir='ltr'>ἀπέφηνεν</span> <span class='ocrx_word' id='word_1_294' title='bbox 1557 2372 1569 2384; x_wconf 75' lang='grc'><strong><em>⁸</em></strong></span> <span class='ocrx_word' id='word_1_295' title='bbox 1604 2357 1688 2425; x_wconf 76' lang='grc' dir='ltr'><strong>ἐφ’</strong></span> 
     </span>
    </p>
   </div>
   <div class='ocr_carea' id='block_1_44' title="bbox 96 2433 1689 2515">
    <p class='ocr_par' dir='ltr' id='par_1_44' title="bbox 96 2433 1689 2515">
     <span class='ocr_line' id='line_1_44' title="bbox 96 2433 1689 2515; baseline 0.008 -25"><span class='ocrx_word' id='word_1_296' title='bbox 96 2433 139 2504; x_wconf 83' lang='grc' dir='ltr'>ᾧ</span> <span class='ocrx_word' id='word_1_297' title='bbox 170 2441 322 2510; x_wconf 82' lang='grc' dir='ltr'>πρὸς</span> <span class='ocrx_word' id='word_1_298' title='bbox 369 2441 479 2494; x_wconf 85' lang='grc' dir='ltr'><strong>τῶν</strong></span> <span class='ocrx_word' id='word_1_299' title='bbox 530 2442 598 2494; x_wconf 80' lang='grc' dir='ltr'>τὰ</span> <span class='ocrx_word' id='word_1_300' title='bbox 640 2442 868 2496; x_wconf 84' lang='grc' dir='ltr'>τοιαῦτα</span> <span class='ocrx_word' id='word_1_301' title='bbox 932 2442 1246 2513; x_wconf 76' lang='grc' dir='ltr'>ζηλούντων</span> <span class='ocrx_word' id='word_1_302' title='bbox 1305 2448 1543 2515; x_wconf 85' lang='grc' dir='ltr'>φιλεῖται</span> <span class='ocrx_word' id='word_1_303' title='bbox 1595 2450 1689 2503; x_wconf 79' lang='grc' dir='ltr'>καὶ</span> 
     </span>
    </p>
   </div>
   <div class='ocr_carea' id='block_1_45' title="bbox 46 2534 1689 2611">
    <p class='ocr_par' dir='ltr' id='par_1_45' title="bbox 46 2534 1689 2611">
     <span class='ocr_line' id='line_1_45' title="bbox 46 2534 1689 2611; baseline 0.007 -27"><span class='ocrx_word' id='word_1_304' title='bbox 46 2546 51 2552; x_wconf 87' lang='grc'><em>’</em></span> <span class='ocrx_word' id='word_1_305' title='bbox 97 2534 456 2601; x_wconf 74' lang='grc' dir='ltr'>θαυμάζεται</span> <span class='ocrx_word' id='word_1_306' title='bbox 479 2552 493 2566; x_wconf 89' lang='grc'>·</span> <span class='ocrx_word' id='word_1_307' title='bbox 525 2537 579 2588; x_wconf 85' lang='grc' dir='ltr'><strong>τί</strong></span> <span class='ocrx_word' id='word_1_308' title='bbox 620 2536 686 2589; x_wconf 85' lang='grc' dir='ltr'>ἂν</span> <span class='ocrx_word' id='word_1_309' title='bbox 718 2536 889 2591; x_wconf 83' lang='grc' dir='ltr'>ταῦτα</span> <span class='ocrx_word' id='word_1_310' title='bbox 926 2539 1269 2607; x_wconf 66' lang='grc' dir='ltr'>γράφοιμενς</span> <span class='ocrx_word' id='word_1_311' title='bbox 1316 2541 1689 2611; x_wconf 78' lang='grc' dir='ltr'>Ἐπιστάμεθα</span> 
     </span>
    </p>
   </div>
   <div class='ocr_carea' id='block_1_46' title="bbox 46 2625 1689 2701">
    <p class='ocr_par' dir='ltr' id='par_1_46' title="bbox 46 2625 1689 2701">
     <span class='ocr_line' id='line_1_46' title="bbox 46 2625 1689 2701; baseline 0.005 -24"><span class='ocrx_word' id='word_1_312' title='bbox 46 2643 51 2649; x_wconf 83' lang='lat'>&#39;</span> <span class='ocrx_word' id='word_1_313' title='bbox 94 2625 176 2689; x_wconf 74' lang='grc' dir='ltr'>δὲ,</span> <span class='ocrx_word' id='word_1_314' title='bbox 210 2627 517 2695; x_wconf 76' lang='grc' dir='ltr'>ἀγαπητοὶ,</span> <span class='ocrx_word' id='word_1_315' title='bbox 551 2628 634 2680; x_wconf 84' lang='grc' dir='ltr'>ὅτι</span> <span class='ocrx_word' id='word_1_316' title='bbox 670 2628 766 2680; x_wconf 81' lang='grc' dir='ltr'>τὸν</span> <span class='ocrx_word' id='word_1_317' title='bbox 813 2628 1118 2682; x_wconf 71' lang='grc' dir='ltr'>ἐπίσκοπον</span> <span class='ocrx_word' id='word_1_318' title='bbox 1173 2631 1267 2682; x_wconf 74' lang='grc' dir='ltr'>καὶ</span> <span class='ocrx_word' id='word_1_319' title='bbox 1314 2631 1378 2682; x_wconf 78' lang='grc' dir='ltr'>τὸ</span> <span class='ocrx_word' id='word_1_320' title='bbox 1421 2632 1689 2701; x_wconf 81' lang='grc' dir='ltr'>ίερατεῖον</span> 
     </span>
    </p>
   </div>
   <div class='ocr_carea' id='block_1_47' title="bbox 74 2716 1690 2792">
    <p class='ocr_par' dir='ltr' id='par_1_47' title="bbox 74 2716 1690 2792">
     <span class='ocr_line' id='line_1_47' title="bbox 74 2716 1690 2792; baseline 0.004 -21"><span class='ocrx_word' id='word_1_321' title='bbox 74 2718 255 2771; x_wconf 43' lang='grc' dir='ltr'>νᾶπαν</span> <span class='ocrx_word' id='word_1_322' title='bbox 296 2718 654 2788; x_wconf 78' lang='grc' dir='ltr'>παράδειγμα</span> <span class='ocrx_word' id='word_1_323' title='bbox 693 2716 832 2773; x_wconf 77' lang='grc' dir='ltr'>εἶναι</span> <span class='ocrx_word' id='word_1_324' title='bbox 864 2721 947 2773; x_wconf 84' lang='grc' dir='ltr'><strong>δεῖ</strong></span> <span class='ocrx_word' id='word_1_325' title='bbox 975 2720 1055 2791; x_wconf 85' lang='grc' dir='ltr'><strong>τῷ</strong></span> <span class='ocrx_word' id='word_1_326' title='bbox 1088 2719 1284 2792; x_wconf 83' lang='grc' dir='ltr'>πλήθει</span> <span class='ocrx_word' id='word_1_327' title='bbox 1329 2723 1547 2777; x_wconf 76' lang='grc' dir='ltr'>πάντων</span> <span class='ocrx_word' id='word_1_328' title='bbox 1593 2742 1690 2778; x_wconf 86' lang='grc' dir='ltr'>κα-</span> 
     </span>
    </p>
   </div>
   <div class='ocr_carea' id='block_1_48' title="bbox 58 2810 1690 2882">
    <p class='ocr_par' dir='ltr' id='par_1_48' title="bbox 58 2810 1690 2882">
     <span class='ocr_line' id='line_1_48' title="bbox 58 2810 1690 2882; baseline 0.006 -22"><span class='ocrx_word' id='word_1_329' title='bbox 58 2824 59 2831; x_wconf 78' lang='lat'>‘</span> <span class='ocrx_word' id='word_1_330' title='bbox 95 2810 208 2862; x_wconf 83' lang='grc' dir='ltr'>λῶν</span> <span class='ocrx_word' id='word_1_331' title='bbox 242 2811 453 2877; x_wconf 72' lang='grc' dir='ltr'>ἔργων.</span> <span class='ocrx_word' id='word_1_332' title='bbox 483 2812 594 2863; x_wconf 78' lang='grc' dir='ltr'><strong>Καὶ</strong></span> <span class='ocrx_word' id='word_1_333' title='bbox 642 2812 764 2864; x_wconf 76' lang='grc' dir='ltr'>οὐδὲ</span> <span class='ocrx_word' id='word_1_334' title='bbox 814 2814 995 2864; x_wconf 85' lang='grc' dir='ltr'>έκεῖνο</span> <span class='ocrx_word' id='word_1_335' title='bbox 1051 2812 1377 2882; x_wconf 83' lang='grc' dir='ltr'>ἀγνοοῦμεν,</span> <span class='ocrx_word' id='word_1_336' title='bbox 1433 2817 1544 2869; x_wconf 81' lang='grc' dir='ltr'>ὅσοι</span> <span class='ocrx_word' id='word_1_337' title='bbox 1587 2820 1690 2871; x_wconf 75' lang='grc' dir='ltr'>ὑπὸ</span> 
     </span>
    </p>
   </div>
   <div class='ocr_carea' id='block_1_49' title="bbox 46 2900 1689 2972">
    <p class='ocr_par' dir='ltr' id='par_1_49' title="bbox 46 2900 1689 2972">
     <span class='ocr_line' id='line_1_49' title="bbox 46 2900 1689 2972; baseline 0.007 -19"><span class='ocrx_word' id='word_1_338' title='bbox 46 2900 198 2955; x_wconf 66' lang='grc' dir='ltr'>’τοῦ</span> <span class='ocrx_word' id='word_1_339' title='bbox 248 2902 603 2970; x_wconf 82' lang='grc' dir='ltr'>συνεισάγειν</span> <span class='ocrx_word' id='word_1_340' title='bbox 643 2904 858 2967; x_wconf 78' lang='grc' dir='ltr'>ἑαυτοῖς</span> <span class='ocrx_word' id='word_1_341' title='bbox 902 2907 1170 2971; x_wconf 86' lang='grc' dir='ltr'>γυναῖκας</span> <span class='ocrx_word' id='word_1_342' title='bbox 1208 2907 1503 2972; x_wconf 76' lang='grc' dir='ltr'>ἐξέπεσονο</span> <span class='ocrx_word' id='word_1_343' title='bbox 1551 2912 1601 2963; x_wconf 78' lang='grc' dir='ltr'>οἱ</span> <span class='ocrx_word' id='word_1_344' title='bbox 1642 2911 1689 2963; x_wconf 81' lang='grc' dir='ltr'>δ’</span> 
     </span>
    </p>
   </div>
   <div class='ocr_carea' id='block_1_50' title="bbox 95 2994 1690 3074">
    <p class='ocr_par' dir='ltr' id='par_1_50' title="bbox 95 2994 1690 3074">
     <span class='ocr_line' id='line_1_50' title="bbox 95 2994 1690 3074; baseline 0.006 -27"><span class='ocrx_word' id='word_1_345' title='bbox 95 2994 574 3067; x_wconf 77' lang='grc' dir='ltr'>ὑπωπτεύθησαν.</span> <span class='ocrx_word' id='word_1_346' title='bbox 604 2997 765 3049; x_wconf 81' lang='grc' dir='ltr'>Ὥστε</span> <span class='ocrx_word' id='word_1_347' title='bbox 797 2999 852 3050; x_wconf 80' lang='grc' dir='ltr'><strong>ει</strong></span> <span class='ocrx_word' id='word_1_348' title='bbox 874 2998 966 3051; x_wconf 76' lang='grc' dir='ltr'>καὶ</span> <span class='ocrx_word' id='word_1_349' title='bbox 1005 2999 1122 3067; x_wconf 81' lang='grc' dir='ltr'>δοίη</span> <span class='ocrx_word' id='word_1_350' title='bbox 1162 3014 1245 3063; x_wconf 83' lang='grc' dir='ltr'><strong>τις</strong></span> <span class='ocrx_word' id='word_1_351' title='bbox 1274 3002 1426 3071; x_wconf 82' lang='grc' dir='ltr'>αὐτῷ</span> <span class='ocrx_word' id='word_1_352' title='bbox 1468 3002 1531 3055; x_wconf 75' lang='grc' dir='ltr'><strong>τὸ</strong></span> <span class='ocrx_word' id='word_1_353' title='bbox 1581 3022 1690 3074; x_wconf 79' lang='grc' dir='ltr'>μη-</span> 
     </span>
    </p>
   </div>
   <div class='ocr_carea' id='block_1_51' title="bbox 46 3087 1687 3164">
    <p class='ocr_par' dir='ltr' id='par_1_51' title="bbox 46 3087 1687 3164">
     <span class='ocr_line' id='line_1_51' title="bbox 46 3087 1687 3164; baseline 0.006 -25"><span class='ocrx_word' id='word_1_354' title='bbox 46 3104 61 3121; x_wconf 72' lang='grc' dir='ltr'><strong>π</strong></span> <span class='ocrx_word' id='word_1_355' title='bbox 93 3087 190 3139; x_wconf 75' lang='grc' dir='ltr'>δὲν</span> <span class='ocrx_word' id='word_1_356' title='bbox 242 3087 478 3155; x_wconf 79' lang='grc' dir='ltr'>ἀσελγὲς</span> <span class='ocrx_word' id='word_1_357' title='bbox 516 3091 712 3151; x_wconf 83' lang='grc' dir='ltr'>ποιεῖν,</span> <span class='ocrx_word' id='word_1_358' title='bbox 749 3090 887 3145; x_wconf 82' lang='grc' dir='ltr'>ἀλλά.</span> <span class='ocrx_word' id='word_1_359' title='bbox 910 3107 971 3157; x_wconf 85' lang='grc' dir='ltr'><strong>γε</strong></span> <span class='ocrx_word' id='word_1_360' title='bbox 1027 3092 1289 3145; x_wconf 83' lang='grc' dir='ltr'>ὑπόνοιαν</span> <span class='ocrx_word' id='word_1_361' title='bbox 1344 3094 1443 3164; x_wconf 77' lang='grc' dir='ltr'>τὴν</span> <span class='ocrx_word' id='word_1_362' title='bbox 1479 3099 1541 3148; x_wconf 80' lang='grc' dir='ltr'>ἐκ</span> <span class='ocrx_word' id='word_1_363' title='bbox 1593 3096 1687 3149; x_wconf 82' lang='grc' dir='ltr'>τοῦ</span> 
     </span>
    </p>
   </div>
   <div class='ocr_carea' id='block_1_52' title="bbox 1790 2254 3366 2330">
    <p class='ocr_par' dir='ltr' id='par_1_52' title="bbox 1790 2254 3366 2330">
     <span class='ocr_line' id='line_1_52' title="bbox 1790 2254 3366 2330; baseline 0.008 -28"><span class='ocrx_word' id='word_1_364' title='bbox 1790 2256 1937 2302; x_wconf 90' lang='lat' dir='ltr'><strong>stum</strong></span> <span class='ocrx_word' id='word_1_365' title='bbox 1968 2263 1999 2302; x_wconf 91' lang='lat' dir='ltr'><strong>e</strong></span> <span class='ocrx_word' id='word_1_366' title='bbox 2032 2259 2179 2305; x_wconf 90' lang='lat' dir='ltr'><strong>terra</strong></span> <span class='ocrx_word' id='word_1_367' title='bbox 2210 2262 2394 2307; x_wconf 90' lang='lat' dir='ltr'><strong>ortum</strong></span> <span class='ocrx_word' id='word_1_368' title='bbox 2428 2254 2706 2311; x_wconf 85' lang='lat' dir='ltr'><strong>habuisse.</strong></span> <span class='ocrx_word' id='word_1_369' title='bbox 2730 2256 2833 2323; x_wconf 86' lang='lat' dir='ltr'><strong>Qui</strong></span> <span class='ocrx_word' id='word_1_370' title='bbox 2865 2268 3047 2311; x_wconf 88' lang='lat' dir='ltr'><strong>autem</strong></span> <span class='ocrx_word' id='word_1_371' title='bbox 3074 2259 3127 2313; x_wconf 92' lang='lat' dir='ltr'><strong>in</strong></span> <span class='ocrx_word' id='word_1_372' title='bbox 3162 2264 3366 2330; x_wconf 85' lang='lat' dir='ltr'><strong>pepulo</strong></span> 
     </span>
    </p>
   </div>
   <div class='ocr_carea' id='block_1_53' title="bbox 1790 2340 3369 2415">
    <p class='ocr_par' dir='ltr' id='par_1_53' title="bbox 1790 2340 3369 2415">
     <span class='ocr_line' id='line_1_53' title="bbox 1790 2340 3369 2415; baseline 0.009 -25"><span class='ocrx_word' id='word_1_373' title='bbox 1790 2340 2017 2407; x_wconf 86' lang='lat' dir='ltr'><strong>psalmis</strong></span> <span class='ocrx_word' id='word_1_374' title='bbox 2060 2352 2115 2396; x_wconf 87' lang='lat' dir='ltr'><strong>et</strong></span> <span class='ocrx_word' id='word_1_375' title='bbox 2156 2342 2412 2398; x_wconf 85' lang='lat' dir='ltr'><strong>laudibus</strong></span> <span class='ocrx_word' id='word_1_376' title='bbox 2443 2346 2675 2415; x_wconf 82' lang='lat' dir='ltr'><strong>imptum</strong></span> <span class='ocrx_word' id='word_1_377' title='bbox 2713 2348 2859 2401; x_wconf 86' lang='lat' dir='ltr'><strong>hunc</strong></span> <span class='ocrx_word' id='word_1_378' title='bbox 2902 2349 3180 2404; x_wconf 87' lang='lat' dir='ltr'><strong>hominem</strong></span> <span class='ocrx_word' id='word_1_379' title='bbox 3226 2352 3369 2405; x_wconf 83' lang='lat' dir='ltr'><strong>cele-</strong></span> 
     </span>
    </p>
   </div>
   <div class='ocr_carea' id='block_1_54' title="bbox 1792 2428 3371 2509">
    <p class='ocr_par' dir='ltr' id='par_1_54' title="bbox 1792 2428 3371 2509">
     <span class='ocr_line' id='line_1_54' title="bbox 1792 2428 3371 2509; baseline 0.011 -28"><span class='ocrx_word' id='word_1_380' title='bbox 1792 2428 1957 2484; x_wconf 88' lang='lat' dir='ltr'><strong>brant</strong></span> <span class='ocrx_word' id='word_1_381' title='bbox 1981 2474 1994 2497; x_wconf 93' lang='lat'><strong>,</strong></span> <span class='ocrx_word' id='word_1_382' title='bbox 2038 2434 2292 2503; x_wconf 78' lang='lat' dir='ltr'><strong>angelum</strong></span> <span class='ocrx_word' id='word_1_383' title='bbox 2336 2452 2464 2491; x_wconf 90' lang='lat' dir='ltr'><strong>eum</strong></span> <span class='ocrx_word' id='word_1_384' title='bbox 2506 2448 2561 2493; x_wconf 88' lang='lat' dir='ltr'><strong>et</strong></span> <span class='ocrx_word' id='word_1_385' title='bbox 2591 2441 2913 2509; x_wconf 76' lang='lat' dir='ltr'><strong>magistrum</strong></span> <span class='ocrx_word' id='word_1_386' title='bbox 2954 2443 3023 2495; x_wconf 88' lang='lat' dir='ltr'><strong>ad</strong></span> <span class='ocrx_word' id='word_1_387' title='bbox 3060 2459 3119 2497; x_wconf 82' lang='lat' dir='ltr'><strong>se</strong></span> <span class='ocrx_word' id='word_1_388' title='bbox 3157 2459 3188 2497; x_wconf 89' lang='lat' dir='ltr'><strong>e</strong></span> <span class='ocrx_word' id='word_1_389' title='bbox 3226 2448 3371 2499; x_wconf 80' lang='lat' dir='ltr'><strong>ca-lo</strong></span> 
     </span>
    </p>
   </div>
   <div class='ocr_carea' id='block_1_55' title="bbox 1792 2519 3365 2600">
    <p class='ocr_par' dir='ltr' id='par_1_55' title="bbox 1792 2519 3365 2600">
     <span class='ocr_line' id='line_1_55' title="bbox 1792 2519 3365 2600; baseline 0.011 -29"><span class='ocrx_word' id='word_1_390' title='bbox 1792 2519 2150 2578; x_wconf 88' lang='lat' dir='ltr'><strong>descendisse</strong></span> <span class='ocrx_word' id='word_1_391' title='bbox 2179 2534 2407 2581; x_wconf 90' lang='lat' dir='ltr'><strong>canunt.</strong></span> <span class='ocrx_word' id='word_1_392' title='bbox 2438 2527 2505 2580; x_wconf 75' lang='lat' dir='ltr'><strong>Et</strong></span> <span class='ocrx_word' id='word_1_393' title='bbox 2536 2529 2648 2582; x_wconf 67' lang='lat' dir='ltr'><strong>haec</strong></span> <span class='ocrx_word' id='word_1_394' title='bbox 2677 2529 2767 2583; x_wconf 88' lang='lat' dir='ltr'><strong>ille</strong></span> <span class='ocrx_word' id='word_1_395' title='bbox 2800 2534 3231 2600; x_wconf 78' lang='lat' dir='ltr'><strong>superbissimus</strong></span> <span class='ocrx_word' id='word_1_396' title='bbox 3260 2552 3365 2589; x_wconf 91' lang='lat' dir='ltr'><strong>non</strong></span> 
     </span>
    </p>
   </div>
   <div class='ocr_carea' id='block_1_56' title="bbox 1792 2614 3363 2690">
    <p class='ocr_par' dir='ltr' id='par_1_56' title="bbox 1792 2614 3363 2690">
     <span class='ocr_line' id='line_1_56' title="bbox 1792 2614 3363 2690; baseline 0.013 -29"><span class='ocrx_word' id='word_1_397' title='bbox 1792 2614 2083 2680; x_wconf 83' lang='lat' dir='ltr'><strong>prohibet,</strong></span> <span class='ocrx_word' id='word_1_398' title='bbox 2136 2618 2230 2669; x_wconf 88' lang='lat' dir='ltr'><strong>sed</strong></span> <span class='ocrx_word' id='word_1_399' title='bbox 2280 2633 2343 2674; x_wconf 84' lang='lat' dir='ltr'><strong>ea</strong></span> <span class='ocrx_word' id='word_1_400' title='bbox 2387 2620 2717 2675; x_wconf 84' lang='lat' dir='ltr'><strong>canentibus</strong></span> <span class='ocrx_word' id='word_1_401' title='bbox 2766 2623 2943 2677; x_wconf 84' lang='lat' dir='ltr'><strong>adest.</strong></span> <span class='ocrx_word' id='word_1_402' title='bbox 2994 2627 3134 2690; x_wconf 89' lang='lat' dir='ltr'><strong>Quid</strong></span> <span class='ocrx_word' id='word_1_403' title='bbox 3179 2639 3363 2682; x_wconf 90' lang='lat' dir='ltr'><strong>autem</strong></span> 
     </span>
    </p>
   </div>
   <div class='ocr_carea' id='block_1_57' title="bbox 1793 2705 3367 2784">
    <p class='ocr_par' dir='ltr' id='par_1_57' title="bbox 1793 2705 3367 2784">
     <span class='ocr_line' id='line_1_57' title="bbox 1793 2705 3367 2784; baseline 0.011 -28"><span class='ocrx_word' id='word_1_404' title='bbox 1793 2705 2056 2760; x_wconf 87' lang='lat' dir='ltr'><strong>mulieres</strong></span> <span class='ocrx_word' id='word_1_405' title='bbox 2098 2709 2218 2778; x_wconf 87' lang='lat' dir='ltr'><strong>ejus</strong></span> <span class='ocrx_word' id='word_1_406' title='bbox 2259 2710 2724 2766; x_wconf 82' lang='lat' dir='ltr'><strong>lsubintrodnctas</strong></span> <span class='ocrx_word' id='word_1_407' title='bbox 2776 2716 2895 2784; x_wconf 74' lang='grc' dir='ltr'>(ὅ),</span> <span class='ocrx_word' id='word_1_408' title='bbox 2940 2726 2998 2770; x_wconf 92' lang='lat' dir='ltr'><strong>ut</strong></span> <span class='ocrx_word' id='word_1_409' title='bbox 3036 2720 3367 2774; x_wconf 76' lang='lat' dir='ltr'><strong>Antioenetit</strong></span> 
     </span>
    </p>
   </div>
   <div class='ocr_carea' id='block_1_58' title="bbox 1792 2797 3366 2874">
    <p class='ocr_par' dir='ltr' id='par_1_58' title="bbox 1792 2797 3366 2874">
     <span class='ocr_line' id='line_1_58' title="bbox 1792 2797 3366 2874; baseline 0.013 -27"><span class='ocrx_word' id='word_1_410' title='bbox 1792 2797 2117 2852; x_wconf 89' lang='lat' dir='ltr'><strong>nominant:</strong></span> <span class='ocrx_word' id='word_1_411' title='bbox 2173 2801 2305 2869; x_wconf 90' lang='lat' dir='ltr'><strong>quid</strong></span> <span class='ocrx_word' id='word_1_412' title='bbox 2369 2804 2489 2871; x_wconf 80' lang='lat' dir='ltr'><strong>ejus</strong></span> <span class='ocrx_word' id='word_1_413' title='bbox 2536 2802 2905 2874; x_wconf 74' lang='lat' dir='ltr'><strong>presbyteros</strong></span> <span class='ocrx_word' id='word_1_414' title='bbox 2950 2820 3003 2862; x_wconf 91' lang='lat' dir='ltr'><strong>et</strong></span> <span class='ocrx_word' id='word_1_415' title='bbox 3061 2811 3366 2869; x_wconf 80' lang='lat' dir='ltr'><strong>diaconos:</strong></span> 
     </span>
    </p>
   </div>
   <div class='ocr_carea' id='block_1_59' title="bbox 1792 2884 3369 2974">
    <p class='ocr_par' dir='ltr' id='par_1_59' title="bbox 1792 2884 3369 2974">
     <span class='ocr_line' id='line_1_59' title="bbox 1792 2884 3369 2974; baseline 0.013 -34"><span class='ocrx_word' id='word_1_416' title='bbox 1792 2889 1997 2956; x_wconf 90' lang='lat' dir='ltr'><strong>quibus</strong></span> <span class='ocrx_word' id='word_1_417' title='bbox 2026 2902 2080 2945; x_wconf 88' lang='lat' dir='ltr'><strong>et</strong></span> <span class='ocrx_word' id='word_1_418' title='bbox 2110 2891 2215 2947; x_wconf 88' lang='lat' dir='ltr'><strong>hoc</strong></span> <span class='ocrx_word' id='word_1_419' title='bbox 2246 2884 2534 2961; x_wconf 87' lang='lat' dir='ltr'><strong>delictum,</strong></span> <span class='ocrx_word' id='word_1_420' title='bbox 2560 2906 2609 2950; x_wconf 89' lang='lat' dir='ltr'><strong>et</strong></span> <span class='ocrx_word' id='word_1_421' title='bbox 2646 2898 2751 2951; x_wconf 89' lang='lat' dir='ltr'><strong>alia</strong></span> <span class='ocrx_word' id='word_1_422' title='bbox 2785 2899 3215 2958; x_wconf 80' lang='lat' dir='ltr'><strong>immedicabilia</strong></span> <span class='ocrx_word' id='word_1_423' title='bbox 3241 2922 3369 2974; x_wconf 85' lang='lat' dir='ltr'><strong>pec-</strong></span> 
     </span>
    </p>
   </div>
   <div class='ocr_carea' id='block_1_60' title="bbox 1791 2984 3369 3056">
    <p class='ocr_par' dir='ltr' id='par_1_60' title="bbox 1791 2984 3369 3056">
     <span class='ocr_line' id='line_1_60' title="bbox 1791 2984 3369 3056; baseline 0.011 -22"><span class='ocrx_word' id='word_1_424' title='bbox 1791 2989 1913 3034; x_wconf 87' lang='lat' dir='ltr'><strong>eata</strong></span> <span class='ocrx_word' id='word_1_425' title='bbox 1945 2984 2241 3051; x_wconf 90' lang='lat' dir='ltr'><strong>permittit,</strong></span> <span class='ocrx_word' id='word_1_426' title='bbox 2274 3002 2450 3055; x_wconf 87' lang='lat' dir='ltr'><strong>eaque</strong></span> <span class='ocrx_word' id='word_1_427' title='bbox 2478 3004 2602 3041; x_wconf 89' lang='lat' dir='ltr'><strong>cum</strong></span> <span class='ocrx_word' id='word_1_428' title='bbox 2642 2989 2755 3043; x_wconf 91' lang='lat' dir='ltr'><strong>illis</strong></span> <span class='ocrx_word' id='word_1_429' title='bbox 2780 2994 2945 3056; x_wconf 91' lang='lat' dir='ltr'><strong>cclat,</strong></span> <span class='ocrx_word' id='word_1_430' title='bbox 2979 2996 3235 3050; x_wconf 87' lang='lat' dir='ltr'><strong>conscius</strong></span> <span class='ocrx_word' id='word_1_431' title='bbox 3262 2999 3369 3052; x_wconf 83' lang='lat' dir='ltr'><strong>sibi</strong></span> 
     </span>
    </p>
   </div>
   <div class='ocr_carea' id='block_1_61' title="bbox 1792 3076 3372 3149">
    <p class='ocr_par' dir='ltr' id='par_1_61' title="bbox 1792 3076 3372 3149">
     <span class='ocr_line' id='line_1_61' title="bbox 1792 3076 3372 3149; baseline 0.009 -25"><span class='ocrx_word' id='word_1_432' title='bbox 1792 3085 2019 3135; x_wconf 89' lang='lat' dir='ltr'><strong>eorum,</strong></span> <span class='ocrx_word' id='word_1_433' title='bbox 2067 3084 2121 3127; x_wconf 89' lang='lat' dir='ltr'><strong>et</strong></span> <span class='ocrx_word' id='word_1_434' title='bbox 2150 3076 2314 3128; x_wconf 90' lang='lat' dir='ltr'><strong>simul</strong></span> <span class='ocrx_word' id='word_1_435' title='bbox 2361 3077 2483 3129; x_wconf 92' lang='lat' dir='ltr'><strong>illos</strong></span> <span class='ocrx_word' id='word_1_436' title='bbox 2522 3078 2590 3131; x_wconf 88' lang='lat' dir='ltr'><strong>de</strong></span> <span class='ocrx_word' id='word_1_437' title='bbox 2620 3079 2703 3133; x_wconf 84' lang='lat' dir='ltr'><strong>eis</strong></span> <span class='ocrx_word' id='word_1_438' title='bbox 2735 3095 3003 3149; x_wconf 78' lang='lat' dir='ltr'><strong>arguens,</strong></span> <span class='ocrx_word' id='word_1_439' title='bbox 3044 3094 3102 3136; x_wconf 93' lang='lat' dir='ltr'><strong>ut</strong></span> <span class='ocrx_word' id='word_1_440' title='bbox 3134 3084 3238 3137; x_wconf 87' lang='lat' dir='ltr'><strong>sibi</strong></span> <span class='ocrx_word' id='word_1_441' title='bbox 3272 3085 3372 3139; x_wconf 86' lang='lat' dir='ltr'><strong>ob-</strong></span> 
     </span>
    </p>
   </div>
   <div class='ocr_carea' id='block_1_62' title="bbox 58 3167 1688 3260">
    <p class='ocr_par' dir='ltr' id='par_1_62' title="bbox 58 3181 1682 3260">
     <span class='ocr_line' id='line_1_62' title="bbox 58 3181 1682 3260; baseline 0.005 -26"><span class='ocrx_word' id='word_1_442' title='bbox 58 3183 364 3234; x_wconf 66' lang='grc' dir='ltr'>έτοιούτου</span> <span class='ocrx_word' id='word_1_443' title='bbox 410 3181 735 3249; x_wconf 80' lang='grc' dir='ltr'>πράγματος</span> <span class='ocrx_word' id='word_1_444' title='bbox 766 3184 1043 3252; x_wconf 82' lang='grc' dir='ltr'>φυομένην</span> <span class='ocrx_word' id='word_1_445' title='bbox 1088 3186 1257 3255; x_wconf 75' lang='grc' dir='ltr'>ἐχρῆν</span> <span class='ocrx_word' id='word_1_446' title='bbox 1286 3186 1682 3260; x_wconf 73' lang='grc' dir='ltr'>εὐλαόηοῆναι,</span> 
     </span>
    </p>
   </div>
   <div class='ocr_carea' id='block_1_63' title="bbox 1792 3167 3371 3260">
    <p class='ocr_par' dir='ltr' id='par_1_63' title="bbox 1795 3167 3371 3240">
     <span class='ocr_line' id='line_1_63' title="bbox 1795 3167 3371 3240; baseline 0.01 -23"><span class='ocrx_word' id='word_1_447' title='bbox 1795 3168 1989 3219; x_wconf 75' lang='lat' dir='ltr'><strong>noxios</strong></span> <span class='ocrx_word' id='word_1_448' title='bbox 2030 3167 2249 3234; x_wconf 90' lang='lat' dir='ltr'><strong>habeat,</strong></span> <span class='ocrx_word' id='word_1_449' title='bbox 2282 3168 2570 3223; x_wconf 85' lang='lat' dir='ltr'><strong>dicamus?</strong></span> <span class='ocrx_word' id='word_1_450' title='bbox 2601 3172 2816 3237; x_wconf 89' lang='lat' dir='ltr'><strong>Quibus</strong></span> <span class='ocrx_word' id='word_1_451' title='bbox 2849 3175 2902 3227; x_wconf 91' lang='lat' dir='ltr'><strong>in</strong></span> <span class='ocrx_word' id='word_1_452' title='bbox 2949 3176 3115 3229; x_wconf 91' lang='lat' dir='ltr'><strong>rebus</strong></span> <span class='ocrx_word' id='word_1_453' title='bbox 3138 3217 3152 3240; x_wconf 96' lang='lat'><strong>,</strong></span> <span class='ocrx_word' id='word_1_454' title='bbox 3186 3179 3371 3235; x_wconf 88' lang='lat' dir='ltr'><strong>verbis</strong></span> 
     </span>
    </p>
   </div>
   <div class='ocr_carea' id='block_1_64' title="bbox 66 3273 1690 3350">
    <p class='ocr_par' dir='ltr' id='par_1_64' title="bbox 66 3273 1690 3350">
     <span class='ocr_line' id='line_1_64' title="bbox 66 3273 1690 3350; baseline 0.007 -26"><span class='ocrx_word' id='word_1_455' title='bbox 66 3275 177 3341; x_wconf 72' lang='grc' dir='ltr'><strong>“μή</strong></span> <span class='ocrx_word' id='word_1_456' title='bbox 210 3290 347 3325; x_wconf 88' lang='grc' dir='ltr'>τινα</span> <span class='ocrx_word' id='word_1_457' title='bbox 389 3273 737 3342; x_wconf 78' lang='grc' dir='ltr'>σκανδαλίσῃ,</span> <span class='ocrx_word' id='word_1_458' title='bbox 781 3274 906 3336; x_wconf 81' lang='grc' dir='ltr'>τοὺς</span> <span class='ocrx_word' id='word_1_459' title='bbox 959 3274 1014 3329; x_wconf 82' lang='grc' dir='ltr'>δὲ</span> <span class='ocrx_word' id='word_1_460' title='bbox 1064 3278 1157 3331; x_wconf 77' lang='grc' dir='ltr'>καὶ</span> <span class='ocrx_word' id='word_1_461' title='bbox 1210 3279 1506 3347; x_wconf 84' lang='grc' dir='ltr'>μιμεῖσθαι</span> <span class='ocrx_word' id='word_1_462' title='bbox 1554 3299 1690 3350; x_wconf 79' lang='grc' dir='ltr'>προ-</span> 
     </span>
    </p>
   </div>
   <div class='ocr_carea' id='block_1_65' title="bbox 58 3365 1686 3441">
    <p class='ocr_par' dir='ltr' id='par_1_65' title="bbox 58 3365 1686 3441">
     <span class='ocr_line' id='line_1_65' title="bbox 58 3365 1686 3441; baseline 0.006 -24"><span class='ocrx_word' id='word_1_463' title='bbox 58 3373 67 3381; x_wconf 88' lang='grc'><em>’</em></span> <span class='ocrx_word' id='word_1_464' title='bbox 92 3366 312 3435; x_wconf 72' lang='grc' dir='ltr'>τρέψῃ.</span> <span class='ocrx_word' id='word_1_465' title='bbox 340 3366 458 3427; x_wconf 85' lang='grc' dir='ltr'><strong>ηὼς</strong></span> <span class='ocrx_word' id='word_1_466' title='bbox 486 3365 595 3435; x_wconf 84' lang='grc' dir='ltr'><strong>γὰρ</strong></span> <span class='ocrx_word' id='word_1_467' title='bbox 621 3365 978 3435; x_wconf 78' lang='grc' dir='ltr'>ἐπιπλήξειεν</span> <span class='ocrx_word' id='word_1_468' title='bbox 1005 3367 1037 3436; x_wconf 79' lang='grc' dir='ltr'>ἢ</span> <span class='ocrx_word' id='word_1_469' title='bbox 1070 3369 1445 3440; x_wconf 83' lang='grc' dir='ltr'>νουθετήσειεν</span> <span class='ocrx_word' id='word_1_470' title='bbox 1474 3373 1686 3441; x_wconf 74' lang='grc' dir='ltr'>ἕτερον,</span> 
     </span>
    </p>
   </div>
   <div class='ocr_carea' id='block_1_66' title="bbox 98 3457 1681 3536">
    <p class='ocr_par' dir='ltr' id='par_1_66' title="bbox 98 3457 1681 3536">
     <span class='ocr_line' id='line_1_66' title="bbox 98 3457 1681 3536; baseline 0.004 -27"><span class='ocrx_word' id='word_1_471' title='bbox 98 3459 181 3528; x_wconf 84' lang='grc' dir='ltr'>μὴ</span> <span class='ocrx_word' id='word_1_472' title='bbox 217 3457 690 3524; x_wconf 74' lang='grc' dir='ltr'>συγκαταϐαίνειν</span> <span class='ocrx_word' id='word_1_473' title='bbox 719 3458 980 3510; x_wconf 79' lang='grc' dir='ltr'>ὲπιπλέον</span> <span class='ocrx_word' id='word_1_474' title='bbox 1008 3459 1087 3522; x_wconf 86' lang='grc' dir='ltr'><strong>είς</strong></span> <span class='ocrx_word' id='word_1_475' title='bbox 1121 3461 1317 3515; x_wconf 79' lang='grc' dir='ltr'>ταυτὸν</span> <span class='ocrx_word' id='word_1_476' title='bbox 1353 3469 1573 3531; x_wconf 80' lang='grc' dir='ltr'>γυναικὶ</span> <span class='ocrx_word' id='word_1_477' title='bbox 1606 3467 1681 3536; x_wconf 79' lang='grc' dir='ltr'>μὴ</span> 
     </span>
    </p>
   </div>
   <div class='ocr_carea' id='block_1_67' title="bbox 46 3545 1685 3623">
    <p class='ocr_par' dir='ltr' id='par_1_67' title="bbox 46 3545 1685 3623">
     <span class='ocr_line' id='line_1_67' title="bbox 46 3545 1685 3623; baseline 0.008 -30"><span class='ocrx_word' id='word_1_478' title='bbox 46 3590 47 3593; x_wconf 45' lang='grc' dir='ltr'><strong>η</strong></span> <span class='ocrx_word' id='word_1_479' title='bbox 92 3546 301 3616; x_wconf 81' lang='grc' dir='ltr'>όλισθῇ</span> <span class='ocrx_word' id='word_1_480' title='bbox 356 3545 777 3613; x_wconf 72' lang='grc' dir='ltr'>φυλαττόμενον,</span> <span class='ocrx_word' id='word_1_481' title='bbox 831 3547 906 3606; x_wconf 85' lang='grc' dir='ltr'>ὡς</span> <span class='ocrx_word' id='word_1_482' title='bbox 961 3547 1310 3616; x_wconf 79' lang='grc' dir='ltr'>γέγραπται,</span> <span class='ocrx_word' id='word_1_483' title='bbox 1356 3551 1505 3614; x_wconf 75' lang='grc' dir='ltr'>ὅστις</span> <span class='ocrx_word' id='word_1_484' title='bbox 1556 3554 1685 3623; x_wconf 86' lang='grc' dir='ltr'>μίαν</span> 
     </span>
    </p>
   </div>
   <div class='ocr_carea' id='block_1_68' title="bbox 46 3635 1693 3708">
    <p class='ocr_par' dir='ltr' id='par_1_68' title="bbox 46 3635 1693 3708">
     <span class='ocr_line' id='line_1_68' title="bbox 46 3635 1693 3708; baseline 0.004 -18"><span class='ocrx_word' id='word_1_485' title='bbox 46 3658 57 3665; x_wconf 73' lang='grc'><em>’</em></span> <span class='ocrx_word' id='word_1_486' title='bbox 96 3639 209 3707; x_wconf 78' lang='grc' dir='ltr'>μὶν</span> <span class='ocrx_word' id='word_1_487' title='bbox 249 3636 565 3705; x_wconf 81' lang='grc' dir='ltr'>ἀπέστησεν</span> <span class='ocrx_word' id='word_1_488' title='bbox 619 3638 738 3706; x_wconf 62' lang='grc' dir='ltr'>ἤδη,</span> <span class='ocrx_word' id='word_1_489' title='bbox 797 3635 890 3689; x_wconf 81' lang='grc' dir='ltr'>δύο</span> <span class='ocrx_word' id='word_1_490' title='bbox 930 3636 987 3689; x_wconf 79' lang='grc' dir='ltr'>δὲ</span> <span class='ocrx_word' id='word_1_491' title='bbox 1037 3639 1394 3708; x_wconf 73' lang='grc' dir='ltr'>ἀκμαζούσας</span> <span class='ocrx_word' id='word_1_492' title='bbox 1453 3648 1543 3695; x_wconf 77' lang='grc' dir='ltr'>καὶ</span> <span class='ocrx_word' id='word_1_493' title='bbox 1603 3644 1693 3695; x_wconf 80' lang='grc' dir='ltr'><strong>εὑ-</strong></span> 
     </span>
    </p>
   </div>
   <div class='ocr_carea' id='block_1_69' title="bbox 95 3729 1689 3807">
    <p class='ocr_par' dir='ltr' id='par_1_69' title="bbox 95 3729 1689 3807">
     <span class='ocr_line' id='line_1_69' title="bbox 95 3729 1689 3807; baseline 0.007 -27"><span class='ocrx_word' id='word_1_494' title='bbox 95 3733 353 3802; x_wconf 80' lang='grc' dir='ltr'>πρεπεῖς</span> <span class='ocrx_word' id='word_1_495' title='bbox 411 3730 512 3800; x_wconf 81' lang='grc' dir='ltr'>τὴν</span> <span class='ocrx_word' id='word_1_496' title='bbox 539 3731 659 3800; x_wconf 71' lang='grc' dir='ltr'>ὄψιν</span> <span class='ocrx_word' id='word_1_497' title='bbox 698 3730 811 3799; x_wconf 77' lang='grc' dir='ltr'>ἔχει</span> <span class='ocrx_word' id='word_1_498' title='bbox 844 3729 967 3800; x_wconf 85' lang='grc' dir='ltr'>μεθ’</span> <span class='ocrx_word' id='word_1_499' title='bbox 992 3732 1223 3785; x_wconf 80' lang='grc' dir='ltr'>ἑαυτοῦ·</span> <span class='ocrx_word' id='word_1_500' title='bbox 1258 3735 1358 3788; x_wconf 83' lang='grc' dir='ltr'>κᾶν</span> <span class='ocrx_word' id='word_1_501' title='bbox 1394 3737 1530 3807; x_wconf 80' lang='grc' dir='ltr'>ἀπίῃ</span> <span class='ocrx_word' id='word_1_502' title='bbox 1565 3755 1689 3804; x_wconf 88' lang='grc' dir='ltr'>που,</span> 
     </span>
    </p>
   </div>
   <div class='ocr_carea' id='block_1_70' title="bbox 95 3824 1689 3898">
    <p class='ocr_par' dir='ltr' id='par_1_70' title="bbox 95 3824 1689 3898">
     <span class='ocr_line' id='line_1_70' title="bbox 95 3824 1689 3898; baseline 0.003 -20"><span class='ocrx_word' id='word_1_503' title='bbox 95 3824 475 3891; x_wconf 76' lang='grc' dir='ltr'>συνεπιφέρει</span> <span class='ocrx_word' id='word_1_504' title='bbox 506 3825 599 3876; x_wconf 74' lang='grc' dir='ltr'>καὶ</span> <span class='ocrx_word' id='word_1_505' title='bbox 631 3824 856 3887; x_wconf 83' lang='grc' dir='ltr'>ταύτας,</span> <span class='ocrx_word' id='word_1_506' title='bbox 885 3827 1109 3895; x_wconf 83' lang='grc' dir='ltr'>τρυφῶν</span> <span class='ocrx_word' id='word_1_507' title='bbox 1146 3829 1241 3881; x_wconf 71' lang='grc' dir='ltr'>καὶ</span> <span class='ocrx_word' id='word_1_508' title='bbox 1268 3829 1689 3898; x_wconf 77' lang='grc' dir='ltr'>ὑπερεμπιπλὰ-</span> 
     </span>
    </p>
   </div>
   <div class='ocr_carea' id='block_1_71' title="bbox 96 3910 1691 3991">
    <p class='ocr_par' dir='ltr' id='par_1_71' title="bbox 96 3910 1691 3991">
     <span class='ocr_line' id='line_1_71' title="bbox 96 3910 1691 3991; baseline 0.004 -21"><span class='ocrx_word' id='word_1_509' title='bbox 96 3934 321 3987; x_wconf 63' lang='lat' dir='ltr'><strong>pem;</strong></span> <span class='ocrx_word' id='word_1_510' title='bbox 367 3910 469 3968; x_wconf 77' lang='grc' dir='ltr'>Ὧν</span> <span class='ocrx_word' id='word_1_511' title='bbox 514 3916 677 3969; x_wconf 74' lang='grc' dir='ltr'>ἕνεκα</span> <span class='ocrx_word' id='word_1_512' title='bbox 729 3915 1053 3981; x_wconf 80' lang='grc' dir='ltr'>στενάζουσι</span> <span class='ocrx_word' id='word_1_513' title='bbox 1108 3920 1210 3986; x_wconf 80' lang='grc' dir='ltr'>μὲν</span> <span class='ocrx_word' id='word_1_514' title='bbox 1260 3922 1355 3974; x_wconf 78' lang='grc' dir='ltr'>καὶ</span> <span class='ocrx_word' id='word_1_515' title='bbox 1400 3921 1691 3991; x_wconf 71' lang='grc' dir='ltr'>ὀδύρονται</span> 
     </span>
    </p>
   </div>
   <div class='ocr_carea' id='block_1_72' title="bbox 48 4008 1692 4080">
    <p class='ocr_par' dir='ltr' id='par_1_72' title="bbox 48 4008 1692 4080">
     <span class='ocr_line' id='line_1_72' title="bbox 48 4008 1692 4080; baseline 0.002 -16"><span class='ocrx_word' id='word_1_516' title='bbox 48 4032 55 4038; x_wconf 55' lang='grc' dir='ltr'><em>ί</em></span> <span class='ocrx_word' id='word_1_517' title='bbox 95 4013 325 4073; x_wconf 77' lang='grc' dir='ltr'>πάντες</span> <span class='ocrx_word' id='word_1_518' title='bbox 359 4009 481 4061; x_wconf 74' lang='grc' dir='ltr'>καθ’</span> <span class='ocrx_word' id='word_1_519' title='bbox 510 4009 738 4071; x_wconf 79' lang='grc' dir='ltr'>ἑαυτούς</span> <span class='ocrx_word' id='word_1_520' title='bbox 764 4024 780 4040; x_wconf 76' lang='grc'><strong><em>⁸</em></strong></span> <span class='ocrx_word' id='word_1_521' title='bbox 826 4008 969 4060; x_wconf 76' lang='grc' dir='ltr'>οὕτω</span> <span class='ocrx_word' id='word_1_522' title='bbox 1016 4009 1073 4063; x_wconf 84' lang='grc' dir='ltr'>δὲ</span> <span class='ocrx_word' id='word_1_523' title='bbox 1116 4010 1216 4079; x_wconf 86' lang='grc' dir='ltr'>τὴν</span> <span class='ocrx_word' id='word_1_524' title='bbox 1262 4014 1555 4080; x_wconf 69' lang='grc' dir='ltr'>τυραννίδα</span> <span class='ocrx_word' id='word_1_525' title='bbox 1596 4015 1692 4068; x_wconf 70' lang='grc' dir='ltr'>καὶ</span> 
     </span>
    </p>
   </div>
   <div class='ocr_carea' id='block_1_73' title="bbox 90 4100 1691 4176">
    <p class='ocr_par' dir='ltr' id='par_1_73' title="bbox 90 4100 1691 4176">
     <span class='ocr_line' id='line_1_73' title="bbox 90 4100 1691 4176; baseline 0.001 -19"><span class='ocrx_word' id='word_1_526' title='bbox 90 4103 440 4157; x_wconf 84' lang='grc' dir='ltr'>δυναστείαν</span> <span class='ocrx_word' id='word_1_527' title='bbox 475 4100 639 4154; x_wconf 78' lang='grc' dir='ltr'>αὐτοῦ</span> <span class='ocrx_word' id='word_1_528' title='bbox 671 4102 1036 4170; x_wconf 78' lang='grc' dir='ltr'>πεφόϐηνται,</span> <span class='ocrx_word' id='word_1_529' title='bbox 1068 4101 1210 4155; x_wconf 85' lang='grc' dir='ltr'>ὥστε</span> <span class='ocrx_word' id='word_1_530' title='bbox 1246 4107 1577 4174; x_wconf 69' lang='grc' dir='ltr'>κατηγορεῖν</span> <span class='ocrx_word' id='word_1_531' title='bbox 1616 4107 1691 4176; x_wconf 83' lang='grc' dir='ltr'>μὴ</span> 
     </span>
    </p>
   </div>
   <div class='ocr_carea' id='block_1_74' title="bbox 88 4194 1692 4266">
    <p class='ocr_par' dir='ltr' id='par_1_74' title="bbox 88 4194 1692 4266">
     <span class='ocr_line' id='line_1_74' title="bbox 88 4194 1692 4266; baseline 0.002 -18"><span class='ocrx_word' id='word_1_532' title='bbox 88 4197 323 4266; x_wconf 81' lang='grc' dir='ltr'>τολμᾷν</span> <span class='ocrx_word' id='word_1_533' title='bbox 354 4211 366 4223; x_wconf 92' lang='grc'><strong>·</strong></span> <span class='ocrx_word' id='word_1_534' title='bbox 410 4194 544 4247; x_wconf 78' lang='grc' dir='ltr'>ἀλλὰ</span> <span class='ocrx_word' id='word_1_535' title='bbox 589 4195 761 4247; x_wconf 83' lang='grc' dir='ltr'>ταῦτα</span> <span class='ocrx_word' id='word_1_536' title='bbox 804 4194 923 4258; x_wconf 76' lang='grc' dir='ltr'>μὲν,</span> <span class='ocrx_word' id='word_1_537' title='bbox 979 4194 1053 4257; x_wconf 86' lang='grc' dir='ltr'>ὡς</span> <span class='ocrx_word' id='word_1_538' title='bbox 1095 4197 1424 4266; x_wconf 81' lang='grc' dir='ltr'>εἰρήκαμεν,</span> <span class='ocrx_word' id='word_1_539' title='bbox 1469 4196 1692 4251; x_wconf 72' lang='grc' dir='ltr'>εὖθυνεν</span> 
     </span>
    </p>
   </div>
   <div class='ocr_carea' id='block_1_75' title="bbox 92 4286 1692 4355">
    <p class='ocr_par' dir='ltr' id='par_1_75' title="bbox 92 4286 1692 4355">
     <span class='ocr_line' id='line_1_75' title="bbox 92 4286 1692 4355; baseline 0 -12"><span class='ocrx_word' id='word_1_540' title='bbox 92 4292 165 4344; x_wconf 80' lang='grc' dir='ltr'>ἄν</span> <span class='ocrx_word' id='word_1_541' title='bbox 219 4304 314 4349; x_wconf 86' lang='grc' dir='ltr'><strong>τις</strong></span> <span class='ocrx_word' id='word_1_542' title='bbox 380 4288 473 4339; x_wconf 84' lang='grc' dir='ltr'>τὸν</span> <span class='ocrx_word' id='word_1_543' title='bbox 521 4287 711 4355; x_wconf 84' lang='grc' dir='ltr'>ἄνδρα,</span> <span class='ocrx_word' id='word_1_544' title='bbox 773 4288 834 4338; x_wconf 74' lang='grc' dir='ltr'>τὸ</span> <span class='ocrx_word' id='word_1_545' title='bbox 891 4286 1022 4352; x_wconf 84' lang='grc' dir='ltr'>γοῦν</span> <span class='ocrx_word' id='word_1_546' title='bbox 1081 4290 1339 4355; x_wconf 78' lang='grc' dir='ltr'>φρόνημα</span> <span class='ocrx_word' id='word_1_547' title='bbox 1400 4289 1692 4343; x_wconf 71' lang='grc' dir='ltr'>καθολικδν</span> 
     </span>
    </p>
   </div>
   <div class='ocr_carea' id='block_1_76' title="bbox 90 4378 1695 4451">
    <p class='ocr_par' dir='ltr' id='par_1_76' title="bbox 90 4378 1695 4451">
     <span class='ocr_line' id='line_1_76' title="bbox 90 4378 1695 4451; baseline -0.004 -18"><span class='ocrx_word' id='word_1_548' title='bbox 90 4382 307 4449; x_wconf 70' lang='grc' dir='ltr'>ἔχοντα</span> <span class='ocrx_word' id='word_1_549' title='bbox 348 4380 439 4429; x_wconf 74' lang='grc' dir='ltr'>καὶ</span> <span class='ocrx_word' id='word_1_550' title='bbox 478 4378 1095 4446; x_wconf 72' lang='grc' dir='ltr'>συγκαταριθμούμενον</span> <span class='ocrx_word' id='word_1_551' title='bbox 1130 4379 1295 4448; x_wconf 82' lang='grc' dir='ltr'>ἡμῖν·</span> <span class='ocrx_word' id='word_1_552' title='bbox 1335 4379 1427 4433; x_wconf 84' lang='grc' dir='ltr'>τὸν</span> <span class='ocrx_word' id='word_1_553' title='bbox 1456 4381 1511 4433; x_wconf 79' lang='grc' dir='ltr'>δὲ</span> <span class='ocrx_word' id='word_1_554' title='bbox 1540 4381 1695 4451; x_wconf 79' lang='grc' dir='ltr'>ἐξορ-</span> 
     </span>
    </p>
   </div>
   <div class='ocr_carea' id='block_1_77' title="bbox 89 4468 1688 4543">
    <p class='ocr_par' dir='ltr' id='par_1_77' title="bbox 89 4468 1688 4543">
     <span class='ocr_line' id='line_1_77' title="bbox 89 4468 1688 4543; baseline 0.001 -20"><span class='ocrx_word' id='word_1_555' title='bbox 89 4470 431 4542; x_wconf 70' lang='grc' dir='ltr'>χησάμενον</span> <span class='ocrx_word' id='word_1_556' title='bbox 475 4468 537 4519; x_wconf 80' lang='grc' dir='ltr'>τὸ</span> <span class='ocrx_word' id='word_1_557' title='bbox 590 4469 894 4536; x_wconf 81' lang='grc' dir='ltr'>μυστήριον</span> <span class='ocrx_word' id='word_1_558' title='bbox 955 4468 1051 4521; x_wconf 55' lang='grc' dir='ltr'><strong>καλ</strong></span> <span class='ocrx_word' id='word_1_559' title='bbox 1098 4470 1574 4538; x_wconf 81' lang='grc' dir='ltr'>ὲμπομπεύσαντα</span> <span class='ocrx_word' id='word_1_560' title='bbox 1623 4475 1688 4543; x_wconf 79' lang='grc' dir='ltr'>τῇ</span> 
     </span>
    </p>
   </div>
   <div class='ocr_carea' id='block_1_78' title="bbox 93 4561 1691 4635">
    <p class='ocr_par' dir='ltr' id='par_1_78' title="bbox 93 4561 1691 4635">
     <span class='ocr_line' id='line_1_78' title="bbox 93 4561 1691 4635; baseline -0.002 -17"><span class='ocrx_word' id='word_1_561' title='bbox 93 4564 297 4635; x_wconf 76' lang='grc' dir='ltr'>μιαρᾷ</span> <span class='ocrx_word' id='word_1_562' title='bbox 348 4563 558 4629; x_wconf 77' lang='grc' dir='ltr'>αἱρέσει</span> <span class='ocrx_word' id='word_1_563' title='bbox 605 4561 701 4613; x_wconf 85' lang='grc' dir='ltr'>τοῦ</span> <span class='ocrx_word' id='word_1_564' title='bbox 744 4562 987 4629; x_wconf 83' lang='grc' dir='ltr'>Ἀρτεμᾶ</span> <span class='ocrx_word' id='word_1_565' title='bbox 1021 4562 1234 4631; x_wconf 74' lang='grc' dir='ltr'>(τίγὰρ</span> <span class='ocrx_word' id='word_1_566' title='bbox 1280 4562 1340 4615; x_wconf 85' lang='grc' dir='ltr'>οὐ</span> <span class='ocrx_word' id='word_1_567' title='bbox 1390 4563 1495 4632; x_wconf 83' lang='grc' dir='ltr'><strong>χρὴ</strong></span> <span class='ocrx_word' id='word_1_568' title='bbox 1537 4563 1691 4631; x_wconf 82' lang='grc' dir='ltr'>μόλις</span> 
     </span>
    </p>
   </div>
   <div class='ocr_carea' id='block_1_79' title="bbox 88 4655 1691 4726">
    <p class='ocr_par' dir='ltr' id='par_1_79' title="bbox 88 4655 1691 4726">
     <span class='ocr_line' id='line_1_79' title="bbox 88 4655 1691 4726; baseline -0.001 -13"><span class='ocrx_word' id='word_1_569' title='bbox 88 4662 198 4713; x_wconf 73' lang='grc' dir='ltr'>τὸν</span> <span class='ocrx_word' id='word_1_570' title='bbox 238 4659 460 4724; x_wconf 83' lang='grc' dir='ltr'>πατέρα</span> <span class='ocrx_word' id='word_1_571' title='bbox 506 4656 673 4709; x_wconf 77' lang='grc' dir='ltr'>αὑτοῦ</span> <span class='ocrx_word' id='word_1_572' title='bbox 716 4656 1017 4723; x_wconf 78' lang='grc' dir='ltr'>δηλῶσαις)</span> <span class='ocrx_word' id='word_1_573' title='bbox 1046 4655 1202 4707; x_wconf 79' lang='grc' dir='ltr'>οὐδὲν</span> <span class='ocrx_word' id='word_1_574' title='bbox 1246 4655 1357 4709; x_wconf 83' lang='grc' dir='ltr'>δεῖν</span> <span class='ocrx_word' id='word_1_575' title='bbox 1406 4657 1691 4726; x_wconf 76' lang='grc' dir='ltr'>ἡγούμεθα</span> 
     </span>
    </p>
   </div>
   <div class='ocr_carea' id='block_1_80' title="bbox 86 4744 1689 4817">
    <p class='ocr_par' dir='ltr' id='par_1_80' title="bbox 86 4744 1689 4817">
     <span class='ocr_line' id='line_1_80' title="bbox 86 4744 1689 4817; baseline -0.001 -15"><span class='ocrx_word' id='word_1_576' title='bbox 86 4751 327 4804; x_wconf 71' lang='grc' dir='ltr'>τούτων</span> <span class='ocrx_word' id='word_1_577' title='bbox 378 4748 503 4811; x_wconf 73' lang='grc' dir='ltr'>τοὺς</span> <span class='ocrx_word' id='word_1_578' title='bbox 561 4749 859 4817; x_wconf 75' lang='grc' dir='ltr'>λογισμοὺς</span> <span class='ocrx_word' id='word_1_579' title='bbox 900 4748 1180 4803; x_wconf 68' lang='grc' dir='ltr'>ἀπαιτεῖν.</span> <span class='ocrx_word' id='word_1_580' title='bbox 1222 4744 1357 4802; x_wconf 82' lang='grc' dir='ltr'>Εἶτα</span> <span class='ocrx_word' id='word_1_581' title='bbox 1406 4752 1496 4802; x_wconf 79' lang='grc' dir='ltr'><strong>ἐπὶ</strong></span> <span class='ocrx_word' id='word_1_582' title='bbox 1542 4752 1689 4802; x_wconf 81' lang='grc' dir='ltr'>τέλει</span> 
     </span>
    </p>
   </div>
   <div class='ocr_carea' id='block_1_81' title="bbox 86 4838 1693 4913">
    <p class='ocr_par' dir='ltr' id='par_1_81' title="bbox 86 4838 1693 4913">
     <span class='ocr_line' id='line_1_81' title="bbox 86 4838 1693 4913; baseline 0.001 -19"><span class='ocrx_word' id='word_1_583' title='bbox 86 4845 204 4913; x_wconf 78' lang='grc' dir='ltr'>τῆς</span> <span class='ocrx_word' id='word_1_584' title='bbox 253 4840 549 4908; x_wconf 79' lang='grc' dir='ltr'>ἐπιστολῆς</span> <span class='ocrx_word' id='word_1_585' title='bbox 581 4842 674 4890; x_wconf 78' lang='grc' dir='ltr'>καὶ</span> <span class='ocrx_word' id='word_1_586' title='bbox 719 4838 875 4892; x_wconf 81' lang='grc' dir='ltr'>ταῦτ’</span> <span class='ocrx_word' id='word_1_587' title='bbox 926 4839 1302 4907; x_wconf 74' lang='grc' dir='ltr'>ἐπιλέγουσιν·</span> <span class='ocrx_word' id='word_1_588' title='bbox 1336 4860 1354 4890; x_wconf 77' lang='grc' dir='ltr'><strong>ι</strong></span> <span class='ocrx_word' id='word_1_589' title='bbox 1418 4842 1693 4911; x_wconf 73' lang='grc' dir='ltr'>Ἦναγκά-</span> 
     </span>
    </p>
   </div>
   <div class='ocr_carea' id='block_1_82' title="bbox 92 4928 1689 5004">
    <p class='ocr_par' dir='ltr' id='par_1_82' title="bbox 92 4928 1689 5004">
     <span class='ocr_line' id='line_1_82' title="bbox 92 4928 1689 5004; baseline -0.002 -16"><span class='ocrx_word' id='word_1_590' title='bbox 92 4936 330 5004; x_wconf 78' lang='grc' dir='ltr'>σθημεν</span> <span class='ocrx_word' id='word_1_591' title='bbox 365 4928 460 4983; x_wconf 80' lang='grc' dir='ltr'>οὖν</span> <span class='ocrx_word' id='word_1_592' title='bbox 482 4931 967 4999; x_wconf 77' lang='grc' dir='ltr'>’ἀντιτασσόμενον</span> <span class='ocrx_word' id='word_1_593' title='bbox 1010 4930 1173 4982; x_wconf 80' lang='grc' dir='ltr'>αὑτὸν</span> <span class='ocrx_word' id='word_1_594' title='bbox 1203 4930 1279 4998; x_wconf 82' lang='grc' dir='ltr'>τῷ</span> <span class='ocrx_word' id='word_1_595' title='bbox 1310 4931 1452 5001; x_wconf 84' lang='grc' dir='ltr'>Θεῷ,</span> <span class='ocrx_word' id='word_1_596' title='bbox 1490 4932 1584 4985; x_wconf 78' lang='grc' dir='ltr'>καὶ</span> <span class='ocrx_word' id='word_1_597' title='bbox 1615 4934 1689 5002; x_wconf 82' lang='grc' dir='ltr'>μὴ</span> 
     </span>
    </p>
   </div>
   <div class='ocr_carea' id='block_1_83' title="bbox 169 5137 1689 5209">
    <p class='ocr_par' dir='ltr' id='par_1_83' title="bbox 169 5137 1689 5209">
     <span class='ocr_line' id='line_1_83' title="bbox 169 5137 1689 5209; baseline 0.001 -17"><span class='ocrx_word' id='word_1_598' title='bbox 169 5138 264 5209; x_wconf 80' lang='lat'><strong>(5)</strong></span> <span class='ocrx_word' id='word_1_599' title='bbox 298 5137 716 5197; x_wconf 76' lang='grc' dir='ltr'>Συγείσακτοι,</span> <span class='ocrx_word' id='word_1_600' title='bbox 749 5137 851 5209; x_wconf 78' lang='lat' dir='ltr'><strong>hoc</strong></span> <span class='ocrx_word' id='word_1_601' title='bbox 880 5145 981 5198; x_wconf 90' lang='lat' dir='ltr'><strong>est.</strong></span> <span class='ocrx_word' id='word_1_602' title='bbox 1018 5139 1485 5209; x_wconf 69' lang='lat' dir='ltr'><strong>subintroduetm.</strong></span> <span class='ocrx_word' id='word_1_603' title='bbox 1509 5154 1689 5207; x_wconf 86' lang='lat' dir='ltr'><strong>neque</strong></span> 
     </span>
    </p>
   </div>
   <div class='ocr_carea' id='block_1_84' title="bbox 88 5208 1687 5276">
    <p class='ocr_par' dir='ltr' id='par_1_84' title="bbox 88 5208 1687 5276">
     <span class='ocr_line' id='line_1_84' title="bbox 88 5208 1687 5276; baseline -0.003 -11"><span class='ocrx_word' id='word_1_604' title='bbox 88 5208 347 5270; x_wconf 71' lang='lat' dir='ltr'><strong>uxores,</strong></span> <span class='ocrx_word' id='word_1_605' title='bbox 403 5224 579 5276; x_wconf 84' lang='lat' dir='ltr'><strong>neque</strong></span> <span class='ocrx_word' id='word_1_606' title='bbox 636 5208 975 5268; x_wconf 67' lang='lat' dir='ltr'><strong>concubinae.</strong></span> <span class='ocrx_word' id='word_1_607' title='bbox 1038 5209 1131 5262; x_wconf 89' lang='lat' dir='ltr'><strong>sed</strong></span> <span class='ocrx_word' id='word_1_608' title='bbox 1186 5208 1339 5275; x_wconf 87' lang='lat' dir='ltr'><strong>tertii</strong></span> <span class='ocrx_word' id='word_1_609' title='bbox 1401 5208 1687 5276; x_wconf 78' lang='lat' dir='ltr'><strong>cujusdam</strong></span> 
     </span>
    </p>
   </div>
   <div class='ocr_carea' id='block_1_85' title="bbox 87 5276 1688 5356">
    <p class='ocr_par' dir='ltr' id='par_1_85' title="bbox 87 5276 1688 5356">
     <span class='ocr_line' id='line_1_85' title="bbox 87 5276 1688 5356; baseline 0.001 -23"><span class='ocrx_word' id='word_1_610' title='bbox 87 5279 338 5349; x_wconf 71' lang='lat' dir='ltr'><strong>generis</strong></span> <span class='ocrx_word' id='word_1_611' title='bbox 367 5278 629 5356; x_wconf 77' lang='lat' dir='ltr'><strong>mulieres</strong></span> <span class='ocrx_word' id='word_1_612' title='bbox 659 5286 808 5356; x_wconf 78' lang='lat' dir='ltr'><strong>sunt,</strong></span> <span class='ocrx_word' id='word_1_613' title='bbox 843 5292 980 5345; x_wconf 78' lang='lat' dir='ltr'><strong>quas</strong></span> <span class='ocrx_word' id='word_1_614' title='bbox 1010 5276 1556 5356; x_wconf 35' lang='lat' dir='ltr'><strong>secum-presbyteri.</strong></span> <span class='ocrx_word' id='word_1_615' title='bbox 1578 5290 1688 5356; x_wconf 80' lang='lat' dir='ltr'><strong>etc.</strong></span> 
     </span>
    </p>
   </div>
   <div class='ocr_carea' id='block_1_86' title="bbox 85 5346 1687 5415">
    <p class='ocr_par' dir='ltr' id='par_1_86' title="bbox 85 5346 1687 5415">
     <span class='ocr_line' id='line_1_86' title="bbox 85 5346 1687 5415; baseline -0.004 -11"><span class='ocrx_word' id='word_1_616' title='bbox 85 5346 219 5404; x_wconf 75' lang='grc' dir='ltr'>ῐιοη</span> <span class='ocrx_word' id='word_1_617' title='bbox 283 5348 537 5401; x_wconf 71' lang='lat' dir='ltr'><strong>creandae</strong></span> <span class='ocrx_word' id='word_1_618' title='bbox 610 5347 849 5407; x_wconf 83' lang='lat' dir='ltr'><strong>sobolis,</strong></span> <span class='ocrx_word' id='word_1_619' title='bbox 922 5362 1100 5414; x_wconf 87' lang='lat' dir='ltr'><strong>neque</strong></span> <span class='ocrx_word' id='word_1_620' title='bbox 1168 5346 1411 5401; x_wconf 86' lang='lat' dir='ltr'><strong>libidinis</strong></span> <span class='ocrx_word' id='word_1_621' title='bbox 1480 5347 1687 5415; x_wconf 82' lang='lat' dir='ltr'><strong>gratia,</strong></span> 
     </span>
    </p>
   </div>
   <div class='ocr_carea' id='block_1_87' title="bbox 87 5417 1685 5486">
    <p class='ocr_par' dir='ltr' id='par_1_87' title="bbox 87 5417 1685 5486">
     <span class='ocr_line' id='line_1_87' title="bbox 87 5417 1685 5486; baseline -0.003 -13"><span class='ocrx_word' id='word_1_622' title='bbox 87 5420 205 5473; x_wconf 84' lang='lat' dir='ltr'><strong>sed</strong></span> <span class='ocrx_word' id='word_1_623' title='bbox 268 5418 491 5486; x_wconf 88' lang='lat' dir='ltr'><strong>pietatis</strong></span> <span class='ocrx_word' id='word_1_624' title='bbox 538 5417 745 5481; x_wconf 89' lang='lat' dir='ltr'><strong>studio,</strong></span> <span class='ocrx_word' id='word_1_625' title='bbox 795 5426 889 5469; x_wconf 88' lang='lat' dir='ltr'><strong>aut</strong></span> <span class='ocrx_word' id='word_1_626' title='bbox 946 5427 1095 5471; x_wconf 79' lang='lat' dir='ltr'><strong>certe</strong></span> <span class='ocrx_word' id='word_1_627' title='bbox 1148 5418 1367 5486; x_wconf 85' lang='lat' dir='ltr'><strong>pietatis</strong></span> <span class='ocrx_word' id='word_1_628' title='bbox 1424 5427 1685 5483; x_wconf 62' lang='lat' dir='ltr'><strong>prsetextu</strong></span> 
     </span>
    </p>
   </div>
   <div class='ocr_carea' id='block_1_88' title="bbox 82 5486 1685 5566">
    <p class='ocr_par' dir='ltr' id='par_1_88' title="bbox 82 5486 1685 5566">
     <span class='ocr_line' id='line_1_88' title="bbox 82 5486 1685 5566; baseline -0.002 -23"><span class='ocrx_word' id='word_1_629' title='bbox 82 5486 520 5566; x_wconf 43' lang='lat' dir='ltr'><strong>fovebant._De‘</strong></span> <span class='ocrx_word' id='word_1_630' title='bbox 557 5487 755 5566; x_wconf 75' lang='lat' dir='ltr'><strong>quibus</strong></span> <span class='ocrx_word' id='word_1_631' title='bbox 798 5488 1055 5566; x_wconf 63' lang='lat' dir='ltr'><strong>prieclara</strong></span> <span class='ocrx_word' id='word_1_632' title='bbox 1089 5497 1263 5566; x_wconf 77' lang='lat' dir='ltr'><strong>ex_s_tat</strong></span> <span class='ocrx_word' id='word_1_633' title='bbox 1314 5487 1685 5566; x_wconf 71' lang='lat' dir='ltr'><strong>(lhrysostomt</strong></span> 
     </span>
    </p>
   </div>
   <div class='ocr_carea' id='block_1_89' title="bbox 82 5555 1683 5624">
    <p class='ocr_par' dir='ltr' id='par_1_89' title="bbox 82 5555 1683 5624">
     <span class='ocr_line' id='line_1_89' title="bbox 82 5555 1683 5624; baseline -0.002 -11"><span class='ocrx_word' id='word_1_634' title='bbox 82 5559 372 5614; x_wconf 80' lang='lat' dir='ltr'><strong>humilia.</strong></span> <span class='ocrx_word' id='word_1_635' title='bbox 404 5555 633 5610; x_wconf 72' lang='lat' dir='ltr'><strong>Rufinus</strong></span> <span class='ocrx_word' id='word_1_636' title='bbox 685 5558 737 5609; x_wconf 90' lang='lat' dir='ltr'><strong>in</strong></span> <span class='ocrx_word' id='word_1_637' title='bbox 786 5558 1091 5610; x_wconf 84' lang='lat' dir='ltr'><strong>canonilms</strong></span> <span class='ocrx_word' id='word_1_638' title='bbox 1138 5559 1364 5611; x_wconf 71' lang='lat' dir='ltr'><strong>Neu-na:</strong></span> <span class='ocrx_word' id='word_1_639' title='bbox 1408 5556 1599 5624; x_wconf 75' lang='lat' dir='ltr'><strong>synodi</strong></span> <span class='ocrx_word' id='word_1_640' title='bbox 1633 5558 1683 5609; x_wconf 90' lang='lat' dir='ltr'><strong>in</strong></span> 
     </span>
    </p>
   </div>
   <div class='ocr_carea' id='block_1_90' title="bbox 81 5625 1685 5695">
    <p class='ocr_par' dir='ltr' id='par_1_90' title="bbox 81 5625 1685 5695">
     <span class='ocr_line' id='line_1_90' title="bbox 81 5625 1685 5695; baseline -0.004 -12"><span class='ocrx_word' id='word_1_641' title='bbox 81 5629 317 5683; x_wconf 70' lang='lat' dir='ltr'><strong>Eccles.</strong></span> <span class='ocrx_word' id='word_1_642' title='bbox 382 5627 503 5679; x_wconf 77' lang='lat' dir='ltr'><strong>hist.</strong></span> <span class='ocrx_word' id='word_1_643' title='bbox 561 5627 657 5680; x_wconf 90' lang='lat' dir='ltr'><strong>lib.</strong></span> <span class='ocrx_word' id='word_1_644' title='bbox 711 5644 766 5690; x_wconf 71' lang='grc' dir='ltr'>ι,</span> <span class='ocrx_word' id='word_1_645' title='bbox 832 5643 951 5695; x_wconf 88' lang='lat' dir='ltr'><strong>cap.</strong></span> <span class='ocrx_word' id='word_1_646' title='bbox 1007 5627 1059 5688; x_wconf 85' lang='lat'><strong>6,</strong></span> <span class='ocrx_word' id='word_1_647' title='bbox 1102 5642 1382 5680; x_wconf 54' lang='lat' dir='ltr'><strong>extraneas</strong></span> <span class='ocrx_word' id='word_1_648' title='bbox 1442 5625 1685 5677; x_wconf 70' lang='lat' dir='ltr'><strong>mulieres</strong></span> 
     </span>
    </p>
   </div>
   <div class='ocr_carea' id='block_1_91' title="bbox 82 5694 1683 5753">
    <p class='ocr_par' dir='ltr' id='par_1_91' title="bbox 82 5694 1683 5753">
     <span class='ocr_line' id='line_1_91' title="bbox 82 5694 1683 5753; baseline -0.002 -3"><span class='ocrx_word' id='word_1_649' title='bbox 82 5701 303 5753; x_wconf 78' lang='lat' dir='ltr'><strong>vertit.</strong></span> <span class='ocrx_word' id='word_1_650' title='bbox 336 5696 511 5751; x_wconf 87' lang='lat' dir='ltr'><strong>Sicuti</strong></span> <span class='ocrx_word' id='word_1_651' title='bbox 542 5697 707 5750; x_wconf 90' lang='lat' dir='ltr'><strong>etiam</strong></span> <span class='ocrx_word' id='word_1_652' title='bbox 739 5694 1004 5750; x_wconf 71' lang='lat' dir='ltr'><strong>extraneae</strong></span> <span class='ocrx_word' id='word_1_653' title='bbox 1054 5697 1313 5751; x_wconf 91' lang='lat' dir='ltr'><strong>dicuntur</strong></span> <span class='ocrx_word' id='word_1_654' title='bbox 1341 5699 1393 5750; x_wconf 90' lang='lat' dir='ltr'><strong>in</strong></span> <span class='ocrx_word' id='word_1_655' title='bbox 1433 5694 1495 5747; x_wconf 89' lang='lat' dir='ltr'><strong>L.</strong></span> <span class='ocrx_word' id='word_1_656' title='bbox 1546 5697 1683 5748; x_wconf 71' lang='lat' dir='ltr'><strong>Eum</strong></span> 
     </span>
    </p>
   </div>
   <div class='ocr_carea' id='block_1_92' title="bbox 79 5766 1686 5840">
    <p class='ocr_par' dir='ltr' id='par_1_92' title="bbox 79 5766 1686 5840">
     <span class='ocr_line' id='line_1_92' title="bbox 79 5766 1686 5840; baseline -0.001 -18"><span class='ocrx_word' id='word_1_657' title='bbox 79 5774 217 5840; x_wconf 81' lang='lat' dir='ltr'><strong>qui,</strong></span> <span class='ocrx_word' id='word_1_658' title='bbox 250 5767 316 5822; x_wconf 86' lang='lat' dir='ltr'><strong>C.</strong></span> <span class='ocrx_word' id='word_1_659' title='bbox 346 5768 426 5840; x_wconf 70' lang='lat' dir='ltr'><strong>de</strong></span> <span class='ocrx_word' id='word_1_660' title='bbox 459 5768 629 5835; x_wconf 86' lang='lat' dir='ltr'><strong>episc.</strong></span> <span class='ocrx_word' id='word_1_661' title='bbox 662 5775 718 5840; x_wconf 82' lang='lat' dir='ltr'><strong>et</strong></span> <span class='ocrx_word' id='word_1_662' title='bbox 744 5772 873 5821; x_wconf 78' lang='lat' dir='ltr'><strong>t-ler.</strong></span> <span class='ocrx_word' id='word_1_663' title='bbox 905 5768 1017 5821; x_wconf 67' lang='lat' dir='ltr'><strong>Viti.</strong></span> <span class='ocrx_word' id='word_1_664' title='bbox 1042 5766 1339 5840; x_wconf 68' lang='lat' dir='ltr'><strong>Gregorius</strong></span> <span class='ocrx_word' id='word_1_665' title='bbox 1371 5766 1686 5840; x_wconf 20' lang='lat' dir='ltr'><strong>T‘lteologus</strong></span> 
     </span>
    </p>
   </div>
   <div class='ocr_carea' id='block_1_93' title="bbox 80 5836 1587 5906">
    <p class='ocr_par' dir='ltr' id='par_1_93' title="bbox 80 5836 1587 5906">
     <span class='ocr_line' id='line_1_93' title="bbox 80 5836 1587 5906; baseline -0.003 -13"><span class='ocrx_word' id='word_1_666' title='bbox 80 5836 163 5893; x_wconf 67' lang='lat' dir='ltr'><strong>aa</strong></span> <span class='ocrx_word' id='word_1_667' title='bbox 208 5837 467 5906; x_wconf 77' lang='lat' dir='ltr'><strong>virgines</strong></span> <span class='ocrx_word' id='word_1_668' title='bbox 511 5840 620 5891; x_wconf 83' lang='lat' dir='ltr'><strong>Deo</strong></span> <span class='ocrx_word' id='word_1_669' title='bbox 654 5839 882 5903; x_wconf 82' lang='lat' dir='ltr'><strong>dicatas,</strong></span> <span class='ocrx_word' id='word_1_670' title='bbox 911 5848 1103 5891; x_wconf 84' lang='lat' dir='ltr'><strong>contra</strong></span> <span class='ocrx_word' id='word_1_671' title='bbox 1136 5836 1587 5892; x_wconf 86' lang='lat' dir='ltr'><strong>subiutroductas</strong></span> 
     </span>
    </p>
   </div>
   <div class='ocr_carea' id='block_1_94' title="bbox 1795 3258 3372 3336">
    <p class='ocr_par' dir='ltr' id='par_1_94' title="bbox 1795 3258 3372 3336">
     <span class='ocr_line' id='line_1_94' title="bbox 1795 3258 3372 3336; baseline 0.009 -25"><span class='ocrx_word' id='word_1_672' title='bbox 1795 3258 1959 3311; x_wconf 91' lang='lat' dir='ltr'><strong>simul</strong></span> <span class='ocrx_word' id='word_1_673' title='bbox 2007 3268 2062 3311; x_wconf 90' lang='lat' dir='ltr'><strong>et</strong></span> <span class='ocrx_word' id='word_1_674' title='bbox 2112 3260 2274 3316; x_wconf 82' lang='lat' dir='ltr'><strong>factis</strong></span> <span class='ocrx_word' id='word_1_675' title='bbox 2322 3264 2405 3315; x_wconf 90' lang='lat' dir='ltr'><strong>eis</strong></span> <span class='ocrx_word' id='word_1_676' title='bbox 2450 3272 2531 3317; x_wconf 90' lang='lat' dir='ltr'><strong>est</strong></span> <span class='ocrx_word' id='word_1_677' title='bbox 2582 3264 2846 3334; x_wconf 86' lang='lat' dir='ltr'><strong>injurius,</strong></span> <span class='ocrx_word' id='word_1_678' title='bbox 2904 3268 3051 3336; x_wconf 92' lang='lat' dir='ltr'><strong>quod</strong></span> <span class='ocrx_word' id='word_1_679' title='bbox 3109 3285 3372 3325; x_wconf 85' lang='lat' dir='ltr'><strong>accusare</strong></span> 
     </span>
    </p>
   </div>
   <div class='ocr_carea' id='block_1_95' title="bbox 1792 3343 3373 3421">
    <p class='ocr_par' dir='ltr' id='par_1_95' title="bbox 1792 3343 3373 3421">
     <span class='ocr_line' id='line_1_95' title="bbox 1792 3343 3373 3421; baseline 0.01 -20"><span class='ocrx_word' id='word_1_680' title='bbox 1792 3364 1952 3412; x_wconf 91' lang='lat' dir='ltr'><strong>eum,</strong></span> <span class='ocrx_word' id='word_1_681' title='bbox 1999 3351 2103 3404; x_wconf 89' lang='lat' dir='ltr'><strong>sibi</strong></span> <span class='ocrx_word' id='word_1_682' title='bbox 2136 3352 2273 3420; x_wconf 89' lang='lat' dir='ltr'><strong>ipsis</strong></span> <span class='ocrx_word' id='word_1_683' title='bbox 2320 3353 2613 3421; x_wconf 85' lang='lat' dir='ltr'><strong>timentes,</strong></span> <span class='ocrx_word' id='word_1_684' title='bbox 2662 3374 2773 3411; x_wconf 89' lang='lat' dir='ltr'><strong>non</strong></span> <span class='ocrx_word' id='word_1_685' title='bbox 2816 3343 3076 3415; x_wconf 83' lang='lat' dir='ltr'><strong>audeant.</strong></span> <span class='ocrx_word' id='word_1_686' title='bbox 3124 3361 3229 3416; x_wconf 86' lang='lat' dir='ltr'><strong>Sed</strong></span> <span class='ocrx_word' id='word_1_687' title='bbox 3275 3379 3373 3417; x_wconf 83' lang='lat' dir='ltr'><strong>eos</strong></span> 
     </span>
    </p>
   </div>
   <div class='ocr_carea' id='block_1_96' title="bbox 1796 3430 3368 3526">
    <p class='ocr_par' dir='ltr' id='par_1_96' title="bbox 1796 3430 3368 3526">
     <span class='ocr_line' id='line_1_96' title="bbox 1796 3430 3368 3526; baseline 0.01 -32"><span class='ocrx_word' id='word_1_688' title='bbox 1796 3442 1889 3495; x_wconf 92' lang='lat' dir='ltr'><strong>ille</strong></span> <span class='ocrx_word' id='word_1_689' title='bbox 1916 3458 2141 3526; x_wconf 86' lang='lat' dir='ltr'><strong>quoque</strong></span> <span class='ocrx_word' id='word_1_690' title='bbox 2173 3445 2640 3515; x_wconf 84' lang='lat' dir='ltr'><strong>collocupletavit.</strong></span> <span class='ocrx_word' id='word_1_691' title='bbox 2684 3430 3032 3519; x_wconf 82' lang='lat' dir='ltr'><strong>QuaprOpter</strong></span> <span class='ocrx_word' id='word_1_692' title='bbox 3064 3455 3133 3506; x_wconf 88' lang='lat' dir='ltr'><strong>ab</strong></span> <span class='ocrx_word' id='word_1_693' title='bbox 3164 3460 3246 3509; x_wconf 90' lang='lat' dir='ltr'><strong>eis</strong></span> <span class='ocrx_word' id='word_1_694' title='bbox 3276 3458 3368 3526; x_wconf 92' lang='lat' dir='ltr'><strong>qui</strong></span> 
     </span>
    </p>
   </div>
   <div class='ocr_carea' id='block_1_97' title="bbox 1796 3524 3374 3620">
    <p class='ocr_par' dir='ltr' id='par_1_97' title="bbox 1796 3524 3374 3620">
     <span class='ocr_line' id='line_1_97' title="bbox 1796 3524 3374 3620; baseline 0.011 -35"><span class='ocrx_word' id='word_1_695' title='bbox 1796 3534 1925 3587; x_wconf 86' lang='lat' dir='ltr'><strong>talia</strong></span> <span class='ocrx_word' id='word_1_696' title='bbox 1950 3524 2368 3601; x_wconf 67' lang='lat' dir='ltr'><strong>conSectantur,</strong></span> <span class='ocrx_word' id='word_1_697' title='bbox 2390 3551 2695 3606; x_wconf 88' lang='lat' dir='ltr'><strong>amatur,ct</strong></span> <span class='ocrx_word' id='word_1_698' title='bbox 2723 3544 2777 3596; x_wconf 94' lang='lat' dir='ltr'><strong>in</strong></span> <span class='ocrx_word' id='word_1_699' title='bbox 2811 3544 3177 3602; x_wconf 87' lang='lat' dir='ltr'><strong>admiratione</strong></span> <span class='ocrx_word' id='word_1_700' title='bbox 3206 3551 3374 3620; x_wconf 75' lang='lat' dir='ltr'><strong>habe-</strong></span> 
     </span>
    </p>
   </div>
   <div class='ocr_carea' id='block_1_98' title="bbox 1798 3627 3371 3701">
    <p class='ocr_par' dir='ltr' id='par_1_98' title="bbox 1798 3627 3371 3701">
     <span class='ocr_line' id='line_1_98' title="bbox 1798 3627 3371 3701; baseline 0.01 -23"><span class='ocrx_word' id='word_1_701' title='bbox 1798 3635 1906 3679; x_wconf 86' lang='lat' dir='ltr'><strong>tur.</strong></span> <span class='ocrx_word' id='word_1_702' title='bbox 1933 3627 2071 3691; x_wconf 90' lang='lat' dir='ltr'><strong>Quid</strong></span> <span class='ocrx_word' id='word_1_703' title='bbox 2099 3627 2236 3691; x_wconf 70' lang='lat' dir='ltr'><strong>haec,</strong></span> <span class='ocrx_word' id='word_1_704' title='bbox 2267 3630 2514 3700; x_wconf 78' lang='lat' dir='ltr'><strong>inquam.</strong></span> <span class='ocrx_word' id='word_1_705' title='bbox 2551 3634 2901 3689; x_wconf 83' lang='lat' dir='ltr'><strong>scribamus?</strong></span> <span class='ocrx_word' id='word_1_706' title='bbox 2926 3638 3143 3690; x_wconf 79' lang='lat' dir='ltr'><strong>Scimus</strong></span> <span class='ocrx_word' id='word_1_707' title='bbox 3162 3652 3371 3701; x_wconf 85' lang='lat' dir='ltr'><strong>autem.</strong></span> 
     </span>
    </p>
   </div>
   <div class='ocr_carea' id='block_1_99' title="bbox 1796 3716 3373 3790">
    <p class='ocr_par' dir='ltr' id='par_1_99' title="bbox 1796 3716 3373 3790">
     <span class='ocr_line' id='line_1_99' title="bbox 1796 3716 3373 3790; baseline 0.01 -21"><span class='ocrx_word' id='word_1_708' title='bbox 1796 3716 2016 3780; x_wconf 85' lang='lat' dir='ltr'><strong>dilecti,</strong></span> <span class='ocrx_word' id='word_1_709' title='bbox 2052 3720 2371 3790; x_wconf 88' lang='lat' dir='ltr'><strong>episcopum</strong></span> <span class='ocrx_word' id='word_1_710' title='bbox 2419 3731 2475 3777; x_wconf 86' lang='lat' dir='ltr'><strong>et</strong></span> <span class='ocrx_word' id='word_1_711' title='bbox 2515 3726 2910 3780; x_wconf 85' lang='lat' dir='ltr'><strong>sacerd0talein</strong></span> <span class='ocrx_word' id='word_1_712' title='bbox 2956 3730 3207 3783; x_wconf 81' lang='lat' dir='ltr'><strong>ordinem</strong></span> <span class='ocrx_word' id='word_1_713' title='bbox 3251 3750 3373 3785; x_wconf 80' lang='lat' dir='ltr'><strong>ont-</strong></span> 
     </span>
    </p>
   </div>
   <div class='ocr_carea' id='block_1_100' title="bbox 1796 3813 3368 3885">
    <p class='ocr_par' dir='ltr' id='par_1_100' title="bbox 1796 3813 3368 3885">
     <span class='ocr_line' id='line_1_100' title="bbox 1796 3813 3368 3885; baseline 0.011 -24"><span class='ocrx_word' id='word_1_714' title='bbox 1796 3824 1921 3863; x_wconf 91' lang='lat' dir='ltr'><strong>nem</strong></span> <span class='ocrx_word' id='word_1_715' title='bbox 1991 3813 2327 3868; x_wconf 88' lang='lat' dir='ltr'><strong>tnultitudiui</strong></span> <span class='ocrx_word' id='word_1_716' title='bbox 2370 3818 2621 3885; x_wconf 83' lang='lat' dir='ltr'><strong>exemplo</strong></span> <span class='ocrx_word' id='word_1_717' title='bbox 2668 3834 2791 3872; x_wconf 88' lang='lat' dir='ltr'><strong>esse</strong></span> <span class='ocrx_word' id='word_1_718' title='bbox 2848 3820 3052 3875; x_wconf 90' lang='lat' dir='ltr'><strong>debere</strong></span> <span class='ocrx_word' id='word_1_719' title='bbox 3098 3824 3368 3879; x_wconf 85' lang='lat' dir='ltr'><strong>bonorum</strong></span> 
     </span>
    </p>
   </div>
   <div class='ocr_carea' id='block_1_101' title="bbox 1795 3906 3369 3986">
    <p class='ocr_par' dir='ltr' id='par_1_101' title="bbox 1795 3906 3369 3986">
     <span class='ocr_line' id='line_1_101' title="bbox 1795 3906 3369 3986; baseline 0.011 -31"><span class='ocrx_word' id='word_1_720' title='bbox 1795 3918 2029 3971; x_wconf 75' lang='lat' dir='ltr'><strong>Operum</strong></span> <span class='ocrx_word' id='word_1_721' title='bbox 2081 3906 2353 3962; x_wconf 88' lang='lat' dir='ltr'><strong>omnium.</strong></span> <span class='ocrx_word' id='word_1_722' title='bbox 2412 3910 2491 3963; x_wconf 72' lang='lat' dir='ltr'><strong>Ne</strong></span> <span class='ocrx_word' id='word_1_723' title='bbox 2549 3910 2684 3963; x_wconf 70' lang='lat' dir='ltr'><strong>illud</strong></span> <span class='ocrx_word' id='word_1_724' title='bbox 2750 3914 2973 3982; x_wconf 84' lang='lat' dir='ltr'><strong>quidem</strong></span> <span class='ocrx_word' id='word_1_725' title='bbox 3032 3917 3369 3986; x_wconf 63' lang='lat' dir='ltr'><strong>ignoramus,</strong></span> 
     </span>
    </p>
   </div>
   <div class='ocr_carea' id='block_1_102' title="bbox 1796 4000 3374 4071">
    <p class='ocr_par' dir='ltr' id='par_1_102' title="bbox 1796 4000 3374 4071">
     <span class='ocr_line' id='line_1_102' title="bbox 1796 4000 3374 4071; baseline 0.01 -20"><span class='ocrx_word' id='word_1_726' title='bbox 1796 4012 2062 4067; x_wconf 81' lang='lat' dir='ltr'><strong>perquam</strong></span> <span class='ocrx_word' id='word_1_727' title='bbox 2094 4000 2320 4064; x_wconf 89' lang='lat' dir='ltr'><strong>multos,</strong></span> <span class='ocrx_word' id='word_1_728' title='bbox 2354 4003 2445 4071; x_wconf 90' lang='lat' dir='ltr'><strong>qui</strong></span> <span class='ocrx_word' id='word_1_729' title='bbox 2479 4004 2581 4057; x_wconf 90' lang='lat' dir='ltr'><strong>sibi</strong></span> <span class='ocrx_word' id='word_1_730' title='bbox 2610 4006 2871 4062; x_wconf 89' lang='lat' dir='ltr'><strong>mulieres</strong></span> <span class='ocrx_word' id='word_1_731' title='bbox 2928 4008 3374 4067; x_wconf 83' lang='lat' dir='ltr'><strong>submtroduxis-</strong></span> 
     </span>
    </p>
   </div>
   <div class='ocr_carea' id='block_1_103' title="bbox 1796 4093 3373 4173">
    <p class='ocr_par' dir='ltr' id='par_1_103' title="bbox 1796 4093 3373 4173">
     <span class='ocr_line' id='line_1_103' title="bbox 1796 4093 3373 4173; baseline 0.011 -31"><span class='ocrx_word' id='word_1_732' title='bbox 1796 4098 1938 4152; x_wconf 88' lang='lat' dir='ltr'><strong>sent,</strong></span> <span class='ocrx_word' id='word_1_733' title='bbox 1964 4093 2206 4158; x_wconf 79' lang='lat' dir='ltr'><strong>graviter</strong></span> <span class='ocrx_word' id='word_1_734' title='bbox 2236 4094 2421 4163; x_wconf 84' lang='lat' dir='ltr'><strong>lapsos</strong></span> <span class='ocrx_word' id='word_1_735' title='bbox 2447 4110 2569 4149; x_wconf 90' lang='lat' dir='ltr'><strong>esse</strong></span> <span class='ocrx_word' id='word_1_736' title='bbox 2598 4113 2611 4149; x_wconf 87' lang='lat'>:</span> <span class='ocrx_word' id='word_1_737' title='bbox 2649 4098 2850 4153; x_wconf 81' lang='lat' dir='ltr'><strong>multos</strong></span> <span class='ocrx_word' id='word_1_738' title='bbox 2878 4099 2933 4154; x_wconf 92' lang='lat' dir='ltr'><strong>in</strong></span> <span class='ocrx_word' id='word_1_739' title='bbox 2959 4100 3159 4155; x_wconf 55' lang='lat' dir='ltr'><strong>laedam</strong></span> <span class='ocrx_word' id='word_1_740' title='bbox 3192 4106 3373 4173; x_wconf 86' lang='lat' dir='ltr'><strong>suspi-</strong></span> 
     </span>
    </p>
   </div>
   <div class='ocr_carea' id='block_1_104' title="bbox 1795 4181 3368 4259">
    <p class='ocr_par' dir='ltr' id='par_1_104' title="bbox 1795 4181 3368 4259">
     <span class='ocr_line' id='line_1_104' title="bbox 1795 4181 3368 4259; baseline 0.012 -25"><span class='ocrx_word' id='word_1_741' title='bbox 1795 4181 2011 4235; x_wconf 87' lang='lat' dir='ltr'><strong>cionem</strong></span> <span class='ocrx_word' id='word_1_742' title='bbox 2056 4187 2398 4253; x_wconf 90' lang='lat' dir='ltr'><strong>pervenisse.</strong></span> <span class='ocrx_word' id='word_1_743' title='bbox 2446 4190 2624 4259; x_wconf 77' lang='lat' dir='ltr'><strong>Atque</strong></span> <span class='ocrx_word' id='word_1_744' title='bbox 2671 4199 2731 4249; x_wconf 87' lang='lat' dir='ltr'><strong>ut</strong></span> <span class='ocrx_word' id='word_1_745' title='bbox 2758 4194 3160 4259; x_wconf 89' lang='lat' dir='ltr'><strong>concedamus,</strong></span> <span class='ocrx_word' id='word_1_746' title='bbox 3198 4214 3368 4253; x_wconf 89' lang='lat' dir='ltr'><strong>unum</strong></span> 
     </span>
    </p>
   </div>
   <div class='ocr_carea' id='block_1_105' title="bbox 1794 4273 3367 4360">
    <p class='ocr_par' dir='ltr' id='par_1_105' title="bbox 1794 4273 3367 4360">
     <span class='ocr_line' id='line_1_105' title="bbox 1794 4273 3367 4360; baseline 0.013 -35"><span class='ocrx_word' id='word_1_747' title='bbox 1794 4273 2033 4341; x_wconf 87' lang='lat' dir='ltr'><strong>aliquem</strong></span> <span class='ocrx_word' id='word_1_748' title='bbox 2085 4278 2141 4330; x_wconf 92' lang='lat' dir='ltr'><strong>in</strong></span> <span class='ocrx_word' id='word_1_749' title='bbox 2192 4279 2283 4333; x_wconf 88' lang='lat' dir='ltr'><strong>tali</strong></span> <span class='ocrx_word' id='word_1_750' title='bbox 2333 4295 2389 4335; x_wconf 90' lang='lat' dir='ltr'><strong>re</strong></span> <span class='ocrx_word' id='word_1_751' title='bbox 2431 4283 2569 4336; x_wconf 90' lang='lat' dir='ltr'><strong>nihil</strong></span> <span class='ocrx_word' id='word_1_752' title='bbox 2617 4293 2777 4353; x_wconf 69' lang='lat' dir='ltr'><strong>turpe</strong></span> <span class='ocrx_word' id='word_1_753' title='bbox 2818 4297 2985 4355; x_wconf 86' lang='lat' dir='ltr'><strong>atque</strong></span> <span class='ocrx_word' id='word_1_754' title='bbox 3032 4288 3367 4360; x_wconf 88' lang='lat' dir='ltr'><strong>impudicum</strong></span> 
     </span>
    </p>
   </div>
   <div class='ocr_carea' id='block_1_106' title="bbox 1795 4371 3369 4451">
    <p class='ocr_par' dir='ltr' id='par_1_106' title="bbox 1795 4371 3369 4451">
     <span class='ocr_line' id='line_1_106' title="bbox 1795 4371 3369 4451; baseline 0.011 -30"><span class='ocrx_word' id='word_1_755' title='bbox 1795 4371 2141 4425; x_wconf 84' lang='lat' dir='ltr'><strong>committere</strong></span> <span class='ocrx_word' id='word_1_756' title='bbox 2168 4388 2180 4424; x_wconf 92' lang='lat'>:</span> <span class='ocrx_word' id='word_1_757' title='bbox 2216 4375 2586 4443; x_wconf 84' lang='lat' dir='ltr'><strong>suspicionem</strong></span> <span class='ocrx_word' id='word_1_758' title='bbox 2617 4386 2822 4444; x_wconf 82' lang='lat' dir='ltr'><strong>tamen,</strong></span> <span class='ocrx_word' id='word_1_759' title='bbox 2851 4395 2970 4448; x_wconf 72' lang='lat' dir='ltr'><strong>quze</strong></span> <span class='ocrx_word' id='word_1_760' title='bbox 2997 4395 3064 4433; x_wconf 76' lang='lat' dir='ltr'><strong>ex</strong></span> <span class='ocrx_word' id='word_1_761' title='bbox 3095 4383 3369 4451; x_wconf 83' lang='lat' dir='ltr'><strong>ejusmodi</strong></span> 
     </span>
    </p>
   </div>
   <div class='ocr_carea' id='block_1_107' title="bbox 1796 4463 3369 4545">
    <p class='ocr_par' dir='ltr' id='par_1_107' title="bbox 1796 4463 3369 4545">
     <span class='ocr_line' id='line_1_107' title="bbox 1796 4463 3369 4545; baseline 0.009 -28"><span class='ocrx_word' id='word_1_762' title='bbox 1796 4463 2053 4517; x_wconf 88' lang='lat' dir='ltr'><strong>convictu</strong></span> <span class='ocrx_word' id='word_1_763' title='bbox 2105 4466 2387 4529; x_wconf 91' lang='lat' dir='ltr'><strong>nascitur,</strong></span> <span class='ocrx_word' id='word_1_764' title='bbox 2431 4469 2603 4522; x_wconf 89' lang='lat' dir='ltr'><strong>vitare</strong></span> <span class='ocrx_word' id='word_1_765' title='bbox 2646 4481 2865 4540; x_wconf 90' lang='lat' dir='ltr'><strong>oportet</strong></span> <span class='ocrx_word' id='word_1_766' title='bbox 2917 4472 3025 4541; x_wconf 71' lang='grc'>(4),</span> <span class='ocrx_word' id='word_1_767' title='bbox 3085 4491 3151 4527; x_wconf 93' lang='lat' dir='ltr'><strong>ne</strong></span> <span class='ocrx_word' id='word_1_768' title='bbox 3203 4493 3369 4545; x_wconf 88' lang='lat' dir='ltr'><strong>quem</strong></span> 
     </span>
    </p>
   </div>
   <div class='ocr_carea' id='block_1_108' title="bbox 1797 4556 3369 4627">
    <p class='ocr_par' dir='ltr' id='par_1_108' title="bbox 1797 4556 3369 4627">
     <span class='ocr_line' id='line_1_108' title="bbox 1797 4556 3369 4627; baseline 0.013 -19"><span class='ocrx_word' id='word_1_769' title='bbox 1797 4556 2072 4619; x_wconf 79' lang='lat' dir='ltr'><strong>oﬂ‘endat,</strong></span> <span class='ocrx_word' id='word_1_770' title='bbox 2115 4568 2209 4611; x_wconf 91' lang='lat' dir='ltr'><strong>aut</strong></span> <span class='ocrx_word' id='word_1_771' title='bbox 2237 4558 2303 4611; x_wconf 89' lang='lat' dir='ltr'><strong>ad</strong></span> <span class='ocrx_word' id='word_1_772' title='bbox 2345 4561 2711 4617; x_wconf 84' lang='lat' dir='ltr'><strong>imitationem</strong></span> <span class='ocrx_word' id='word_1_773' title='bbox 2754 4566 2910 4620; x_wconf 67' lang='lat' dir='ltr'><strong>mala:</strong></span> <span class='ocrx_word' id='word_1_774' title='bbox 2949 4573 3369 4627; x_wconf 88' lang='lat' dir='ltr'><strong>consuetudinis</strong></span> 
     </span>
    </p>
   </div>
   <div class='ocr_carea' id='block_1_109' title="bbox 1797 4649 3366 4732">
    <p class='ocr_par' dir='ltr' id='par_1_109' title="bbox 1797 4649 3366 4732">
     <span class='ocr_line' id='line_1_109' title="bbox 1797 4649 3366 4732; baseline 0.01 -30"><span class='ocrx_word' id='word_1_775' title='bbox 1797 4649 2012 4706; x_wconf 84' lang='lat' dir='ltr'><strong>incitet.</strong></span> <span class='ocrx_word' id='word_1_776' title='bbox 2041 4649 2206 4723; x_wconf 67' lang='grc'><strong>426</strong></span> <span class='ocrx_word' id='word_1_777' title='bbox 2238 4651 2529 4717; x_wconf 86' lang='lat' dir='ltr'><strong>Quomodo</strong></span> <span class='ocrx_word' id='word_1_778' title='bbox 2563 4672 2797 4722; x_wconf 88' lang='lat' dir='ltr'><strong>namque</strong></span> <span class='ocrx_word' id='word_1_779' title='bbox 2829 4660 2997 4713; x_wconf 87' lang='lat' dir='ltr'><strong>alium</strong></span> <span class='ocrx_word' id='word_1_780' title='bbox 3033 4665 3366 4732; x_wconf 71' lang='lat' dir='ltr'><strong>objurgabit,</strong></span> 
     </span>
    </p>
   </div>
   <div class='ocr_carea' id='block_1_110' title="bbox 1795 4743 3368 4819">
    <p class='ocr_par' dir='ltr' id='par_1_110' title="bbox 1795 4743 3368 4819">
     <span class='ocr_line' id='line_1_110' title="bbox 1795 4743 3368 4819; baseline 0.012 -23"><span class='ocrx_word' id='word_1_781' title='bbox 1795 4743 1879 4796; x_wconf 90' lang='lat' dir='ltr'><strong>vel</strong></span> <span class='ocrx_word' id='word_1_782' title='bbox 1912 4744 2182 4807; x_wconf 91' lang='lat' dir='ltr'><strong>instituet,</strong></span> <span class='ocrx_word' id='word_1_783' title='bbox 2220 4757 2278 4800; x_wconf 86' lang='lat' dir='ltr'><strong>ut</strong></span> <span class='ocrx_word' id='word_1_784' title='bbox 2310 4749 2491 4802; x_wconf 80' lang='lat' dir='ltr'><strong>videat</strong></span> <span class='ocrx_word' id='word_1_785' title='bbox 2524 4766 2590 4803; x_wconf 89' lang='lat' dir='ltr'><strong>ne</strong></span> <span class='ocrx_word' id='word_1_786' title='bbox 2626 4751 2945 4819; x_wconf 79' lang='lat' dir='ltr'><strong>frequenter</strong></span> <span class='ocrx_word' id='word_1_787' title='bbox 2976 4771 3101 4809; x_wconf 90' lang='lat' dir='ltr'><strong>cum</strong></span> <span class='ocrx_word' id='word_1_788' title='bbox 3136 4760 3368 4815; x_wconf 89' lang='lat' dir='ltr'><strong>muliere</strong></span> 
     </span>
    </p>
   </div>
   <div class='ocr_carea' id='block_1_111' title="bbox 1794 4840 3369 4917">
    <p class='ocr_par' dir='ltr' id='par_1_111' title="bbox 1794 4840 3369 4917">
     <span class='ocr_line' id='line_1_111' title="bbox 1794 4840 3369 4917; baseline 0.011 -28"><span class='ocrx_word' id='word_1_789' title='bbox 1794 4840 2125 4893; x_wconf 82' lang='lat' dir='ltr'><strong>conveniens</strong></span> <span class='ocrx_word' id='word_1_790' title='bbox 2154 4841 2390 4904; x_wconf 83' lang='lat' dir='ltr'><strong>labatur,</strong></span> <span class='ocrx_word' id='word_1_791' title='bbox 2424 4844 2588 4896; x_wconf 86' lang='lat' dir='ltr'><strong>sicuti</strong></span> <span class='ocrx_word' id='word_1_792' title='bbox 2618 4847 2884 4912; x_wconf 86' lang='lat' dir='ltr'><strong>scriptum</strong></span> <span class='ocrx_word' id='word_1_793' title='bbox 2917 4861 3025 4907; x_wconf 84' lang='lat' dir='ltr'><strong>est,</strong></span> <span class='ocrx_word' id='word_1_794' title='bbox 3083 4852 3171 4917; x_wconf 85' lang='lat' dir='ltr'><strong>qui</strong></span> <span class='ocrx_word' id='word_1_795' title='bbox 3206 4870 3369 4908; x_wconf 86' lang='lat' dir='ltr'><strong>unam</strong></span> 
     </span>
    </p>
   </div>
   <div class='ocr_carea' id='block_1_112' title="bbox 1795 4930 3366 5002">
    <p class='ocr_par' dir='ltr' id='par_1_112' title="bbox 1795 4930 3366 5002">
     <span class='ocr_line' id='line_1_112' title="bbox 1795 4930 3366 5002; baseline 0.011 -22"><span class='ocrx_word' id='word_1_796' title='bbox 1795 4930 2014 4997; x_wconf 82' lang='lat' dir='ltr'><strong>quidem</strong></span> <span class='ocrx_word' id='word_1_797' title='bbox 2050 4932 2160 5001; x_wconf 77' lang='lat' dir='ltr'><strong>jam</strong></span> <span class='ocrx_word' id='word_1_798' title='bbox 2195 4935 2535 5002; x_wconf 87' lang='lat' dir='ltr'><strong>repudiarit,</strong></span> <span class='ocrx_word' id='word_1_799' title='bbox 2572 4935 2709 4989; x_wconf 81' lang='lat' dir='ltr'><strong>duas</strong></span> <span class='ocrx_word' id='word_1_800' title='bbox 2740 4949 2923 4991; x_wconf 86' lang='lat' dir='ltr'><strong>autent</strong></span> <span class='ocrx_word' id='word_1_801' title='bbox 2965 4952 3122 4995; x_wconf 56' lang='lat' dir='ltr'><strong>aetate</strong></span> <span class='ocrx_word' id='word_1_802' title='bbox 3159 4944 3366 4998; x_wconf 82' lang='lat' dir='ltr'><strong>ﬂoren-</strong></span> 
     </span>
    </p>
   </div>
   <div class='ocr_carea' id='block_1_113' title="bbox 1867 5137 3367 5213">
    <p class='ocr_par' dir='ltr' id='par_1_113' title="bbox 1867 5137 3367 5213">
     <span class='ocr_line' id='line_1_113' title="bbox 1867 5137 3367 5213; baseline 0.004 -20"><span class='ocrx_word' id='word_1_803' title='bbox 1867 5140 1941 5207; x_wconf 67' lang='grc'><strong>(4)</strong></span> <span class='ocrx_word' id='word_1_804' title='bbox 1972 5138 2106 5205; x_wconf 86' lang='lat' dir='ltr'><strong>Cap.</strong></span> <span class='ocrx_word' id='word_1_805' title='bbox 2140 5138 2174 5191; x_wconf 82' lang='lat'><strong>5</strong></span> <span class='ocrx_word' id='word_1_806' title='bbox 2213 5137 2414 5213; x_wconf 65' lang='lat' dir='ltr'><strong>Nicmni</strong></span> <span class='ocrx_word' id='word_1_807' title='bbox 2446 5140 2663 5193; x_wconf 67' lang='lat' dir='ltr'><strong>concilii</strong></span> <span class='ocrx_word' id='word_1_808' title='bbox 2701 5159 2714 5191; x_wconf 90' lang='lat'><strong>:</strong></span> <span class='ocrx_word' id='word_1_809' title='bbox 2756 5160 2772 5192; x_wconf 82' lang='lat' dir='ltr'><strong>t</strong></span> <span class='ocrx_word' id='word_1_810' title='bbox 2806 5142 3087 5198; x_wconf 78' lang='lat' dir='ltr'><strong>Interdiin</strong></span> <span class='ocrx_word' id='word_1_811' title='bbox 3119 5162 3215 5213; x_wconf 83' lang='lat' dir='ltr'><strong>per</strong></span> <span class='ocrx_word' id='word_1_812' title='bbox 3248 5162 3367 5199; x_wconf 89' lang='lat' dir='ltr'><strong>om-</strong></span> 
     </span>
    </p>
   </div>
   <div class='ocr_carea' id='block_1_114' title="bbox 1794 5210 3361 5286">
    <p class='ocr_par' dir='ltr' id='par_1_114' title="bbox 1794 5210 3361 5286">
     <span class='ocr_line' id='line_1_114' title="bbox 1794 5210 3361 5286; baseline 0.005 -25"><span class='ocrx_word' id='word_1_813' title='bbox 1794 5210 1882 5261; x_wconf 80' lang='lat' dir='ltr'><strong>nia</strong></span> <span class='ocrx_word' id='word_1_814' title='bbox 1918 5219 2105 5286; x_wconf 78' lang='lat' dir='ltr'><strong>sancta</strong></span> <span class='ocrx_word' id='word_1_815' title='bbox 2138 5210 2400 5279; x_wconf 81' lang='lat' dir='ltr'><strong>synodus,</strong></span> <span class='ocrx_word' id='word_1_816' title='bbox 2431 5225 2538 5286; x_wconf 68' lang='lat' dir='ltr'><strong>non</strong></span> <span class='ocrx_word' id='word_1_817' title='bbox 2570 5212 2849 5278; x_wconf 72' lang='grc' dir='ltr'>ρβὶερομυ,</span> <span class='ocrx_word' id='word_1_818' title='bbox 2872 5230 2977 5265; x_wconf 90' lang='lat' dir='ltr'><strong>non</strong></span> <span class='ocrx_word' id='word_1_819' title='bbox 3016 5210 3361 5286; x_wconf 74' lang='lat' dir='ltr'><strong>presbytero,</strong></span> 
     </span>
    </p>
   </div>
   <div class='ocr_carea' id='block_1_115' title="bbox 1794 5279 3364 5341">
    <p class='ocr_par' dir='ltr' id='par_1_115' title="bbox 1794 5279 3364 5341">
     <span class='ocr_line' id='line_1_115' title="bbox 1794 5279 3364 5341; baseline 0.005 -10"><span class='ocrx_word' id='word_1_820' title='bbox 1794 5295 1901 5331; x_wconf 78' lang='lat' dir='ltr'><strong>non</strong></span> <span class='ocrx_word' id='word_1_821' title='bbox 1925 5279 2175 5341; x_wconf 83' lang='lat' dir='ltr'><strong>diacono,</strong></span> <span class='ocrx_word' id='word_1_822' title='bbox 2217 5294 2326 5331; x_wconf 84' lang='lat' dir='ltr'><strong>non</strong></span> <span class='ocrx_word' id='word_1_823' title='bbox 2358 5281 2712 5341; x_wconf 81' lang='lat' dir='ltr'><strong>Subdiacono,</strong></span> <span class='ocrx_word' id='word_1_824' title='bbox 2767 5299 2872 5333; x_wconf 86' lang='lat' dir='ltr'><strong>non</strong></span> <span class='ocrx_word' id='word_1_825' title='bbox 2921 5279 3083 5337; x_wconf 74' lang='lat' dir='ltr'><strong>alicui</strong></span> <span class='ocrx_word' id='word_1_826' title='bbox 3138 5279 3364 5339; x_wconf 83' lang='lat' dir='ltr'><strong>omnino</strong></span> 
     </span>
    </p>
   </div>
   <div class='ocr_carea' id='block_1_116' title="bbox 1794 5348 3364 5415">
    <p class='ocr_par' dir='ltr' id='par_1_116' title="bbox 1794 5348 3364 5415">
     <span class='ocr_line' id='line_1_116' title="bbox 1794 5348 3364 5415; baseline 0.005 -17"><span class='ocrx_word' id='word_1_827' title='bbox 1794 5350 1884 5415; x_wconf 82' lang='lat' dir='ltr'><strong>qui</strong></span> <span class='ocrx_word' id='word_1_828' title='bbox 1944 5350 1995 5399; x_wconf 92' lang='lat' dir='ltr'><strong>in</strong></span> <span class='ocrx_word' id='word_1_829' title='bbox 2046 5348 2193 5400; x_wconf 88' lang='lat' dir='ltr'><strong>clero</strong></span> <span class='ocrx_word' id='word_1_830' title='bbox 2236 5358 2340 5407; x_wconf 85' lang='lat' dir='ltr'><strong>est,</strong></span> <span class='ocrx_word' id='word_1_831' title='bbox 2403 5349 2571 5401; x_wconf 74' lang='lat' dir='ltr'><strong>liet-re</strong></span> <span class='ocrx_word' id='word_1_832' title='bbox 2624 5352 3099 5407; x_wconf 80' lang='lat' dir='ltr'><strong>subintroductam</strong></span> <span class='ocrx_word' id='word_1_833' title='bbox 3161 5357 3364 5408; x_wconf 75' lang='lat' dir='ltr'><strong>habere</strong></span> 
     </span>
    </p>
   </div>
   <div class='ocr_carea' id='block_1_117' title="bbox 1796 5418 3363 5485">
    <p class='ocr_par' dir='ltr' id='par_1_117' title="bbox 1796 5418 3363 5485">
     <span class='ocr_line' id='line_1_117' title="bbox 1796 5418 3363 5485; baseline 0.008 -18"><span class='ocrx_word' id='word_1_834' title='bbox 1796 5418 2101 5482; x_wconf 89' lang='lat' dir='ltr'><strong>mulierem,</strong></span> <span class='ocrx_word' id='word_1_835' title='bbox 2139 5420 2240 5471; x_wconf 88' lang='lat' dir='ltr'><strong>nisi</strong></span> <span class='ocrx_word' id='word_1_836' title='bbox 2280 5420 2417 5471; x_wconf 84' lang='lat' dir='ltr'><strong>forte</strong></span> <span class='ocrx_word' id='word_1_837' title='bbox 2443 5429 2536 5472; x_wconf 85' lang='lat' dir='ltr'><strong>ant</strong></span> <span class='ocrx_word' id='word_1_838' title='bbox 2568 5430 2820 5480; x_wconf 82' lang='lat' dir='ltr'><strong>matrem,</strong></span> <span class='ocrx_word' id='word_1_839' title='bbox 2857 5432 2948 5473; x_wconf 86' lang='lat' dir='ltr'><strong>aut</strong></span> <span class='ocrx_word' id='word_1_840' title='bbox 2974 5439 3242 5485; x_wconf 85' lang='lat' dir='ltr'><strong>sororem,</strong></span> <span class='ocrx_word' id='word_1_841' title='bbox 3266 5437 3363 5479; x_wconf 85' lang='lat' dir='ltr'><strong>aut</strong></span> 
     </span>
    </p>
   </div>
   <div class='ocr_carea' id='block_1_118' title="bbox 1793 5489 3361 5559">
    <p class='ocr_par' dir='ltr' id='par_1_118' title="bbox 1793 5489 3361 5559">
     <span class='ocr_line' id='line_1_118' title="bbox 1793 5489 3361 5559; baseline 0.006 -21"><span class='ocrx_word' id='word_1_842' title='bbox 1793 5489 2037 5551; x_wconf 81' lang='lat' dir='ltr'><strong>amitam,</strong></span> <span class='ocrx_word' id='word_1_843' title='bbox 2070 5498 2165 5541; x_wconf 87' lang='lat' dir='ltr'><strong>aut</strong></span> <span class='ocrx_word' id='word_1_844' title='bbox 2200 5490 2362 5541; x_wconf 87' lang='lat' dir='ltr'><strong>etiam</strong></span> <span class='ocrx_word' id='word_1_845' title='bbox 2400 5503 2491 5541; x_wconf 81' lang='lat' dir='ltr'><strong>eas</strong></span> <span class='ocrx_word' id='word_1_846' title='bbox 2540 5490 2762 5541; x_wconf 85' lang='lat' dir='ltr'><strong>idoneas</strong></span> <span class='ocrx_word' id='word_1_847' title='bbox 2813 5506 3074 5557; x_wconf 71' lang='lat' dir='ltr'><strong>personas</strong></span> <span class='ocrx_word' id='word_1_848' title='bbox 3120 5512 3239 5559; x_wconf 72' lang='lat' dir='ltr'><strong>quze</strong></span> <span class='ocrx_word' id='word_1_849' title='bbox 3275 5496 3361 5547; x_wconf 72' lang='lat' dir='ltr'><strong>fn-</strong></span> 
     </span>
    </p>
   </div>
   <div class='ocr_carea' id='block_1_119' title="bbox 1790 5560 3358 5631">
    <p class='ocr_par' dir='ltr' id='par_1_119' title="bbox 1790 5560 3358 5631">
     <span class='ocr_line' id='line_1_119' title="bbox 1790 5560 3358 5631; baseline 0.006 -24"><span class='ocrx_word' id='word_1_850' title='bbox 1790 5560 1939 5625; x_wconf 79' lang='lat' dir='ltr'><strong>ginnt</strong></span> <span class='ocrx_word' id='word_1_851' title='bbox 1963 5560 2323 5626; x_wconf 82' lang='lat' dir='ltr'><strong>snspiciones.</strong></span> <span class='ocrx_word' id='word_1_852' title='bbox 2367 5576 2385 5609; x_wconf 74' lang='grc' dir='ltr'><strong>ι</strong></span> <span class='ocrx_word' id='word_1_853' title='bbox 2412 5561 2688 5624; x_wconf 59' lang='grc' dir='ltr'>κιιίειίιιοι.</span> <span class='ocrx_word' id='word_1_854' title='bbox 2722 5560 2836 5628; x_wconf 65' lang='grc'><strong>52.)</strong></span> <span class='ocrx_word' id='word_1_855' title='bbox 2871 5580 2887 5610; x_wconf 82' lang='grc' dir='ltr'><strong>ι</strong></span> <span class='ocrx_word' id='word_1_856' title='bbox 2916 5561 3106 5616; x_wconf 81' lang='lat' dir='ltr'><strong>Nullus</strong></span> <span class='ocrx_word' id='word_1_857' title='bbox 3139 5566 3358 5631; x_wconf 76' lang='lat' dir='ltr'><strong>missam</strong></span> 
     </span>
    </p>
   </div>
   <div class='ocr_carea' id='block_1_120' title="bbox 1789 5629 3360 5698">
    <p class='ocr_par' dir='ltr' id='par_1_120' title="bbox 1789 5629 3360 5698">
     <span class='ocr_line' id='line_1_120' title="bbox 1789 5629 3360 5698; baseline 0.005 -20"><span class='ocrx_word' id='word_1_858' title='bbox 1789 5629 1977 5679; x_wconf 72' lang='lat' dir='ltr'><strong>nudant</strong></span> <span class='ocrx_word' id='word_1_859' title='bbox 2013 5630 2339 5698; x_wconf 72' lang='lat' dir='ltr'><strong>presbyteri,</strong></span> <span class='ocrx_word' id='word_1_860' title='bbox 2374 5644 2533 5696; x_wconf 75' lang='lat' dir='ltr'><strong>quem</strong></span> <span class='ocrx_word' id='word_1_861' title='bbox 2582 5632 2683 5681; x_wconf 79' lang='lat' dir='ltr'><strong>scit</strong></span> <span class='ocrx_word' id='word_1_862' title='bbox 2723 5632 3088 5685; x_wconf 73' lang='lat' dir='ltr'><strong>concubinam</strong></span> <span class='ocrx_word' id='word_1_863' title='bbox 3140 5629 3360 5687; x_wconf 80' lang='lat' dir='ltr'><strong>indubi-</strong></span> 
     </span>
    </p>
   </div>
   <div class='ocr_carea' id='block_1_121' title="bbox 1792 5700 3343 5763">
    <p class='ocr_par' dir='ltr' id='par_1_121' title="bbox 1792 5700 3343 5763">
     <span class='ocr_line' id='line_1_121' title="bbox 1792 5700 3343 5763; baseline 0.008 -16"><span class='ocrx_word' id='word_1_864' title='bbox 1792 5707 1966 5749; x_wconf 80' lang='lat' dir='ltr'><strong>tanter</strong></span> <span class='ocrx_word' id='word_1_865' title='bbox 2004 5702 2242 5763; x_wconf 79' lang='lat' dir='ltr'><strong>habere,</strong></span> <span class='ocrx_word' id='word_1_866' title='bbox 2294 5712 2389 5753; x_wconf 84' lang='lat' dir='ltr'><strong>aut</strong></span> <span class='ocrx_word' id='word_1_867' title='bbox 2446 5700 2922 5757; x_wconf 74' lang='lat' dir='ltr'><strong>subintroductatn</strong></span> <span class='ocrx_word' id='word_1_868' title='bbox 2975 5705 3279 5759; x_wconf 83' lang='lat' dir='ltr'><strong>mulierem.</strong></span> <span class='ocrx_word' id='word_1_869' title='bbox 3342 5730 3343 5733; x_wconf 50' lang='grc' dir='ltr'><strong>η</strong></span> 
     </span>
    </p>
   </div>
   <div class='ocr_carea' id='block_1_122' title="bbox 1787 5768 1973 5836">
    <p class='ocr_par' dir='ltr' id='par_1_122' title="bbox 1787 5768 1973 5836">
     <span class='ocr_line' id='line_1_122' title="bbox 1787 5768 1973 5836; baseline 0.016 -18"><span class='ocrx_word' id='word_1_870' title='bbox 1787 5768 1973 5836; x_wconf 65' lang='lat' dir='ltr'><strong>nam.)</strong></span> 
     </span>
    </p>
   </div>
  </div>
