4184 6440
171 395 309 463 1193

1095 388 1704 456 ECCLESIASTICE
1745 385 2135 450 HISTORIA!
2173 386 2319 446 LIB.
2365 387 2468 445 Vl.

3301 377 3440 444 1194

170 519 215 571 δ’
269 514 472 584 άίνόαν
528 509 823 581 στρατείαν
877 509 1274 579 ὀρῤωδήσαντα
1315 509 1406 560 τὸν
1467 509 1622 570 Θεὸν,
1682 506 1758 576 μὴ

1874 504 2027 556 tisse.
2091 502 2154 554 Et
2193 501 2481 554 materiam
2542 515 2667 553 eum
2699 500 3042 555 daemonibus
3091 509 3144 554 et.
3214 500 3336 564 igne
3385 511 3441 554 et

169 605 316 672 ἔχειν
350 601 378 653 δ
419 618 468 652 τι
508 596 822 668 χρήσασθαι
856 598 935 656 εἰς
965 596 1203 664 ἄμυναν.
1227 595 1389 646 Ὅθεν
1426 594 1620 662 μοῖραν
1643 593 1746 660 ἁρ-

169 697 422 745 πάσαντα
451 689 545 742 τοῦ
578 688 774 757 φωτὸς.
818 681 930 739 οἷόν
968 704 1021 738 τι
1062 685 1257 756 δέλεαρ
1288 684 1649 752 καταπέμψαι
1679 685 1747 751 τῇ

170 783 296 852 ὕλη.
333 781 620 852 Τρωθεῖσα
649 778 692 830 δ’
723 780 906 848 ἐκείνη
937 781 1031 830 καὶ
1055 777 1401 831 καταπιοῦσα
1432 776 1744 844 ὲκίσσητεν.

181 873 631 935 ’Δναγκασθέντα
653 872 709 926 δὲ
735 873 825 924 τὸν
862 873 1017 934 Θεὸν,
1053 871 1460 940 δημιουργῆσαι
1501 869 1591 921 τὸν
1623 867 1751 920 κόσο

171 983 315 1039 μον⁹
363 966 502 1020 ῶστε
538 965 792 1019 διαλῦσαι
847 965 1023 1030 αὐτῆς
1053 962 1152 1033 τὴν
1203 963 1493 1019 σύστασιν.
1543 961 1638 1012 καὶ
1671 961 1751 1021 είς

169 1063 398 1130 εἰρήνην
442 1060 676 1126 ἀγαγεῖν
706 1057 776 1109 τὰ
829 1054 1152 1125 μαχόμενα·
1193 1055 1289 1106 καὶ
1339 1052 1400 1105 τὸ
1435 1049 1751 1120 ἀνακραθὲν

166 1158 236 1224 τῇ
276 1154 377 1224 ὕλῃ
410 1153 526 1220 φῶς
578 1149 720 1203 κατὰ
770 1149 947 1217 βραχὺ
1000 1145 1394 1213 ἐλευθερῶσαι.
1425 1145 1529 1197 Τὸν
1561 1145 1618 1196 δὲ
1663 1143 1755 1196 ἄν·

169 1247 392 1317 θρωπον
410 1245 508 1314 οὐχ
549 1245 656 1296 ὑπὸ
678 1242 838 1303 Θεοῦ,
864 1239 979 1293 ἀλλ’
1010 1240 1116 1293 ὑπὸ
1143 1237 1237 1291 τοῦ
1271 1237 1511 1307 ὐλὰρχου
1545 1234 1755 1286 Σεύκλα

167 1339 516 1406 πλασθῆναι·
563 1337 657 1388 καὶ
705 1336 806 1403 τὴν
842 1333 988 1388 Εὕαν
1029 1333 1316 1394 ὡσαύτως,
1372 1329 1510 1399 πλὴν
1548 1328 1758 1396 ἄψυχον

170 1431 486 1498 πλασθῆναι
520 1431 614 1483 καὶ
659 1429 916 1498 ἀκίνητον
951 1443 965 1457 ⁸
1009 1426 1099 1479 τὸν
1137 1426 1193 1476 δὲ
1242 1425 1414 1492 Ἀδὰμ
1465 1421 1759 1490 θηριόαορ-

174 1546 276 1596 (pm;
303 1544 317 1558 ο
353 1529 451 1579 καὶ
498 1527 632 1579 ἄλλα
666 1524 946 1594 παρόμοια
999 1522 1184 1590 ληρῶν
1218 1517 1509 1570 συνετίθει.
1563 1517 1667 1569 Τὸν
1705 1515 1759 1567 δὲ

170 1623 326 1692 ἣλιον
371 1623 466 1674 καὶ
499 1622 598 1690 τὴν
636 1620 871 1688 σελήνην
904 1618 1024 1680 θεῖα.
1069 1614 1309 1684 ἐνόμιζε.
1342 1613 1450 1664 Καὶ
1482 1614 1609 1682 περὶ
1637 1610 1758 1662 τού-

177 1736 290 1770 των
324 1716 379 1766 δὲ
407 1715 578 1766 πολλὰ
612 1713 774 1780 σιγῆς
813 1711 938 1774 ἄξια
983 1705 1212 1761 πλεῖστα
1245 1704 1604 1776 ιτερατεύετο
1658 1703 1762 1756 Τὸν

173 1806 232 1856 δὲ
268 1803 520 1856 διάῦολον
569 1802 702 1853 ποτὲ
741 1799 839 1868 μὲν
887 1799 1043 1866 ὓλην,
1104 1795 1234 1848 ποτὲ
1264 1795 1320 1847 δὲ
1371 1794 1612 1862 ἄρχοντα
1664 1792 1763 1860 τῆς

1850 610 1990 663 aqua
2014 597 2280 662 impetum
2316 592 2512 648 fecisse
2544 593 2595 646 in
2625 594 2803 647 lucem
2863 592 3024 648 dicit:
3060 592 3231 646 Deum
3255 603 3440 646 autent

1854 696 1963 740 tam
2001 686 2286 754 repentina
2324 685 2599 739 exercitus
2629 686 2750 756 ejus
2777 683 3140 750 impressione
3165 685 3440 739 conterri-

1853 789 1968 833 tum
1988 795 2096 832 non
2138 777 2419 840 habuisse,
2444 793 2555 847 quo
2573 787 2776 833 tantam
2801 778 2909 832 vim
2929 776 3252 831 vindicaret.
3268 776 3438 848 428

1855 878 2044 948 Itaque
2101 878 2254 931 illum
2292 883 2507 946 partem
2551 872 2690 929 lucis
2719 884 3018 943 arreptam,
3050 873 3221 926 veluti
3245 888 3439 944 quam-

1856 971 1982 1024 dam
2025 969 2444 1034 inescationem,
2475 977 2663 1022 cootra
2698 968 2984 1022 materiam
3014 965 3251 1019 misisse.
3290 966 3444 1020 Hauc

1858 1079 1992 1118 vero
2024 1063 2390 1125 vulneratam,
2453 1069 2718 1130 parteque
2753 1073 2816 1112 ea
2848 1059 2990 1113 lucis
3031 1059 3288 1126 absorpta
3323 1073 3445 1127 grao

1857 1159 2042 1212 vidam
2081 1171 2203 1210 esse
2240 1156 2460 1210 tactam.
2497 1155 2614 1220 Qua
2647 1168 2706 1207 re
2738 1152 2994 1207 adactum
3030 1152 3227 1215 Deum,
3276 1168 3442 1206 murt-

1863 1253 1992 1304 dum
2021 1250 2361 1313 condidisse,
2389 1256 2450 1302 ut
2481 1245 2951 1301 concertationem
2989 1245 3154 1299 talem
3182 1244 3444 1311 solveret,

1863 1353 1914 1397 et
1945 1346 2013 1397 ad
2043 1359 2252 1412 pacem,
2274 1357 2336 1396 ea
2366 1357 2487 1411 qua:
2510 1341 2653 1395 inter
2677 1357 2734 1395 se
2767 1349 3100 1410 pugnarent,
3129 1340 3447 1396 reduceret.

1865 1439 2156 1505 lucemque
2208 1435 2455 1488 materiae
2490 1434 2708 1488 mistam
2752 1433 3020 1502 paulatim
3052 1432 3106 1486 in
3135 1433 3447 1487 libertatem

1867 1531 2159 1598 redigeret.
2189 1526 2474 1580 Hominem
2495 1541 2661 1594 porro
2683 1541 2790 1580 non
2809 1541 2838 1580 a
2863 1526 2997 1587 Deo,
3030 1525 3126 1579 sed
3148 1541 3176 1577 a
3197 1524 3448 1595 principe

1869 1623 2108 1676 materia:
2128 1620 2325 1675 Scucla
2359 1619 2546 1674 ﬁctum
2579 1634 2700 1673 esse
2725 1637 2736 1672 :
2771 1629 2827 1674 et
2855 1618 3023 1673 Evam
3045 1618 3324 1682 similiter,
3352 1620 3447 1672 seti

1869 1716 2228 1767 inanimatam
2259 1722 2526 1773 creatam,
2579 1722 2635 1764 et
2681 1711 3055 1765 immobilem:
3094 1711 3264 1764 Adam
3319 1727 3452 1764 vero

1873 1807 2045 1858 forma
2081 1804 2230 1865 fet-2:,
2264 1805 2484 1872 aliaque
2511 1803 2665 1857 hisce
2697 1802 2898 1857 similia
2926 1813 3165 1869 nugatus
3186 1813 3291 1856 est.
3350 1800 3454 1856 80-

173 1900 311 1969 ὖλης
351 1899 570 1951 ἐκάλει·
607 1897 700 1948 τὸν
723 1865 776 1946 δὲ
810 1897 990 1961 γάμον
1023 1890 1117 1943 τοῦ
1148 1887 1324 1940 διαδό)
1340 1905 1399 1941 ου
1441 1887 1763 1954 νομοθεσίαν

1874 1899 1974 1952 lem
2007 1909 2062 1949 et
2089 1897 2273 1950 lunam
2308 1896 2556 1949 divinum
2580 1894 2848 1962 quiddam
2871 1909 2992 1948 esse
3025 1893 3259 1962 putavit,
3299 1909 3363 1948 ac
3383 1894 3453 1946 de

172 1993 351 2058 ἔλεγε.
384 1991 488 2042 Τὸν
519 1989 576 2041 δὲ
611 1987 819 2056 Κύριον
862 1983 986 2037 οὔτε
1018 1983 1196 2054 ψυχὴν
1228 1981 1597 2050 ἀνειληφέναι,
1635 1977 1759 2030 οὔτε

176 2086 342 2154 σῶμά
373 2101 562 2151 φησιν,
599 2081 716 2134 ἀλλ’
745 2082 819 2143 ὡς
870 2079 1157 2147 ἄνθρωπον
1190 2077 1430 2145 φανῆναι
1462 2073 1631 2156 μηδὲν
1663 2072 1760 2122 άν-

175 2179 456 2248 θρώπινον
511 2179 701 2244 ἔχοντα
728 2191 741 2205 ·
777 2174 1050 2244 φαντασίᾳ
1078 2172 1132 2222 δὲ
1176 2173 1266 2223 καὶ
1303 2169 1369 2221 τα
1423 2167 1568 2236 πάοη
1616 2164 1763 2232 αὺτῷ

175 2273 463 2340 γενέσθαι.
495 2269 606 2339 Τὴν
631 2269 676 2320 δ’
705 2269 1007 2321 ἀνάστασιν
1047 2266 1154 2318 τῶν
1185 2262 1454 2333 σωμάτων
1478 2260 1551 2323 ὡς
1597 2259 1767 2330 μῦθον

174 2365 493 2419 ἁπωθεῖτο·
525 2362 679 2415 οὐδὲν
714 2362 823 2431 γὰρ
866 2360 963 2426 τῆς
998 2358 1128 2428 ὕλης
1166 2365 1358 2427 μόριον
1405 2357 1551 2422 ἄξιον
1588 2373 1764 2424 σωτη-

179 2443 307 2528 ρίας
358 2457 537 2523 ἔλεγε.
571 2454 776 2523 Ψυχῶν
824 2452 879 2505 δὲ
939 2451 1472 2521 μετενσωματώσεις
1518 2449 1762 2511 ἐδόξαζε,

176 2553 278 2604 καὶ
314 2551 392 2610 είς
446 2548 668 2616 πτηνῶν
700 2547 793 2599 καὶ
845 2544 1061 2614 κτηνῶν
1116 2547 1210 2596 καὶ
1251 2543 1460 2614 θηρίων
1511 2543 1763 2610 σώματα.

179 2643 323 2695 Ὅλα
356 2643 413 2694 δὲ
445 2642 538 2693 καὶ
567 2641 705 2693 αὐτὰ
735 2641 802 2693 τὰ
834 2641 1076 2708 στοιχεῖα
1101 2638 1320 2706 ἔμψυχα
1341 2632 1483 2688 εἶναι
1516 2635 1768 2705 νομίζου-

180 2752 272 2789 σιν
304 2737 354 2788 oi
387 2733 518 2800 περὶ
536 2733 717 2786 αὐτόν.
751 2733 1032 2802 Γοητείαις
1057 2732 1113 2783 δὲ
1139 2731 1416 2799 διαφόροις
1437 2731 1766 2798 κέχρηνται,

177 2832 278 2883 καὶ
308 2831 581 2898 μυστήρια
601 2827 812 2895 δυσαγῆ
837 2825 1142 2878 ἐκτελοῦσι.
1169 2825 1259 2876 Διὸ
1285 2825 1376 2877 καὶ
1405 2824 1764 2885 δυσέκνιπτος

179 2925 217 2991 ὴ
250 2921 478 2975 ἐκείνων
523 2919 868 2981 διδασκαλία,
901 2920 1022 2980 ταῖς
1069 2917 1178 2970 τῶν
1211 2917 1486 2985 δαιμόνων
1530 2915 1766 2986 ἐπῳδαῖς

178 3017 284 3075 τὰς
315 3013 492 3082 ψυχὰς
516 3010 938 3080 καταδεσμοῦσα
965 3009 1076 3062 τῶν
1107 3007 1466 3075 τελουμένων.

1862 1989 1940 2040 ei~
1966 1988 2134 2041 multa
2161 1986 2379 2040 silentio
2400 1986 2560 2056 digna
2590 1994 2908 2055 pertentose
2933 1984 3218 2038 conﬁnxit.
3249 1983 3452 2038 Diabo-

1868 2086 1982 2138 lum
2019 2099 2167 2138 nunc
2214 2083 2524 2141 materiam.
2559 2095 2708 2135 nunc
2738 2080 2982 2134 materiae
3013 2080 3322 2150 principem
3355 2095 3453 2128 vo-

1867 2175 2032 2229 cavit.
2064 2174 2393 2244 Conjugium
2430 2172 2633 2227 diaboli
2665 2172 2839 2242 legem
2895 2179 2950 2223 et
2995 2172 3454 2226 constitutionem

1869 2283 1994 2322 esse
2020 2267 2181 2330 dixit,
2214 2266 2508 2320 Dominum
2544 2274 2725 2318 autem
2760 2281 2940 2333 neque
2979 2265 3218 2318 animam
3278 2281 3456 2334 neque

1869 2377 2072 2429 corpus
2098 2360 2392 2428 recepisse.
2427 2364 2521 2412 sed
2547 2362 2824 2418 hominem
2857 2368 3071 2411 tantum
3099 2359 3275 2412 visum
3307 2375 3455 2421 esse,

1872 2453 2255 2505 nihilhumani
2291 2450 2610 2513 habentem,
2639 2451 3015 2517 asseveravit,
3066 2451 3459 2520 perpessiones

1872 2561 2004 2598 vero
2029 2545 2077 2599 ei
2101 2561 2197 2614 per
2225 2545 2462 2611 speciem
2495 2555 2706 2600 tantum
2752 2556 2808 2600 et
2837 2545 3023 2600 fucum
3059 2545 3327 2600 accidisse
3355 2547 3457 2615 (l).

1873 2638 2358 2693 Resurrectionem
2383 2652 2677 2706 corporum
2715 2640 2886 2693 veluti
2931 2640 3172 2694 fabulam
3197 2639 3458 2709 repudia-

1875 2730 1955 2782 vit
2001 2731 2206 2784 nullam
2225 2730 2372 2784 enim
2395 2730 2642 2784 materiae
2663 2731 2994 2799 particulam
3028 2732 3248 2801 dignam
3275 2733 3454 2787 salute

1871 2819 2163 2891 judicavit.
2189 2821 2509 2875 Animarum
2537 2829 2720 2875 autem
2761 2822 3118 2878 transitiones
3148 2839 3178 2877 e
3225 2838 3458 2894 corpore

1879 2917 1934 2968 in
1960 2930 2184 2984 corpus,
2212 2924 2269 2969 et
2292 2910 2514 2984 quidem
2529 2915 2693 2968 etiam
2716 2915 2770 2968 in
2799 2916 3082 2970 volucrum
3113 2926 3168 2972 et
3198 2933 3458 2985 pecorum

1878 3017 1936 3062 et
1964 3008 2205 3062 ferarum
2225 3024 2486 3077 corpora,
2515 3009 2723 3062 docuit.
2761 3008 2934 3080 Cujus
2959 3019 3264 3067 sectatores
3288 3013 3457 3068 etiam

181 3110 461 3162 elementa
491 3109 674 3161 omnia
710 3108 953 3161 animata
981 3120 1103 3160 esse
1128 3105 1491 3159 arbitrantur.
1519 3104 1765 3161 Utuntur
1805 3107 1970 3160 variis
2027 3105 2350 3174 imposturis
2415 3121 2475 3160 ac
2497 3107 2816 3176 praestigiis,
2851 3108 3172 3178 nefariaque
3216 3123 3271 3164 et
3300 3127 3464 3166 exse-

192 3204 404 3257 cranda
441 3214 708 3272 peragunt
751 3202 1014 3274 mysteria
1042 3203 1143 3272 (2).
1177 3202 1526 3273 Quapropter
1560 3204 1810 3259 doctrina
1847 3220 2041 3258 corum
2071 3205 2374 3260 ineluibilis
2403 3204 2674 3261 habetur:
2719 3206 3028 3262 daemonum
3070 3209 3464 3266 incantationi.

183 3301 297 3354 bus
316 3299 524 3354 animas
549 3299 857 3363 hominum,
877 3297 971 3366 qui
999 3312 1063 3350 ea
1085 3307 1214 3351 sunt
1230 3297 1452 3361 initiati,
1472 3301 1768 3354 obstrictas
1808 3300 2146 3354 tenentibus.

781 3416 1031 3469 ΚΕΦΑΛ.
1077 3413 1198 3469 AB'.

194 3512 296 3578 Ὠς
329 3513 360 3564 ὁ
389 3511 597 3576 Μάνης
620 3508 734 3575 τὴν
758 3509 941 3577 δορὰν
971 3508 1075 3561 τοῦ
1095 3507 1370 3576 σώματος
1406 3510 1768 3576 ἀρηιρεθετς,

620 3581 764 3633 κυσί
807 3579 1110 3647 παρεδόθη
1137 3578 1315 3647 βορά.

261 3702 430 3769 Τρεῖς
473 3702 515 3753 δ’
565 3703 595 3752 ό
626 3699 814 3769 Μάνης
861 3699 1211 3769 κτησάμενος
1255 3701 1540 3767 φοιτητὰς,
1580 3699 1775 3752 Ἀδδαν

185 3795 289 3847 καὶ
323 3792 524 3860 Θωμᾶν
555 3793 647 3844 καὶ
685 3792 914 3861 Ἑρμᾶν,
946 3792 1036 3843 τὸν
1064 3792 1162 3860 μὲν
1197 3792 1395 3844 Ἀδδαν
1422 3791 1614 3860 Σύροις
1646 3793 1776 3844 ἁπέ-

187 3886 380 3938 στειλε
412 3885 632 3954 κήρυκα
654 3899 667 3912 '
708 3883 890 3944 Ἰνδοῖς
917 3883 973 3935 δὲ
1003 3883 1091 3934 τὸν
1115 3883 1344 3952 Θωμᾶν.
1386 3885 1541 3935 Ἐπεὶ
1570 3883 1616 3934 δ’
1644 3885 1778 3935 ἐπα-

186 3979 397 4048 νῆλθον
431 3976 602 4029 πολλὰ
635 3976 886 4042 λέγοντες
931 3975 1078 4026 δεινὰ
1128 3974 1346 4034 παθεῖν.
1389 3975 1613 4045 μηδενὸς
1656 3976 1776 4026 ἀνευ

187 4073 434 4144 χομένου
457 4071 548 4123 τὸν
569 4069 799 4133 Μάνητα
821 4067 1139 4119 διδάσκαλον
1165 4067 1443 4131 δέξασθαι,
1476 4067 1775 4135 ἐτόλμησεν

187 4169 218 4217 ὁ
263 4163 629 4231 παμπόνηρος
672 4162 767 4212 καὶ
805 4159 1036 4228 Χριστὸν
1094 4158 1289 4212 ἑαυτὸν
1340 4158 1630 4226 ὀνομάσαι,
1687 4161 1780 4211 καὶ

192 4255 429 4322 Πνεῦμα
471 4253 648 4320 ἅγιον,
692 4254 788 4304 καὶ
815 4251 974 4305 ἄλλον
1018 4250 1380 4321 Παράκὶητον
1413 4250 1776 4303 ἀπεστάλθαι.

193 4348 314 4400 Καὶ
367 4346 690 4399 δυοκαίδεκα
723 4344 779 4395 δὲ
828 4342 1078 4413 μαθητὰς
1136 4344 1501 4409 ἐπαγόμενος,
1551 4345 1630 4404 είς
1681 4343 1781 4412 τὴν

193 4440 396 4509 Μέσην
420 4438 530 4498 τῶν
560 4436 827 4504 ποταμῶν
841 4436 1095 4501 ἀφίκετο,
1123 4436 1222 4505 τὴν
1244 4436 1350 4488 τῶν
1376 4436 1599 4505 Περσῶν
1629 4436 1782 4503 βασι-

195 4534 356 4586 λείαν
401 4530 819 4598 διαδιδράσκων.
853 4529 1194 4597 Θεραπεύειν
1224 4529 1332 4597 γὰρ
1376 4529 1784 4596 νεανιευόμενος

191 4629 293 4678 τὸν
329 4625 424 4677 τοῦ
454 4622 721 4692 βασιλέως
749 4621 934 4681 παῖδα,
971 4619 1187 4685 μείζοσι
1223 4623 1408 4681 κακοῖς
1434 4621 1780 4688 περιέϐαλεν.

208 4721 303 4778 Ὠς
339 4717 385 4770 δ’
419 4715 630 4768 ἐκεῖθεν
665 4707 751 4765 οἶα
787 4712 1070 4781 προφανὴς
1115 4711 1363 4772 ἀντίθεος
1399 4711 1658 4781 ἐξηλάθη,
1690 4711 1784 4765 καὶ

197 4809 364 4869 αὖθις
416 4807 513 4876 τὴν
553 4806 788 4875 Περσίδα
827 4803 1118 4865 κατέλαϐε,
1179 4804 1505 4873 animabat;
1554 4804 1658 4855 ὑπὸ
1695 4803 1786 4855 τοῦ

201 4900 500 4970 βασιλέως,
529 4899 627 4966 τὴν
655 4898 933 4967 Περσικὴν
962 4896 1254 4963 ὑφίσταται
1274 4897 1518 4952 κόλασιν.
1546 4898 1655 4965 Τῆς
1678 4897 1787 4965 γὰρ

195 4995 369 5065 δορᾶς
403 4993 739 5059 γυμνωθεὶς,
795 4992 951 5042 κυσὶν
1010 4991 1166 5057 ἐδόθη
1219 4989 1374 5058 βορά.
1418 4989 1673 5042 Τοιοῦτον
1711 4990 1788 5057 τῷ

194 5082 460 5138 δυσσεῦεἰ
487 5081 547 5133 τὸ
579 5081 752 5142 τέλος.
785 5081 844 5132 Εἰ
876 5080 986 5148 γάρ
1019 5097 1102 5140 τις
1136 5079 1226 5130 τὸν
1258 5078 1538 5146 φλήναφον
1574 5077 1787 5130 ἐκείνου

283 5221 363 5286 (ll
402 5238 419 5269 ι
463 5217 556 5271 Sic
600 5227 654 5270 et
705 5217 971 5271 Basilides
1001 5218 1080 5285 (ab
1135 5218 1335 5269 aln'axa
1397 5215 1677 5269 Christum
1739 5217 1790 5269 in

200 5291 589 5358 phantasmate
619 5289 802 5341 carnis
838 5291 1060 5340 missum
1092 5303 1213 5341 esse
1249 5287 1557 5340 hlateravit.
1587 5306 1605 5336 ι
1637 5287 1792 5349 (Ταιν-

203 5359 526 5484 tult.)b—-l|ta
545 5359 692 5413 enim
724 5358 830 5411 sibi
857 5359 1099 5411 haeretici
1128 5364 1436 5410 monstrosa
1468 5358 1792 5426 contingunt

198 5445 342 5484 voca
392 5447 422 5480 u
449 5445 500 5482 a.

282 5502 362 5566 (Ἡ
419 5519 437 5550 ι
488 5500 739 5565 Ἐναγεῖς
779 5501 876 5550 καὶ
927 5496 1252 5568 νυκτερινὰς
1299 5501 1393 5550 καὶ
1451 5498 1812 5565 παρανόμους

201 5571 416 5641 μίξεις.
454 5568 970 5641 καὶᾼάρῤητοποιίας
993 5584 1022 5641 '_
1046 5570 1147 5641 huc
1171 5568 1679 5641 est._ea:s_ecrandos,
1701 5585 1799 5620 no-

194 5638 491 5781 ftsttrnlose;
521 5639 823 5708 illegitimos
841 5638 1163 5702 concubitus,
1193 5645 1240 5689 et
1262 5638 1466 5707 ﬂagitia
1492 5639 1739 5707 infanda.
1777 5661 1792 5690 ι

281 5728 336 5762 ut
377 5728 454 5763 as.

281 5728 454 5763 uiuas.

283 5783 363 5848 (5)
405 5800 422 5831 ι
462 5785 752 5835 Persarum
804 5794 896 5832 rex
916 5793 1042 5833 eum
1084 5779 1268 5836 vivum
1310 5778 1577 5833 excoriari
1614 5780 1802 5846 jussit.

207 5861 279 5909 ut
318 5851 414 5905 ﬁlii
447 5852 532 5904 sui
573 5850 725 5903 necis
755 5859 1058 5903 auctorem.
1090 5851 1316 5922 Αἶρε-ιλιι)
1360 5865 1594 5917 namque
1623 5852 1797 5910 illum,

464 5947 738 6007 ΡΔτιιοι.
770 5950 887 6010 Gtt.
921 5946 1017 6007 (ΣΧ
1035 5947 1154 6008 Ll'.

2348 3416 2515 3489 529
2531 3415 3006 3473 cacurxxxu.

1882 3508 1944 3562 Ut
1977 3507 2184 3574 Manes,
2209 3508 2449 3563 detracta
2473 3513 2634 3631 togas
2663 3510 2897 3592 corporis
2927 3509 3082 3579 pelle,
3111 3514 3327 3570 canibus
3347 3531 3465 3571 esca

2500 3597 2528 3631 ο
2569 3591 2729 3631 tectus
2760 3591 2848 3631 sit.

2500 3591 2729 3649 Objectus
2760 3591 2848 3634 sit.

1950 3693 2134 3748 Manes
2157 3702 2340 3748 autem
2383 3708 2508 3748 cum
2547 3705 2658 3749 tres
2687 3696 2918 3751 haberet
2978 3709 3303 3765 sectatores,
3354 3705 3468 3757 Atl-

1879 3788 2026 3850 tlam,
2063 3786 2330 3840 Thomam
2356 3795 2411 3840 et
2461 3785 2725 3848 llertnan,
2752 3805 2820 3843 ex
2850 3791 2916 3844 iis
2949 3791 3160 3847 Addam
3183 3794 3249 3848 ad
3276 3793 3465 3866 Syrus.

1879 3878 1944 3931 ad
1969 3876 2134 3932 Indos
2165 3889 2350 3933 autem
2379 3878 2646 3933 Thomam
2678 3881 2828 3935 misit
2877 3898 3180 3950 prmcones.
3217 3885 3323 3952 Qui
3377 3901 3468 3940 re-

1881 3967 2024 4022 versi
2087 3983 2300 4022 cumse
2336 3967 2584 4022 dicerent
2645 3971 2814 4024 multa
2872 3975 3010 4026 dura
3074 3991 3265 4044 passos
3319 3993 3465 4039 esse.

1884 4077 2061 4130 neque
2092 4077 2422 4132 quemquam
2450 4061 2760 4117 doctrinam
2784 4066 2904 4132 ejus
2925 4067 3170 4137 recipere
3198 4069 3464 4136 voluisse,

1883 4173 2048 4210 ausus
2094 4167 2176 4210 est
2227 4158 2475 4210 omnium
2571 4158 2859 4214 hominum
2927 4162 3464 4230 importunissimus.

1885 4248 2125 4316 seipsum
2161 4247 2444 4302 Christum
2479 4251 2791 4313 nominare,
2820 4261 2876 4305 et
2913 4251 3177 4320 Spiritum
3215 4267 3470 4313 sanctum

1892 4340 2168 4408 aliumque
2198 4340 2542 4394 Paracletum
2579 4343 2802 4396 missum
2849 4360 2969 4398 esse
2994 4345 3202 4401 dicere.
3236 4349 3300 4403 Et
3332 4351 3471 4404 duo-

1887 4431 2062 4484 decim
2096 4446 2281 4485 secum
2315 4431 2523 4486 ducens
2552 4432 2878 4502 discipulos,
2932 4435 2986 4488 in
3019 4437 3468 4506 Mesopotamiam

1888 4522 2162 4591 pervenit.
2193 4523 2598 4593 Persarumque
2632 4540 2857 4593 regnum
2911 4530 3243 4595 peragravit.
3281 4546 3344 4585 ac
3383 4540 3467 4587 te-

1893 4615 2562 4686 merarioimpotentique
2610 4618 2796 4671 animo
2847 4619 2989 4688 regis
3046 4622 3118 4674 ibi
3181 4621 3352 4678 ﬁlium
3411 4641 3470 4680 se

1896 4715 2216 4758 curaturum
2250 4717 2331 4758 est
2362 4707 2778 4773 poliicitus,scd
2812 4707 2990 4776 ipsum
3026 4711 3327 4777 majoribus
3376 4731 3474 4783 0|.)-

1822 4791 1863 4844 D
1896 4799 2094 4866 pressit
2119 4798 2295 4852 malis.
2327 4801 2690 4867 Posteaquam
2714 4808 2898 4853 autem
2924 4801 3050 4855 inde
3078 4814 3185 4869 est,
3215 4814 3272 4857 ut
3299 4808 3472 4860 marti-

1897 4891 2071 4944 festus
2104 4889 2198 4944 Dei
2222 4899 2590 4958 contemptor,
2626 4892 2902 4958 repulsus,
2939 4908 3063 4946 cum
3099 4909 3164 4947 eo
3191 4896 3469 4959 rediisset,

1897 4999 1926 5035 a
1975 4998 2100 5050 rege
2149 4981 2586 5050 comprehensus
2625 4983 2902 5037 Persicum
2955 4985 3221 5038 sustinuit
3265 4989 3474 5055 suppli—

1897 5075 2046 5128 cium
2081 5072 2180 5144 (5).
2209 5074 2463 5127 Detracta
2497 5073 2644 5127 enim
2699 5085 2845 5140 cute,
2880 5076 2951 5129 ita
3003 5076 3185 5130 nudus
3242 5079 3472 5132 canibus

1895 5216 2035 5269 citra
2063 5231 2278 5270 omnem
2306 5219 2553 5271 omnium
2583 5219 2921 5273 medicorum
2960 5234 3118 5287 opem
3150 5227 3204 5273 et
3246 5234 3468 5289 operam

1894 5302 1952 5356 se
1999 5297 2321 5340 sanaturum
2376 5299 2809 5355 curaturumque
2855 5304 2975 5342 esse
3035 5289 3314 5356 pollicitus
3362 5303 3467 5346 est.

1892 5355 2028 5409 Cum
2065 5357 2245 5428 itaque
2281 5359 2501 5419 medici,
2558 5361 2611 5410 in
2653 5374 2887 5428 quorum
2923 5355 3054 5410 cura
3102 5364 3284 5428 regius
3337 5376 3472 5428 puer

1891 5435 2030 5484 erat.
2058 5427 2269 5480 dimissi
2309 5428 2562 5490 fuissent,
2600 5425 2750 5482 brevi
2779 5429 2867 5481 ille
2898 5440 3149 5482 mortuus
3168 5425 3278 5482 est.
3302 5425 3400 5481 Ἶρι
3425 5449 3472 5486 ts

1891 5496 2326 5568 Testamentum,
2390 5498 2615 5566 perinde
2647 5508 2810 5568 atque
2858 5514 2964 5550 non
3001 5500 3127 5552 boni
3169 5499 3260 5552 Dei
3303 5511 3470 5563 esset,

1907 5565 2091 5619 Manes
2137 5581 2358 5636 quoque
2391 5565 2609 5637 rejecit;
2644 5565 2980 5629 et’Novum,
3037 5578 3292 5637 tanquam
3346 5571 3474 5625 boni

1910 5637 2248 5703 approbavit.
2297 5637 2577 5691 Christum
2627 5649 2811 5691 autem
2857 5639 3117 5705 opinione
3172 5649 3382 5692 tantum
3420 5650 3474 5693 et

1911 5708 2197 5774 phantasia
2215 5708 2554 5773 apparuisse,
2572 5709 2862 5774 omniaque
2892 5725 2989 5776 per
3008 5710 3195 5763 fucum
3220 5711 3474 5778 gessisse,

1912 5781 2164 5830 asseruit.
2205 5796 2222 5827 ι
2262 5778 2430 5846 (Idem
2459 5778 2700 5845 Suidas.)

2973 5941 3045 6006 38
