4184 6440
1116 356 1162 413 Ε
1200 359 1726 422 ,ΟΕΕΞΙΑΒΤΙΟἉΕ
1767 365 2159 428 HISTORIA!
2200 373 2342 432 LIB.
2385 376 2485 435 VI.

191 457 450 561 iii-:‘Yibv,
479 461 608 514 ποτὲ
637 461 693 515 δέ
723 463 798 526 ὡς
850 463 1006 533 ἅγιον
1051 467 1275 538 Πνεῦμα
1297 488 1310 500 ο
1343 475 1436 524 καὶ
1468 475 1521 526 ἐν
1566 476 1664 541 μὲν
1694 479 1758 544 τῇ

1875 479 2106 547 dedisse,
2181 485 2232 537 in
2289 486 2440 541 Novo
2481 502 2665 544 autem
2710 494 2867 561 quasi
2910 492 3104 549 Filium
3160 496 3435 554 hominem

195 549 412 619 Παλαιᾷ
464 551 540 614 ὡς
588 554 810 624 Πατέρα
863 558 1249 627 νομοθετῆσαι,
1304 566 1361 615 ἐν
1391 566 1446 617 δὲ
1485 571 1550 636 τῇ
1591 570 1764 638 Καινῇ

193 645 271 701 ῶς
316 643 443 695 Υίδν
475 647 912 716 ἐνανθρωπῆσαι,
945 653 1019 715 ὡς
1068 654 1124 706 δὲ
1182 656 1406 724 Πνεῦμα
1443 658 1600 725 ἅγιον
1653 664 1766 722 τοῖς

193 734 519 795 ἀποστόλοις
549 737 927 808 ἐπιφοιτῆσαι.
961 745 1106 813 Πρὸς
1136 747 1330 799 τοῦτον
1364 749 1426 818 δὴ
1465 751 1766 815 Διονύσιος.

193 822 271 883 ὡς
305 827 382 889 τῷ
410 828 632 898 μεγάλῳ
660 831 834 901 Πατρὶ
863 833 1129 904 Βασιλεὶῳ
1157 840 1486 907 διείληπται,
1513 845 1770 898 ἀνθιστά-

196 928 381 978 μενος,
432 918 513 977 είς
565 920 625 970 τὸ
674 923 916 974 ἐναντίον
969 929 1229 998 περιέστη
1283 929 1474 984 δεινόν.
1515 931 1769 988 Τοσαῦτα

193 1005 295 1056 καὶ
333 1009 464 1076 *περὶ⁵
493 1009 788 1066 Σαῦελλίου
827 1016 903 1076 ὼς
936 1013 1218 1088 ἐν’βραχεί
1250 1022 1434 1089 φάναι.

764 1127 1014 1181 ΚΕΦΔΛ.
1079 1132 1208 1184 ΚΖ’.

193 1211 338 1279 Περὶ
361 1212 785 1295 τῆς-αἱρέσεως
809 1220 1183 1295 Παύλου-τοῦ
1205 1227 1598 1293 Σαμοσατέως
1618 1243 1632 1258 °
1670 1231 1766 1282 καί

364 1286 496 1352 περὶ
527 1286 637 1353 τῆς
669 1287 907 1356 πρώτης
942 1292 1068 1343 κατ’
1100 1286 1607 1351 αὺτὸίσυνόόού.

269 1391 585 1461 Τηνικαῦτα
617 1398 674 1450 δὲ
703 1400 797 1452 τοῦ
825 1401 947 1454 κατ’
981 1402 1312 1471 Ἀντιόχειαν
1348 1407 1645 1459 ἐπισκόπου
1670 1412 1772 1477 Δη-

201 1487 504 1551 μητριανοῦ
557 1489 617 1541 τὸ
673 1492 825 1560 βιοῦν
883 1497 1342 1563 μεταλλάξαντος,
1380 1500 1590 1563 Παῦλος
1635 1504 1661 1554 ό
1707 1503 1769 1553 ἐκ

199 1574 534 1642 Σαμοσάτων
559 1582 636 1650 τῷ
659 1584 834 1656 θρόνῳ
861 1589 1343 1648 ἀντικαθίσταται.
1369 1595 1638 1662 Ζηνοδίας
1662 1597 1771 1666 γὰρ

200 1670 322 1718 κατ’
351 1671 561 1724 ἐκεῖνον
593 1676 683 1726 τὸν
723 1681 917 1747 καιρὸν
963 1683 1370 1754 τοπαρχούσης·
1415 1688 1630 1758 Πέρσαι
1662 1691 1770 1758 γὰρ

211 1759 524 1828 Ῥωμαίους
554 1772 920 1837 νενικηκότες,
965 1776 1150 1847 ἐκείνῃ
1178 1779 1277 1846 τὴν
1306 1781 1404 1846 τῆς
1437 1780 1637 1850 Συρίας
1677 1783 1769 1834 καὶ

195 1853 455 1924 Φοινίκης
510 1860 809 1929 ἠγεμονίαν
866 1867 1194 1935 παρέδοσαν⁹
1234 1871 1450 1934 Παῦλος
1498 1868 1650 1936 οὗτος
1701 1875 1769 1926 τὰ

199 1947 342 2015 πρὸς
385 1950 687 2020 θεραπείαν
721 1959 905 2031 ἐκείνῃ
952 1961 1121 2014 θέλων
1168 1966 1345 2016 ποιεῖν
1397 1967 1464 2019 τὰ
1498 1967 1768 2018 Ἰουδαίων

197 2041 528 2110 φρονοῦσαν,
562 2050 655 2100 καὶ
673 2051 1001 2120 θεραπεύειν
1025 2055 1099 2117 ὡς
1130 2056 1376 2109 πλεῖστον
1399 2058 1765 2126 πειρώμενος,

197 2132 282 2192 εἰς
318 2134 417 2200 τὴν
448 2134 794 2206 Ἀρτέμωνος
822 2141 1112 2204 ἐξώκειλεν
1137 2145 1369 2213 αἰρεσιν.
1402 2147 1510 2198 Καὶ
1538 2146 1647 2216 γὰρ
1675 2164 1768 2199 τα-

198 2226 363 2279 πεινά
387 2243 511 2279 τινα
539 2231 632 2281 καὶ
662 2235 925 2302 χαμερπῆ
951 2239 1080 2302 περὶ
1112 2238 1351 2305 Χριστοῦ
1385 2238 1766 2306 ἐδογμάτιζενο

196 2315 275 2375 ὡς
309 2319 486 2380 κοινὸς
519 2320 810 2388 ἄνθρωπος
843 2321 910 2392 ἦν
959 2328 1058 2393 τὴν
1091 2328 1275 2393 φύσιν,
1317 2328 1480 2394 μηδέν
1510 2346 1560 2379 τι
1603 2329 1770 2379 πλέον

197 2427 370 2481 κεκτη
382 2415 540 2479 μένος
559 2415 734 2482 ἡμῶν·
754 2415 978 2484 ἄμοιρος
997 2418 1053 2470 δὲ
1073 2418 1222 2479 θείας
1240 2419 1454 2480 οὐσίας.
1487 2421 1767 2484 ἐνοικῆσαι

196 2500 244 2552 δ’
276 2503 335 2552 ἐν
361 2504 511 2571 αὐτῷ
546 2505 618 2566 ὠς
650 2508 708 2558 ἐν
737 2509 990 2577 προφήτῃ
1017 2509 1107 2560 τὸν
1130 2508 1264 2560 Θεοῦ
1290 2510 1436 2572 Υἱὺν,
1485 2512 1577 2562 καὶ
1607 2511 1769 2560 πάλιν

199 2594 570 2664 ἀπηλλάχθαι*
597 2600 688 2650 καὶ
712 2600 937 2652 τοιαῦτά
965 2618 1085 2651 τινα
1104 2601 1467 2670 παραπλήσια
1494 2601 1646 2668 παρὰ
1674 2600 1771 2669 τὴν

198 2685 668 2758 ἐκκλησιαστικὴν
709 2691 1024 2758 ἐνομοθέτει
1056 2691 1426 2744 διδασκαλίαν.
1460 2691 1630 2742 Τοῦτο
1665 2707 1768 2758 μα-

202 2776 392 2839 θόντες
409 2781 456 2828 οί
472 2781 728 2847 τηνικάδε
749 2782 854 2832 τῶν
871 2781 1175 2850 ἐκκλησιῶν
1195 2782 1472 2849 ποιμένες,
1491 2781 1588 2847 οὐχ
1613 2782 1773 2849 ὑπερ-

204 2866 341 2918 ιδεῖν
371 2869 639 2936 τοσαύτην
662 2869 938 2936 ἕρπουσιν
967 2871 1122 2922 νόσον
1151 2871 1485 2939 ἐδοκίμασαν
1513 2870 1646 2922 δείν’
1678 2873 1775 2923 καὶ

199 2958 378 3009 ταῦτα
405 2961 668 3026 συνεργὸν
707 2962 798 3012 τοῦ
835 2965 1026 3031 μίσους
1070 2964 1163 3014 καὶ⁵
1199 2962 1470 3031 τοσαύτην
1509 2963 1772 3032 μεγίστην

204 3049 363 3102 πόλιν
397 3055 832 3123 χειρωσαμένην.
879 3057 983 3107 Καὶ
1013 3057 1039 3106 ὁ
1076 3055 1174 3123 μὲν
1205 3057 1304 3123 τῆς
1365 3055 1772 3123 Ἀλεξανδρείας

1867 573 2068 626 factum
2102 591 2241 640 esse,
2293 589 2350 632 ut
2390 581 2651 648 Spiritum
2678 595 2927 640 sanctum
2960 603 3089 642 vero
3116 569 3182 642 ad
3220 604 3438 659 aposto-

1867 663 1949 718 los
1982 666 2287 730 advenisse.
2332 672 2468 725 Huic
2501 674 2812 746 Dionysius,
2856 678 3014 732 sicuti
3050 694 3080 732 a
3114 695 3308 750 magno
3342 681 3435 734 illo

1868 756 2027 812 Patre
2057 759 2260 814 Basilio
2294 763 2501 817 dictum
2533 776 2638 831 est,
2675 769 2957 832 resistens,
3012 771 3066 823 in
3097 773 3434 826 contrarium

1867 847 2120 918 delapsus
2147 863 2230 906 est
2266 855 2491 909 malum.
2524 856 2648 911 Haec
2683 859 2751 912 de
2782 859 3019 914 Sabellio
3052 862 3262 930 paucis.

2412 1145 2636 1201 CAPUT
2665 1146 2880 1202 XXVII.

1871 1236 1947 1290 De
1998 1239 2182 1292 literati
2228 1237 2386 1291 Pauli
2422 1238 2802 1294 Samosatem':
2853 1249 2900 1292 et
2948 1241 3010 1294 de
3041 1243 3214 1310 prima
3256 1252 3440 1296 contra

2364 1326 2481 1362 eam
2514 1320 2693 1364 coacta
2725 1312 2944 1380 synodo.

1940 1420 2017 1475 Eo
2057 1432 2322 1489 tempore,
2358 1421 2707 1476 Demetriano
2729 1425 2988 1494 episeopo
3013 1427 3319 1482 Antiochia:
3344 1427 3444 1481 de-

1871 1511 2078 1572 functo.
2115 1513 2316 1566 Paulus
2345 1513 2736 1567 Samosatenus
2769 1518 3026 1571 thronum
3059 1521 3178 1588 ejus
3204 1519 3442 1586 accepit,

1871 1621 1994 1659 cum
2027 1606 2264 1659 Zenobia
2296 1606 2414 1672 ejus
2438 1606 2541 1659 loci
2579 1622 2803 1674 regnum
2834 1609 3111 1663 obtineret
3139 1611 3237 1674 (1).
3269 1611 3446 1663 Persze

1871 1701 2039 1761 enim,
2067 1697 2325 1750 Romanis
2358 1698 2532 1752 victis.
2565 1697 3097 1752 administrationem
3130 1701 3176 1752 ei
3203 1700 3370 1770 Syriae
3391 1711 3448 1754 et

1804 1827 1843 1881 Β
1873 1790 2170 1846 Pbaznicia?
2207 1789 2569 1842 tradiderant.
2616 1787 2820 1842 Paulus
2858 1805 3021 1857 porro
3075 1792 3198 1854 iste,
3255 1807 3447 1845 curare

1873 1896 1991 1935 eam
2017 1881 2068 1934 in
2103 1880 2361 1949 religione
2382 1879 2761 1933 Judaizantem
2789 1881 2999 1940 volens.
3035 1882 3447 1949 plurimumque

1870 1987 2051 2040 operae
2074 1985 2129 2025 et
2159 1987 2302 2025 curae
2331 1971 2382 2022 in
2405 1985 2467 2024 ea
2493 1978 2640 2024 recte
2665 1969 3001 2023 instituenda
3023 1980 3186 2038 atque
3216 1985 3449 2024 conver-

1873 2065 2034 2117 tenda
2063 2077 2292 2132 ponens.
2329 2062 2380 2114 in
2415 2061 3034 2114 Artemonis-hmresim
3072 2062 3317 2128 impegit.
3355 2059 3451 2113 Ni-

1872 2150 1979 2208 mis
2009 2155 2155 2207 euiin
2189 2152 2417 2206 humilia
2452 2160 2617 2220 atque
2651 2150 2801 2204 humi
2833 2151 3117 2218 serpentia
3141 2150 3206 2202 de
3230 2148 3448 2202 Christo

1871 2248 2076 2300 docuit.
2114 2245 2470 2298 Communem
2496 2244 2700 2312 quippe
2725 2243 3002 2295 hominem
3036 2251 3229 2294 natura
3255 2240 3446 2300 fuisse.

1871 2352 2046 2406 neque
2080 2336 2375 2405 quidquam
2415 2334 2750 2403 praecipuum
2813 2348 2923 2400 prae
2964 2332 3122 2385 nobis
3171 2331 3446 2390 habuisse,

1870 2427 2136 2480 etdivina:
2159 2425 2475 2477 substantia:
2497 2433 2774 2490 expertem
2793 2422 3095 2485 exstitisse,
3117 2433 3280 2490 atque
3307 2421 3359 2473 in
3384 2436 3461 2476 eo.

1872 2518 2097 2588 perinde
2115 2526 2279 2584 atque
2307 2517 2360 2568 in
2383 2515 2646 2583 propheta
2678 2515 2873 2567 Filium
2894 2515 2989 2568 Dei
3012 2513 3372 2575 inhabitasse,
3395 2523 3454 2566 et

1873 2623 2091 2660 rursum
2112 2607 2255 2659 abeo
2277 2606 2630 2660 discessisse:
2663 2606 3034 2673 nonnullaque
3061 2605 3211 2658 hisce
3242 2603 3446 2656 similia

1872 2709 2059 2753 contra
2089 2697 2514 2752 ecclesiasticam
2550 2696 2851 2752 doctrinam
2891 2697 3128 2750 censuit.
3179 2693 3334 2758 Quod
3359 2693 3450 2745 ubi

1875 2801 1988 2844 tum
2018 2789 2372 2843 ecclesiarum
2415 2797 2663 2855 pastores
2690 2796 3089 2854 cognoverdnt,
3144 2802 3250 2838 non
3272 2784 3452 2852 despi-

1873 2878 2121 2933 ciendam
2156 2881 2465 2945 serpentem
2483 2878 2591 2944 jam
2616 2885 2818 2928 tantam
2842 2877 3222 2941 contagioneni
3239 2874 3454 2941 judica-

1877 2981 2029 3032 runt,
2053 2969 2325 3038 praecipue
2356 2983 2479 3021 cum
2502 2969 2776 3036 piaculum
2803 2967 2851 3020 id
2873 2967 3211 3019 domicilium
3239 2974 3295 3018 et
3332 2973 3455 3017 tan-

1875 3077 2039 3129 quam
2065 3060 2386 3129 adjutriccm
2421 3069 2527 3112 tam
2564 3075 2809 3128 magnam
2838 3072 3055 3112 nacwm
3075 3067 3218 3112 esset
3241 3056 3453 3110 urbem.

203 3145 510 3208 Διονύσιος,
550 3147 820 3214 ἐπίσημος
850 3145 924 3198 ὣν
950 3145 1215 3215 ἀνὴρ,διὰ
1243 3148 1422 3215 γῆρας
1451 3147 1776 3200 ἀνεϐάλλετο

1881 3155 2062 3220 Atque
2085 3151 2377 3220 Dionysius
2396 3151 2617 3219 quidem
2645 3151 3071 3211 Alexandrinus,
3096 3151 3178 3201 vir
3194 3147 3453 3229 celebris,

201 3237 309 3304 τὴν
360 3235 643 3302 ἐνδημίαν,
705 3237 800 3288 καὶ
851 3236 919 3288 δι’
972 3236 1260 3289 ἀσθένειαν
1304 3238 1775 3302 κατεπείγουσανο

204 3329 505 3398 γράμμασι
553 3329 611 3380 δὲ
659 3329 897 3398 κάκείνῳ
952 3329 1228 3398 παρῄνεσε
1273 3330 1341 3382 τὰ
1392 3330 1776 3397 προσήκοντα,

206 3421 305 3472 καὶ
336 3421 460 3481 τοὺς
497 3421 908 3489 συνδραμόντας
941 3426 1021 3482 εἰς
1050 3422 1139 3471 τὸν
1175 3420 1317 3490 ὑπὲρ
1358 3420 1640 3482 εὐσεϐείας
1674 3439 1778 3472 πα-

211 3515 471 3584 ραθήγων
498 3512 682 3581 ζῆλον,
735 3517 828 3565 καὶ
863 3513 962 3580 τὴν
1012 3513 1282 3581 σφετέραν
1321 3513 1547 3579 γνώμην
1576 3513 1642 3581 ἢν
1668 3513 1780 3580 ἔχει

209 3608 343 3675 περὶ
391 3604 486 3658 τοῦ
521 3606 884 3674 προκειμένου
922 3607 1237 3674 ζητήματος
1294 3605 1565 3672 ἔπεμπεν.
1607 3604 1676 3659 Oi
1721 3622 1782 3671 γε

214 3698 327 3767 μὴν
360 3697 537 3749 λοιπολ¹
565 3697 672 3749 τῶν
705 3694 1012 3764 ἐκκλησιῶν
1056 3697 1345 3765 ἡγεμόνες,
1386 3699 1462 3758 ὡς
1509 3699 1601 3749 ἐπὶ
1640 3696 1785 3764 θῆρα

211 3795 313 3846 καὶ
351 3791 606 3858 λυμεῶνά
628 3807 774 3854 τινα,
792 3790 1175 3857 ἁπανταχόθεν
1205 3790 1300 3841 ἐπὶ
1324 3790 1422 3858 τὴν
1450 3790 1783 3858 Ἀντιόχειαν

213 3882 340 3939 κατ’
369 3884 585 3949 ὀλίγους
617 3881 956 3951 ἡθροίζοντο,
997 3881 1250 3947 φάσγανα
1287 3885 1381 3932 καὶ
1413 3881 1613 3951 δόρατα
1644 3882 1783 3949 λαμ-

216 3976 362 4046 πρὸν
390 3977 808 4033 ὑποστίλῦοντα.
832 3976 1044 4044 τάληθῆ
1070 3976 1168 4041 τῆς
1188 3975 1520 4044 Ἐκκλησίας
1540 3975 1785 4042 δόγματα

217 4073 675 4143 προῦαλλόμενοι.
717 4069 939 4123 Τούτων
984 4069 1028 4119 δ’
1076 4066 1125 4118 οἳ
1187 4068 1424 4132 μάλιστα
1477 4067 1540 4119 τὰ
1596 4067 1786 4134 πρῶτα

219 4166 500 4234 ἐφέροντο,
562 4163 656 4216 καὶ
707 4161 784 4222 ὼς
817 4159 1143 4228 περιφανεῖς
1191 4158 1424 4227 ἀστέρες
1468 4158 1784 4227 διέπρεπον,

219 4256 522 4328 Γρηγόριος
553 4250 619 4323 ἦν
637 4255 663 4305 ό
692 4252 888 4321 μέγας,
917 4253 944 4303 ό
971 4253 1030 4301 ἐν
1055 4249 1295 4317 θαύμασι
1328 4249 1676 4317 περιϐόητος,
1694 4249 1789 4300 καὶ

236 4347 628 4415 Ἀθηνόδωρος,
651 4341 889 4409 τὰδελφά
917 4342 1110 4410 ἐκείνῳ
1139 4343 1231 4392 καὶ
1262 4339 1476 4410 φρονῶν
1497 4341 1589 4392 καὶ
1615 4339 1791 4406 λέγων

222 4438 320 4490 καὶ
347 4434 624 4502 πράττων,
653 4430 958 4499 ἡγούμενος
1007 4428 1114 4480 τῶν
1165 4429 1306 4479 κατὰ
1355 4427 1554 4480 Πόντον
1599 4444 1791 4496 παροι-

1882 3255 2105 3315 propter
2131 3253 2342 3297 aetatem
2368 3242 2642 3304 aﬂ‘ectam,
2673 3252 2726 3294 et
2747 3257 2970 3310 gravem
2996 3240 3452 3296 imbecillitatem,

1883 3336 2154 3406 prolicisei
2191 3351 2257 3388 eo
2307 3335 2555 3388 distulit.
2588 3333 2815 3387 Litteris
2854 3342 3038 3386 autem
3085 3339 3142 3384 et
3177 3331 3353 3399 ipsum
3386 3327 3454 3380 ad

1882 3427 2117 3481 oﬂicium
2149 3434 2234 3478 est
2261 3426 2604 3487 cohortatus,
2641 3433 2694 3475 et
2719 3426 2813 3476 eos
2843 3423 2934 3490 qui
2964 3423 3029 3474 ad
3055 3435 3182 3474 eum
3217 3417 3458 3473 conﬂue-

1869 3521 2034 3581 bant,
2065 3518 2131 3572 ad
2157 3501 2415 3571 ardorem
2439 3526 2496 3570 et
2519 3516 2926 3569 aemulationem
2955 3528 3096 3566 vera.-
3126 3510 3343 3580 pietatis
3364 3523 3456 3562 ex-

1885 3611 2053 3670 acuit,
2090 3608 2468 3678 judiciumque
2497 3623 2656 3660 suum
2697 3616 2753 3659 et
2788 3607 3116 3659 sententiam
3157 3605 3225 3657 de
3256 3617 3454 3670 propo-

1885 3702 1987 3753 sita
2019 3699 2323 3768 quaestione
2356 3700 2420 3749 ad
2452 3713 2547 3749 eos
2577 3697 2743 3749 misit.
2785 3695 2998 3763 Reliqui
3034 3709 3165 3747 vero
3200 3691 3460 3746 ecclesia-

1887 3807 2007 3844 rum
2041 3789 2335 3852 antistites,
2367 3789 2533 3841 veluti
2569 3789 2635 3840 ad
2671 3796 2975 3840 vastantem
3003 3793 3058 3838 et
3094 3783 3456 3852 perniciosam

1889 3883 2057 3936 feram
2093 3881 2512 3943 conﬁciendam,
2554 3879 2898 3938 Antiochiam
2925 3876 3289 3943 undequaqne
3318 3873 3460 3923 alios

1886 3985 2008 4044 post
2048 3973 2213 4026 alium
2247 3973 2735 4039 congregabantur,
2768 3965 3180 4035 resplendenles
3208 3977 3369 4014 enses
3405 3969 3462 4013 et

1889 4064 2165 4134 cuspides,
2197 4079 2324 4118 vera
2364 4061 2621 4115 Ecclesiae
2648 4060 2919 4127 dogmata,
2955 4073 3071 4125 pra:
3107 4071 3164 4108 se
3193 4055 3454 4108 ferentes.

1889 4156 2091 4208 Eorum
2150 4153 2309 4222 primi
2350 4151 2589 4204 nominis
2620 4159 2676 4202 et
2725 4148 2959 4200 maxime
3007 4145 3254 4200 celebres
3297 4141 3461 4194 sicuti

1890 4246 2059 4300 stellae
2092 4243 2367 4297 radiantes
2401 4240 2796 4310 praefulgebant
2842 4259 2853 4290 :
2896 4236 3194 4305 Gregorius
3235 4248 3463 4300 magnus

1893 4333 2006 4397 ille,
2031 4333 2316 4385 miraculis
2335 4331 2560 4385 edendis
2587 4330 2908 4383 decantatus
2937 4346 2948 4381 :
2981 4323 3459 4382 etAthenodorus,

1895 4425 2207 4488 sententiis,
2238 4423 2419 4476 verbis
2449 4430 2505 4475 et
2533 4420 2713 4480 factis,
2749 4420 2987 4473 fraterne
3023 4417 3182 4487 42],
3232 4415 3304 4467 illi
3335 4429 3468 4467 con-

223 4493 754 4595 κιῶν·“Φιρμιλιανός
771 4493 831 4576 τὲ
858 4524 886 4575 ὁ
905 4521 1006 4589 τῆς
1033 4519 1421 4574 Καππαδόκων
1452 4493 1777 4588 Καισαρείας

1891 4520 2115 4589 junctus
2151 4534 2162 4570 :
2199 4516 2548 4570 Ponticarum
2577 4512 2930 4567 ecclesiarum
2979 4507 3244 4578 episcopi,
3272 4505 3468 4558 Firmi-

223 4619 456 4687 ποιμὴν,
510 4615 816 4685 περιφανὴς
873 4616 1032 4682 ἀνὴρ,
1081 4614 1177 4665 καὶ
1229 4613 1490 4680 ἑκατέρας
1541 4611 1796 4680 γνώσεως

224 4710 621 4782 ηκμὸωμένας
664 4707 805 4776 ἔχων
849 4704 948 4767 τὰς
983 4705 1158 4768 ἕξεις·
1197 4705 1290 4757 ἐπὶ
1320 4703 1535 4767 τούτοις
1576 4704 1797 4760 Ἕλενος

222 4807 252 4856 ὁ
285 4802 387 4872 τὴν
421 4800 661 4852 Κιλίκων
714 4798 902 4859 ίθύνας
952 4796 1289 4866 μητρόπολιν
1334 4797 1390 4848 ἐν
1420 4797 1623 4865 Ταρσῷ
1647 4812 1661 4824 '
1698 4795 1797 4848 Νι-

224 4893 404 4964 κομᾶς
438 4908 498 4943 τε
520 4893 547 4942 ό
576 4890 676 4959 τῆς
699 4889 972 4942 Ἰκονιέων
1002 4887 1434 4956 κατακοσμήσας
1462 4889 1553 4939 τὸν
1584 4886 1791 4955 θρόνον·

225 4988 292 5037 ἐκ
323 4985 382 5037 δὲ
419 4982 782 5051 Παλαιστίνης
813 4984 841 5033 ό
872 4981 970 5050 τὴν
1002 4979 1394 5049 Ἱεροσολύμων
1418 4980 1796 5046 ἐπισκοπήσας

235 5076 562 5146 ’Υμέναιοςο
597 5075 694 5141 τῆς
735 5090 796 5125 τε
830 5075 1032 5142 ὁμόρου
1088 5071 1261 5142 ταύτῃ
1296 5069 1627 5138 Καισαρείας
1670 5069 1800 5120 Θεό-

224 5184 458 5230 τεκνος·
512 5167 764 5234 Μάξιμός
815 5181 875 5217 τε
934 5164 1070 5233 πρὸς
1122 5163 1355 5224 τούτοις,
1410 5163 1466 5223 6,-
1510 5163 1620 5213 τῶν
1655 5160 1797 5212 κατὰ

227 5261 476 5329 Βόστραν
517 5257 762 5324 ἀδελφῶν
810 5260 1064 5325 προεῖχεν
1091 5275 1102 5287 ·
1137 5255 1394 5323 Θεόφιλός
1438 5270 1496 5306 τε
1534 5255 1625 5306 καὶ
1658 5255 1797 5322 Πρό-

303 5419 380 5484 il)
426 5434 445 5467 ι
486 5413 542 5467 In
587 5413 810 5468 Oriente
838 5411 1117 5484 Odenatus
1171 5411 1363 5484 Persas
1402 5409 1795 5484 vicit,_Sy;riam

230 5480 501 5550 defendit,
537 5483 977 5549 Mesopotamiam
1030 5482 1254 5548 recepit,
1293 5497 1463 5549 usque
1506 5481 1572 5533 ad
1625 5480 1798 5534 Ctesi—

230 5552 812 5626 phontemgpervenit.
849 5551 1210 5626 Deinde_vero
1245 5566 1367 5603 cum
1418 5552 1526 5602 lilio
1559 5550 1793 5626 Herode,

233 5620 443 5693 Sapore
481 5620 622 5676 victo
652 5621 780 5691 \fuit
814 5632 1013 5693 autem
1054 5621 1502 5693 Palmyrenorum
1541 5620 1796 5693 princeps

233 5689 537 5752 Od'enatus.
599 5689 668 5744 et'
709 5707 736 5743 a
801 5691 1028 5744 Galieno
1085 5691 1134 5741 in
1201 5692 1515 5743 societatem
1579 5689 1793 5755 imperii

236 5765 502 5825 adscitus)
538 5762 752 5817 insidiis
783 5760 1095 5815 consobrini
1138 5763 1221 5814 sui
1256 5761 1469 5815 occisus
1500 5768 1595 5812 est.
1629 5759 1795 5831 Cujus

1898 4611 2076 4673 lianus
2109 4608 2370 4663 Casarea:
2409 4606 2792 4675 Cappadocum
2826 4603 3084 4661 antistes,
3118 4605 3203 4651 vir
3243 4597 3466 4666 praecla-

1898 4717 2016 4762 rus,
2047 4709 2100 4753 et
2129 4698 2412 4764 utriusque
2434 4696 2649 4765 generis
2669 4696 2980 4748 litteratura
3003 4705 3213 4746 summe
3231 4691 3465 4743 ductus:

1898 4791 2137 4845 Helenus
2178 4787 2497 4856 metropolis
2529 4786 2684 4840 Tarsi
2707 4786 2935 4839 Cilicum
2971 4785 3262 4852 episcopus
3294 4800 3306 4833 :
3337 4799 3467 4850 pra:-

1898 4893 2043 4936 terea
2076 4881 2326 4934 Nicomas
2357 4878 2546 4940 lconii,
2576 4879 2901 4946 Hymenaeus
2936 4875 3462 4945 Hierosolymorum,

1896 4985 1952 5029 et
2000 4975 2258 5028 Caesareas
2301 4972 2601 5026 Palaestina:
2653 4971 2736 5023 bis
2796 4970 3040 5022 ﬁnitimae
3093 4969 3464 5024 Theotecnus.

1898 5067 2164 5135 episcopi.
2231 5065 2495 5116 Maximus
2543 5064 2787 5129 insuper,
2825 5061 2919 5130 qui
2969 5061 3231 5113 fratribus
3261 5060 3466 5112 Bostra:

1898 5158 2114 5228 praefuit
2149 5178 2162 5210 :
2202 5156 2559 5223 Theophilus,
2601 5154 2846 5215 Proclus,
2903 5152 3198 5212 Eleliauus,
3237 5151 3460 5210 Paulus,

1899 5251 2223 5321 Babylianus
2271 5248 2368 5317 (‘2),
2430 5248 2786 5315 Protogenes,
2839 5244 3071 5308 Hicrax,
3131 5243 3463 5312 Eutychius,

1901 5423 2036 5462 uxor
2087 5406 2323 5460 Zenobia
2375 5420 2496 5458 cum
2548 5401 2895 5456 llerenniano
2938 5413 2993 5455 et
3045 5401 3289 5454 Timolao
3339 5399 3464 5451 ﬁliis

1901 5494 2125 5546 regnum
2175 5477 2438 5531 obtinuit.
2478 5473 2608 5525 Eam
2640 5473 2991 5546 Aurelianus
3048 5487 3157 5523 non
3194 5467 3464 5546 louge__ab

1898 5538 2226 5610 Antiochia,
2285 5546 2455 5612 magis
2524 5545 2691 5609 prmlii
2741 5554 2980 5604 terrore,
3029 5555 3190 5612 quain
3253 5538 3462 5607 praelia,

1900 5619 2044 5685 cepit
2081 5635 2092 5669 :
2129 5633 2248 5683 qua:
2295 5610 2517 5668 currum
2559 5614 2677 5681 ejus
2721 5612 3111 5680 triumphantis
3138 5610 3297 5664 Rom.
3329 5622 3466 5678 pra:-

1901 5689 2080 5741 cessit.
2126 5704 2141 5734 ι
2178 5685 2454 5752 (Eutrop)

1974 5758 2046 5823 it!)
2079 5757 2200 5816 Alii,
2240 5755 2493 5806 Bolanus.
