4184 6440
750 374 887 437 1187

1970 361 2395 423 NICEPHORI
2439 363 2526 421 CA
2540 362 2786 422 LLlSTl

3884 360 4035 425 1188

745 489 989 545 studium
1045 497 1241 549 suum,
1292 490 1349 536 et
1404 480 1557 536 Pauli
1592 493 1825 532 -moruni
1889 476 2328 546 improbitatem,

2451 496 2494 531 ιε
2526 480 2620 531 καὶ
2652 478 2877 549 βιοτήν·
2909 479 2965 546 ἐξ
3003 474 3069 551 ἧς
3115 479 3271 548 ὀλίγα
3310 480 3639 549 παραθεῖναι
3675 479 3751 548 τῷ
3784 483 4035 549 παρόντι

752 580 1275 651 disputationesque
1303 582 1358 628 et
1393 570 1808 635 confutationes
1853 568 2124 639 publicas,
2161 574 2327 637 atque

749 678 1026 743 impuram
1074 669 1525 737 impudicamque
1574 663 1813 717 hominis
1855 662 2025 713 vitam
2058 674 2330 729 exposuco

750 773 906 819 runt.
939 762 1093 817 Unde
1126 774 1297 830 pauca
1334 757 1587 826 quaedam
1624 756 1731 808 huc
1763 753 1965 807 afferre
1996 752 2226 821 placuit.

1211 872 1378 944 [.21.
1415 869 1640 926 CAPUT
1695 868 1868 923 xxx.

754 968 993 1040 Epistola
1019 967 1203 1037 synodi
1234 966 1599 1040 dntiochenaf,
1638 962 2052 1040 immoderatam
2083 966 2131 1011 et
2169 956 2326 1010 luxu-

1003 1035 1200 1091 riosam
1231 1035 1567 1088 Samosateni
1600 1037 1760 1086 vitam
1788 1046 2074 1099 exponens.

822 1155 891 1209 Et
925 1154 1030 1207 alia
1066 1151 1291 1220 quidem
1324 1140 1741 1217 praetermittam
1773 1160 1790 1199 ε
1827 1160 1950 1213 qua:
1986 1157 2117 1196 vero
2153 1156 2336 1195 mores

754 1249 877 1317 ejus
899 1286 913 1309 ,
950 1244 1120 1298 veluti
1155 1243 1209 1295 in
1242 1241 1558 1294 columnam
1594 1237 1768 1291 incisa
1796 1274 1810 1298 ,
1851 1233 2164 1296 declarant,
2206 1248 2335 1301 per-

754 1351 1000 1393 curram.
1034 1334 1110 1387 Ea
1150 1333 1230 1387 sic
1263 1332 1513 1385 habent:
1554 1346 1573 1379 ι
1614 1328 1916 1395 Postquam
1951 1341 1981 1379 a
2021 1340 2234 1379 canone
2279 1333 2336 1377 et

754 1430 943 1500 regula
974 1429 1207 1482 sincerae
1253 1425 1523 1479 doctrina:
1568 1424 1852 1492 digressus
1880 1461 1896 1485 ,
1947 1423 2013 1475 ad
2048 1420 2336 1487 illegitima

754 1533 810 1577 et
860 1522 1173 1576 adulterina
1228 1519 1485 1587 dogmata
1536 1516 1820 1577 descivit,
1874 1514 2011 1568 nihil
2063 1529 2203 1584 opus
2253 1522 2339 1567 est

756 1616 1005 1670 actiones
1039 1614 1162 1683 ejus
1199 1624 1356 1665 extra
1406 1609 1708 1673 Ecclesiam
1745 1622 2082 1662 recensere:
2133 1622 2335 1677 neque,

757 1707 1090 1775 cum-prius
1147 1718 1354 1772 pauper
1407 1701 1576 1754 fuerit
1621 1708 1677 1754 et
1731 1700 2070 1765 mendicus,
2129 1698 2337 1769 quippe

2432 572 2639 625 δίκαιον
2667 576 2904 646 ἥγημαι.

2892 838 2935 895 θ
3040 866 3415 943 KE¢§A.Az

2450 961 2785 1026 Ἐπιστολὴ
2816 960 2927 1030 τῆς
2956 960 3023 1012 ὲν
3074 958 3405 1030 Ἀντιοχείᾳ
3443 957 3739 1020 συνόδου.
3773 961 3891 1024 τὴν
3915 960 4034 1013 τοῦ

2512 1031 2912 1100 Σαμοσατέως
2940 1029 3310 1099 dim-cvm
3339 1030 3694 1083 ἀκόλαστον
3732 1029 3997 1084 δίαιταν.

2509 1145 2591 1198 Τὰ
2628 1144 2728 1213 μὲν
2764 1143 2858 1197 οὖν
2889 1143 3026 1196 ἄλλα
3061 1143 3300 1211 παρήσω
3325 1157 3339 1173 ·
3373 1142 3476 1195 ὅσα
3501 1140 3548 1194 δ’
3576 1140 3645 1194 ἂν
3676 1139 3769 1194 τδν
3812 1143 4035 1204 ἐκείνου

2439 1235 2515 1298 ὡς
2572 1236 2631 1288 ἐν
2688 1235 2861 1305 στήλῃ
2918 1234 3039 1304 βίον
3089 1232 3526 1306 διαγορεύουσιν,
3580 1232 4029 1302 ἐπιδραμοῦμαι,

2438 1326 2630 1377 τοῦτον
2658 1325 3020 1395 ύφηγούμενα
3045 1324 3138 1377 τὸν
3165 1326 3370 1392 τρόπον
3388 1339 3403 1355 ⁸
3444 1340 3463 1373 ι
3490 1322 3668 1375 Ὅπου
3684 1338 3747 1389 γε
3775 1323 4032 1383 ἀποστὰς

2439 1418 2533 1472 τοῦ
2576 1420 2825 1481 κανόνος,
2862 1418 2953 1469 ἐπὶ
2991 1416 3225 1483 κίὸδηλα
3253 1417 3352 1471 καὶ
3370 1416 3501 1469 νόθα
3541 1414 3855 1481 διδάγματα
3889 1431 4015 1481 μετ-

2441 1509 2738 1578 ελήλυθεν,
2786 1510 2940 1563 οὐδὲν
3003 1510 3089 1561 δεῖ
3131 1507 3227 1561 τοῦ
3275 1508 3384 1573 ἔξω
3429 1508 3584 1568 δντος
3633 1509 3731 1570 τὰς
3787 1506 4031 1574 πράξεις

2441 1605 2649 1675 κρίνειν
2674 1620 2690 1635 ο
2721 1603 2832 1656 οὐδ’
2877 1604 2961 1656 ὅτι
3011 1602 3277 1673 πρότερον
3308 1601 3480 1671 πένης
3526 1600 3605 1653 ὢν
3639 1602 3736 1653 καὶ
3783 1599 4027 1665 πτωχὸς,

2447 1698 2575 1768 μήτ’
2618 1696 2684 1749 ἐκ
2728 1696 2981 1766 πατέρων
3036 1692 3377 1762 παραλαϐὼν
3426 1691 3701 1761 μηδεμίαν
3732 1690 4029 1759 εὐπορίαν,

760 1802 853 1869 qui
887 1813 1069 1867 neque
1104 1814 1133 1851 a
1171 1795 1497 1866 parentibus
1528 1795 1925 1863 patrimonium
1958 1793 2184 1862 aliquod
2248 1808 2338 1845 ac-

2451 1793 2585 1858 μήτε
2620 1792 2684 1843 ἐκ
2718 1790 2915 1858 τέχνης
2940 1790 2975 1860 ἦ
3007 1804 3152 1849 τινος
3181 1785 3619 1856 ἐπιτηδεύματος
3651 1784 4030 1853 κτησάμενος.

760 1891 1019 1959 cepisset,
1046 1903 1226 1955 neque
1254 1899 1369 1941 arte
1401 1897 1496 1941 aut
1523 1887 1708 1941 studio
1737 1885 1994 1954 quopiam
2034 1884 2335 1953 quidquam

758 1991 1024 2049 parasset,
1052 1979 1199 2048 quod
1233 1980 1298 2030 ad
1326 1979 1627 2032 immensas
1658 1993 1794 2047 opes
1847 1992 1943 2046 per
1974 1977 2198 2032 fraudes
2233 1977 2336 2029 ini-

758 2073 1055 2141 quissimas
1096 2079 1153 2124 et
1204 2071 1494 2139 sacrilegia
1545 2070 1911 2138 pervenerit:
1957 2085 2136 2138 neque
2168 2072 2338 2125 etiam

757 2180 880 2234 quae
928 2163 1130 2218 fratres
1176 2164 1468 2217 excutiens
1520 2162 1809 2232 exegerit,
1861 2164 2089 2231 przemia
2138 2161 2207 2214 ab
2257 2162 2340 2214 eis

757 2272 900 2326 quos
952 2257 1156 2323 injuria
1203 2255 1390 2309 aﬂ'ecit
1437 2257 1702 2324 capiens,
1750 2264 1804 2309 et
1850 2256 2105 2308 mercede
2148 2270 2207 2309 se
2258 2254 2342 2307 eis

757 2365 920 2418 opem
952 2350 1193 2403 laturum
1220 2348 1515 2416 pollicens.
1547 2361 1689 2415 quos
1716 2359 1899 2399 tamen
1930 2346 2082 2414 ipsos
2109 2346 2337 2400 fefellit:

764 2444 1077 2509 frustraque
1110 2442 1309 2494 uberes
1348 2439 1560 2493 fructus
1607 2440 1951 2508 percipiens,
2005 2456 2072 2493 ex
2105 2455 2342 2508 propen-

766 2538 920 2588 sione
952 2546 1009 2587 et
1045 2532 1489 2602 promptitudine
1522 2548 1717 2585 eorum
1754 2533 1849 2601 qui
1894 2534 2128 2601 negotiis
2158 2530 2341 2599 impli-

763 2626 862 2680 citi
896 2640 964 2678 eo
1006 2624 1231 2677 nomine
1274 2622 1354 2675 illi
1400 2621 1717 2687 dederunt,
1762 2630 1822 2675 ut
1862 2622 2111 2674 molestia
2158 2621 2342 2675 litium

761 2716 1227 2784 defungeremur,
1261 2725 1591 2781 proventum
1626 2722 1793 2782 atque
1828 2713 2064 2781 vectigal
2100 2713 2194 2767 Dei
2227 2713 2345 2767 cul-

762 2821 879 2863 tum
907 2823 1035 2863 esse
1069 2809 1279 2862 ducens
1306 2824 1319 2860 :
1350 2814 1529 2876 n‘eque
1554 2816 1613 2860 ut
1641 2808 1734 2860 ille
1764 2807 2126 2876 superbierit,
2160 2808 2347 2862 subla-

766 2914 966 2970 iusque
985 2898 1157 2953 fuerit
1180 2898 1475 2952 mundanis
1493 2898 1884 2967 dignitatibus,
1904 2898 2246 2953 ducenarius
2266 2898 2344 2969 (l)

766 2993 952 3062 potius
994 3006 1159 3060 quam
1205 2990 1499 3060 episcopus
1542 2990 1733 3044 vocari
1780 2991 2016 3046 volens:
2056 3006 2239 3060 neque
2286 3003 2347 3045 ut

764 3102 864 3157 per
891 3086 1070 3140 forum
1097 3085 1335 3154 superbe
1363 3083 1672 3149 incesserit,
1694 3084 1975 3154 simulque
2002 3094 2057 3139 et
2082 3085 2345 3155 epistolas

2441 1880 2537 1932 νῦν
2565 1882 2644 1942 εἰς
2677 1879 3093 1948 ὑπερϐάλλοντα
3123 1876 3357 1929 πλοῦτον
3381 1876 3645 1945 ἐλήλακεν
3680 1876 3741 1940 ἐξ
3776 1873 4032 1943 ἀνομιῶν

2439 1972 2534 2024 καὶ
2570 1954 2892 2039 ίεροσυλξῶν
2914 1987 2929 2002 ·
2968 1972 3063 2025 καὶ
3093 1964 3168 2023 ὧν
3218 1972 3445 2022 ἁπαιτεί
3481 1970 3576 2021 καὶ
3619 1966 3852 2021 διασείει
3900 1968 4031 2027 τοὺς

2441 2068 2728 2133 ἀδελφοὺς,
2786 2066 3221 2136 καταδραὸεύων
3271 2066 3399 2127 τοὺς
3452 2065 3872 2134 ἀδικουμένους,
3930 2062 4033 2114 καὶ

2441 2161 2880 2231 ὑπισχνούμενος
2944 2159 3237 2230 βοηθήσειν
3289 2158 3529 2228 μισθοῦο
3573 2158 3911 2226 ψευδόμενος
3967 2155 4032 2209 δὲ

2443 2256 2537 2306 καὶ
2572 2253 2818 2314 τούτους,
2849 2254 2946 2306 καὶ
2999 2255 3180 2322 μάτην
3228 2254 3619 2323 καρπούμενος
3665 2252 3765 2320 τὴν
3812 2252 3925 2304 τῶν
3968 2254 4037 2304 ἐν

2444 2347 2770 2416 πράγμασιν
2796 2347 2967 2400 ὀντων
2999 2346 3332 2414 ἑτοιμότητα
3364 2345 3503 2414 πρὸς
3532 2345 3593 2396 τὸ
3625 2344 3849 2405 διδόναι,
3883 2342 4039 2411 ὑπὲρ

2443 2441 2767 2509 ἀπλλλαγῆς
2816 2441 2925 2493 τῶν
2973 2441 3360 2510 ἐνοχλούντων,
3406 2439 3678 2509 πορισμὸν
3720 2437 4044 2507 ἡγούμενος

2444 2533 2541 2601 τὴν
2596 2534 2942 2585 θεοσέὅειαν·
2983 2536 3077 2586 καὶ
3133 2532 3257 2586 οὔτε
3314 2533 3390 2594 ὡς
3448 2532 3628 2603 ὑψηλὰ
3686 2536 3877 2602 φρονεῖ
3937 2532 4047 2584 καὶ

2448 2628 2757 2696 ὑπερῆρται
2829 2626 3073 2695 κοσμικὰ
3130 2626 3423 2693 ἀξιώματα
3487 2626 3879 2695 ὑποδυόμενος,
3936 2629 4045 2678 καὶ

2445 2720 2788 2785 δουκινάριος
2826 2720 3029 2787 μᾶλλον
3077 2720 3109 2786 ἢ
3149 2721 3451 2782 ἐπίσκοπος
3503 2719 3677 2772 θέλων
3717 2720 4045 2784 καλεῖσθαι,

2448 2813 2541 2868 καὶ
2575 2810 2749 2862 σούῶν
2774 2810 2916 2863 κατὰ
2953 2811 3051 2880 τῆς
3094 2811 3327 2881 ἀγορᾶς,
3357 2811 3451 2864 καὶ
3500 2811 3794 2874 ἐπιστολὰς
3834 2814 4043 2878 ἀναγι-

2449 2901 2676 2955 νώσκων
2705 2903 2801 2955 καὶ
2834 2903 3198 2974 ὑπαγορεύων
3226 2906 3366 2974 ἅμα,
3394 2904 3630 2973 βαδίζων
3663 2904 3910 2974 δημοσίᾳ
3940 2906 4044 2957 καὶ

2448 2994 2940 3066 δορυφορούμενος,
2972 2996 3082 3049 τῶν
3119 2997 3219 3063 μὲν
3270 2999 3788 3069 προπορευομένων,
3835 2998 3949 3049 τῶν
3983 2998 4042 3050 δὲ

2451 3086 2806 3155 ἐφεπομένων
2851 3086 3068 3138 πολλῶν
3100 3086 3197 3138 τὸν
3243 3086 3479 3157 ἀριθμόν
3502 3102 3517 3115 ·
3556 3088 3635 3150 ὡς
3685 3087 3784 3141 καὶ
3808 3088 3913 3158 τὴν
3951 3091 4043 3141 πῖ.

765 3181 961 3251 legerit
995 3189 1053 3232 et
1084 3178 1422 3241 dictaverit,
1453 3193 1579 3231 cutn
1618 3177 1883 3231 satellitio
1926 3177 2227 3246 publicitus
2259 3179 2345 3231 in-

2455 3198 2574 3234 στιν
2606 3180 2922 3249 φθονεῖσθαι
2964 3181 3062 3235 καὶ
3095 3182 3380 3250 μισεῖσθαι
3426 3182 3514 3236 διὰ
3539 3183 3631 3235 τὸν
3667 3184 3837 3251 ὄγκον
3868 3184 4043 3238 αὑτοῦ

766 3276 1060 3344 grediens,
1095 3289 1293 3342 magno
1334 3288 1568 3327 numero
1597 3272 1685 3327 his
1720 3273 2196 3342 praecedentibus,
2237 3273 2347 3337 illis

767 3369 1167 3437 sequentibus:
1202 3367 1341 3421 adeo
1374 3377 1452 3430 ut,
1496 3376 1722 3437 propter
1758 3366 1958 3421 fastum
1990 3375 2047 3422 et
2078 3382 2346 3437 arrogan-

770 3463 901 3516 tiam
949 3461 1136 3515 cordis
1181 3461 1336 3527 ejus,
1385 3460 1521 3513 fides
1572 3471 1758 3513 nostra
1808 3475 2031 3529 gravem
2083 3460 2346 3513 invidiam

768 3551 1069 3620 odiumque
1093 3566 1454 3620 permagnum
1480 3550 1734 3604 subierit.
1762 3550 1880 3604 Non
1904 3550 2065 3603 etiam
2094 3550 2149 3603 in
2173 3551 2350 3604 cccle-

768 3644 1009 3698 siasticis
1074 3644 1439 3698 conventibus
1471 3654 1837 3698 monstrosam
1862 3644 1983 3713 ejus
2006 3644 2347 3711 superbiam,

772 3725 943 3807 quani
979 3737 1346 3807 aucupatione
1393 3736 1551 3790 fama:
1585 3747 1639 3787 et
1683 3737 1904 3805 gloriae,
1955 3747 2011 3790 et
2052 3737 2347 3791 oculorum

770 3828 1097 3903 przestigiis.
1139 3831 1504 3897 fucorumque
1546 3829 1905 3883 meditatione
1941 3838 2031 3883 cst
2078 3830 2344 3883 molitus:

770 3923 974 3992 quibus
1014 3921 1182 3975 rebus
1226 3920 1628 3989 simpliciorum
1673 3921 1888 3974 animas
1923 3922 2260 3985 conterruit,
2294 3932 2351 3977 et

771 4012 1220 4067 censternatione
1254 4009 1540 4078 implevit,
1580 4010 1821 4064 tribunal
1852 4011 2079 4079 quidem
2110 4021 2166 4065 et
2197 4012 2352 4063 thro-

775 4122 905 4160 num
933 4106 1189 4160 altiorem
1217 4102 1325 4157 sibi
1350 4113 1702 4165 construens,
1734 4119 1842 4156 non
1870 4113 1927 4156 ut
1948 4103 2152 4158 Christi
2181 4104 2355 4158 disci-

773 4197 961 4265 polus,
986 4204 1262 4249 secretum
1292 4209 1423 4247 vero
1453 4195 1619 4247 sicuti
1650 4196 1839 4248 mundi
1872 4194 2151 4264 principes
2177 4206 2231 4249 et
2257 4195 2353 4247 ha-

774 4288 912 4341 bens
957 4296 1014 4341 et
1063 4286 1356 4339 nominans
1393 4285 1505 4355 (2):
1559 4286 1907 4355 subindeque
1956 4267 2137 4340 femur
2188 4302 2351 4339 manu

775 4380 1034 4450 pulsans,
1064 4387 1119 4430 et
1152 4386 1471 4445 suggestum
1519 4378 1757 4446 pedibus
1798 4380 2078 4447 quatiens.
2117 4378 2271 4442 Quod
2307 4380 2350 4432 si

774 4471 869 4540 qui
915 4470 1028 4521 haec
1072 4483 1180 4521 non
1227 4467 1548 4528 laudarent,
1592 4469 1829 4537 etquod
1866 4471 1919 4521 in
1966 4469 2201 4523 theatris
2234 4469 2350 4523 fieri

776 4565 946 4626 solet,
992 4561 1301 4614 orariorum
1330 4570 1386 4614 et
1433 4560 1727 4614 fasciarum
1772 4562 2019 4615 tenuium
2054 4563 2353 4631 jactatione

778 4664 836 4708 et
857 4655 1226 4707 concussione
1252 4668 1360 4706 non
1390 4653 1812 4721 applauderent,
1838 4655 2008 4722 quive
2036 4671 2143 4721 nop
2173 4657 2355 4709 accla-

781 4757 1029 4811 marent,
1065 4754 1230 4815 atque
1273 4746 1464 4799 itidem
1502 4746 1682 4813 utqui
1723 4746 1870 4799 circa
1913 4748 2091 4814 ipsum
2137 4750 2357 4803 stabant

782 4838 1038 4893 factionis
1067 4838 1186 4905 ejus
1218 4837 1509 4889 exsilircnt
1531 4878 1543 4898 .
1583 4838 1653 4889 ab
1684 4839 1765 4890 eis
1804 4838 1906 4891 sibi
1944 4838 2202 4909 injuriam
2236 4840 2357 4893 ﬁeri

783 4930 1035 4997 putabat.
1061 4927 1151 4981 Sic
1175 4926 1323 4980 enim
1350 4940 1406 4981 et
1431 4928 1532 4980 viri
1560 4939 1615 4980 et
1643 4927 1902 4981 mulieres
1929 4931 2351 4983 concionanteni

783 5021 1042 5074 indecore
1077 5019 1377 5073 admodum
1409 5019 1728 5074 audiebant.
1758 5018 1924 5091 425
1959 5023 2138 5090 Atque
2171 5022 2223 5074 in
2257 5036 2357 5075 eos

783 5115 902 5181 qui,
928 5123 987 5166 ut
1017 5114 1072 5166 in
1105 5115 1271 5166 domo
1303 5112 1420 5175 Dei,
1452 5120 1597 5166 statu
1627 5114 1876 5182 corporis
1908 5114 1975 5167 ad
2010 5129 2230 5183 gravem
2261 5115 2359 5166 de-

784 5214 1108 5272 centemque
1141 5202 1393 5256 habitum
1425 5204 1732 5272 composito
1771 5204 2063 5266 sederent,
2100 5204 2359 5257 acerbius

858 5390 932 5455 (l)
979 5390 1318 5443 llucenarius
1368 5390 1623 5458 princeps
1682 5390 1845 5445 oﬂicii
1904 5390 2026 5449 fuit,
2074 5391 2157 5444 vel
2212 5391 2356 5459 apud

785 5468 1103 5529 practecium
1150 5462 1528 5527 Augustalem.
1557 5462 1640 5513 vel
1682 5464 1825 5527 apud
1876 5462 2131 5514 comitem
2165 5460 2360 5514 Orien-

787 5534 877 5590 tis,
908 5531 988 5581 vel
1026 5532 1190 5582 etiam
1228 5534 1371 5597 apud
1421 5531 1559 5583 alios
1604 5531 2011 5596 provinciarum
2050 5530 2357 5598 praefectos,

786 5601 993 5653 ascitus
1033 5615 1097 5651 ex
1140 5600 1326 5651 schola
1378 5603 1656 5668 agentium
1695 5600 1746 5652 in
1784 5602 1969 5661 rebus,
2001 5606 2094 5668 qui
2129 5601 2357 5654 adorata

786 5670 1075 5721 clementia
1118 5671 1404 5737 principali
1434 5687 1559 5723 cum
1604 5670 1909 5738 insignibus
1939 5674 2144 5724 exibat.
2176 5673 2223 5724 Is
2258 5672 2360 5724 sub

788 5753 847 5792 se
888 5739 1130 5809 habebat
1175 5738 1645 5801 Cornicularium,
1674 5741 2018 5809 Adjutorem.
2064 5744 2361 5795 Commen-

800 5808 1115 5875 taricuscm,
1148 5809 1228 5862 Ab
1273 5814 1431 5877 actis,
1458 5808 1835 5878 humeruribs,
1868 5812 2225 5880 Exceptorcs,
2251 5822 2358 5865 etc.

2452 3276 2545 3328 καὶ
2574 3275 2673 3344 τὴν
2699 3274 3083 3345 ὑπερηφανίαν
3112 3274 3213 3345 τῆς
3236 3276 3466 3346 καρδίας
3489 3290 3505 3305 ⁸
3539 3276 3664 3331 οὗτε
3700 3277 3803 3348 τὴν
3824 3280 3890 3331 ἐν
3915 3281 4045 3341 ταῖς

2451 3369 2937 3440 ἐκκλησιαστικαῖς
2980 3370 3222 3431 συνόδοις
3273 3372 3584 3439 τερατείαν,
3616 3372 3685 3441 ἢν
3716 3376 4043 3441 μηχανᾶται

2450 3459 2759 3526 δοξοκοπῶν
2807 3461 2902 3513 καὶ
2947 3460 3432 3528 φαντασιοκοπῶν,
3479 3462 3574 3514 καὶ
3607 3464 3705 3525 τὰς
3740 3464 3855 3515 τῶν
3907 3466 4045 3515 ἁκε-

2456 3551 2756 3621 ραιοτέρων
2811 3551 2989 3621 ψυχὰς
3017 3553 3133 3613 τοῖς
3178 3551 3447 3615 τοιούτοις
3498 3554 3849 3625 ἐκπλήττων,
3884 3556 4043 3625 βῆμα

2457 3641 2557 3709 μὲν
2586 3643 2683 3693 καὶ
2728 3640 2918 3709 θρόνον
2962 3642 3169 3711 ὑψηλὸν
3220 3643 3402 3712 ἐαυτῷ
3452 3648 4043 3714 κατασκευασάμενος,

2453 3735 2552 3803 οὐχ
2598 3735 2676 3796 ὡς
2725 3735 2969 3805 Χριστοῦ
3014 3735 3287 3806 μαθητὴς,
3330 3736 3590 3805 σίκρητον
3638 3739 3693 3790 δὲ
3749 3739 3947 3809 ῶσπερ
3996 3744 4045 3794 ol

2453 3828 2547 3880 τοῦ
2577 3828 2781 3897 κόσμου
2816 3829 3080 3899 ἄρχοντες
3106 3830 3248 3899 ἔχων
3274 3848 3333 3883 τε
3360 3836 3456 3884 καὶ
3489 3832 3776 3902 ὀνομάζων
3803 3848 3819 3863 ·
3862 3838 4047 3889 παξων

2453 3937 2512 3972 τε
2545 3923 2611 3990 τῇ
2654 3921 2802 3990 χειρὶ
2828 3922 2915 3973 τὸν
2944 3925 3142 3991 μηρὶν,
3185 3925 3281 3975 καὶ
3333 3925 3395 3975 τὸ
3436 3924 3588 3993 βῆμα
3626 3927 3893 3994 ἀράσσων
3935 3931 4047 3989 τοτς

2455 4012 2614 4064 ποσί·
2653 4012 2889 4074 καὶτοῖς
2942 4013 3019 4081 μὴ
3051 4013 3337 4066 ἐπαινοῦσι
3388 4015 3521 4083 μηδὲ
3578 4016 3769 4084 ὥσπερ
3827 4021 3887 4071 ἐν
3935 4024 4047 4082 τοῖς

2455 4106 2708 4175 θεάτροις
2740 4108 3094 4160 κατασείουσι
3117 4110 3238 4170 ταῖς
3263 4108 3501 4169 ὀθόναις,
3538 4098 3677 4179 μηδὲ
3705 4112 3950 4166 ὲκόοιῖλσῑ
3987 4132 4045 4167 τε

2456 4202 2551 4251 καὶ
2578 4200 2899 4268 ἀναπηδῶσι
2938 4201 3082 4255 κατά
3112 4203 3181 4254 τὰ
3223 4204 3366 4256 αὐτὰ
3402 4207 3515 4267 τοῖς
3540 4206 3681 4274 ἀμφ’
3708 4208 3877 4259 αὐτὸν
3920 4229 4046 4264 στα-

2458 4288 2713 4352 σιώταιςο
2747 4291 2975 4364 ἀνδράσι
3030 4310 3088 4345 τε
3142 4296 3233 4347 καὶ
3282 4298 3531 4363 γυναίοις
3559 4301 3825 4368 ἀκόσμως
3872 4304 4046 4365 οὕτως

3093 4387 3107 4408 τ
3165 4387 3210 4408 __"
3297 4390 3311 4408 ο
3394 4394 3406 4405 ε

2460 4477 2772 4544 προσώποις
2818 4480 2910 4530 καὶ
2952 4479 3235 4543 εὐτάκτως
3282 4482 3580 4536 ἀκούουσιν
3615 4488 3901 4555 ἐπιτιμῶν
3951 4492 4041 4541 καὶ

2460 4556 2782 4639 ἐνυϐρίζων,
2816 4572 2909 4623 καὶ
2958 4575 3038 4635 είς
3087 4576 3217 4635 τοὺς
3265 4577 3604 4641 ἀπελθόντας
3653 4582 3717 4632 ἐκ
3777 4583 3878 4635 τοῦ
3931 4587 4047 4652 βίον

2456 4661 2654 4713 τούτου
2688 4664 2968 4733 παροινῶν
2998 4667 3272 4736 ἐξηγητὰς
3316 4670 3413 4723 τοῦ
3461 4672 3645 4740 λόγου,
3678 4679 3968 4744 φορτικῶς
3996 4684 4051 4731 ἐν

2459 4755 2537 4823 τῷ
2567 4756 2752 4823 κοινῷ,
2784 4758 2881 4809 καὶ
2915 4759 3418 4830 μεγαλοῤῥημονῶν
3448 4767 3579 4834 περὶ
3622 4767 3852 4835 ἑαυτοῦ,
3883 4772 4052 4825 καθᾶ-

2461 4863 2566 4916 περ
2597 4849 2696 4901 οὐκ
2734 4851 3056 4915 ἐπίσκοπος,
3096 4853 3235 4906 ἀλλὰ
3286 4858 3547 4928 σοφιστὴς
3575 4866 3670 4913 καὶ
3705 4862 3842 4930 γόης
3865 4880 3880 4892 ·
3914 4866 4051 4932 ᾦα).-

2466 4941 2598 5008 μούς
2650 4959 2708 4994 τε
2757 4945 2887 5005 τοὺς
2948 4947 3048 5009 μὲν
3101 4949 3182 5007 είς
3231 4948 3324 4999 τὸν
3372 4949 3580 5017 Κύριον
3628 4955 3791 5021 ἡμῶν
3836 4958 4051 5026 Ἰησοῦν

2464 5031 2703 5095 παύσας,
2755 5032 2830 5095 ὡς
2883 5034 2948 5103 δὴ
3007 5036 3304 5105 νεωτέρους
3355 5043 3451 5094 καὶ
3500 5046 3787 5112 νεωτέρων
3839 5050 4051 5118 ἀνδρῶν

2464 5125 2899 5194 συγγράμματα,
2930 5130 3008 5189 είς
3034 5128 3232 5180 ἑαυτὸν
3265 5130 3347 5195 δὲ,
3390 5134 3448 5183 ἐν
3490 5136 3634 5206 μέσῃ
3671 5142 3737 5206 τῇ
3768 5141 4051 5209 «ἐκκλησέςι

2462 5218 2527 5285 τῇ
2582 5218 2797 5290 μεγάλῃ
2825 5218 2920 5271 τοῦ
2959 5220 3150 5291 Πάσχα
3187 5223 3372 5295 ἡμέρα
3415 5225 3730 5296 ψαλμῳδεῖν
3784 5238 4051 5298 γυναῖκας

2465 5394 2661 5474 Scottis
2686 5395 2753 5475 de
2784 5395 3089 5475 ipsignibus
3116 5402 3562 5475 magistratuum.
3610 5407 4047 5466 Duce-rariorum

2464 5467 2670 5543 mentio
2703 5467 2764 5543 ιιι
2804 5467 2861 5543 i_n
2895 5467 2958 5519 L.
2989 5467 3350 5543 Hatria—lam,
3385 5475 3453 5527 de
3486 5487 3669 5543 agent.
3716 5497 3766 5530 in
3804 5486 3933 5535 reb.
3968 5484 4047 5543 1'2.

2462 5534 2559 5619 lib.
2620 5534 2756 5619 God.
2804 5536 3170 5619 'femporihus
3223 5545 3448 5605 nostris,
3510 5534 3834 5619 ﬁucenariis
3890 5534 4049 5619 paré;

2460 5618 2587 5724 psse
2642 5606 2900 5658 videntur
2940 5609 3087 5676 apud
3138 5626 3295 5681 reges
3347 5624 3401 5667 et
3466 5617 3769 5685 principes,
3828 5606 4051 5675 σάω-ει·

2485 5691 2605 5724 arti.

2485 5691 2605 5726 am.

2463 5746 2961 5871 ουξίἒιξέκρητον.
3000 5750 3154 5807 Unde
3186 5755 3502 5823 secretarii,
3530 5766 3589 5811 et
3630 5772 3661 5811 α
3698 5765 3937 5817 secretis
3968 5764 4049 5818 di-
