  <div class='ocr_page' id='page_1' title='image "/cluster/home/n/w/nwhite01/storage/ocr_20150623/145/nnc1.0046980679/660.png"; bbox 0 0 4184 6440; ppageno 0'>
   <div class='ocr_carea' id='block_1_1' title="bbox 143 392 282 460">
    <p class='ocr_par' dir='ltr' id='par_1_1' title="bbox 143 392 282 460">
     <span class='ocr_line' id='line_1_1' title="bbox 143 392 282 460; baseline 0.029 -4"><span class='ocrx_word' id='word_1_1' title='bbox 143 392 282 460; x_wconf 78' lang='lat'><strong>1189</strong></span> 
     </span>
    </p>
   </div>
   <div class='ocr_carea' id='block_1_2' title="bbox 1059 385 2446 453">
    <p class='ocr_par' dir='ltr' id='par_1_2' title="bbox 1059 385 2446 453">
     <span class='ocr_line' id='line_1_2' title="bbox 1059 385 2446 453; baseline -0.004 -1"><span class='ocrx_word' id='word_1_2' title='bbox 1059 385 1682 453; x_wconf 62' lang='lat' dir='ltr'><strong>ECCLESIASTICE</strong></span> <span class='ocrx_word' id='word_1_3' title='bbox 1724 385 2115 446; x_wconf 62' lang='lat' dir='ltr'><strong>HISTORIA!</strong></span> <span class='ocrx_word' id='word_1_4' title='bbox 2159 388 2303 446; x_wconf 86' lang='lat' dir='ltr'><strong>LlB.</strong></span> <span class='ocrx_word' id='word_1_5' title='bbox 2351 388 2446 447; x_wconf 77' lang='lat' dir='ltr'><strong>Vi.</strong></span> 
     </span>
    </p>
   </div>
   <div class='ocr_carea' id='block_1_3' title="bbox 3242 392 3387 459">
    <p class='ocr_par' dir='ltr' id='par_1_3' title="bbox 3242 392 3387 459">
     <span class='ocr_line' id='line_1_3' title="bbox 3242 392 3387 459; baseline 0.028 -4"><span class='ocrx_word' id='word_1_6' title='bbox 3242 392 3306 456; x_wconf 78' lang='lat' dir='ltr'><strong>&#39;i‘l</strong></span> <span class='ocrx_word' id='word_1_7' title='bbox 3317 398 3387 459; x_wconf 83' lang='lat'><strong>90</strong></span> 
     </span>
    </p>
   </div>
   <div class='ocr_carea' id='block_1_4' title="bbox 138 500 1713 580">
    <p class='ocr_par' dir='ltr' id='par_1_4' title="bbox 138 500 1713 577">
     <span class='ocr_line' id='line_1_4' title="bbox 138 500 1713 577; baseline -0.003 -18"><span class='ocrx_word' id='word_1_8' title='bbox 138 507 603 577; x_wconf 71' lang='grc' dir='ltr'><strong>παρασκευάζων,</strong></span> <span class='ocrx_word' id='word_1_9' title='bbox 638 500 713 561; x_wconf 81' lang='grc' dir='ltr'>ὧν</span> <span class='ocrx_word' id='word_1_10' title='bbox 765 507 863 559; x_wconf 62' lang='grc' dir='ltr'><strong>καὶ⁵</strong></span> <span class='ocrx_word' id='word_1_11' title='bbox 918 506 1159 569; x_wconf 79' lang='grc' dir='ltr'>ἀκούσας</span> <span class='ocrx_word' id='word_1_12' title='bbox 1200 505 1265 559; x_wconf 77' lang='grc' dir='ltr'>ἄν</span> <span class='ocrx_word' id='word_1_13' title='bbox 1304 521 1385 567; x_wconf 89' lang='grc' dir='ltr'><strong>τις</strong></span> <span class='ocrx_word' id='word_1_14' title='bbox 1441 502 1713 574; x_wconf 78' lang='grc' dir='ltr'>φρίξειεν·</span> 
     </span>
    </p>
   </div>
   <div class='ocr_carea' id='block_1_5' title="bbox 1817 500 3391 580">
    <p class='ocr_par' dir='ltr' id='par_1_5' title="bbox 1825 501 3391 580">
     <span class='ocr_line' id='line_1_5' title="bbox 1825 501 3391 580; baseline 0.012 -27"><span class='ocrx_word' id='word_1_15' title='bbox 1825 514 1950 553; x_wconf 91' lang='lat' dir='ltr'><strong>cum</strong></span> <span class='ocrx_word' id='word_1_16' title='bbox 1990 501 2326 554; x_wconf 76' lang='lat' dir='ltr'><strong>contumelia</strong></span> <span class='ocrx_word' id='word_1_17' title='bbox 2380 502 2770 559; x_wconf 71' lang='lat' dir='ltr'><strong>invehebatur.</strong></span> <span class='ocrx_word' id='word_1_18' title='bbox 2819 506 3083 580; x_wconf 30' lang='lat' dir='ltr'><strong>Doctores.</strong></span> <span class='ocrx_word' id='word_1_19' title='bbox 3116 510 3284 566; x_wconf 88' lang='lat' dir='ltr'><strong>etiam</strong></span> <span class='ocrx_word' id='word_1_20' title='bbox 3333 527 3391 572; x_wconf 79' lang='lat' dir='ltr'><strong>et</strong></span> 
     </span>
    </p>
   </div>
   <div class='ocr_carea' id='block_1_6' title="bbox 136 594 1715 661">
    <p class='ocr_par' dir='ltr' id='par_1_6' title="bbox 136 594 1715 661">
     <span class='ocr_line' id='line_1_6' title="bbox 136 594 1715 661; baseline -0.001 -11"><span class='ocrx_word' id='word_1_21' title='bbox 136 594 225 651; x_wconf 82' lang='grc' dir='ltr'>οἷα</span> <span class='ocrx_word' id='word_1_22' title='bbox 277 601 371 651; x_wconf 74' lang='grc' dir='ltr'>καὶ</span> <span class='ocrx_word' id='word_1_23' title='bbox 424 600 549 661; x_wconf 79' lang='grc' dir='ltr'>τοὺς</span> <span class='ocrx_word' id='word_1_24' title='bbox 609 597 956 660; x_wconf 84' lang='grc' dir='ltr'>θωπεύοντας</span> <span class='ocrx_word' id='word_1_25' title='bbox 1004 596 1168 652; x_wconf 77' lang='grc' dir='ltr'>αὐτὸν</span> <span class='ocrx_word' id='word_1_26' title='bbox 1218 596 1557 657; x_wconf 67' lang='grc' dir='ltr'>ἔπισκόπους</span> <span class='ocrx_word' id='word_1_27' title='bbox 1604 596 1715 648; x_wconf 81' lang='grc' dir='ltr'><strong>τῶν</strong></span> 
     </span>
    </p>
   </div>
   <div class='ocr_carea' id='block_1_7' title="bbox 134 687 1717 761">
    <p class='ocr_par' dir='ltr' id='par_1_7' title="bbox 134 687 1717 761">
     <span class='ocr_line' id='line_1_7' title="bbox 134 687 1717 761; baseline -0.002 -20"><span class='ocrx_word' id='word_1_28' title='bbox 134 690 356 759; x_wconf 85' lang='grc' dir='ltr'>όμόρων</span> <span class='ocrx_word' id='word_1_29' title='bbox 382 689 571 758; x_wconf 74' lang='grc' dir='ltr'>ἀγρῶν</span> <span class='ocrx_word' id='word_1_30' title='bbox 602 706 658 742; x_wconf 91' lang='grc' dir='ltr'><strong>τε</strong></span> <span class='ocrx_word' id='word_1_31' title='bbox 691 689 785 743; x_wconf 72' lang='grc' dir='ltr'>καὶ</span> <span class='ocrx_word' id='word_1_32' title='bbox 811 689 1047 754; x_wconf 82' lang='grc' dir='ltr'>πόλεων,</span> <span class='ocrx_word' id='word_1_33' title='bbox 1084 690 1177 743; x_wconf 73' lang='grc' dir='ltr'>καὶ</span> <span class='ocrx_word' id='word_1_34' title='bbox 1201 688 1628 761; x_wconf 70' lang='grc' dir='ltr'>πρεσϐυτέρους,</span> <span class='ocrx_word' id='word_1_35' title='bbox 1657 687 1717 739; x_wconf 82' lang='grc' dir='ltr'>ὲν</span> 
     </span>
    </p>
   </div>
   <div class='ocr_carea' id='block_1_8' title="bbox 136 780 1714 852">
    <p class='ocr_par' dir='ltr' id='par_1_8' title="bbox 136 780 1714 852">
     <span class='ocr_line' id='line_1_8' title="bbox 136 780 1714 852; baseline 0 -19"><span class='ocrx_word' id='word_1_36' title='bbox 136 784 263 845; x_wconf 82' lang='grc' dir='ltr'>ταῖς</span> <span class='ocrx_word' id='word_1_37' title='bbox 298 780 434 852; x_wconf 81' lang='grc' dir='ltr'>πρὸς</span> <span class='ocrx_word' id='word_1_38' title='bbox 481 782 573 835; x_wconf 82' lang='grc' dir='ltr'>τὸν</span> <span class='ocrx_word' id='word_1_39' title='bbox 619 781 745 836; x_wconf 73' lang='grc' dir='ltr'>λαὸν</span> <span class='ocrx_word' id='word_1_40' title='bbox 789 781 1030 851; x_wconf 78' lang='grc' dir='ltr'><strong>ὁμιλίαις</strong></span> <span class='ocrx_word' id='word_1_41' title='bbox 1080 782 1305 851; x_wconf 80' lang='grc' dir='ltr'><strong>καθίησι</strong></span> <span class='ocrx_word' id='word_1_42' title='bbox 1350 780 1714 848; x_wconf 74' lang='grc' dir='ltr'>διαλέγεσθαι.</span> 
     </span>
    </p>
   </div>
   <div class='ocr_carea' id='block_1_9' title="bbox 138 872 1717 943">
    <p class='ocr_par' dir='ltr' id='par_1_9' title="bbox 138 872 1717 943">
     <span class='ocr_line' id='line_1_9' title="bbox 138 872 1717 943; baseline -0.001 -19"><span class='ocrx_word' id='word_1_43' title='bbox 138 873 246 925; x_wconf 76' lang='grc' dir='ltr'>Τδν</span> <span class='ocrx_word' id='word_1_44' title='bbox 281 874 381 943; x_wconf 66' lang='grc' dir='ltr'>μὲν</span> <span class='ocrx_word' id='word_1_45' title='bbox 409 875 515 943; x_wconf 83' lang='grc' dir='ltr'>γὰρ</span> <span class='ocrx_word' id='word_1_46' title='bbox 557 874 685 927; x_wconf 85' lang='grc' dir='ltr'>Υίὸν</span> <span class='ocrx_word' id='word_1_47' title='bbox 731 874 827 927; x_wconf 82' lang='grc' dir='ltr'><strong>τοῦ</strong></span> <span class='ocrx_word' id='word_1_48' title='bbox 867 872 1004 927; x_wconf 83' lang='grc' dir='ltr'>Θεοῦ</span> <span class='ocrx_word' id='word_1_49' title='bbox 1076 874 1136 926; x_wconf 85' lang='grc' dir='ltr'><strong>ού</strong></span> <span class='ocrx_word' id='word_1_50' title='bbox 1192 872 1443 941; x_wconf 85' lang='grc' dir='ltr'>βούλεται</span> <span class='ocrx_word' id='word_1_51' title='bbox 1489 887 1717 941; x_wconf 86' lang='grc' dir='ltr'>συνομο-</span> 
     </span>
    </p>
   </div>
   <div class='ocr_carea' id='block_1_10' title="bbox 137 964 1717 1034">
    <p class='ocr_par' dir='ltr' id='par_1_10' title="bbox 137 964 1717 1034">
     <span class='ocr_line' id='line_1_10' title="bbox 137 964 1717 1034; baseline 0 -17"><span class='ocrx_word' id='word_1_52' title='bbox 137 966 321 1033; x_wconf 78' lang='grc' dir='ltr'>λογεῖν</span> <span class='ocrx_word' id='word_1_53' title='bbox 367 964 428 1029; x_wconf 66' lang='grc' dir='ltr'>ἐξ</span> <span class='ocrx_word' id='word_1_54' title='bbox 476 964 706 1033; x_wconf 70' lang='grc' dir='ltr'>οὖρανοῦ</span> <span class='ocrx_word' id='word_1_55' title='bbox 761 964 1217 1034; x_wconf 72' lang='grc' dir='ltr'>κατεληλυθέναιο</span> <span class='ocrx_word' id='word_1_56' title='bbox 1274 964 1363 1018; x_wconf 87' lang='grc' dir='ltr'><strong>ῖνα</strong></span> <span class='ocrx_word' id='word_1_57' title='bbox 1409 980 1463 1016; x_wconf 92' lang='grc' dir='ltr'><strong>τι</strong></span> <span class='ocrx_word' id='word_1_58' title='bbox 1512 965 1717 1033; x_wconf 73' lang='grc' dir='ltr'>προλα-</span> 
     </span>
    </p>
   </div>
   <div class='ocr_carea' id='block_1_11' title="bbox 136 1056 1716 1127">
    <p class='ocr_par' dir='ltr' id='par_1_11' title="bbox 136 1056 1716 1127">
     <span class='ocr_line' id='line_1_11' title="bbox 136 1056 1716 1127; baseline 0 -16"><span class='ocrx_word' id='word_1_59' title='bbox 136 1057 327 1121; x_wconf 82' lang='grc' dir='ltr'>ϐόντες</span> <span class='ocrx_word' id='word_1_60' title='bbox 368 1058 477 1112; x_wconf 86' lang='grc' dir='ltr'>τῶν</span> <span class='ocrx_word' id='word_1_61' title='bbox 536 1057 842 1127; x_wconf 83' lang='grc' dir='ltr'><strong>μελλόντων</strong></span> <span class='ocrx_word' id='word_1_62' title='bbox 893 1056 1277 1127; x_wconf 82' lang='grc' dir='ltr'>γραφήσεσθαι</span> <span class='ocrx_word' id='word_1_63' title='bbox 1341 1056 1547 1127; x_wconf 87' lang='grc' dir='ltr'>θῶμεν.</span> <span class='ocrx_word' id='word_1_64' title='bbox 1605 1059 1716 1111; x_wconf 76' lang='grc' dir='ltr'><strong>Καὶ</strong></span> 
     </span>
    </p>
   </div>
   <div class='ocr_carea' id='block_1_12' title="bbox 132 1145 1715 1221">
    <p class='ocr_par' dir='ltr' id='par_1_12' title="bbox 132 1145 1715 1221">
     <span class='ocr_line' id='line_1_12' title="bbox 132 1145 1715 1221; baseline 0.001 -19"><span class='ocrx_word' id='word_1_65' title='bbox 132 1152 302 1203; x_wconf 78' lang='grc' dir='ltr'>τοῦτο</span> <span class='ocrx_word' id='word_1_66' title='bbox 349 1152 408 1203; x_wconf 85' lang='grc' dir='ltr'>οὐ</span> <span class='ocrx_word' id='word_1_67' title='bbox 462 1151 607 1219; x_wconf 88' lang='grc' dir='ltr'>λόγῳ</span> <span class='ocrx_word' id='word_1_68' title='bbox 631 1149 772 1221; x_wconf 72' lang='grc' dir='ltr'>ψιλῷ</span> <span class='ocrx_word' id='word_1_69' title='bbox 800 1150 1144 1220; x_wconf 77' lang='grc' dir='ltr'>ῥηθήσεται·</span> <span class='ocrx_word' id='word_1_70' title='bbox 1180 1149 1297 1202; x_wconf 81' lang='grc' dir='ltr'>ἀλλ’</span> <span class='ocrx_word' id='word_1_71' title='bbox 1333 1150 1393 1215; x_wconf 67' lang='grc' dir='ltr'><strong>ἐξ</strong></span> <span class='ocrx_word' id='word_1_72' title='bbox 1427 1145 1504 1205; x_wconf 83' lang='grc' dir='ltr'>ὧν</span> <span class='ocrx_word' id='word_1_73' title='bbox 1544 1152 1715 1220; x_wconf 71' lang='grc' dir='ltr'>ἐπέμ-</span> 
     </span>
    </p>
   </div>
   <div class='ocr_carea' id='block_1_13' title="bbox 130 1242 1712 1315">
    <p class='ocr_par' dir='ltr' id='par_1_13' title="bbox 130 1242 1712 1315">
     <span class='ocr_line' id='line_1_13' title="bbox 130 1242 1712 1315; baseline 0.002 -20"><span class='ocrx_word' id='word_1_74' title='bbox 130 1242 321 1312; x_wconf 78' lang='grc' dir='ltr'>ψαμεν</span> <span class='ocrx_word' id='word_1_75' title='bbox 367 1243 800 1313; x_wconf 81' lang='grc' dir='ltr'>ὑπομνημάτων,</span> <span class='ocrx_word' id='word_1_76' title='bbox 852 1243 1128 1296; x_wconf 74' lang='grc' dir='ltr'>δείκνυται</span> <span class='ocrx_word' id='word_1_77' title='bbox 1189 1244 1549 1315; x_wconf 82' lang='grc' dir='ltr'>πανταχόθεν.</span> <span class='ocrx_word' id='word_1_78' title='bbox 1598 1246 1712 1315; x_wconf 84' lang='grc' dir='ltr'><strong>Οὐχ</strong></span> 
     </span>
    </p>
   </div>
   <div class='ocr_carea' id='block_1_14' title="bbox 130 1334 1712 1406">
    <p class='ocr_par' dir='ltr' id='par_1_14' title="bbox 130 1334 1712 1406">
     <span class='ocr_line' id='line_1_14' title="bbox 130 1334 1712 1406; baseline 0.002 -20"><span class='ocrx_word' id='word_1_79' title='bbox 130 1334 343 1403; x_wconf 78' lang='grc' dir='ltr'>ἣκιστα</span> <span class='ocrx_word' id='word_1_80' title='bbox 380 1336 435 1387; x_wconf 81' lang='grc' dir='ltr'><em>δέ</em></span> <span class='ocrx_word' id='word_1_81' title='bbox 489 1352 592 1387; x_wconf 83' lang='grc' dir='ltr'><strong>που</strong></span> <span class='ocrx_word' id='word_1_82' title='bbox 626 1336 777 1401; x_wconf 81' lang='grc' dir='ltr'>λέγει</span> <span class='ocrx_word' id='word_1_83' title='bbox 819 1335 1030 1404; x_wconf 84' lang='grc' dir='ltr'><strong>Ἰησοῦν</strong></span> <span class='ocrx_word' id='word_1_84' title='bbox 1063 1336 1302 1406; x_wconf 76' lang='grc' dir='ltr'>Χριστὸν</span> <span class='ocrx_word' id='word_1_85' title='bbox 1338 1336 1587 1389; x_wconf 72' lang='grc' dir='ltr'>κάτωθεν</span> <span class='ocrx_word' id='word_1_86' title='bbox 1612 1352 1626 1366; x_wconf 88' lang='grc'><strong>·</strong></span> <span class='ocrx_word' id='word_1_87' title='bbox 1661 1337 1712 1389; x_wconf 87' lang='grc' dir='ltr'><strong>οί</strong></span> 
     </span>
    </p>
   </div>
   <div class='ocr_carea' id='block_1_15' title="bbox 131 1426 1712 1498">
    <p class='ocr_par' dir='ltr' id='par_1_15' title="bbox 131 1426 1712 1498">
     <span class='ocr_line' id='line_1_15' title="bbox 131 1426 1712 1498; baseline 0.003 -21"><span class='ocrx_word' id='word_1_88' title='bbox 131 1426 193 1478; x_wconf 80' lang='grc' dir='ltr'>δὲ</span> <span class='ocrx_word' id='word_1_89' title='bbox 242 1429 325 1489; x_wconf 82' lang='grc' dir='ltr'><strong>εἰς</strong></span> <span class='ocrx_word' id='word_1_90' title='bbox 374 1427 538 1481; x_wconf 76' lang='grc' dir='ltr'>αὑτὸν</span> <span class='ocrx_word' id='word_1_91' title='bbox 583 1427 883 1496; x_wconf 76' lang='grc' dir='ltr'>ψάλλοντες</span> <span class='ocrx_word' id='word_1_92' title='bbox 910 1429 1003 1481; x_wconf 81' lang='grc' dir='ltr'>καὶ</span> <span class='ocrx_word' id='word_1_93' title='bbox 1054 1428 1494 1498; x_wconf 74' lang='grc' dir='ltr'><strong>ἐγκωμιάζοντες</strong></span> <span class='ocrx_word' id='word_1_94' title='bbox 1545 1430 1605 1482; x_wconf 78' lang='grc' dir='ltr'>ἑν</span> <span class='ocrx_word' id='word_1_95' title='bbox 1632 1428 1712 1497; x_wconf 81' lang='grc' dir='ltr'>τῷ</span> 
     </span>
    </p>
   </div>
   <div class='ocr_carea' id='block_1_16' title="bbox 132 1518 1711 1590">
    <p class='ocr_par' dir='ltr' id='par_1_16' title="bbox 132 1518 1711 1590">
     <span class='ocr_line' id='line_1_16' title="bbox 132 1518 1711 1590; baseline 0.006 -24"><span class='ocrx_word' id='word_1_96' title='bbox 132 1518 251 1585; x_wconf 74' lang='grc' dir='ltr'><strong>ὶαῷ</strong></span> <span class='ocrx_word' id='word_1_97' title='bbox 291 1520 527 1584; x_wconf 80' lang='grc' dir='ltr'>ἄγγελον</span> <span class='ocrx_word' id='word_1_98' title='bbox 557 1520 650 1572; x_wconf 75' lang='grc' dir='ltr'>τὸν</span> <span class='ocrx_word' id='word_1_99' title='bbox 679 1520 853 1589; x_wconf 84' lang='grc' dir='ltr'>ἀσεϐῆ</span> <span class='ocrx_word' id='word_1_100' title='bbox 882 1520 1208 1574; x_wconf 82' lang='grc' dir='ltr'>διδάσκαλον</span> <span class='ocrx_word' id='word_1_101' title='bbox 1242 1520 1422 1574; x_wconf 84' lang='grc' dir='ltr'>αὐτῶν</span> <span class='ocrx_word' id='word_1_102' title='bbox 1452 1520 1512 1585; x_wconf 77' lang='grc' dir='ltr'><strong>ἐξ</strong></span> <span class='ocrx_word' id='word_1_103' title='bbox 1540 1520 1711 1590; x_wconf 84' lang='grc' dir='ltr'>ούρα-</span> 
     </span>
    </p>
   </div>
   <div class='ocr_carea' id='block_1_17' title="bbox 130 1609 1707 1679">
    <p class='ocr_par' dir='ltr' id='par_1_17' title="bbox 130 1609 1707 1679">
     <span class='ocr_line' id='line_1_17' title="bbox 130 1609 1707 1679; baseline 0.004 -20"><span class='ocrx_word' id='word_1_104' title='bbox 130 1609 231 1661; x_wconf 74' lang='grc' dir='ltr'>νοῦ</span> <span class='ocrx_word' id='word_1_105' title='bbox 280 1610 703 1678; x_wconf 69' lang='grc' dir='ltr'>κατεληλυθέναι</span> <span class='ocrx_word' id='word_1_106' title='bbox 734 1610 979 1679; x_wconf 72' lang='grc' dir='ltr'>λέγουσι.</span> <span class='ocrx_word' id='word_1_107' title='bbox 1018 1613 1125 1664; x_wconf 77' lang='grc' dir='ltr'><strong>Καὶ</strong></span> <span class='ocrx_word' id='word_1_108' title='bbox 1155 1611 1327 1666; x_wconf 86' lang='grc' dir='ltr'>ταῦτα</span> <span class='ocrx_word' id='word_1_109' title='bbox 1371 1614 1430 1665; x_wconf 83' lang='grc' dir='ltr'><strong>ού</strong></span> <span class='ocrx_word' id='word_1_110' title='bbox 1483 1613 1707 1678; x_wconf 82' lang='grc' dir='ltr'><strong>κωλύει,</strong></span> 
     </span>
    </p>
   </div>
   <div class='ocr_carea' id='block_1_18' title="bbox 129 1700 1710 1776">
    <p class='ocr_par' dir='ltr' id='par_1_18' title="bbox 129 1700 1710 1776">
     <span class='ocr_line' id='line_1_18' title="bbox 129 1700 1710 1776; baseline 0.004 -24"><span class='ocrx_word' id='word_1_111' title='bbox 129 1700 272 1753; x_wconf 65' lang='grc' dir='ltr'>ἀλλὰ</span> <span class='ocrx_word' id='word_1_112' title='bbox 317 1704 408 1754; x_wconf 79' lang='grc' dir='ltr'>καὶ</span> <span class='ocrx_word' id='word_1_113' title='bbox 463 1704 779 1772; x_wconf 75' lang='grc' dir='ltr'><strong>λεγομένοις</strong></span> <span class='ocrx_word' id='word_1_114' title='bbox 808 1705 1076 1773; x_wconf 82' lang='grc' dir='ltr'>πάρεστιν</span> <span class='ocrx_word' id='word_1_115' title='bbox 1120 1707 1149 1758; x_wconf 87' lang='grc' dir='ltr'><strong>ό</strong></span> <span class='ocrx_word' id='word_1_116' title='bbox 1184 1706 1559 1776; x_wconf 81' lang='grc' dir='ltr'>ὑπερήφανος.</span> <span class='ocrx_word' id='word_1_117' title='bbox 1594 1705 1710 1767; x_wconf 74' lang='grc' dir='ltr'><strong>Τὰς</strong></span> 
     </span>
    </p>
   </div>
   <div class='ocr_carea' id='block_1_19' title="bbox 128 1791 1712 1874">
    <p class='ocr_par' dir='ltr' id='par_1_19' title="bbox 128 1791 1712 1874">
     <span class='ocr_line' id='line_1_19' title="bbox 128 1791 1712 1874; baseline 0.005 -33"><span class='ocrx_word' id='word_1_118' title='bbox 128 1791 187 1841; x_wconf 78' lang='grc' dir='ltr'>δὲ</span> <span class='ocrx_word' id='word_1_119' title='bbox 249 1791 641 1853; x_wconf 83' lang='grc' dir='ltr'>συνεισάκτους</span> <span class='ocrx_word' id='word_1_120' title='bbox 704 1792 872 1847; x_wconf 79' lang='grc' dir='ltr'>αὑτοῦ</span> <span class='ocrx_word' id='word_1_121' title='bbox 926 1796 1216 1861; x_wconf 85' lang='grc' dir='ltr'>γυναῖκας,</span> <span class='ocrx_word' id='word_1_122' title='bbox 1269 1793 1346 1857; x_wconf 80' lang='grc' dir='ltr'><strong>ὡς</strong></span> <span class='ocrx_word' id='word_1_123' title='bbox 1384 1867 1397 1874; x_wconf 25' lang='grc' dir='ltr'><strong><em>θ</em></strong></span> <span class='ocrx_word' id='word_1_124' title='bbox 1414 1796 1712 1867; x_wconf 77' lang='grc' dir='ltr'>Ἀντιοχεῖς</span> 
     </span>
    </p>
   </div>
   <div class='ocr_carea' id='block_1_20' title="bbox 127 1884 1714 1962">
    <p class='ocr_par' dir='ltr' id='par_1_20' title="bbox 127 1884 1714 1962">
     <span class='ocr_line' id='line_1_20' title="bbox 127 1884 1714 1962; baseline 0.008 -29"><span class='ocrx_word' id='word_1_125' title='bbox 127 1884 485 1951; x_wconf 76' lang='grc' dir='ltr'><strong>ὀνομάζουσι,</strong></span> <span class='ocrx_word' id='word_1_126' title='bbox 520 1886 758 1939; x_wconf 76' lang='grc' dir='ltr'>καὶτῶν</span> <span class='ocrx_word' id='word_1_127' title='bbox 803 1888 928 1955; x_wconf 78' lang='grc' dir='ltr'>περὶ</span> <span class='ocrx_word' id='word_1_128' title='bbox 965 1888 1128 1940; x_wconf 80' lang='grc' dir='ltr'>αὐτόν</span> <span class='ocrx_word' id='word_1_129' title='bbox 1179 1888 1572 1962; x_wconf 67' lang='grc' dir='ltr'>πρεσϐυτέρων</span> <span class='ocrx_word' id='word_1_130' title='bbox 1619 1894 1714 1945; x_wconf 75' lang='grc' dir='ltr'>καὶ</span> 
     </span>
    </p>
   </div>
   <div class='ocr_carea' id='block_1_21' title="bbox 128 1973 1716 2053">
    <p class='ocr_par' dir='ltr' id='par_1_21' title="bbox 128 1973 1716 2053">
     <span class='ocr_line' id='line_1_21' title="bbox 128 1973 1716 2053; baseline 0.008 -26"><span class='ocrx_word' id='word_1_131' title='bbox 128 1976 431 2031; x_wconf 71' lang='grc' dir='ltr'>διακόνωψ</span> <span class='ocrx_word' id='word_1_132' title='bbox 466 1973 549 2041; x_wconf 77' lang='grc' dir='ltr'>οἷς</span> <span class='ocrx_word' id='word_1_133' title='bbox 592 1980 689 2031; x_wconf 77' lang='grc' dir='ltr'>καὶ</span> <span class='ocrx_word' id='word_1_134' title='bbox 736 1980 898 2033; x_wconf 80' lang='grc' dir='ltr'>τοῦτο</span> <span class='ocrx_word' id='word_1_135' title='bbox 932 1981 1028 2033; x_wconf 77' lang='grc' dir='ltr'>καὶ</span> <span class='ocrx_word' id='word_1_136' title='bbox 1061 1982 1131 2034; x_wconf 83' lang='grc' dir='ltr'>τὰ</span> <span class='ocrx_word' id='word_1_137' title='bbox 1154 1979 1292 2034; x_wconf 73' lang='grc' dir='ltr'>ἄλλα</span> <span class='ocrx_word' id='word_1_138' title='bbox 1331 1983 1716 2053; x_wconf 80' lang='grc' dir='ltr'>ἁμαρτήματα</span> 
     </span>
    </p>
   </div>
   <div class='ocr_carea' id='block_1_22' title="bbox 131 2069 1715 2145">
    <p class='ocr_par' dir='ltr' id='par_1_22' title="bbox 131 2069 1715 2145">
     <span class='ocr_line' id='line_1_22' title="bbox 131 2069 1715 2145; baseline 0.006 -25"><span class='ocrx_word' id='word_1_139' title='bbox 131 2069 332 2123; x_wconf 79' lang='grc' dir='ltr'>ἀνίατα</span> <span class='ocrx_word' id='word_1_140' title='bbox 392 2070 523 2126; x_wconf 76' lang='grc' dir='ltr'>ὄντα</span> <span class='ocrx_word' id='word_1_141' title='bbox 582 2074 961 2140; x_wconf 84' lang='grc' dir='ltr'>συγκρύπτει,</span> <span class='ocrx_word' id='word_1_142' title='bbox 1027 2074 1283 2137; x_wconf 74' lang='grc' dir='ltr'>συνειδὼς</span> <span class='ocrx_word' id='word_1_143' title='bbox 1337 2077 1432 2129; x_wconf 82' lang='grc' dir='ltr'>καὶ</span> <span class='ocrx_word' id='word_1_144' title='bbox 1483 2075 1715 2145; x_wconf 70' lang='grc' dir='ltr'>ἐλέγξας</span> 
     </span>
    </p>
   </div>
   <div class='ocr_carea' id='block_1_23' title="bbox 132 2159 1717 2235">
    <p class='ocr_par' dir='ltr' id='par_1_23' title="bbox 132 2159 1717 2235">
     <span class='ocr_line' id='line_1_23' title="bbox 132 2159 1717 2235; baseline 0.006 -24"><span class='ocrx_word' id='word_1_145' title='bbox 132 2161 288 2223; x_wconf 82' lang='grc' dir='ltr'>ὅπως</span> <span class='ocrx_word' id='word_1_146' title='bbox 346 2162 544 2224; x_wconf 81' lang='grc' dir='ltr'>αὐτοὺς</span> <span class='ocrx_word' id='word_1_147' title='bbox 602 2162 895 2231; x_wconf 82' lang='grc' dir='ltr'>ὑπόχρεως</span> <span class='ocrx_word' id='word_1_148' title='bbox 939 2164 1075 2235; x_wconf 76' lang='grc' dir='ltr'><strong>ἑχῃσ</strong></span> <span class='ocrx_word' id='word_1_149' title='bbox 1116 2169 1247 2234; x_wconf 78' lang='grc' dir='ltr'>περὶ</span> <span class='ocrx_word' id='word_1_150' title='bbox 1279 2159 1353 2219; x_wconf 84' lang='grc' dir='ltr'>ὧν</span> <span class='ocrx_word' id='word_1_151' title='bbox 1388 2166 1568 2234; x_wconf 82' lang='grc' dir='ltr'>λόγοις</span> <span class='ocrx_word' id='word_1_152' title='bbox 1619 2168 1717 2220; x_wconf 75' lang='grc' dir='ltr'><strong>καὶ</strong></span> 
     </span>
    </p>
   </div>
   <div class='ocr_carea' id='block_1_24' title="bbox 133 2253 1713 2329">
    <p class='ocr_par' dir='ltr' id='par_1_24' title="bbox 133 2253 1713 2329">
     <span class='ocr_line' id='line_1_24' title="bbox 133 2253 1713 2329; baseline 0.007 -25"><span class='ocrx_word' id='word_1_153' title='bbox 133 2253 319 2321; x_wconf 71' lang='grc' dir='ltr'>ἔργοις</span> <span class='ocrx_word' id='word_1_154' title='bbox 367 2253 567 2318; x_wconf 83' lang='grc' dir='ltr'>ἀδικεῖ,</span> <span class='ocrx_word' id='word_1_155' title='bbox 617 2254 693 2325; x_wconf 81' lang='grc' dir='ltr'>μὴ</span> <span class='ocrx_word' id='word_1_156' title='bbox 730 2256 1046 2326; x_wconf 82' lang='grc' dir='ltr'>τολμῶντας</span> <span class='ocrx_word' id='word_1_157' title='bbox 1099 2261 1427 2328; x_wconf 83' lang='grc' dir='ltr'>κατηγορεῖν</span> <span class='ocrx_word' id='word_1_158' title='bbox 1482 2260 1561 2329; x_wconf 82' lang='grc' dir='ltr'>τῷ</span> <span class='ocrx_word' id='word_1_159' title='bbox 1590 2262 1713 2316; x_wconf 81' lang='grc' dir='ltr'>καθ’</span> 
     </span>
    </p>
   </div>
   <div class='ocr_carea' id='block_1_25' title="bbox 133 2344 1713 2424">
    <p class='ocr_par' dir='ltr' id='par_1_25' title="bbox 133 2344 1713 2424">
     <span class='ocr_line' id='line_1_25' title="bbox 133 2344 1713 2424; baseline 0.007 -28"><span class='ocrx_word' id='word_1_160' title='bbox 133 2344 366 2408; x_wconf 77' lang='grc' dir='ltr'>ἑαυτοὺς</span> <span class='ocrx_word' id='word_1_161' title='bbox 395 2345 578 2417; x_wconf 83' lang='grc' dir='ltr'>φόϐῳ·</span> <span class='ocrx_word' id='word_1_162' title='bbox 612 2348 750 2401; x_wconf 79' lang='grc' dir='ltr'>ἀλλὰ</span> <span class='ocrx_word' id='word_1_163' title='bbox 796 2352 893 2402; x_wconf 74' lang='grc' dir='ltr'>καὶ</span> <span class='ocrx_word' id='word_1_164' title='bbox 939 2349 1232 2413; x_wconf 79' lang='grc' dir='ltr'>πλουσίους</span> <span class='ocrx_word' id='word_1_165' title='bbox 1275 2354 1559 2422; x_wconf 79' lang='grc' dir='ltr'>ἀπέφηνεν</span> <span class='ocrx_word' id='word_1_166' title='bbox 1583 2370 1595 2383; x_wconf 90' lang='grc'><strong>·</strong></span> <span class='ocrx_word' id='word_1_167' title='bbox 1629 2356 1713 2424; x_wconf 78' lang='grc' dir='ltr'><strong>ἐφ’</strong></span> 
     </span>
    </p>
   </div>
   <div class='ocr_carea' id='block_1_26' title="bbox 132 2431 1715 2513">
    <p class='ocr_par' dir='ltr' id='par_1_26' title="bbox 132 2431 1715 2513">
     <span class='ocr_line' id='line_1_26' title="bbox 132 2431 1715 2513; baseline 0.008 -25"><span class='ocrx_word' id='word_1_168' title='bbox 132 2431 176 2503; x_wconf 81' lang='grc' dir='ltr'>ᾧ</span> <span class='ocrx_word' id='word_1_169' title='bbox 206 2438 349 2508; x_wconf 81' lang='grc' dir='ltr'>πρὸς</span> <span class='ocrx_word' id='word_1_170' title='bbox 396 2439 505 2491; x_wconf 85' lang='grc' dir='ltr'>τῶν</span> <span class='ocrx_word' id='word_1_171' title='bbox 556 2440 623 2493; x_wconf 83' lang='grc' dir='ltr'>τὰ</span> <span class='ocrx_word' id='word_1_172' title='bbox 666 2441 894 2494; x_wconf 84' lang='grc' dir='ltr'>τοιαῦτα</span> <span class='ocrx_word' id='word_1_173' title='bbox 957 2441 1272 2511; x_wconf 76' lang='grc' dir='ltr'>ζηλούντων</span> <span class='ocrx_word' id='word_1_174' title='bbox 1331 2446 1568 2513; x_wconf 81' lang='grc' dir='ltr'>φιλεῖται</span> <span class='ocrx_word' id='word_1_175' title='bbox 1620 2449 1715 2501; x_wconf 77' lang='grc' dir='ltr'>καὶ</span> 
     </span>
    </p>
   </div>
   <div class='ocr_carea' id='block_1_27' title="bbox 134 2532 1714 2610">
    <p class='ocr_par' dir='ltr' id='par_1_27' title="bbox 134 2532 1714 2610">
     <span class='ocr_line' id='line_1_27' title="bbox 134 2532 1714 2610; baseline 0.007 -27"><span class='ocrx_word' id='word_1_176' title='bbox 134 2532 481 2599; x_wconf 73' lang='grc' dir='ltr'>θαυμάζεται</span> <span class='ocrx_word' id='word_1_177' title='bbox 505 2550 518 2564; x_wconf 79' lang='grc'><strong><em>⁸</em></strong></span> <span class='ocrx_word' id='word_1_178' title='bbox 551 2534 603 2587; x_wconf 89' lang='grc' dir='ltr'><strong>τί</strong></span> <span class='ocrx_word' id='word_1_179' title='bbox 645 2534 711 2587; x_wconf 84' lang='grc' dir='ltr'>ἂν</span> <span class='ocrx_word' id='word_1_180' title='bbox 743 2534 915 2589; x_wconf 83' lang='grc' dir='ltr'>ταῦτα</span> <span class='ocrx_word' id='word_1_181' title='bbox 951 2536 1295 2606; x_wconf 74' lang='grc' dir='ltr'>γράφοιμενς</span> <span class='ocrx_word' id='word_1_182' title='bbox 1342 2539 1714 2610; x_wconf 78' lang='grc' dir='ltr'>Ἐπιστάμεθα</span> 
     </span>
    </p>
   </div>
   <div class='ocr_carea' id='block_1_28' title="bbox 133 2623 1715 2699">
    <p class='ocr_par' dir='ltr' id='par_1_28' title="bbox 133 2623 1715 2699">
     <span class='ocr_line' id='line_1_28' title="bbox 133 2623 1715 2699; baseline 0.006 -23"><span class='ocrx_word' id='word_1_183' title='bbox 133 2623 212 2687; x_wconf 76' lang='grc' dir='ltr'>δὲ,</span> <span class='ocrx_word' id='word_1_184' title='bbox 244 2625 543 2693; x_wconf 74' lang='grc' dir='ltr'>ἀγαπητοὶ,</span> <span class='ocrx_word' id='word_1_185' title='bbox 576 2626 659 2679; x_wconf 89' lang='grc' dir='ltr'>ὅτι</span> <span class='ocrx_word' id='word_1_186' title='bbox 695 2626 791 2679; x_wconf 83' lang='grc' dir='ltr'>τὸν</span> <span class='ocrx_word' id='word_1_187' title='bbox 839 2626 1143 2681; x_wconf 76' lang='grc' dir='ltr'>ἐπίσκοπον</span> <span class='ocrx_word' id='word_1_188' title='bbox 1198 2630 1293 2681; x_wconf 73' lang='grc' dir='ltr'>καὶ</span> <span class='ocrx_word' id='word_1_189' title='bbox 1340 2629 1403 2681; x_wconf 79' lang='grc' dir='ltr'><strong>τὸ</strong></span> <span class='ocrx_word' id='word_1_190' title='bbox 1447 2631 1715 2699; x_wconf 85' lang='grc' dir='ltr'>ίερατεῖον</span> 
     </span>
    </p>
   </div>
   <div class='ocr_carea' id='block_1_29' title="bbox 136 2714 1715 2789">
    <p class='ocr_par' dir='ltr' id='par_1_29' title="bbox 136 2714 1715 2789">
     <span class='ocr_line' id='line_1_29' title="bbox 136 2714 1715 2789; baseline 0.004 -20"><span class='ocrx_word' id='word_1_191' title='bbox 136 2716 285 2769; x_wconf 81' lang='grc' dir='ltr'>ἇπαν</span> <span class='ocrx_word' id='word_1_192' title='bbox 323 2716 680 2787; x_wconf 81' lang='grc' dir='ltr'>παράδειγμα</span> <span class='ocrx_word' id='word_1_193' title='bbox 718 2714 857 2772; x_wconf 74' lang='grc' dir='ltr'>εἶναι</span> <span class='ocrx_word' id='word_1_194' title='bbox 890 2719 972 2772; x_wconf 84' lang='grc' dir='ltr'><strong>δεῖ</strong></span> <span class='ocrx_word' id='word_1_195' title='bbox 1001 2718 1081 2789; x_wconf 83' lang='grc' dir='ltr'>τῷ</span> <span class='ocrx_word' id='word_1_196' title='bbox 1114 2718 1311 2789; x_wconf 83' lang='grc' dir='ltr'>πλήθει</span> <span class='ocrx_word' id='word_1_197' title='bbox 1355 2722 1573 2775; x_wconf 79' lang='grc' dir='ltr'>πάντων</span> <span class='ocrx_word' id='word_1_198' title='bbox 1618 2741 1715 2776; x_wconf 85' lang='grc' dir='ltr'>κα-</span> 
     </span>
    </p>
   </div>
   <div class='ocr_carea' id='block_1_30' title="bbox 134 2808 1715 2880">
    <p class='ocr_par' dir='ltr' id='par_1_30' title="bbox 134 2808 1715 2880">
     <span class='ocr_line' id='line_1_30' title="bbox 134 2808 1715 2880; baseline 0.006 -21"><span class='ocrx_word' id='word_1_199' title='bbox 134 2808 243 2860; x_wconf 84' lang='grc' dir='ltr'>λῶν</span> <span class='ocrx_word' id='word_1_200' title='bbox 274 2809 478 2875; x_wconf 74' lang='grc' dir='ltr'>ἔργων.</span> <span class='ocrx_word' id='word_1_201' title='bbox 508 2810 619 2862; x_wconf 79' lang='grc' dir='ltr'><strong>Καὶ</strong></span> <span class='ocrx_word' id='word_1_202' title='bbox 667 2810 789 2862; x_wconf 77' lang='grc' dir='ltr'>οὐδὲ</span> <span class='ocrx_word' id='word_1_203' title='bbox 839 2812 1020 2863; x_wconf 77' lang='grc' dir='ltr'>ἐκεῖνο</span> <span class='ocrx_word' id='word_1_204' title='bbox 1076 2811 1403 2880; x_wconf 79' lang='grc' dir='ltr'>ἀγνοοῦμεν,</span> <span class='ocrx_word' id='word_1_205' title='bbox 1458 2817 1569 2868; x_wconf 82' lang='grc' dir='ltr'>ὅσοι</span> <span class='ocrx_word' id='word_1_206' title='bbox 1612 2819 1715 2869; x_wconf 72' lang='grc' dir='ltr'>ὑπὸ</span> 
     </span>
    </p>
   </div>
   <div class='ocr_carea' id='block_1_31' title="bbox 134 2898 1713 2970">
    <p class='ocr_par' dir='ltr' id='par_1_31' title="bbox 134 2898 1713 2970">
     <span class='ocr_line' id='line_1_31' title="bbox 134 2898 1713 2970; baseline 0.006 -17"><span class='ocrx_word' id='word_1_207' title='bbox 134 2898 233 2953; x_wconf 82' lang='grc' dir='ltr'>τοῦ</span> <span class='ocrx_word' id='word_1_208' title='bbox 279 2900 628 2968; x_wconf 79' lang='grc' dir='ltr'>συνεισάγειν</span> <span class='ocrx_word' id='word_1_209' title='bbox 668 2902 884 2966; x_wconf 79' lang='grc' dir='ltr'>ἑαυτοῖς</span> <span class='ocrx_word' id='word_1_210' title='bbox 927 2906 1196 2970; x_wconf 88' lang='grc' dir='ltr'>γυναῖκας</span> <span class='ocrx_word' id='word_1_211' title='bbox 1234 2905 1529 2970; x_wconf 75' lang='grc' dir='ltr'>ἐξέπεσονο</span> <span class='ocrx_word' id='word_1_212' title='bbox 1576 2911 1627 2962; x_wconf 83' lang='grc' dir='ltr'><strong>οί</strong></span> <span class='ocrx_word' id='word_1_213' title='bbox 1668 2909 1713 2961; x_wconf 87' lang='grc' dir='ltr'>δ’</span> 
     </span>
    </p>
   </div>
   <div class='ocr_carea' id='block_1_32' title="bbox 133 2992 1715 3072">
    <p class='ocr_par' dir='ltr' id='par_1_32' title="bbox 133 2992 1715 3072">
     <span class='ocr_line' id='line_1_32' title="bbox 133 2992 1715 3072; baseline 0.006 -26"><span class='ocrx_word' id='word_1_214' title='bbox 133 2992 598 3065; x_wconf 81' lang='grc' dir='ltr'>ύπωπτεύθησαν.</span> <span class='ocrx_word' id='word_1_215' title='bbox 629 2995 791 3047; x_wconf 83' lang='grc' dir='ltr'>Ὥστε</span> <span class='ocrx_word' id='word_1_216' title='bbox 813 2997 881 3049; x_wconf 30' lang='grc' dir='ltr'>νει</span> <span class='ocrx_word' id='word_1_217' title='bbox 900 2996 991 3049; x_wconf 84' lang='grc' dir='ltr'>καὶ</span> <span class='ocrx_word' id='word_1_218' title='bbox 1031 2997 1148 3066; x_wconf 82' lang='grc' dir='ltr'>δοίη</span> <span class='ocrx_word' id='word_1_219' title='bbox 1187 3013 1270 3062; x_wconf 84' lang='grc' dir='ltr'><strong>τις</strong></span> <span class='ocrx_word' id='word_1_220' title='bbox 1300 3000 1451 3070; x_wconf 84' lang='grc' dir='ltr'>αὐτῷ</span> <span class='ocrx_word' id='word_1_221' title='bbox 1494 3001 1556 3054; x_wconf 76' lang='grc' dir='ltr'><strong>τὸ</strong></span> <span class='ocrx_word' id='word_1_222' title='bbox 1607 3020 1715 3072; x_wconf 88' lang='grc' dir='ltr'>μη-</span> 
     </span>
    </p>
   </div>
   <div class='ocr_carea' id='block_1_33' title="bbox 131 3085 1712 3163">
    <p class='ocr_par' dir='ltr' id='par_1_33' title="bbox 131 3085 1712 3163">
     <span class='ocr_line' id='line_1_33' title="bbox 131 3085 1712 3163; baseline 0.006 -25"><span class='ocrx_word' id='word_1_223' title='bbox 131 3085 225 3138; x_wconf 70' lang='grc' dir='ltr'>δὶν</span> <span class='ocrx_word' id='word_1_224' title='bbox 272 3086 503 3153; x_wconf 77' lang='grc' dir='ltr'>ἀσελγὲς</span> <span class='ocrx_word' id='word_1_225' title='bbox 541 3090 737 3150; x_wconf 88' lang='grc' dir='ltr'>ποιεῖν,</span> <span class='ocrx_word' id='word_1_226' title='bbox 775 3089 913 3143; x_wconf 80' lang='grc' dir='ltr'>ἀλλά</span> <span class='ocrx_word' id='word_1_227' title='bbox 936 3105 997 3155; x_wconf 90' lang='grc' dir='ltr'><strong>γε</strong></span> <span class='ocrx_word' id='word_1_228' title='bbox 1052 3090 1314 3144; x_wconf 78' lang='grc' dir='ltr'>ὑπόνοιαν</span> <span class='ocrx_word' id='word_1_229' title='bbox 1370 3093 1468 3163; x_wconf 81' lang='grc' dir='ltr'>τὴν</span> <span class='ocrx_word' id='word_1_230' title='bbox 1505 3098 1566 3147; x_wconf 75' lang='grc' dir='ltr'>ἐκ</span> <span class='ocrx_word' id='word_1_231' title='bbox 1618 3095 1712 3148; x_wconf 84' lang='grc' dir='ltr'>τοῦ</span> 
     </span>
    </p>
   </div>
   <div class='ocr_carea' id='block_1_34' title="bbox 1818 586 3390 671">
    <p class='ocr_par' dir='ltr' id='par_1_34' title="bbox 1818 586 3390 671">
     <span class='ocr_line' id='line_1_34' title="bbox 1818 586 3390 671; baseline 0.011 -25"><span class='ocrx_word' id='word_1_232' title='bbox 1818 586 2177 648; x_wconf 71' lang='lat' dir='ltr'><strong>enarratores</strong></span> <span class='ocrx_word' id='word_1_233' title='bbox 2227 596 2415 661; x_wconf 80' lang='lat' dir='ltr'><strong>verbi,</strong></span> <span class='ocrx_word' id='word_1_234' title='bbox 2472 598 2565 664; x_wconf 85' lang='lat' dir='ltr'><strong>qui</strong></span> <span class='ocrx_word' id='word_1_235' title='bbox 2615 611 2681 651; x_wconf 80' lang='lat' dir='ltr'><strong>ex</strong></span> <span class='ocrx_word' id='word_1_236' title='bbox 2732 598 2833 653; x_wconf 88' lang='lat' dir='ltr'><strong>hac</strong></span> <span class='ocrx_word' id='word_1_237' title='bbox 2878 599 2988 654; x_wconf 85' lang='lat' dir='ltr'><strong>vita</strong></span> <span class='ocrx_word' id='word_1_238' title='bbox 3040 604 3390 671; x_wconf 73' lang='lat' dir='ltr'><strong>migrassent,</strong></span> 
     </span>
    </p>
   </div>
   <div class='ocr_carea' id='block_1_35' title="bbox 1817 677 3396 769">
    <p class='ocr_par' dir='ltr' id='par_1_35' title="bbox 1817 677 3396 769">
     <span class='ocr_line' id='line_1_35' title="bbox 1817 677 3396 769; baseline 0.011 -33"><span class='ocrx_word' id='word_1_239' title='bbox 1817 684 2131 752; x_wconf 82' lang='lat' dir='ltr'><strong>petulanter</strong></span> <span class='ocrx_word' id='word_1_240' title='bbox 2158 688 2576 756; x_wconf 87' lang='lat' dir='ltr'><strong>proscindebat.</strong></span> <span class='ocrx_word' id='word_1_241' title='bbox 2610 688 2804 745; x_wconf 83' lang='lat' dir='ltr'><strong>Gravis</strong></span> <span class='ocrx_word' id='word_1_242' title='bbox 2829 705 2883 746; x_wconf 91' lang='lat' dir='ltr'><strong>et</strong></span> <span class='ocrx_word' id='word_1_243' title='bbox 2915 677 3266 751; x_wconf 59' lang='lat' dir='ltr'><strong>molestusin</strong></span> <span class='ocrx_word' id='word_1_244' title='bbox 3297 716 3396 769; x_wconf 89' lang='lat' dir='ltr'><strong>pu-</strong></span> 
     </span>
    </p>
   </div>
   <div class='ocr_carea' id='block_1_36' title="bbox 1818 773 3396 852">
    <p class='ocr_par' dir='ltr' id='par_1_36' title="bbox 1818 773 3396 852">
     <span class='ocr_line' id='line_1_36' title="bbox 1818 773 3396 852; baseline 0.009 -24"><span class='ocrx_word' id='word_1_245' title='bbox 1818 773 1993 839; x_wconf 87' lang='lat' dir='ltr'><strong>blico,</strong></span> <span class='ocrx_word' id='word_1_246' title='bbox 2037 784 2095 831; x_wconf 87' lang='lat' dir='ltr'><strong>et</strong></span> <span class='ocrx_word' id='word_1_247' title='bbox 2127 777 2417 848; x_wconf 76' lang='lat' dir='ltr'><strong>magniﬁca</strong></span> <span class='ocrx_word' id='word_1_248' title='bbox 2459 779 2529 834; x_wconf 87' lang='lat' dir='ltr'><strong>de</strong></span> <span class='ocrx_word' id='word_1_249' title='bbox 2568 782 2753 851; x_wconf 81' lang='lat' dir='ltr'><strong>seipse</strong></span> <span class='ocrx_word' id='word_1_250' title='bbox 2800 783 3143 852; x_wconf 77' lang='lat' dir='ltr'><strong>pra-dicaris,</strong></span> <span class='ocrx_word' id='word_1_251' title='bbox 3189 804 3301 843; x_wconf 90' lang='lat' dir='ltr'><strong>non</strong></span> <span class='ocrx_word' id='word_1_252' title='bbox 3337 799 3396 843; x_wconf 88' lang='lat' dir='ltr'><strong>ut</strong></span> 
     </span>
    </p>
   </div>
   <div class='ocr_carea' id='block_1_37' title="bbox 1815 866 3394 947">
    <p class='ocr_par' dir='ltr' id='par_1_37' title="bbox 1815 866 3394 947">
     <span class='ocr_line' id='line_1_37' title="bbox 1815 866 3394 947; baseline 0.009 -28"><span class='ocrx_word' id='word_1_253' title='bbox 1815 866 2134 937; x_wconf 80' lang='lat' dir='ltr'><strong>episcopus,</strong></span> <span class='ocrx_word' id='word_1_254' title='bbox 2166 870 2264 925; x_wconf 88' lang='lat' dir='ltr'><strong>sed</strong></span> <span class='ocrx_word' id='word_1_255' title='bbox 2290 870 2538 942; x_wconf 82' lang='lat' dir='ltr'><strong>sophista</strong></span> <span class='ocrx_word' id='word_1_256' title='bbox 2566 884 2622 928; x_wconf 91' lang='lat' dir='ltr'><strong>et</strong></span> <span class='ocrx_word' id='word_1_257' title='bbox 2652 873 2942 943; x_wconf 86' lang='lat' dir='ltr'><strong>impostor.</strong></span> <span class='ocrx_word' id='word_1_258' title='bbox 2969 876 3197 931; x_wconf 86' lang='lat' dir='ltr'><strong>Psalmis</strong></span> <span class='ocrx_word' id='word_1_259' title='bbox 3227 893 3394 947; x_wconf 90' lang='lat' dir='ltr'><strong>porro</strong></span> 
     </span>
    </p>
   </div>
   <div class='ocr_carea' id='block_1_38' title="bbox 1816 955 3396 1037">
    <p class='ocr_par' dir='ltr' id='par_1_38' title="bbox 1816 955 3396 1037">
     <span class='ocr_line' id='line_1_38' title="bbox 1816 955 3396 1037; baseline 0.008 -27"><span class='ocrx_word' id='word_1_260' title='bbox 1816 955 1885 1011; x_wconf 86' lang='lat' dir='ltr'><strong>de</strong></span> <span class='ocrx_word' id='word_1_261' title='bbox 1925 956 2159 1014; x_wconf 88' lang='lat' dir='ltr'><strong>Domino</strong></span> <span class='ocrx_word' id='word_1_262' title='bbox 2188 972 2383 1017; x_wconf 90' lang='lat' dir='ltr'><strong>nostro</strong></span> <span class='ocrx_word' id='word_1_263' title='bbox 2414 963 2540 1019; x_wconf 72' lang='lat' dir='ltr'><strong>Jesu</strong></span> <span class='ocrx_word' id='word_1_264' title='bbox 2576 965 2871 1033; x_wconf 76' lang='lat' dir='ltr'><strong>abrogatis,</strong></span> <span class='ocrx_word' id='word_1_265' title='bbox 2907 977 3168 1037; x_wconf 85' lang='lat' dir='ltr'><strong>tanquam</strong></span> <span class='ocrx_word' id='word_1_266' title='bbox 3205 985 3396 1023; x_wconf 88' lang='lat' dir='ltr'><strong>recen-</strong></span> 
     </span>
    </p>
   </div>
   <div class='ocr_carea' id='block_1_39' title="bbox 1818 1049 3393 1125">
    <p class='ocr_par' dir='ltr' id='par_1_39' title="bbox 1818 1049 3393 1125">
     <span class='ocr_line' id='line_1_39' title="bbox 1818 1049 3393 1125; baseline 0.008 -24"><span class='ocrx_word' id='word_1_267' title='bbox 1818 1049 1999 1115; x_wconf 80' lang='lat' dir='ltr'><strong>tibus,</strong></span> <span class='ocrx_word' id='word_1_268' title='bbox 2051 1060 2107 1106; x_wconf 88' lang='lat' dir='ltr'><strong>et</strong></span> <span class='ocrx_word' id='word_1_269' title='bbox 2150 1067 2183 1107; x_wconf 91' lang='lat' dir='ltr'><strong>a</strong></span> <span class='ocrx_word' id='word_1_270' title='bbox 2230 1054 2638 1110; x_wconf 82' lang='lat' dir='ltr'><strong>recentioribus</strong></span> <span class='ocrx_word' id='word_1_271' title='bbox 2694 1059 3047 1125; x_wconf 87' lang='lat' dir='ltr'><strong>compositis,</strong></span> <span class='ocrx_word' id='word_1_272' title='bbox 3113 1060 3164 1111; x_wconf 89' lang='lat' dir='ltr'><strong>in</strong></span> <span class='ocrx_word' id='word_1_273' title='bbox 3215 1060 3393 1115; x_wconf 87' lang='lat' dir='ltr'><strong>media</strong></span> 
     </span>
    </p>
   </div>
   <div class='ocr_carea' id='block_1_40' title="bbox 1814 1142 3397 1217">
    <p class='ocr_par' dir='ltr' id='par_1_40' title="bbox 1814 1142 3397 1217">
     <span class='ocr_line' id='line_1_40' title="bbox 1814 1142 3397 1217; baseline 0.009 -24"><span class='ocrx_word' id='word_1_274' title='bbox 1814 1142 2075 1207; x_wconf 79' lang='lat' dir='ltr'><strong>ecclesia,</strong></span> <span class='ocrx_word' id='word_1_275' title='bbox 2109 1159 2305 1214; x_wconf 79' lang='lat' dir='ltr'><strong>magno</strong></span> <span class='ocrx_word' id='word_1_276' title='bbox 2336 1147 2425 1201; x_wconf 91' lang='lat' dir='ltr'><strong>die</strong></span> <span class='ocrx_word' id='word_1_277' title='bbox 2458 1147 2682 1202; x_wconf 61' lang='lat' dir='ltr'><strong>Pascha:</strong></span> <span class='ocrx_word' id='word_1_278' title='bbox 2715 1150 2782 1203; x_wconf 90' lang='lat' dir='ltr'><strong>de</strong></span> <span class='ocrx_word' id='word_1_279' title='bbox 2811 1150 2996 1217; x_wconf 83' lang='lat' dir='ltr'><strong>seipso</strong></span> <span class='ocrx_word' id='word_1_280' title='bbox 3034 1151 3397 1208; x_wconf 81' lang='lat' dir='ltr'><strong>mulierculas</strong></span> 
     </span>
    </p>
   </div>
   <div class='ocr_carea' id='block_1_41' title="bbox 1813 1231 3394 1309">
    <p class='ocr_par' dir='ltr' id='par_1_41' title="bbox 1813 1231 3394 1309">
     <span class='ocr_line' id='line_1_41' title="bbox 1813 1231 3394 1309; baseline 0.009 -25"><span class='ocrx_word' id='word_1_281' title='bbox 1813 1231 2005 1288; x_wconf 89' lang='lat' dir='ltr'><strong>laudes</strong></span> <span class='ocrx_word' id='word_1_282' title='bbox 2033 1246 2260 1291; x_wconf 88' lang='lat' dir='ltr'><strong>cantare</strong></span> <span class='ocrx_word' id='word_1_283' title='bbox 2288 1238 2636 1303; x_wconf 79' lang='lat' dir='ltr'><strong>instituebat,</strong></span> <span class='ocrx_word' id='word_1_284' title='bbox 2660 1256 2797 1309; x_wconf 89' lang='lat' dir='ltr'><strong>quas</strong></span> <span class='ocrx_word' id='word_1_285' title='bbox 2822 1257 2984 1295; x_wconf 84' lang='lat' dir='ltr'><strong>nemo</strong></span> <span class='ocrx_word' id='word_1_286' title='bbox 3014 1244 3134 1296; x_wconf 87' lang='lat' dir='ltr'><strong>sine</strong></span> <span class='ocrx_word' id='word_1_287' title='bbox 3163 1243 3394 1299; x_wconf 87' lang='lat' dir='ltr'><strong>horrore</strong></span> 
     </span>
    </p>
   </div>
   <div class='ocr_carea' id='block_1_42' title="bbox 1815 1326 3396 1404">
    <p class='ocr_par' dir='ltr' id='par_1_42' title="bbox 1815 1326 3396 1404">
     <span class='ocr_line' id='line_1_42' title="bbox 1815 1326 3396 1404; baseline 0.008 -28"><span class='ocrx_word' id='word_1_288' title='bbox 1815 1326 2110 1381; x_wconf 82' lang='lat' dir='ltr'><strong>audiverit.</strong></span> <span class='ocrx_word' id='word_1_289' title='bbox 2157 1328 2635 1394; x_wconf 80' lang='lat' dir='ltr'><strong>Quemadmodum</strong></span> <span class='ocrx_word' id='word_1_290' title='bbox 2688 1334 2891 1397; x_wconf 84' lang='lat' dir='ltr'><strong>etiam,</strong></span> <span class='ocrx_word' id='word_1_291' title='bbox 2948 1346 3008 1388; x_wconf 90' lang='lat' dir='ltr'><strong>ut</strong></span> <span class='ocrx_word' id='word_1_292' title='bbox 3056 1337 3125 1389; x_wconf 92' lang='lat' dir='ltr'><strong>de</strong></span> <span class='ocrx_word' id='word_1_293' title='bbox 3184 1352 3244 1390; x_wconf 90' lang='lat' dir='ltr'><strong>se</strong></span> <span class='ocrx_word' id='word_1_294' title='bbox 3296 1351 3396 1404; x_wconf 93' lang='lat' dir='ltr'><strong>pro</strong></span> 
     </span>
    </p>
   </div>
   <div class='ocr_carea' id='block_1_43' title="bbox 1813 1422 3396 1497">
    <p class='ocr_par' dir='ltr' id='par_1_43' title="bbox 1813 1422 3396 1497">
     <span class='ocr_line' id='line_1_43' title="bbox 1813 1422 3396 1497; baseline 0.008 -29"><span class='ocrx_word' id='word_1_295' title='bbox 1813 1422 2087 1474; x_wconf 84' lang='lat' dir='ltr'><strong>concione</strong></span> <span class='ocrx_word' id='word_1_296' title='bbox 2127 1422 2195 1475; x_wconf 90' lang='lat' dir='ltr'><strong>ad</strong></span> <span class='ocrx_word' id='word_1_297' title='bbox 2237 1422 2500 1491; x_wconf 79' lang='lat' dir='ltr'><strong>papulum</strong></span> <span class='ocrx_word' id='word_1_298' title='bbox 2546 1425 2824 1490; x_wconf 83' lang='lat' dir='ltr'><strong>dicerent,</strong></span> <span class='ocrx_word' id='word_1_299' title='bbox 2858 1442 2923 1479; x_wconf 79' lang='lat' dir='ltr'><strong>ex</strong></span> <span class='ocrx_word' id='word_1_300' title='bbox 2959 1427 3208 1483; x_wconf 80' lang='lat' dir='ltr'><strong>ﬁnitimis</strong></span> <span class='ocrx_word' id='word_1_301' title='bbox 3247 1428 3396 1497; x_wconf 80' lang='lat' dir='ltr'><strong>agris</strong></span> 
     </span>
    </p>
   </div>
   <div class='ocr_carea' id='block_1_44' title="bbox 1812 1511 3398 1589">
    <p class='ocr_par' dir='ltr' id='par_1_44' title="bbox 1812 1511 3398 1589">
     <span class='ocr_line' id='line_1_44' title="bbox 1812 1511 3398 1589; baseline 0.008 -28"><span class='ocrx_word' id='word_1_302' title='bbox 1812 1518 1867 1561; x_wconf 92' lang='lat' dir='ltr'><strong>et</strong></span> <span class='ocrx_word' id='word_1_303' title='bbox 1920 1511 2173 1579; x_wconf 88' lang='lat' dir='ltr'><strong>oppidis,</strong></span> <span class='ocrx_word' id='word_1_304' title='bbox 2224 1529 2321 1583; x_wconf 91' lang='lat' dir='ltr'><strong>per</strong></span> <span class='ocrx_word' id='word_1_305' title='bbox 2354 1518 2780 1571; x_wconf 81' lang='lat' dir='ltr'><strong>assentationem</strong></span> <span class='ocrx_word' id='word_1_306' title='bbox 2814 1520 2917 1574; x_wconf 83' lang='lat' dir='ltr'><strong>sibi</strong></span> <span class='ocrx_word' id='word_1_307' title='bbox 2960 1520 3248 1575; x_wconf 77' lang='lat' dir='ltr'><strong>adulantes</strong></span> <span class='ocrx_word' id='word_1_308' title='bbox 3279 1523 3398 1589; x_wconf 81' lang='lat' dir='ltr'><strong>cpi—</strong></span> 
     </span>
    </p>
   </div>
   <div class='ocr_carea' id='block_1_45' title="bbox 1812 1606 3389 1681">
    <p class='ocr_par' dir='ltr' id='par_1_45' title="bbox 1812 1606 3389 1681">
     <span class='ocr_line' id='line_1_45' title="bbox 1812 1606 3389 1681; baseline 0.008 -26"><span class='ocrx_word' id='word_1_309' title='bbox 1812 1614 2011 1670; x_wconf 84' lang='lat' dir='ltr'><strong>scopos</strong></span> <span class='ocrx_word' id='word_1_310' title='bbox 2062 1613 2120 1657; x_wconf 89' lang='lat' dir='ltr'><strong>et</strong></span> <span class='ocrx_word' id='word_1_311' title='bbox 2180 1606 2530 1678; x_wconf 80' lang='lat' dir='ltr'><strong>presbyteros</strong></span> <span class='ocrx_word' id='word_1_312' title='bbox 2571 1611 2847 1664; x_wconf 82' lang='lat' dir='ltr'><strong>summisit</strong></span> <span class='ocrx_word' id='word_1_313' title='bbox 2894 1622 3056 1680; x_wconf 85' lang='lat' dir='ltr'><strong>atque</strong></span> <span class='ocrx_word' id='word_1_314' title='bbox 3097 1614 3389 1681; x_wconf 74' lang='lat' dir='ltr'><strong>disposuit.</strong></span> 
     </span>
    </p>
   </div>
   <div class='ocr_carea' id='block_1_46' title="bbox 1812 1690 3390 1772">
    <p class='ocr_par' dir='ltr' id='par_1_46' title="bbox 1812 1690 3390 1772">
     <span class='ocr_line' id='line_1_46' title="bbox 1812 1690 3390 1772; baseline 0.009 -27"><span class='ocrx_word' id='word_1_315' title='bbox 1812 1690 2013 1747; x_wconf 85' lang='lat' dir='ltr'><strong>Fil-ium</strong></span> <span class='ocrx_word' id='word_1_316' title='bbox 2042 1696 2268 1763; x_wconf 85' lang='lat' dir='ltr'><strong>quidem</strong></span> <span class='ocrx_word' id='word_1_317' title='bbox 2303 1698 2420 1763; x_wconf 86' lang='lat' dir='ltr'><strong>Dei,</strong></span> <span class='ocrx_word' id='word_1_318' title='bbox 2454 1714 2563 1753; x_wconf 91' lang='lat' dir='ltr'><strong>non</strong></span> <span class='ocrx_word' id='word_1_319' title='bbox 2594 1702 2709 1753; x_wconf 80' lang='lat' dir='ltr'><strong>vult</strong></span> <span class='ocrx_word' id='word_1_320' title='bbox 2739 1704 3026 1755; x_wconf 76' lang='lat' dir='ltr'><strong>nobiseum</strong></span> <span class='ocrx_word' id='word_1_321' title='bbox 3061 1706 3332 1772; x_wconf 78' lang='lat' dir='ltr'><strong>proﬁteri,</strong></span> <span class='ocrx_word' id='word_1_322' title='bbox 3359 1721 3390 1759; x_wconf 91' lang='lat' dir='ltr'><strong>e</strong></span> 
     </span>
    </p>
   </div>
   <div class='ocr_carea' id='block_1_47' title="bbox 1814 1784 3393 1863">
    <p class='ocr_par' dir='ltr' id='par_1_47' title="bbox 1814 1784 3393 1863">
     <span class='ocr_line' id='line_1_47' title="bbox 1814 1784 3393 1863; baseline 0.008 -27"><span class='ocrx_word' id='word_1_323' title='bbox 1814 1784 1954 1838; x_wconf 66' lang='lat' dir='ltr'><strong>casio</strong></span> <span class='ocrx_word' id='word_1_324' title='bbox 1998 1784 2398 1845; x_wconf 84' lang='lat' dir='ltr'><strong>descendisse:</strong></span> <span class='ocrx_word' id='word_1_325' title='bbox 2444 1800 2503 1843; x_wconf 89' lang='lat' dir='ltr'><strong>ut</strong></span> <span class='ocrx_word' id='word_1_326' title='bbox 2549 1793 2758 1861; x_wconf 84' lang='lat' dir='ltr'><strong>aliquid</strong></span> <span class='ocrx_word' id='word_1_327' title='bbox 2804 1810 2993 1848; x_wconf 81' lang='lat' dir='ltr'><strong>earnm</strong></span> <span class='ocrx_word' id='word_1_328' title='bbox 3042 1812 3222 1849; x_wconf 88' lang='lat' dir='ltr'><strong>rerum</strong></span> <span class='ocrx_word' id='word_1_329' title='bbox 3269 1813 3393 1863; x_wconf 77' lang='lat' dir='ltr'><strong>qua:</strong></span> 
     </span>
    </p>
   </div>
   <div class='ocr_carea' id='block_1_48' title="bbox 1818 1880 3391 1958">
    <p class='ocr_par' dir='ltr' id='par_1_48' title="bbox 1818 1880 3391 1958">
     <span class='ocr_line' id='line_1_48' title="bbox 1818 1880 3391 1958; baseline 0.009 -30"><span class='ocrx_word' id='word_1_330' title='bbox 1818 1887 2006 1944; x_wconf 84' lang='lat' dir='ltr'><strong>postea</strong></span> <span class='ocrx_word' id='word_1_331' title='bbox 2032 1880 2366 1944; x_wconf 85' lang='lat' dir='ltr'><strong>scribentur,</strong></span> <span class='ocrx_word' id='word_1_332' title='bbox 2395 1896 2846 1954; x_wconf 64' lang='lat' dir='ltr'><strong>prasoccupantes</strong></span> <span class='ocrx_word' id='word_1_333' title='bbox 2864 1888 3158 1939; x_wconf 69' lang='lat' dir='ltr'><strong>aderamus</strong></span> <span class='ocrx_word' id='word_1_334' title='bbox 3186 1908 3192 1940; x_wconf 92' lang='lat'>:</span> <span class='ocrx_word' id='word_1_335' title='bbox 3226 1891 3391 1958; x_wconf 81' lang='lat' dir='ltr'><strong>idque</strong></span> 
     </span>
    </p>
   </div>
   <div class='ocr_carea' id='block_1_49' title="bbox 1815 1970 3389 2043">
    <p class='ocr_par' dir='ltr' id='par_1_49' title="bbox 1815 1970 3389 2043">
     <span class='ocr_line' id='line_1_49' title="bbox 1815 1970 3389 2043; baseline 0.008 -22"><span class='ocrx_word' id='word_1_336' title='bbox 1815 1981 1927 2022; x_wconf 85' lang='lat' dir='ltr'><strong>non</strong></span> <span class='ocrx_word' id='word_1_337' title='bbox 1955 1970 2120 2025; x_wconf 89' lang='lat' dir='ltr'><strong>nudis</strong></span> <span class='ocrx_word' id='word_1_338' title='bbox 2143 1987 2172 2024; x_wconf 88' lang='lat' dir='ltr'><strong>a</strong></span> <span class='ocrx_word' id='word_1_339' title='bbox 2198 1974 2359 2027; x_wconf 89' lang='lat' dir='ltr'><strong>nobis</strong></span> <span class='ocrx_word' id='word_1_340' title='bbox 2386 1975 2603 2029; x_wconf 81' lang='lat' dir='ltr'><strong>dicetur</strong></span> <span class='ocrx_word' id='word_1_341' title='bbox 2636 1978 2838 2043; x_wconf 84' lang='lat' dir='ltr'><strong>verbis,</strong></span> <span class='ocrx_word' id='word_1_342' title='bbox 2873 1980 2966 2032; x_wconf 89' lang='lat' dir='ltr'><strong>sed</strong></span> <span class='ocrx_word' id='word_1_343' title='bbox 3005 1996 3069 2033; x_wconf 78' lang='lat' dir='ltr'><strong>ex</strong></span> <span class='ocrx_word' id='word_1_344' title='bbox 3103 1997 3389 2034; x_wconf 87' lang='lat' dir='ltr'><strong>commen-</strong></span> 
     </span>
    </p>
   </div>
   <div class='ocr_carea' id='block_1_50' title="bbox 1816 2063 3389 2140">
    <p class='ocr_par' dir='ltr' id='par_1_50' title="bbox 1816 2063 3389 2140">
     <span class='ocr_line' id='line_1_50' title="bbox 1816 2063 3389 2140; baseline 0.009 -26"><span class='ocrx_word' id='word_1_345' title='bbox 1816 2063 2009 2125; x_wconf 84' lang='lat' dir='ltr'><strong>tariis,</strong></span> <span class='ocrx_word' id='word_1_346' title='bbox 2048 2078 2190 2133; x_wconf 85' lang='lat' dir='ltr'><strong>quos</strong></span> <span class='ocrx_word' id='word_1_347' title='bbox 2232 2065 2297 2118; x_wconf 90' lang='lat' dir='ltr'><strong>ad</strong></span> <span class='ocrx_word' id='word_1_348' title='bbox 2329 2083 2427 2121; x_wconf 89' lang='lat' dir='ltr'><strong>vos</strong></span> <span class='ocrx_word' id='word_1_349' title='bbox 2460 2068 2731 2133; x_wconf 77' lang='lat' dir='ltr'><strong>misimus,</strong></span> <span class='ocrx_word' id='word_1_350' title='bbox 2775 2074 3000 2124; x_wconf 90' lang='lat' dir='ltr'><strong>omnino</strong></span> <span class='ocrx_word' id='word_1_351' title='bbox 3041 2074 3389 2140; x_wconf 84' lang='lat' dir='ltr'><strong>probabitur.</strong></span> 
     </span>
    </p>
   </div>
   <div class='ocr_carea' id='block_1_51' title="bbox 1813 2153 3393 2227">
    <p class='ocr_par' dir='ltr' id='par_1_51' title="bbox 1813 2153 3393 2227">
     <span class='ocr_line' id='line_1_51' title="bbox 1813 2153 3393 2227; baseline 0.008 -18"><span class='ocrx_word' id='word_1_352' title='bbox 1813 2153 1936 2209; x_wconf 81' lang='lat' dir='ltr'><strong>Non</strong></span> <span class='ocrx_word' id='word_1_353' title='bbox 1980 2155 2167 2211; x_wconf 91' lang='lat' dir='ltr'><strong>minus</strong></span> <span class='ocrx_word' id='word_1_354' title='bbox 2196 2172 2330 2212; x_wconf 89' lang='lat' dir='ltr'><strong>vero</strong></span> <span class='ocrx_word' id='word_1_355' title='bbox 2373 2163 2536 2213; x_wconf 88' lang='lat' dir='ltr'><strong>etiam</strong></span> <span class='ocrx_word' id='word_1_356' title='bbox 2569 2163 2774 2216; x_wconf 82' lang='lat' dir='ltr'><strong>alicubi</strong></span> <span class='ocrx_word' id='word_1_357' title='bbox 2802 2164 2971 2227; x_wconf 91' lang='lat' dir='ltr'><strong>dicit,</strong></span> <span class='ocrx_word' id='word_1_358' title='bbox 3013 2164 3198 2219; x_wconf 87' lang='lat' dir='ltr'><strong>Jesum</strong></span> <span class='ocrx_word' id='word_1_359' title='bbox 3229 2168 3393 2221; x_wconf 82' lang='lat' dir='ltr'><strong>Chri-</strong></span> 
     </span>
    </p>
   </div>
   <div class='ocr_carea' id='block_1_52' title="bbox 1816 2254 3391 2329">
    <p class='ocr_par' dir='ltr' id='par_1_52' title="bbox 1816 2254 3391 2329">
     <span class='ocr_line' id='line_1_52' title="bbox 1816 2254 3391 2329; baseline 0.008 -28"><span class='ocrx_word' id='word_1_360' title='bbox 1816 2255 1963 2301; x_wconf 91' lang='lat' dir='ltr'><strong>stum</strong></span> <span class='ocrx_word' id='word_1_361' title='bbox 1994 2262 2025 2301; x_wconf 93' lang='lat' dir='ltr'><strong>e</strong></span> <span class='ocrx_word' id='word_1_362' title='bbox 2058 2259 2204 2304; x_wconf 90' lang='lat' dir='ltr'><strong>terra</strong></span> <span class='ocrx_word' id='word_1_363' title='bbox 2235 2261 2419 2306; x_wconf 88' lang='lat' dir='ltr'><strong>ortum</strong></span> <span class='ocrx_word' id='word_1_364' title='bbox 2454 2254 2731 2310; x_wconf 79' lang='lat' dir='ltr'><strong>habuisse.</strong></span> <span class='ocrx_word' id='word_1_365' title='bbox 2756 2256 2858 2322; x_wconf 87' lang='lat' dir='ltr'><strong>Qui</strong></span> <span class='ocrx_word' id='word_1_366' title='bbox 2891 2267 3072 2311; x_wconf 88' lang='lat' dir='ltr'><strong>autem</strong></span> <span class='ocrx_word' id='word_1_367' title='bbox 3100 2258 3152 2312; x_wconf 90' lang='lat' dir='ltr'><strong>in</strong></span> <span class='ocrx_word' id='word_1_368' title='bbox 3187 2264 3391 2329; x_wconf 84' lang='lat' dir='ltr'><strong>populo</strong></span> 
     </span>
    </p>
   </div>
   <div class='ocr_carea' id='block_1_53' title="bbox 1816 2338 3395 2414">
    <p class='ocr_par' dir='ltr' id='par_1_53' title="bbox 1816 2338 3395 2414">
     <span class='ocr_line' id='line_1_53' title="bbox 1816 2338 3395 2414; baseline 0.008 -23"><span class='ocrx_word' id='word_1_369' title='bbox 1816 2338 2043 2405; x_wconf 87' lang='lat' dir='ltr'><strong>psalmis</strong></span> <span class='ocrx_word' id='word_1_370' title='bbox 2086 2352 2140 2395; x_wconf 90' lang='lat' dir='ltr'><strong>et</strong></span> <span class='ocrx_word' id='word_1_371' title='bbox 2182 2341 2438 2397; x_wconf 89' lang='lat' dir='ltr'><strong>laudibus</strong></span> <span class='ocrx_word' id='word_1_372' title='bbox 2468 2345 2700 2414; x_wconf 90' lang='lat' dir='ltr'><strong>impium</strong></span> <span class='ocrx_word' id='word_1_373' title='bbox 2738 2347 2884 2401; x_wconf 86' lang='lat' dir='ltr'><strong>hunc</strong></span> <span class='ocrx_word' id='word_1_374' title='bbox 2928 2348 3205 2403; x_wconf 83' lang='lat' dir='ltr'><strong>hominem</strong></span> <span class='ocrx_word' id='word_1_375' title='bbox 3251 2352 3395 2404; x_wconf 76' lang='lat' dir='ltr'><strong>uele-</strong></span> 
     </span>
    </p>
   </div>
   <div class='ocr_carea' id='block_1_54' title="bbox 1817 2427 3395 2508">
    <p class='ocr_par' dir='ltr' id='par_1_54' title="bbox 1817 2427 3395 2508">
     <span class='ocr_line' id='line_1_54' title="bbox 1817 2427 3395 2508; baseline 0.011 -27"><span class='ocrx_word' id='word_1_376' title='bbox 1817 2427 2020 2495; x_wconf 90' lang='lat' dir='ltr'><strong>brant,</strong></span> <span class='ocrx_word' id='word_1_377' title='bbox 2064 2434 2317 2501; x_wconf 79' lang='lat' dir='ltr'><strong>angelum</strong></span> <span class='ocrx_word' id='word_1_378' title='bbox 2362 2452 2489 2489; x_wconf 91' lang='lat' dir='ltr'><strong>eum</strong></span> <span class='ocrx_word' id='word_1_379' title='bbox 2531 2447 2586 2491; x_wconf 91' lang='lat' dir='ltr'><strong>et</strong></span> <span class='ocrx_word' id='word_1_380' title='bbox 2617 2440 2938 2508; x_wconf 76' lang='lat' dir='ltr'><strong>magistrum</strong></span> <span class='ocrx_word' id='word_1_381' title='bbox 2981 2442 3048 2495; x_wconf 90' lang='lat' dir='ltr'><strong>ad</strong></span> <span class='ocrx_word' id='word_1_382' title='bbox 3086 2458 3144 2495; x_wconf 81' lang='lat' dir='ltr'><strong>se</strong></span> <span class='ocrx_word' id='word_1_383' title='bbox 3182 2457 3213 2496; x_wconf 87' lang='lat' dir='ltr'><strong>e</strong></span> <span class='ocrx_word' id='word_1_384' title='bbox 3252 2447 3395 2499; x_wconf 74' lang='lat' dir='ltr'><strong>ett-lo</strong></span> 
     </span>
    </p>
   </div>
   <div class='ocr_carea' id='block_1_55' title="bbox 1817 2517 3391 2599">
    <p class='ocr_par' dir='ltr' id='par_1_55' title="bbox 1817 2517 3391 2599">
     <span class='ocr_line' id='line_1_55' title="bbox 1817 2517 3391 2599; baseline 0.011 -30"><span class='ocrx_word' id='word_1_385' title='bbox 1817 2517 2176 2577; x_wconf 89' lang='lat' dir='ltr'><strong>descendisse</strong></span> <span class='ocrx_word' id='word_1_386' title='bbox 2205 2532 2432 2579; x_wconf 88' lang='lat' dir='ltr'><strong>canunt.</strong></span> <span class='ocrx_word' id='word_1_387' title='bbox 2464 2526 2530 2579; x_wconf 77' lang='lat' dir='ltr'><strong>Et</strong></span> <span class='ocrx_word' id='word_1_388' title='bbox 2561 2527 2673 2581; x_wconf 65' lang='lat' dir='ltr'><strong>haec</strong></span> <span class='ocrx_word' id='word_1_389' title='bbox 2703 2528 2793 2582; x_wconf 90' lang='lat' dir='ltr'><strong>ille</strong></span> <span class='ocrx_word' id='word_1_390' title='bbox 2826 2533 3256 2599; x_wconf 80' lang='lat' dir='ltr'><strong>superbissimus</strong></span> <span class='ocrx_word' id='word_1_391' title='bbox 3286 2551 3391 2587; x_wconf 90' lang='lat' dir='ltr'><strong>non</strong></span> 
     </span>
    </p>
   </div>
   <div class='ocr_carea' id='block_1_56' title="bbox 1818 2613 3388 2689">
    <p class='ocr_par' dir='ltr' id='par_1_56' title="bbox 1818 2613 3388 2689">
     <span class='ocr_line' id='line_1_56' title="bbox 1818 2613 3388 2689; baseline 0.013 -28"><span class='ocrx_word' id='word_1_392' title='bbox 1818 2613 2109 2679; x_wconf 88' lang='lat' dir='ltr'><strong>prohibet,</strong></span> <span class='ocrx_word' id='word_1_393' title='bbox 2162 2616 2256 2668; x_wconf 90' lang='lat' dir='ltr'><strong>scd</strong></span> <span class='ocrx_word' id='word_1_394' title='bbox 2305 2631 2368 2673; x_wconf 83' lang='lat' dir='ltr'><strong>ea</strong></span> <span class='ocrx_word' id='word_1_395' title='bbox 2413 2619 2742 2675; x_wconf 83' lang='lat' dir='ltr'><strong>canentibus</strong></span> <span class='ocrx_word' id='word_1_396' title='bbox 2792 2622 2968 2676; x_wconf 85' lang='lat' dir='ltr'><strong>adest.</strong></span> <span class='ocrx_word' id='word_1_397' title='bbox 3020 2626 3159 2689; x_wconf 90' lang='lat' dir='ltr'><strong>Quid</strong></span> <span class='ocrx_word' id='word_1_398' title='bbox 3204 2638 3388 2681; x_wconf 87' lang='lat' dir='ltr'><strong>autem</strong></span> 
     </span>
    </p>
   </div>
   <div class='ocr_carea' id='block_1_57' title="bbox 1818 2703 3393 2783">
    <p class='ocr_par' dir='ltr' id='par_1_57' title="bbox 1818 2703 3393 2783">
     <span class='ocr_line' id='line_1_57' title="bbox 1818 2703 3393 2783; baseline 0.011 -28"><span class='ocrx_word' id='word_1_399' title='bbox 1818 2703 2081 2759; x_wconf 84' lang='lat' dir='ltr'><strong>mulieres</strong></span> <span class='ocrx_word' id='word_1_400' title='bbox 2123 2707 2243 2777; x_wconf 86' lang='lat' dir='ltr'><strong>ejus</strong></span> <span class='ocrx_word' id='word_1_401' title='bbox 2284 2708 2749 2775; x_wconf 84' lang='lat' dir='ltr'><strong>lsubintrodnctas</strong></span> <span class='ocrx_word' id='word_1_402' title='bbox 2802 2715 2920 2783; x_wconf 77' lang='lat'><strong>(5),</strong></span> <span class='ocrx_word' id='word_1_403' title='bbox 2965 2726 3023 2769; x_wconf 90' lang='lat' dir='ltr'><strong>ut</strong></span> <span class='ocrx_word' id='word_1_404' title='bbox 3061 2719 3393 2773; x_wconf 77' lang='lat' dir='ltr'><strong>Antiocneiii</strong></span> 
     </span>
    </p>
   </div>
   <div class='ocr_carea' id='block_1_58' title="bbox 1818 2796 3391 2873">
    <p class='ocr_par' dir='ltr' id='par_1_58' title="bbox 1818 2796 3391 2873">
     <span class='ocr_line' id='line_1_58' title="bbox 1818 2796 3391 2873; baseline 0.013 -27"><span class='ocrx_word' id='word_1_405' title='bbox 1818 2796 2143 2851; x_wconf 88' lang='lat' dir='ltr'><strong>nominant:</strong></span> <span class='ocrx_word' id='word_1_406' title='bbox 2198 2800 2331 2868; x_wconf 88' lang='lat' dir='ltr'><strong>quid</strong></span> <span class='ocrx_word' id='word_1_407' title='bbox 2394 2803 2514 2871; x_wconf 82' lang='lat' dir='ltr'><strong>ejus</strong></span> <span class='ocrx_word' id='word_1_408' title='bbox 2561 2803 2931 2873; x_wconf 72' lang='lat' dir='ltr'><strong>presbyteros</strong></span> <span class='ocrx_word' id='word_1_409' title='bbox 2975 2819 3028 2862; x_wconf 90' lang='lat' dir='ltr'><strong>et</strong></span> <span class='ocrx_word' id='word_1_410' title='bbox 3086 2810 3391 2868; x_wconf 85' lang='lat' dir='ltr'><strong>diaconos:</strong></span> 
     </span>
    </p>
   </div>
   <div class='ocr_carea' id='block_1_59' title="bbox 1817 2888 3395 2974">
    <p class='ocr_par' dir='ltr' id='par_1_59' title="bbox 1817 2888 3395 2974">
     <span class='ocr_line' id='line_1_59' title="bbox 1817 2888 3395 2974; baseline 0.013 -35"><span class='ocrx_word' id='word_1_411' title='bbox 1817 2888 2022 2955; x_wconf 88' lang='lat' dir='ltr'><strong>quibus</strong></span> <span class='ocrx_word' id='word_1_412' title='bbox 2052 2902 2106 2944; x_wconf 89' lang='lat' dir='ltr'><strong>et</strong></span> <span class='ocrx_word' id='word_1_413' title='bbox 2135 2890 2240 2946; x_wconf 90' lang='lat' dir='ltr'><strong>hoc</strong></span> <span class='ocrx_word' id='word_1_414' title='bbox 2271 2892 2559 2960; x_wconf 91' lang='lat' dir='ltr'><strong>delictum,</strong></span> <span class='ocrx_word' id='word_1_415' title='bbox 2585 2904 2635 2949; x_wconf 90' lang='lat' dir='ltr'><strong>et</strong></span> <span class='ocrx_word' id='word_1_416' title='bbox 2671 2898 2776 2951; x_wconf 87' lang='lat' dir='ltr'><strong>alia</strong></span> <span class='ocrx_word' id='word_1_417' title='bbox 2810 2898 3240 2957; x_wconf 81' lang='lat' dir='ltr'><strong>iinmedieabilia</strong></span> <span class='ocrx_word' id='word_1_418' title='bbox 3266 2921 3395 2974; x_wconf 86' lang='lat' dir='ltr'><strong>pec-</strong></span> 
     </span>
    </p>
   </div>
   <div class='ocr_carea' id='block_1_60' title="bbox 1817 2984 3394 3056">
    <p class='ocr_par' dir='ltr' id='par_1_60' title="bbox 1817 2984 3394 3056">
     <span class='ocr_line' id='line_1_60' title="bbox 1817 2984 3394 3056; baseline 0.012 -23"><span class='ocrx_word' id='word_1_419' title='bbox 1817 2988 1938 3033; x_wconf 86' lang='lat' dir='ltr'><strong>eata</strong></span> <span class='ocrx_word' id='word_1_420' title='bbox 1970 2984 2266 3049; x_wconf 91' lang='lat' dir='ltr'><strong>permittit,</strong></span> <span class='ocrx_word' id='word_1_421' title='bbox 2298 3000 2475 3054; x_wconf 92' lang='lat' dir='ltr'><strong>eaque</strong></span> <span class='ocrx_word' id='word_1_422' title='bbox 2503 3003 2628 3040; x_wconf 89' lang='lat' dir='ltr'><strong>eum</strong></span> <span class='ocrx_word' id='word_1_423' title='bbox 2668 2988 2780 3042; x_wconf 91' lang='lat' dir='ltr'><strong>illis</strong></span> <span class='ocrx_word' id='word_1_424' title='bbox 2806 2993 2970 3056; x_wconf 88' lang='lat' dir='ltr'><strong>celat,</strong></span> <span class='ocrx_word' id='word_1_425' title='bbox 3005 2995 3261 3049; x_wconf 88' lang='lat' dir='ltr'><strong>conscius</strong></span> <span class='ocrx_word' id='word_1_426' title='bbox 3288 2999 3394 3052; x_wconf 84' lang='lat' dir='ltr'><strong>sibi</strong></span> 
     </span>
    </p>
   </div>
   <div class='ocr_carea' id='block_1_61' title="bbox 1817 3076 3397 3147">
    <p class='ocr_par' dir='ltr' id='par_1_61' title="bbox 1817 3076 3397 3147">
     <span class='ocr_line' id='line_1_61' title="bbox 1817 3076 3397 3147; baseline 0.009 -24"><span class='ocrx_word' id='word_1_427' title='bbox 1817 3084 2045 3135; x_wconf 91' lang='lat' dir='ltr'><strong>eorum,</strong></span> <span class='ocrx_word' id='word_1_428' title='bbox 2092 3083 2147 3126; x_wconf 90' lang='lat' dir='ltr'><strong>et</strong></span> <span class='ocrx_word' id='word_1_429' title='bbox 2175 3076 2338 3127; x_wconf 90' lang='lat' dir='ltr'><strong>simul</strong></span> <span class='ocrx_word' id='word_1_430' title='bbox 2386 3076 2509 3129; x_wconf 90' lang='lat' dir='ltr'><strong>illos</strong></span> <span class='ocrx_word' id='word_1_431' title='bbox 2547 3077 2615 3130; x_wconf 91' lang='lat' dir='ltr'><strong>de</strong></span> <span class='ocrx_word' id='word_1_432' title='bbox 2646 3078 2729 3132; x_wconf 78' lang='lat' dir='ltr'><strong>eis</strong></span> <span class='ocrx_word' id='word_1_433' title='bbox 2760 3095 3028 3147; x_wconf 81' lang='lat' dir='ltr'><strong>arguens,</strong></span> <span class='ocrx_word' id='word_1_434' title='bbox 3069 3093 3128 3135; x_wconf 91' lang='lat' dir='ltr'><strong>ut</strong></span> <span class='ocrx_word' id='word_1_435' title='bbox 3159 3083 3263 3136; x_wconf 86' lang='lat' dir='ltr'><strong>sibi</strong></span> <span class='ocrx_word' id='word_1_436' title='bbox 3298 3084 3397 3138; x_wconf 90' lang='lat' dir='ltr'><strong>ob-</strong></span> 
     </span>
    </p>
   </div>
   <div class='ocr_carea' id='block_1_62' title="bbox 131 3166 1713 3258">
    <p class='ocr_par' dir='ltr' id='par_1_62' title="bbox 131 3180 1707 3258">
     <span class='ocr_line' id='line_1_62' title="bbox 131 3180 1707 3258; baseline 0.006 -26"><span class='ocrx_word' id='word_1_437' title='bbox 131 3181 387 3232; x_wconf 88' lang='grc' dir='ltr'>τοιούτου</span> <span class='ocrx_word' id='word_1_438' title='bbox 435 3180 761 3247; x_wconf 85' lang='grc' dir='ltr'>πράγματος</span> <span class='ocrx_word' id='word_1_439' title='bbox 791 3183 1069 3250; x_wconf 86' lang='grc' dir='ltr'>φυομένην</span> <span class='ocrx_word' id='word_1_440' title='bbox 1114 3184 1283 3254; x_wconf 73' lang='grc' dir='ltr'>ἐχρῆν</span> <span class='ocrx_word' id='word_1_441' title='bbox 1311 3185 1707 3258; x_wconf 72' lang='grc' dir='ltr'>εὐλαϐηθῆναι,</span> 
     </span>
    </p>
   </div>
   <div class='ocr_carea' id='block_1_63' title="bbox 1817 3166 3397 3258">
    <p class='ocr_par' dir='ltr' id='par_1_63' title="bbox 1820 3166 3397 3239">
     <span class='ocr_line' id='line_1_63' title="bbox 1820 3166 3397 3239; baseline 0.01 -23"><span class='ocrx_word' id='word_1_442' title='bbox 1820 3167 2014 3218; x_wconf 76' lang='lat' dir='ltr'><strong>noxios</strong></span> <span class='ocrx_word' id='word_1_443' title='bbox 2056 3166 2275 3233; x_wconf 90' lang='lat' dir='ltr'><strong>haheat,</strong></span> <span class='ocrx_word' id='word_1_444' title='bbox 2307 3167 2595 3223; x_wconf 88' lang='lat' dir='ltr'><strong>dicamus?</strong></span> <span class='ocrx_word' id='word_1_445' title='bbox 2626 3171 2841 3236; x_wconf 88' lang='lat' dir='ltr'><strong>Quibus</strong></span> <span class='ocrx_word' id='word_1_446' title='bbox 2874 3174 2927 3226; x_wconf 91' lang='lat' dir='ltr'><strong>in</strong></span> <span class='ocrx_word' id='word_1_447' title='bbox 2975 3175 3140 3228; x_wconf 88' lang='lat' dir='ltr'><strong>rebus</strong></span> <span class='ocrx_word' id='word_1_448' title='bbox 3162 3216 3178 3239; x_wconf 89' lang='lat'><strong>,</strong></span> <span class='ocrx_word' id='word_1_449' title='bbox 3212 3179 3397 3235; x_wconf 80' lang='lat' dir='ltr'><strong>verbis</strong></span> 
     </span>
    </p>
   </div>
   <div class='ocr_carea' id='block_1_64' title="bbox 135 3271 1715 3349">
    <p class='ocr_par' dir='ltr' id='par_1_64' title="bbox 135 3271 1715 3349">
     <span class='ocr_line' id='line_1_64' title="bbox 135 3271 1715 3349; baseline 0.007 -26"><span class='ocrx_word' id='word_1_450' title='bbox 135 3272 213 3340; x_wconf 79' lang='grc' dir='ltr'>μή</span> <span class='ocrx_word' id='word_1_451' title='bbox 244 3289 371 3324; x_wconf 86' lang='grc' dir='ltr'>τινα</span> <span class='ocrx_word' id='word_1_452' title='bbox 413 3271 762 3341; x_wconf 75' lang='grc' dir='ltr'>σκανδαλίσῃ,</span> <span class='ocrx_word' id='word_1_453' title='bbox 806 3273 932 3335; x_wconf 84' lang='grc' dir='ltr'>τοὺς</span> <span class='ocrx_word' id='word_1_454' title='bbox 984 3272 1040 3327; x_wconf 80' lang='grc' dir='ltr'>δὲ</span> <span class='ocrx_word' id='word_1_455' title='bbox 1089 3276 1183 3329; x_wconf 76' lang='grc' dir='ltr'>καὶ</span> <span class='ocrx_word' id='word_1_456' title='bbox 1236 3278 1531 3346; x_wconf 85' lang='grc' dir='ltr'>μιμεῖσθαι</span> <span class='ocrx_word' id='word_1_457' title='bbox 1580 3298 1715 3349; x_wconf 79' lang='grc' dir='ltr'>προ-</span> 
     </span>
    </p>
   </div>
   <div class='ocr_carea' id='block_1_65' title="bbox 131 3363 1711 3441">
    <p class='ocr_par' dir='ltr' id='par_1_65' title="bbox 131 3363 1711 3441">
     <span class='ocr_line' id='line_1_65' title="bbox 131 3363 1711 3441; baseline 0.006 -26"><span class='ocrx_word' id='word_1_458' title='bbox 131 3363 335 3433; x_wconf 73' lang='grc' dir='ltr'>τρέψῃ.</span> <span class='ocrx_word' id='word_1_459' title='bbox 362 3365 483 3426; x_wconf 83' lang='grc' dir='ltr'><strong>Πῶς</strong></span> <span class='ocrx_word' id='word_1_460' title='bbox 510 3364 619 3434; x_wconf 82' lang='grc' dir='ltr'>γὰρ</span> <span class='ocrx_word' id='word_1_461' title='bbox 646 3364 1003 3434; x_wconf 76' lang='grc' dir='ltr'>ἐπιπλήξειεν</span> <span class='ocrx_word' id='word_1_462' title='bbox 1030 3366 1062 3435; x_wconf 78' lang='grc' dir='ltr'>ἢ</span> <span class='ocrx_word' id='word_1_463' title='bbox 1095 3368 1471 3439; x_wconf 74' lang='grc' dir='ltr'>νουθετήσειεν</span> <span class='ocrx_word' id='word_1_464' title='bbox 1499 3372 1711 3441; x_wconf 77' lang='grc' dir='ltr'>ἕτερον,</span> 
     </span>
    </p>
   </div>
   <div class='ocr_carea' id='block_1_66' title="bbox 137 3456 1706 3535">
    <p class='ocr_par' dir='ltr' id='par_1_66' title="bbox 137 3456 1706 3535">
     <span class='ocr_line' id='line_1_66' title="bbox 137 3456 1706 3535; baseline 0.005 -27"><span class='ocrx_word' id='word_1_465' title='bbox 137 3456 217 3527; x_wconf 79' lang='grc' dir='ltr'>μὴ</span> <span class='ocrx_word' id='word_1_466' title='bbox 250 3456 714 3523; x_wconf 73' lang='grc' dir='ltr'>συγκαταϐαίνειν</span> <span class='ocrx_word' id='word_1_467' title='bbox 744 3456 1005 3509; x_wconf 83' lang='grc' dir='ltr'>ὲπιπλέον</span> <span class='ocrx_word' id='word_1_468' title='bbox 1034 3458 1113 3520; x_wconf 83' lang='grc' dir='ltr'><strong>είς</strong></span> <span class='ocrx_word' id='word_1_469' title='bbox 1146 3460 1343 3513; x_wconf 76' lang='grc' dir='ltr'>ταυτὸν</span> <span class='ocrx_word' id='word_1_470' title='bbox 1378 3468 1599 3529; x_wconf 73' lang='grc' dir='ltr'>γυναικὶ</span> <span class='ocrx_word' id='word_1_471' title='bbox 1631 3466 1706 3535; x_wconf 82' lang='grc' dir='ltr'>μὴ</span> 
     </span>
    </p>
   </div>
   <div class='ocr_carea' id='block_1_67' title="bbox 131 3543 1709 3621">
    <p class='ocr_par' dir='ltr' id='par_1_67' title="bbox 131 3543 1709 3621">
     <span class='ocr_line' id='line_1_67' title="bbox 131 3543 1709 3621; baseline 0.004 -23"><span class='ocrx_word' id='word_1_472' title='bbox 131 3544 327 3614; x_wconf 80' lang='grc' dir='ltr'>ὸλισθῇ</span> <span class='ocrx_word' id='word_1_473' title='bbox 379 3543 802 3611; x_wconf 65' lang='grc' dir='ltr'>φυλαττόμειόν,</span> <span class='ocrx_word' id='word_1_474' title='bbox 856 3545 931 3605; x_wconf 77' lang='grc' dir='ltr'>ὡς</span> <span class='ocrx_word' id='word_1_475' title='bbox 986 3545 1335 3615; x_wconf 80' lang='grc' dir='ltr'>γέγραπται,</span> <span class='ocrx_word' id='word_1_476' title='bbox 1382 3550 1531 3612; x_wconf 82' lang='grc' dir='ltr'>ὅστις</span> <span class='ocrx_word' id='word_1_477' title='bbox 1581 3553 1709 3621; x_wconf 86' lang='grc' dir='ltr'>μίαν</span> 
     </span>
    </p>
   </div>
   <div class='ocr_carea' id='block_1_68' title="bbox 136 3634 1718 3707">
    <p class='ocr_par' dir='ltr' id='par_1_68' title="bbox 136 3634 1718 3707">
     <span class='ocr_line' id='line_1_68' title="bbox 136 3634 1718 3707; baseline 0.004 -18"><span class='ocrx_word' id='word_1_478' title='bbox 136 3636 243 3704; x_wconf 74' lang='grc' dir='ltr'>μὲν</span> <span class='ocrx_word' id='word_1_479' title='bbox 279 3635 589 3704; x_wconf 78' lang='grc' dir='ltr'>ἀπέστησεν</span> <span class='ocrx_word' id='word_1_480' title='bbox 644 3636 763 3705; x_wconf 68' lang='grc' dir='ltr'>ἤδη,</span> <span class='ocrx_word' id='word_1_481' title='bbox 822 3634 915 3687; x_wconf 85' lang='grc' dir='ltr'><strong>δύο</strong></span> <span class='ocrx_word' id='word_1_482' title='bbox 954 3635 1011 3687; x_wconf 84' lang='grc' dir='ltr'>δὲ</span> <span class='ocrx_word' id='word_1_483' title='bbox 1063 3638 1419 3707; x_wconf 77' lang='grc' dir='ltr'>ἀκμαζούσας</span> <span class='ocrx_word' id='word_1_484' title='bbox 1478 3647 1569 3694; x_wconf 55' lang='grc' dir='ltr'><strong>καὶ⁵</strong></span> <span class='ocrx_word' id='word_1_485' title='bbox 1628 3643 1718 3694; x_wconf 85' lang='grc' dir='ltr'><strong>εὑ-</strong></span> 
     </span>
    </p>
   </div>
   <div class='ocr_carea' id='block_1_69' title="bbox 135 3728 1715 3806">
    <p class='ocr_par' dir='ltr' id='par_1_69' title="bbox 135 3728 1715 3806">
     <span class='ocr_line' id='line_1_69' title="bbox 135 3728 1715 3806; baseline 0.005 -25"><span class='ocrx_word' id='word_1_486' title='bbox 135 3731 375 3800; x_wconf 80' lang='grc' dir='ltr'>πρεπεῖς</span> <span class='ocrx_word' id='word_1_487' title='bbox 435 3728 535 3799; x_wconf 80' lang='grc' dir='ltr'>τὴν</span> <span class='ocrx_word' id='word_1_488' title='bbox 563 3728 685 3798; x_wconf 71' lang='grc' dir='ltr'>ὄψιν</span> <span class='ocrx_word' id='word_1_489' title='bbox 724 3728 836 3798; x_wconf 78' lang='grc' dir='ltr'>ἔχει</span> <span class='ocrx_word' id='word_1_490' title='bbox 869 3728 992 3798; x_wconf 88' lang='grc' dir='ltr'>μεθ’</span> <span class='ocrx_word' id='word_1_491' title='bbox 1017 3730 1249 3784; x_wconf 75' lang='grc' dir='ltr'>ἑαυτοῦο</span> <span class='ocrx_word' id='word_1_492' title='bbox 1283 3733 1383 3786; x_wconf 83' lang='grc' dir='ltr'>κᾶν</span> <span class='ocrx_word' id='word_1_493' title='bbox 1420 3736 1555 3806; x_wconf 81' lang='grc' dir='ltr'>ἀπίῃ</span> <span class='ocrx_word' id='word_1_494' title='bbox 1590 3754 1715 3802; x_wconf 86' lang='grc' dir='ltr'>που,</span> 
     </span>
    </p>
   </div>
   <div class='ocr_carea' id='block_1_70' title="bbox 135 3822 1714 3896">
    <p class='ocr_par' dir='ltr' id='par_1_70' title="bbox 135 3822 1714 3896">
     <span class='ocr_line' id='line_1_70' title="bbox 135 3822 1714 3896; baseline 0.005 -21"><span class='ocrx_word' id='word_1_495' title='bbox 135 3822 499 3889; x_wconf 76' lang='grc' dir='ltr'>συνεπιφέρει</span> <span class='ocrx_word' id='word_1_496' title='bbox 530 3823 624 3874; x_wconf 75' lang='grc' dir='ltr'>καὶ</span> <span class='ocrx_word' id='word_1_497' title='bbox 656 3822 881 3885; x_wconf 77' lang='grc' dir='ltr'>ταύτας,</span> <span class='ocrx_word' id='word_1_498' title='bbox 910 3825 1134 3893; x_wconf 84' lang='grc' dir='ltr'>τρυφῶν</span> <span class='ocrx_word' id='word_1_499' title='bbox 1171 3827 1267 3879; x_wconf 71' lang='grc' dir='ltr'><strong>καὶ</strong></span> <span class='ocrx_word' id='word_1_500' title='bbox 1293 3827 1714 3896; x_wconf 80' lang='grc' dir='ltr'>ὑπερεμπιπλά-</span> 
     </span>
    </p>
   </div>
   <div class='ocr_carea' id='block_1_71' title="bbox 137 3908 1716 3989">
    <p class='ocr_par' dir='ltr' id='par_1_71' title="bbox 137 3908 1716 3989">
     <span class='ocr_line' id='line_1_71' title="bbox 137 3908 1716 3989; baseline 0.004 -21"><span class='ocrx_word' id='word_1_501' title='bbox 137 3932 346 3984; x_wconf 88' lang='grc' dir='ltr'>μενος;</span> <span class='ocrx_word' id='word_1_502' title='bbox 390 3908 493 3967; x_wconf 78' lang='grc' dir='ltr'><strong>’Ὧν</strong></span> <span class='ocrx_word' id='word_1_503' title='bbox 538 3915 702 3967; x_wconf 76' lang='grc' dir='ltr'>ἕνεκα</span> <span class='ocrx_word' id='word_1_504' title='bbox 754 3914 1079 3979; x_wconf 76' lang='grc' dir='ltr'>στεγάζουσι</span> <span class='ocrx_word' id='word_1_505' title='bbox 1133 3919 1235 3984; x_wconf 79' lang='grc' dir='ltr'>μὲν</span> <span class='ocrx_word' id='word_1_506' title='bbox 1286 3921 1380 3973; x_wconf 75' lang='grc' dir='ltr'>καὶ</span> <span class='ocrx_word' id='word_1_507' title='bbox 1425 3920 1716 3989; x_wconf 77' lang='grc' dir='ltr'>ὀδύρονται</span> 
     </span>
    </p>
   </div>
   <div class='ocr_carea' id='block_1_72' title="bbox 137 4006 1717 4079">
    <p class='ocr_par' dir='ltr' id='par_1_72' title="bbox 137 4006 1717 4079">
     <span class='ocr_line' id='line_1_72' title="bbox 137 4006 1717 4079; baseline 0.003 -17"><span class='ocrx_word' id='word_1_508' title='bbox 137 4010 348 4071; x_wconf 77' lang='grc' dir='ltr'>πάντες</span> <span class='ocrx_word' id='word_1_509' title='bbox 382 4006 505 4060; x_wconf 82' lang='grc' dir='ltr'>καθ’</span> <span class='ocrx_word' id='word_1_510' title='bbox 535 4008 763 4069; x_wconf 82' lang='grc' dir='ltr'>ἑαυτούς</span> <span class='ocrx_word' id='word_1_511' title='bbox 789 4022 805 4038; x_wconf 87' lang='grc'><strong>·</strong></span> <span class='ocrx_word' id='word_1_512' title='bbox 851 4006 995 4059; x_wconf 75' lang='grc' dir='ltr'>οὕτω</span> <span class='ocrx_word' id='word_1_513' title='bbox 1041 4008 1098 4062; x_wconf 82' lang='grc' dir='ltr'>δὲ</span> <span class='ocrx_word' id='word_1_514' title='bbox 1142 4010 1241 4077; x_wconf 80' lang='grc' dir='ltr'>τὴν</span> <span class='ocrx_word' id='word_1_515' title='bbox 1287 4013 1580 4079; x_wconf 76' lang='grc' dir='ltr'>τυραννίδα</span> <span class='ocrx_word' id='word_1_516' title='bbox 1621 4014 1717 4067; x_wconf 71' lang='grc' dir='ltr'>καὶ</span> 
     </span>
    </p>
   </div>
   <div class='ocr_carea' id='block_1_73' title="bbox 133 4099 1716 4175">
    <p class='ocr_par' dir='ltr' id='par_1_73' title="bbox 133 4099 1716 4175">
     <span class='ocr_line' id='line_1_73' title="bbox 133 4099 1716 4175; baseline 0.001 -20"><span class='ocrx_word' id='word_1_517' title='bbox 133 4102 464 4155; x_wconf 84' lang='grc' dir='ltr'>δυναστείαν</span> <span class='ocrx_word' id='word_1_518' title='bbox 499 4099 664 4152; x_wconf 78' lang='grc' dir='ltr'>αὐτοῦ</span> <span class='ocrx_word' id='word_1_519' title='bbox 696 4100 1061 4169; x_wconf 85' lang='grc' dir='ltr'>πεφόϐηνται,</span> <span class='ocrx_word' id='word_1_520' title='bbox 1093 4099 1236 4154; x_wconf 85' lang='grc' dir='ltr'>ὥστε</span> <span class='ocrx_word' id='word_1_521' title='bbox 1271 4106 1602 4173; x_wconf 70' lang='grc' dir='ltr'>κατηγορεῖν</span> <span class='ocrx_word' id='word_1_522' title='bbox 1642 4105 1716 4175; x_wconf 78' lang='grc' dir='ltr'>μὴ</span> 
     </span>
    </p>
   </div>
   <div class='ocr_carea' id='block_1_74' title="bbox 132 4192 1717 4264">
    <p class='ocr_par' dir='ltr' id='par_1_74' title="bbox 132 4192 1717 4264">
     <span class='ocr_line' id='line_1_74' title="bbox 132 4192 1717 4264; baseline 0.001 -17"><span class='ocrx_word' id='word_1_523' title='bbox 132 4194 348 4264; x_wconf 84' lang='grc' dir='ltr'>τολμᾷν</span> <span class='ocrx_word' id='word_1_524' title='bbox 376 4209 389 4222; x_wconf 72' lang='grc' dir='ltr'><strong><em>ο</em></strong></span> <span class='ocrx_word' id='word_1_525' title='bbox 434 4192 568 4245; x_wconf 78' lang='grc' dir='ltr'><strong>ἀλλά</strong></span> <span class='ocrx_word' id='word_1_526' title='bbox 613 4193 785 4245; x_wconf 82' lang='grc' dir='ltr'>ταῦτα</span> <span class='ocrx_word' id='word_1_527' title='bbox 829 4193 948 4257; x_wconf 81' lang='grc' dir='ltr'>μὲν,</span> <span class='ocrx_word' id='word_1_528' title='bbox 1004 4193 1078 4256; x_wconf 83' lang='grc' dir='ltr'>ὡς</span> <span class='ocrx_word' id='word_1_529' title='bbox 1120 4195 1449 4264; x_wconf 78' lang='grc' dir='ltr'>εἰρήκαμεν,</span> <span class='ocrx_word' id='word_1_530' title='bbox 1494 4195 1717 4249; x_wconf 69' lang='grc' dir='ltr'>εὔθυνεν</span> 
     </span>
    </p>
   </div>
   <div class='ocr_carea' id='block_1_75' title="bbox 134 4284 1717 4354">
    <p class='ocr_par' dir='ltr' id='par_1_75' title="bbox 134 4284 1717 4354">
     <span class='ocr_line' id='line_1_75' title="bbox 134 4284 1717 4354; baseline 0.001 -14"><span class='ocrx_word' id='word_1_531' title='bbox 134 4288 203 4341; x_wconf 79' lang='grc' dir='ltr'>ἄν</span> <span class='ocrx_word' id='word_1_532' title='bbox 252 4302 340 4347; x_wconf 86' lang='grc' dir='ltr'><strong>τις</strong></span> <span class='ocrx_word' id='word_1_533' title='bbox 403 4286 497 4337; x_wconf 82' lang='grc' dir='ltr'>τὸν</span> <span class='ocrx_word' id='word_1_534' title='bbox 546 4286 735 4354; x_wconf 85' lang='grc' dir='ltr'>ἄνδρα,</span> <span class='ocrx_word' id='word_1_535' title='bbox 798 4286 859 4336; x_wconf 74' lang='grc' dir='ltr'>τὸ</span> <span class='ocrx_word' id='word_1_536' title='bbox 916 4284 1047 4351; x_wconf 84' lang='grc' dir='ltr'>γοῦν</span> <span class='ocrx_word' id='word_1_537' title='bbox 1107 4288 1364 4354; x_wconf 72' lang='grc' dir='ltr'>φρόνημα</span> <span class='ocrx_word' id='word_1_538' title='bbox 1425 4287 1717 4341; x_wconf 71' lang='grc' dir='ltr'>καθολικὸν</span> 
     </span>
    </p>
   </div>
   <div class='ocr_carea' id='block_1_76' title="bbox 133 4376 1720 4450">
    <p class='ocr_par' dir='ltr' id='par_1_76' title="bbox 133 4376 1720 4450">
     <span class='ocr_line' id='line_1_76' title="bbox 133 4376 1720 4450; baseline -0.003 -20"><span class='ocrx_word' id='word_1_539' title='bbox 133 4378 333 4447; x_wconf 77' lang='grc' dir='ltr'>ἔχοντα</span> <span class='ocrx_word' id='word_1_540' title='bbox 371 4378 463 4427; x_wconf 78' lang='grc' dir='ltr'>καὶ</span> <span class='ocrx_word' id='word_1_541' title='bbox 502 4376 1120 4445; x_wconf 70' lang='grc' dir='ltr'>συγκαταριθμούμενον</span> <span class='ocrx_word' id='word_1_542' title='bbox 1155 4378 1320 4446; x_wconf 77' lang='grc' dir='ltr'>ἡμῖν’</span> <span class='ocrx_word' id='word_1_543' title='bbox 1360 4378 1452 4431; x_wconf 78' lang='grc' dir='ltr'><strong>τὸν</strong></span> <span class='ocrx_word' id='word_1_544' title='bbox 1481 4379 1537 4431; x_wconf 73' lang='grc' dir='ltr'>δὲ</span> <span class='ocrx_word' id='word_1_545' title='bbox 1565 4380 1720 4450; x_wconf 80' lang='grc' dir='ltr'>ἐξορ-</span> 
     </span>
    </p>
   </div>
   <div class='ocr_carea' id='block_1_77' title="bbox 134 4466 1713 4541">
    <p class='ocr_par' dir='ltr' id='par_1_77' title="bbox 134 4466 1713 4541">
     <span class='ocr_line' id='line_1_77' title="bbox 134 4466 1713 4541; baseline 0 -20"><span class='ocrx_word' id='word_1_546' title='bbox 134 4468 455 4539; x_wconf 71' lang='grc' dir='ltr'>χησάμενον</span> <span class='ocrx_word' id='word_1_547' title='bbox 499 4466 561 4517; x_wconf 80' lang='grc' dir='ltr'>τὸ</span> <span class='ocrx_word' id='word_1_548' title='bbox 614 4467 918 4535; x_wconf 84' lang='grc' dir='ltr'>μυστήριον</span> <span class='ocrx_word' id='word_1_549' title='bbox 980 4466 1076 4520; x_wconf 60' lang='grc' dir='ltr'>καὶ</span> <span class='ocrx_word' id='word_1_550' title='bbox 1123 4468 1598 4536; x_wconf 79' lang='grc' dir='ltr'>ὲμπομπεύσαντα</span> <span class='ocrx_word' id='word_1_551' title='bbox 1648 4473 1713 4541; x_wconf 75' lang='grc' dir='ltr'>τῇ</span> 
     </span>
    </p>
   </div>
   <div class='ocr_carea' id='block_1_78' title="bbox 138 4559 1715 4631">
    <p class='ocr_par' dir='ltr' id='par_1_78' title="bbox 138 4559 1715 4631">
     <span class='ocr_line' id='line_1_78' title="bbox 138 4559 1715 4631; baseline 0 -18"><span class='ocrx_word' id='word_1_552' title='bbox 138 4562 323 4631; x_wconf 82' lang='grc' dir='ltr'>μιαρᾷ</span> <span class='ocrx_word' id='word_1_553' title='bbox 372 4561 583 4627; x_wconf 74' lang='grc' dir='ltr'>αἱρέσει</span> <span class='ocrx_word' id='word_1_554' title='bbox 630 4559 725 4611; x_wconf 83' lang='grc' dir='ltr'>τοῦ</span> <span class='ocrx_word' id='word_1_555' title='bbox 770 4560 1013 4628; x_wconf 85' lang='grc' dir='ltr'>Ἀρτεμᾶ</span> <span class='ocrx_word' id='word_1_556' title='bbox 1045 4560 1119 4627; x_wconf 86' lang='grc' dir='ltr'>(τί</span> <span class='ocrx_word' id='word_1_557' title='bbox 1148 4561 1259 4629; x_wconf 66' lang='grc' dir='ltr'>γὰρ</span> <span class='ocrx_word' id='word_1_558' title='bbox 1305 4561 1365 4613; x_wconf 87' lang='grc' dir='ltr'><strong>ού</strong></span> <span class='ocrx_word' id='word_1_559' title='bbox 1415 4562 1519 4631; x_wconf 83' lang='grc' dir='ltr'><strong>χρὴ</strong></span> <span class='ocrx_word' id='word_1_560' title='bbox 1562 4561 1715 4629; x_wconf 85' lang='grc' dir='ltr'>μόλις</span> 
     </span>
    </p>
   </div>
   <div class='ocr_carea' id='block_1_79' title="bbox 134 4653 1716 4725">
    <p class='ocr_par' dir='ltr' id='par_1_79' title="bbox 134 4653 1716 4725">
     <span class='ocr_line' id='line_1_79' title="bbox 134 4653 1716 4725; baseline 0 -16"><span class='ocrx_word' id='word_1_561' title='bbox 134 4658 232 4709; x_wconf 81' lang='grc' dir='ltr'><strong>τὸν</strong></span> <span class='ocrx_word' id='word_1_562' title='bbox 267 4657 484 4722; x_wconf 82' lang='grc' dir='ltr'>πατέρα</span> <span class='ocrx_word' id='word_1_563' title='bbox 530 4654 698 4708; x_wconf 82' lang='grc' dir='ltr'>αὑτοῦ</span> <span class='ocrx_word' id='word_1_564' title='bbox 742 4653 1041 4721; x_wconf 81' lang='grc' dir='ltr'>δηλῶσαι;)</span> <span class='ocrx_word' id='word_1_565' title='bbox 1071 4653 1227 4706; x_wconf 81' lang='grc' dir='ltr'>οὐδὲν</span> <span class='ocrx_word' id='word_1_566' title='bbox 1271 4654 1382 4707; x_wconf 85' lang='grc' dir='ltr'>δεῖν</span> <span class='ocrx_word' id='word_1_567' title='bbox 1431 4655 1716 4725; x_wconf 79' lang='grc' dir='ltr'>ἡγούμεθα</span> 
     </span>
    </p>
   </div>
   <div class='ocr_carea' id='block_1_80' title="bbox 133 4741 1714 4815">
    <p class='ocr_par' dir='ltr' id='par_1_80' title="bbox 133 4741 1714 4815">
     <span class='ocr_line' id='line_1_80' title="bbox 133 4741 1714 4815; baseline 0.001 -18"><span class='ocrx_word' id='word_1_568' title='bbox 133 4748 352 4801; x_wconf 88' lang='grc' dir='ltr'>τούτων</span> <span class='ocrx_word' id='word_1_569' title='bbox 401 4747 528 4809; x_wconf 80' lang='grc' dir='ltr'>τοὺς</span> <span class='ocrx_word' id='word_1_570' title='bbox 586 4746 884 4815; x_wconf 72' lang='grc' dir='ltr'>λογισμοὺς</span> <span class='ocrx_word' id='word_1_571' title='bbox 925 4746 1205 4801; x_wconf 67' lang='grc' dir='ltr'>ἀπαιτεῖν.</span> <span class='ocrx_word' id='word_1_572' title='bbox 1246 4741 1382 4799; x_wconf 78' lang='grc' dir='ltr'>Εἶτα</span> <span class='ocrx_word' id='word_1_573' title='bbox 1430 4750 1521 4800; x_wconf 77' lang='grc' dir='ltr'><strong>ἐπὶ</strong></span> <span class='ocrx_word' id='word_1_574' title='bbox 1567 4749 1714 4801; x_wconf 82' lang='grc' dir='ltr'>τέλει</span> 
     </span>
    </p>
   </div>
   <div class='ocr_carea' id='block_1_81' title="bbox 133 4837 1718 4910">
    <p class='ocr_par' dir='ltr' id='par_1_81' title="bbox 133 4837 1718 4910">
     <span class='ocr_line' id='line_1_81' title="bbox 133 4837 1718 4910; baseline 0.001 -19"><span class='ocrx_word' id='word_1_575' title='bbox 133 4841 237 4910; x_wconf 84' lang='grc' dir='ltr'>τῆς</span> <span class='ocrx_word' id='word_1_576' title='bbox 281 4838 574 4907; x_wconf 71' lang='grc' dir='ltr'>ἑπιστολῆς</span> <span class='ocrx_word' id='word_1_577' title='bbox 604 4840 699 4888; x_wconf 75' lang='grc' dir='ltr'>καὶ</span> <span class='ocrx_word' id='word_1_578' title='bbox 744 4837 900 4890; x_wconf 77' lang='grc' dir='ltr'>ταῦτ’</span> <span class='ocrx_word' id='word_1_579' title='bbox 951 4838 1327 4905; x_wconf 77' lang='grc' dir='ltr'>ἐπιλέγουσιν·</span> <span class='ocrx_word' id='word_1_580' title='bbox 1360 4857 1379 4889; x_wconf 88' lang='grc' dir='ltr'><strong>ι</strong></span> <span class='ocrx_word' id='word_1_581' title='bbox 1443 4840 1718 4909; x_wconf 80' lang='grc' dir='ltr'>Ἦναγκά-</span> 
     </span>
    </p>
   </div>
   <div class='ocr_carea' id='block_1_82' title="bbox 140 4926 1714 5002">
    <p class='ocr_par' dir='ltr' id='par_1_82' title="bbox 140 4926 1714 5002">
     <span class='ocr_line' id='line_1_82' title="bbox 140 4926 1714 5002; baseline 0 -19"><span class='ocrx_word' id='word_1_582' title='bbox 140 4932 356 5002; x_wconf 82' lang='grc' dir='ltr'>σθημεν</span> <span class='ocrx_word' id='word_1_583' title='bbox 389 4926 484 4982; x_wconf 78' lang='grc' dir='ltr'>οὖν</span> <span class='ocrx_word' id='word_1_584' title='bbox 508 4929 991 4996; x_wconf 79' lang='grc' dir='ltr'>’ἀντιτασσόμενον</span> <span class='ocrx_word' id='word_1_585' title='bbox 1035 4928 1197 4980; x_wconf 78' lang='grc' dir='ltr'>αὐτὸν</span> <span class='ocrx_word' id='word_1_586' title='bbox 1227 4928 1304 4997; x_wconf 78' lang='grc' dir='ltr'>τῷ</span> <span class='ocrx_word' id='word_1_587' title='bbox 1335 4928 1477 4999; x_wconf 83' lang='grc' dir='ltr'>Θεῷ,</span> <span class='ocrx_word' id='word_1_588' title='bbox 1515 4930 1609 4983; x_wconf 79' lang='grc' dir='ltr'>καὶ</span> <span class='ocrx_word' id='word_1_589' title='bbox 1640 4932 1714 5001; x_wconf 83' lang='grc' dir='ltr'>μὴ</span> 
     </span>
    </p>
   </div>
   <div class='ocr_carea' id='block_1_83' title="bbox 208 5135 1714 5206">
    <p class='ocr_par' dir='ltr' id='par_1_83' title="bbox 208 5135 1714 5206">
     <span class='ocr_line' id='line_1_83' title="bbox 208 5135 1714 5206; baseline 0.001 -17"><span class='ocrx_word' id='word_1_590' title='bbox 208 5136 291 5206; x_wconf 82' lang='lat'><strong>(5)</strong></span> <span class='ocrx_word' id='word_1_591' title='bbox 324 5135 740 5195; x_wconf 80' lang='grc' dir='ltr'>Συνείσακτοι,</span> <span class='ocrx_word' id='word_1_592' title='bbox 773 5135 876 5186; x_wconf 85' lang='lat' dir='ltr'><strong>hoc</strong></span> <span class='ocrx_word' id='word_1_593' title='bbox 904 5143 1005 5196; x_wconf 88' lang='lat' dir='ltr'><strong>est,</strong></span> <span class='ocrx_word' id='word_1_594' title='bbox 1043 5137 1495 5194; x_wconf 75' lang='lat' dir='ltr'><strong>subintroductze.</strong></span> <span class='ocrx_word' id='word_1_595' title='bbox 1533 5152 1714 5205; x_wconf 88' lang='lat' dir='ltr'><strong>neque</strong></span> 
     </span>
    </p>
   </div>
   <div class='ocr_carea' id='block_1_84' title="bbox 137 5206 1711 5275">
    <p class='ocr_par' dir='ltr' id='par_1_84' title="bbox 137 5206 1711 5275">
     <span class='ocr_line' id='line_1_84' title="bbox 137 5206 1711 5275; baseline -0.001 -15"><span class='ocrx_word' id='word_1_596' title='bbox 137 5221 371 5268; x_wconf 77' lang='lat' dir='ltr'><strong>uxores,</strong></span> <span class='ocrx_word' id='word_1_597' title='bbox 427 5222 603 5274; x_wconf 83' lang='lat' dir='ltr'><strong>neque</strong></span> <span class='ocrx_word' id='word_1_598' title='bbox 660 5207 999 5267; x_wconf 69' lang='lat' dir='ltr'><strong>concubinae.</strong></span> <span class='ocrx_word' id='word_1_599' title='bbox 1062 5208 1156 5260; x_wconf 89' lang='lat' dir='ltr'><strong>sed</strong></span> <span class='ocrx_word' id='word_1_600' title='bbox 1210 5206 1711 5275; x_wconf 13' lang='lat' dir='ltr'><strong>‘tertiircujusdam</strong></span> 
     </span>
    </p>
   </div>
   <div class='ocr_carea' id='block_1_85' title="bbox 136 5274 1712 5345">
    <p class='ocr_par' dir='ltr' id='par_1_85' title="bbox 136 5274 1712 5345">
     <span class='ocr_line' id='line_1_85' title="bbox 136 5274 1712 5345; baseline 0 -16"><span class='ocrx_word' id='word_1_601' title='bbox 136 5276 364 5344; x_wconf 70' lang='lat' dir='ltr'><strong>generis</strong></span> <span class='ocrx_word' id='word_1_602' title='bbox 391 5276 654 5328; x_wconf 86' lang='lat' dir='ltr'><strong>mulieres</strong></span> <span class='ocrx_word' id='word_1_603' title='bbox 684 5284 832 5333; x_wconf 84' lang='lat' dir='ltr'><strong>sunt,</strong></span> <span class='ocrx_word' id='word_1_604' title='bbox 868 5290 1005 5343; x_wconf 81' lang='lat' dir='ltr'><strong>quas</strong></span> <span class='ocrx_word' id='word_1_605' title='bbox 1035 5292 1219 5329; x_wconf 87' lang='lat' dir='ltr'><strong>secum</strong></span> <span class='ocrx_word' id='word_1_606' title='bbox 1258 5274 1581 5345; x_wconf 82' lang='lat' dir='ltr'><strong>presbyteri,</strong></span> <span class='ocrx_word' id='word_1_607' title='bbox 1603 5288 1712 5334; x_wconf 91' lang='lat' dir='ltr'><strong>etc.</strong></span> 
     </span>
    </p>
   </div>
   <div class='ocr_carea' id='block_1_86' title="bbox 137 5344 1712 5413">
    <p class='ocr_par' dir='ltr' id='par_1_86' title="bbox 137 5344 1712 5413">
     <span class='ocr_line' id='line_1_86' title="bbox 137 5344 1712 5413; baseline 0 -16"><span class='ocrx_word' id='word_1_608' title='bbox 137 5361 250 5398; x_wconf 90' lang='lat' dir='ltr'><strong>non</strong></span> <span class='ocrx_word' id='word_1_609' title='bbox 311 5346 561 5398; x_wconf 65' lang='lat' dir='ltr'><strong>creandas</strong></span> <span class='ocrx_word' id='word_1_610' title='bbox 635 5345 873 5405; x_wconf 84' lang='lat' dir='ltr'><strong>sobolis,</strong></span> <span class='ocrx_word' id='word_1_611' title='bbox 946 5360 1124 5412; x_wconf 89' lang='lat' dir='ltr'><strong>neque</strong></span> <span class='ocrx_word' id='word_1_612' title='bbox 1194 5344 1436 5399; x_wconf 78' lang='lat' dir='ltr'><strong>libidinis</strong></span> <span class='ocrx_word' id='word_1_613' title='bbox 1505 5346 1712 5413; x_wconf 81' lang='lat' dir='ltr'><strong>gratia,</strong></span> 
     </span>
    </p>
   </div>
   <div class='ocr_carea' id='block_1_87' title="bbox 139 5414 1710 5485">
    <p class='ocr_par' dir='ltr' id='par_1_87' title="bbox 139 5414 1710 5485">
     <span class='ocr_line' id='line_1_87' title="bbox 139 5414 1710 5485; baseline -0.001 -16"><span class='ocrx_word' id='word_1_614' title='bbox 139 5416 239 5469; x_wconf 83' lang='lat' dir='ltr'><strong>sed</strong></span> <span class='ocrx_word' id='word_1_615' title='bbox 295 5415 515 5485; x_wconf 87' lang='lat' dir='ltr'><strong>pietatis</strong></span> <span class='ocrx_word' id='word_1_616' title='bbox 563 5414 769 5479; x_wconf 89' lang='lat' dir='ltr'><strong>studio,</strong></span> <span class='ocrx_word' id='word_1_617' title='bbox 819 5424 913 5467; x_wconf 84' lang='lat' dir='ltr'><strong>aut</strong></span> <span class='ocrx_word' id='word_1_618' title='bbox 971 5425 1119 5469; x_wconf 82' lang='lat' dir='ltr'><strong>certe</strong></span> <span class='ocrx_word' id='word_1_619' title='bbox 1174 5417 1392 5485; x_wconf 82' lang='lat' dir='ltr'><strong>pietatis</strong></span> <span class='ocrx_word' id='word_1_620' title='bbox 1448 5425 1710 5481; x_wconf 64' lang='lat' dir='ltr'><strong>pragtextn</strong></span> 
     </span>
    </p>
   </div>
   <div class='ocr_carea' id='block_1_88' title="bbox 135 5484 1709 5564">
    <p class='ocr_par' dir='ltr' id='par_1_88' title="bbox 135 5484 1709 5564">
     <span class='ocr_line' id='line_1_88' title="bbox 135 5484 1709 5564; baseline 0.001 -27"><span class='ocrx_word' id='word_1_621' title='bbox 135 5484 544 5564; x_wconf 43' lang='lat' dir='ltr'><strong>fovebatit._De‘</strong></span> <span class='ocrx_word' id='word_1_622' title='bbox 582 5485 779 5564; x_wconf 74' lang='lat' dir='ltr'><strong>quibus</strong></span> <span class='ocrx_word' id='word_1_623' title='bbox 824 5487 1079 5564; x_wconf 63' lang='lat' dir='ltr'><strong>preeclara</strong></span> <span class='ocrx_word' id='word_1_624' title='bbox 1114 5484 1288 5564; x_wconf 62' lang='lat' dir='ltr'><strong>(ritslat</strong></span> <span class='ocrx_word' id='word_1_625' title='bbox 1338 5485 1709 5564; x_wconf 74' lang='lat' dir='ltr'><strong>(lhrysostonu</strong></span> 
     </span>
    </p>
   </div>
   <div class='ocr_carea' id='block_1_89' title="bbox 136 5553 1708 5623">
    <p class='ocr_par' dir='ltr' id='par_1_89' title="bbox 136 5553 1708 5623">
     <span class='ocr_line' id='line_1_89' title="bbox 136 5553 1708 5623; baseline 0 -16"><span class='ocrx_word' id='word_1_626' title='bbox 136 5554 396 5611; x_wconf 83' lang='lat' dir='ltr'><strong>humilia.</strong></span> <span class='ocrx_word' id='word_1_627' title='bbox 427 5553 657 5607; x_wconf 74' lang='lat' dir='ltr'><strong>Rufinus</strong></span> <span class='ocrx_word' id='word_1_628' title='bbox 709 5555 761 5607; x_wconf 92' lang='lat' dir='ltr'><strong>in</strong></span> <span class='ocrx_word' id='word_1_629' title='bbox 811 5556 1116 5608; x_wconf 86' lang='lat' dir='ltr'><strong>canonihus</strong></span> <span class='ocrx_word' id='word_1_630' title='bbox 1162 5557 1389 5609; x_wconf 68' lang='lat' dir='ltr'><strong>Mea-na:</strong></span> <span class='ocrx_word' id='word_1_631' title='bbox 1433 5555 1624 5623; x_wconf 76' lang='lat' dir='ltr'><strong>synodi</strong></span> <span class='ocrx_word' id='word_1_632' title='bbox 1658 5556 1708 5607; x_wconf 91' lang='lat' dir='ltr'><strong>in</strong></span> 
     </span>
    </p>
   </div>
   <div class='ocr_carea' id='block_1_90' title="bbox 136 5623 1709 5693">
    <p class='ocr_par' dir='ltr' id='par_1_90' title="bbox 136 5623 1709 5693">
     <span class='ocr_line' id='line_1_90' title="bbox 136 5623 1709 5693; baseline -0.001 -16"><span class='ocrx_word' id='word_1_633' title='bbox 136 5625 343 5678; x_wconf 78' lang='lat' dir='ltr'><strong>Eccles.</strong></span> <span class='ocrx_word' id='word_1_634' title='bbox 407 5625 527 5677; x_wconf 80' lang='lat' dir='ltr'><strong>hist.</strong></span> <span class='ocrx_word' id='word_1_635' title='bbox 585 5625 681 5678; x_wconf 88' lang='lat' dir='ltr'><strong>lib.</strong></span> <span class='ocrx_word' id='word_1_636' title='bbox 737 5642 791 5687; x_wconf 75' lang='grc' dir='ltr'>ι,</span> <span class='ocrx_word' id='word_1_637' title='bbox 857 5642 976 5693; x_wconf 85' lang='lat' dir='ltr'><strong>cap.</strong></span> <span class='ocrx_word' id='word_1_638' title='bbox 1032 5625 1085 5686; x_wconf 83' lang='lat'><strong>6,</strong></span> <span class='ocrx_word' id='word_1_639' title='bbox 1126 5640 1406 5678; x_wconf 73' lang='lat' dir='ltr'><strong>extraneas</strong></span> <span class='ocrx_word' id='word_1_640' title='bbox 1466 5623 1709 5676; x_wconf 79' lang='lat' dir='ltr'><strong>mulieres</strong></span> 
     </span>
    </p>
   </div>
   <div class='ocr_carea' id='block_1_91' title="bbox 136 5693 1707 5749">
    <p class='ocr_par' dir='ltr' id='par_1_91' title="bbox 136 5693 1707 5749">
     <span class='ocr_line' id='line_1_91' title="bbox 136 5693 1707 5749; baseline 0.001 -6"><span class='ocrx_word' id='word_1_641' title='bbox 136 5700 329 5748; x_wconf 82' lang='lat' dir='ltr'><strong>vertit.</strong></span> <span class='ocrx_word' id='word_1_642' title='bbox 361 5693 536 5749; x_wconf 88' lang='lat' dir='ltr'><strong>Siculi</strong></span> <span class='ocrx_word' id='word_1_643' title='bbox 567 5695 732 5747; x_wconf 86' lang='lat' dir='ltr'><strong>etiam</strong></span> <span class='ocrx_word' id='word_1_644' title='bbox 763 5702 1029 5748; x_wconf 73' lang='lat' dir='ltr'><strong>exh-anew</strong></span> <span class='ocrx_word' id='word_1_645' title='bbox 1078 5695 1337 5748; x_wconf 88' lang='lat' dir='ltr'><strong>dicuntur</strong></span> <span class='ocrx_word' id='word_1_646' title='bbox 1366 5696 1418 5748; x_wconf 86' lang='lat' dir='ltr'><strong>in</strong></span> <span class='ocrx_word' id='word_1_647' title='bbox 1458 5693 1519 5745; x_wconf 90' lang='lat' dir='ltr'><strong>L.</strong></span> <span class='ocrx_word' id='word_1_648' title='bbox 1569 5695 1707 5746; x_wconf 76' lang='lat' dir='ltr'><strong>Eum</strong></span> 
     </span>
    </p>
   </div>
   <div class='ocr_carea' id='block_1_92' title="bbox 135 5764 1710 5833">
    <p class='ocr_par' dir='ltr' id='par_1_92' title="bbox 135 5764 1710 5833">
     <span class='ocr_line' id='line_1_92' title="bbox 135 5764 1710 5833; baseline 0.002 -17"><span class='ocrx_word' id='word_1_649' title='bbox 135 5768 250 5833; x_wconf 84' lang='lat' dir='ltr'><strong>qui,</strong></span> <span class='ocrx_word' id='word_1_650' title='bbox 278 5764 342 5819; x_wconf 89' lang='lat' dir='ltr'><strong>C.</strong></span> <span class='ocrx_word' id='word_1_651' title='bbox 380 5765 450 5817; x_wconf 85' lang='lat' dir='ltr'><strong>de</strong></span> <span class='ocrx_word' id='word_1_652' title='bbox 483 5765 654 5833; x_wconf 86' lang='lat' dir='ltr'><strong>episc.</strong></span> <span class='ocrx_word' id='word_1_653' title='bbox 687 5772 743 5818; x_wconf 89' lang='lat' dir='ltr'><strong>et</strong></span> <span class='ocrx_word' id='word_1_654' title='bbox 769 5769 899 5818; x_wconf 80' lang='lat' dir='ltr'><strong>cier.</strong></span> <span class='ocrx_word' id='word_1_655' title='bbox 930 5766 1042 5818; x_wconf 66' lang='grc' dir='ltr'>νῆα.</span> <span class='ocrx_word' id='word_1_656' title='bbox 1067 5764 1364 5833; x_wconf 70' lang='lat' dir='ltr'><strong>Gregorius</strong></span> <span class='ocrx_word' id='word_1_657' title='bbox 1395 5764 1710 5831; x_wconf 72' lang='lat' dir='ltr'><strong>’l‘heologus</strong></span> 
     </span>
    </p>
   </div>
   <div class='ocr_carea' id='block_1_93' title="bbox 137 5834 1612 5904">
    <p class='ocr_par' dir='ltr' id='par_1_93' title="bbox 137 5834 1612 5904">
     <span class='ocr_line' id='line_1_93' title="bbox 137 5834 1612 5904; baseline 0.001 -18"><span class='ocrx_word' id='word_1_658' title='bbox 137 5834 207 5887; x_wconf 85' lang='lat' dir='ltr'><strong>ad</strong></span> <span class='ocrx_word' id='word_1_659' title='bbox 244 5834 491 5904; x_wconf 78' lang='lat' dir='ltr'><strong>virgines</strong></span> <span class='ocrx_word' id='word_1_660' title='bbox 534 5837 645 5889; x_wconf 85' lang='lat' dir='ltr'><strong>Deo</strong></span> <span class='ocrx_word' id='word_1_661' title='bbox 679 5836 907 5901; x_wconf 84' lang='lat' dir='ltr'><strong>dicatas,</strong></span> <span class='ocrx_word' id='word_1_662' title='bbox 936 5846 1127 5889; x_wconf 88' lang='lat' dir='ltr'><strong>contra</strong></span> <span class='ocrx_word' id='word_1_663' title='bbox 1161 5835 1612 5890; x_wconf 84' lang='lat' dir='ltr'><strong>subintrednctas</strong></span> 
     </span>
    </p>
   </div>
   <div class='ocr_carea' id='block_1_94' title="bbox 1821 3257 3397 3335">
    <p class='ocr_par' dir='ltr' id='par_1_94' title="bbox 1821 3257 3397 3335">
     <span class='ocr_line' id='line_1_94' title="bbox 1821 3257 3397 3335; baseline 0.01 -25"><span class='ocrx_word' id='word_1_664' title='bbox 1821 3257 1983 3310; x_wconf 90' lang='lat' dir='ltr'><strong>simul</strong></span> <span class='ocrx_word' id='word_1_665' title='bbox 2032 3267 2087 3311; x_wconf 91' lang='lat' dir='ltr'><strong>et</strong></span> <span class='ocrx_word' id='word_1_666' title='bbox 2136 3259 2299 3315; x_wconf 80' lang='lat' dir='ltr'><strong>factis</strong></span> <span class='ocrx_word' id='word_1_667' title='bbox 2347 3262 2429 3315; x_wconf 90' lang='lat' dir='ltr'><strong>eis</strong></span> <span class='ocrx_word' id='word_1_668' title='bbox 2475 3272 2556 3315; x_wconf 90' lang='lat' dir='ltr'><strong>est</strong></span> <span class='ocrx_word' id='word_1_669' title='bbox 2606 3264 2871 3333; x_wconf 86' lang='lat' dir='ltr'><strong>injurius,</strong></span> <span class='ocrx_word' id='word_1_670' title='bbox 2929 3268 3076 3335; x_wconf 89' lang='lat' dir='ltr'><strong>quod</strong></span> <span class='ocrx_word' id='word_1_671' title='bbox 3134 3285 3397 3325; x_wconf 80' lang='lat' dir='ltr'><strong>accusare</strong></span> 
     </span>
    </p>
   </div>
   <div class='ocr_carea' id='block_1_95' title="bbox 1818 3342 3398 3421">
    <p class='ocr_par' dir='ltr' id='par_1_95' title="bbox 1818 3342 3398 3421">
     <span class='ocr_line' id='line_1_95' title="bbox 1818 3342 3398 3421; baseline 0.009 -20"><span class='ocrx_word' id='word_1_672' title='bbox 1818 3363 1977 3411; x_wconf 89' lang='lat' dir='ltr'><strong>cum,</strong></span> <span class='ocrx_word' id='word_1_673' title='bbox 2024 3350 2128 3404; x_wconf 89' lang='lat' dir='ltr'><strong>sibi</strong></span> <span class='ocrx_word' id='word_1_674' title='bbox 2161 3351 2299 3419; x_wconf 90' lang='lat' dir='ltr'><strong>ipsis</strong></span> <span class='ocrx_word' id='word_1_675' title='bbox 2345 3353 2638 3421; x_wconf 84' lang='lat' dir='ltr'><strong>timentes,</strong></span> <span class='ocrx_word' id='word_1_676' title='bbox 2687 3373 2799 3411; x_wconf 87' lang='lat' dir='ltr'><strong>non</strong></span> <span class='ocrx_word' id='word_1_677' title='bbox 2841 3342 3101 3414; x_wconf 85' lang='lat' dir='ltr'><strong>audeant.</strong></span> <span class='ocrx_word' id='word_1_678' title='bbox 3149 3361 3254 3415; x_wconf 89' lang='lat' dir='ltr'><strong>Sed</strong></span> <span class='ocrx_word' id='word_1_679' title='bbox 3301 3380 3398 3418; x_wconf 84' lang='lat' dir='ltr'><strong>eos</strong></span> 
     </span>
    </p>
   </div>
   <div class='ocr_carea' id='block_1_96' title="bbox 1821 3429 3394 3526">
    <p class='ocr_par' dir='ltr' id='par_1_96' title="bbox 1821 3429 3394 3526">
     <span class='ocr_line' id='line_1_96' title="bbox 1821 3429 3394 3526; baseline 0.01 -33"><span class='ocrx_word' id='word_1_680' title='bbox 1821 3440 1913 3495; x_wconf 89' lang='lat' dir='ltr'><strong>ille</strong></span> <span class='ocrx_word' id='word_1_681' title='bbox 1941 3457 2165 3526; x_wconf 84' lang='lat' dir='ltr'><strong>quoque</strong></span> <span class='ocrx_word' id='word_1_682' title='bbox 2198 3444 2665 3515; x_wconf 83' lang='lat' dir='ltr'><strong>colloeupletavit.</strong></span> <span class='ocrx_word' id='word_1_683' title='bbox 2709 3429 3057 3519; x_wconf 85' lang='lat' dir='ltr'><strong>Quapropter</strong></span> <span class='ocrx_word' id='word_1_684' title='bbox 3089 3454 3158 3505; x_wconf 87' lang='lat' dir='ltr'><strong>ab</strong></span> <span class='ocrx_word' id='word_1_685' title='bbox 3189 3460 3271 3508; x_wconf 88' lang='lat' dir='ltr'><strong>eis</strong></span> <span class='ocrx_word' id='word_1_686' title='bbox 3301 3457 3394 3526; x_wconf 90' lang='lat' dir='ltr'><strong>qui</strong></span> 
     </span>
    </p>
   </div>
   <div class='ocr_carea' id='block_1_97' title="bbox 1822 3523 3399 3619">
    <p class='ocr_par' dir='ltr' id='par_1_97' title="bbox 1822 3523 3399 3619">
     <span class='ocr_line' id='line_1_97' title="bbox 1822 3523 3399 3619; baseline 0.013 -36"><span class='ocrx_word' id='word_1_687' title='bbox 1822 3533 1949 3586; x_wconf 91' lang='lat' dir='ltr'><strong>talia</strong></span> <span class='ocrx_word' id='word_1_688' title='bbox 1975 3523 2392 3601; x_wconf 66' lang='lat' dir='ltr'><strong>conSectantur,</strong></span> <span class='ocrx_word' id='word_1_689' title='bbox 2414 3551 2720 3605; x_wconf 85' lang='lat' dir='ltr'><strong>amatur,et</strong></span> <span class='ocrx_word' id='word_1_690' title='bbox 2748 3544 2803 3595; x_wconf 94' lang='lat' dir='ltr'><strong>in</strong></span> <span class='ocrx_word' id='word_1_691' title='bbox 2836 3544 3201 3601; x_wconf 87' lang='lat' dir='ltr'><strong>admiratione</strong></span> <span class='ocrx_word' id='word_1_692' title='bbox 3231 3551 3399 3619; x_wconf 70' lang='lat' dir='ltr'><strong>habe-</strong></span> 
     </span>
    </p>
   </div>
   <div class='ocr_carea' id='block_1_98' title="bbox 1823 3626 3395 3701">
    <p class='ocr_par' dir='ltr' id='par_1_98' title="bbox 1823 3626 3395 3701">
     <span class='ocr_line' id='line_1_98' title="bbox 1823 3626 3395 3701; baseline 0.011 -24"><span class='ocrx_word' id='word_1_693' title='bbox 1823 3634 1931 3678; x_wconf 88' lang='lat' dir='ltr'><strong>tur.</strong></span> <span class='ocrx_word' id='word_1_694' title='bbox 1958 3626 2096 3691; x_wconf 85' lang='lat' dir='ltr'><strong>Quid</strong></span> <span class='ocrx_word' id='word_1_695' title='bbox 2124 3627 2261 3690; x_wconf 68' lang='lat' dir='ltr'><strong>haec,</strong></span> <span class='ocrx_word' id='word_1_696' title='bbox 2292 3630 2539 3699; x_wconf 87' lang='lat' dir='ltr'><strong>inquam,</strong></span> <span class='ocrx_word' id='word_1_697' title='bbox 2576 3634 2926 3689; x_wconf 79' lang='lat' dir='ltr'><strong>scribamus?</strong></span> <span class='ocrx_word' id='word_1_698' title='bbox 2951 3637 3168 3690; x_wconf 78' lang='lat' dir='ltr'><strong>Scimus</strong></span> <span class='ocrx_word' id='word_1_699' title='bbox 3188 3651 3395 3701; x_wconf 88' lang='lat' dir='ltr'><strong>autem.</strong></span> 
     </span>
    </p>
   </div>
   <div class='ocr_carea' id='block_1_99' title="bbox 1822 3715 3397 3789">
    <p class='ocr_par' dir='ltr' id='par_1_99' title="bbox 1822 3715 3397 3789">
     <span class='ocr_line' id='line_1_99' title="bbox 1822 3715 3397 3789; baseline 0.01 -21"><span class='ocrx_word' id='word_1_700' title='bbox 1822 3715 2041 3779; x_wconf 85' lang='lat' dir='ltr'><strong>dilecti,</strong></span> <span class='ocrx_word' id='word_1_701' title='bbox 2078 3719 2395 3789; x_wconf 89' lang='lat' dir='ltr'><strong>episcopum</strong></span> <span class='ocrx_word' id='word_1_702' title='bbox 2444 3730 2500 3776; x_wconf 86' lang='lat' dir='ltr'><strong>et</strong></span> <span class='ocrx_word' id='word_1_703' title='bbox 2540 3726 2935 3780; x_wconf 88' lang='lat' dir='ltr'><strong>sacerd0talem</strong></span> <span class='ocrx_word' id='word_1_704' title='bbox 2981 3729 3232 3783; x_wconf 85' lang='lat' dir='ltr'><strong>ordinem</strong></span> <span class='ocrx_word' id='word_1_705' title='bbox 3277 3750 3397 3785; x_wconf 81' lang='lat' dir='ltr'><strong>oni-</strong></span> 
     </span>
    </p>
   </div>
   <div class='ocr_carea' id='block_1_100' title="bbox 1821 3813 3392 3884">
    <p class='ocr_par' dir='ltr' id='par_1_100' title="bbox 1821 3813 3392 3884">
     <span class='ocr_line' id='line_1_100' title="bbox 1821 3813 3392 3884; baseline 0.011 -23"><span class='ocrx_word' id='word_1_706' title='bbox 1821 3824 1946 3862; x_wconf 91' lang='lat' dir='ltr'><strong>nem</strong></span> <span class='ocrx_word' id='word_1_707' title='bbox 2016 3813 2351 3867; x_wconf 89' lang='lat' dir='ltr'><strong>multitudini</strong></span> <span class='ocrx_word' id='word_1_708' title='bbox 2395 3817 2646 3884; x_wconf 81' lang='lat' dir='ltr'><strong>exemplo</strong></span> <span class='ocrx_word' id='word_1_709' title='bbox 2693 3833 2815 3872; x_wconf 88' lang='lat' dir='ltr'><strong>esse</strong></span> <span class='ocrx_word' id='word_1_710' title='bbox 2873 3820 3077 3875; x_wconf 87' lang='lat' dir='ltr'><strong>debere</strong></span> <span class='ocrx_word' id='word_1_711' title='bbox 3122 3824 3392 3878; x_wconf 89' lang='lat' dir='ltr'><strong>bonorum</strong></span> 
     </span>
    </p>
   </div>
   <div class='ocr_carea' id='block_1_101' title="bbox 1820 3906 3394 3985">
    <p class='ocr_par' dir='ltr' id='par_1_101' title="bbox 1820 3906 3394 3985">
     <span class='ocr_line' id='line_1_101' title="bbox 1820 3906 3394 3985; baseline 0.011 -30"><span class='ocrx_word' id='word_1_712' title='bbox 1820 3917 2053 3970; x_wconf 72' lang='lat' dir='ltr'><strong>Operum</strong></span> <span class='ocrx_word' id='word_1_713' title='bbox 2106 3906 2378 3962; x_wconf 89' lang='lat' dir='ltr'><strong>omnium.</strong></span> <span class='ocrx_word' id='word_1_714' title='bbox 2436 3908 2516 3962; x_wconf 79' lang='lat' dir='ltr'><strong>Ne</strong></span> <span class='ocrx_word' id='word_1_715' title='bbox 2573 3909 2709 3963; x_wconf 78' lang='lat' dir='ltr'><strong>illud</strong></span> <span class='ocrx_word' id='word_1_716' title='bbox 2775 3913 2998 3981; x_wconf 89' lang='lat' dir='ltr'><strong>quidem</strong></span> <span class='ocrx_word' id='word_1_717' title='bbox 3058 3916 3394 3985; x_wconf 65' lang='lat' dir='ltr'><strong>ignoramus,</strong></span> 
     </span>
    </p>
   </div>
   <div class='ocr_carea' id='block_1_102' title="bbox 1821 3999 3399 4070">
    <p class='ocr_par' dir='ltr' id='par_1_102' title="bbox 1821 3999 3399 4070">
     <span class='ocr_line' id='line_1_102' title="bbox 1821 3999 3399 4070; baseline 0.011 -21"><span class='ocrx_word' id='word_1_718' title='bbox 1821 4010 2088 4065; x_wconf 82' lang='lat' dir='ltr'><strong>perquam</strong></span> <span class='ocrx_word' id='word_1_719' title='bbox 2119 3999 2344 4063; x_wconf 90' lang='lat' dir='ltr'><strong>multos,</strong></span> <span class='ocrx_word' id='word_1_720' title='bbox 2379 4002 2471 4070; x_wconf 90' lang='lat' dir='ltr'><strong>qui</strong></span> <span class='ocrx_word' id='word_1_721' title='bbox 2503 4002 2607 4057; x_wconf 89' lang='lat' dir='ltr'><strong>sibi</strong></span> <span class='ocrx_word' id='word_1_722' title='bbox 2634 4005 2895 4061; x_wconf 90' lang='lat' dir='ltr'><strong>mulieres</strong></span> <span class='ocrx_word' id='word_1_723' title='bbox 2952 4008 3399 4067; x_wconf 85' lang='lat' dir='ltr'><strong>submtroduxis-</strong></span> 
     </span>
    </p>
   </div>
   <div class='ocr_carea' id='block_1_103' title="bbox 1821 4092 3397 4172">
    <p class='ocr_par' dir='ltr' id='par_1_103' title="bbox 1821 4092 3397 4172">
     <span class='ocr_line' id='line_1_103' title="bbox 1821 4092 3397 4172; baseline 0.01 -31"><span class='ocrx_word' id='word_1_724' title='bbox 1821 4097 1964 4151; x_wconf 87' lang='lat' dir='ltr'><strong>sent,</strong></span> <span class='ocrx_word' id='word_1_725' title='bbox 1988 4092 2231 4157; x_wconf 79' lang='lat' dir='ltr'><strong>graviter</strong></span> <span class='ocrx_word' id='word_1_726' title='bbox 2262 4094 2445 4161; x_wconf 79' lang='lat' dir='ltr'><strong>lapsos</strong></span> <span class='ocrx_word' id='word_1_727' title='bbox 2472 4110 2593 4148; x_wconf 89' lang='lat' dir='ltr'><strong>esse</strong></span> <span class='ocrx_word' id='word_1_728' title='bbox 2623 4113 2636 4148; x_wconf 87' lang='lat'><strong>:</strong></span> <span class='ocrx_word' id='word_1_729' title='bbox 2674 4098 2875 4153; x_wconf 82' lang='lat' dir='ltr'><strong>multos</strong></span> <span class='ocrx_word' id='word_1_730' title='bbox 2903 4099 2957 4153; x_wconf 92' lang='lat' dir='ltr'><strong>in</strong></span> <span class='ocrx_word' id='word_1_731' title='bbox 2984 4101 3184 4154; x_wconf 63' lang='lat' dir='ltr'><strong>[etiam</strong></span> <span class='ocrx_word' id='word_1_732' title='bbox 3217 4106 3397 4172; x_wconf 84' lang='lat' dir='ltr'><strong>suspi-</strong></span> 
     </span>
    </p>
   </div>
   <div class='ocr_carea' id='block_1_104' title="bbox 1820 4179 3393 4258">
    <p class='ocr_par' dir='ltr' id='par_1_104' title="bbox 1820 4179 3393 4258">
     <span class='ocr_line' id='line_1_104' title="bbox 1820 4179 3393 4258; baseline 0.013 -26"><span class='ocrx_word' id='word_1_733' title='bbox 1820 4179 2036 4234; x_wconf 89' lang='lat' dir='ltr'><strong>cionem</strong></span> <span class='ocrx_word' id='word_1_734' title='bbox 2081 4186 2422 4251; x_wconf 86' lang='lat' dir='ltr'><strong>pervenisse.</strong></span> <span class='ocrx_word' id='word_1_735' title='bbox 2470 4190 2649 4258; x_wconf 80' lang='lat' dir='ltr'><strong>Atque</strong></span> <span class='ocrx_word' id='word_1_736' title='bbox 2696 4199 2756 4249; x_wconf 87' lang='lat' dir='ltr'><strong>ut</strong></span> <span class='ocrx_word' id='word_1_737' title='bbox 2782 4194 3185 4258; x_wconf 88' lang='lat' dir='ltr'><strong>concedamus,</strong></span> <span class='ocrx_word' id='word_1_738' title='bbox 3223 4214 3393 4253; x_wconf 88' lang='lat' dir='ltr'><strong>unum</strong></span> 
     </span>
    </p>
   </div>
   <div class='ocr_carea' id='block_1_105' title="bbox 1819 4271 3392 4360">
    <p class='ocr_par' dir='ltr' id='par_1_105' title="bbox 1819 4271 3392 4360">
     <span class='ocr_line' id='line_1_105' title="bbox 1819 4271 3392 4360; baseline 0.013 -36"><span class='ocrx_word' id='word_1_739' title='bbox 1819 4271 2057 4340; x_wconf 89' lang='lat' dir='ltr'><strong>aliquem</strong></span> <span class='ocrx_word' id='word_1_740' title='bbox 2110 4276 2165 4329; x_wconf 92' lang='lat' dir='ltr'><strong>in</strong></span> <span class='ocrx_word' id='word_1_741' title='bbox 2217 4278 2308 4331; x_wconf 90' lang='lat' dir='ltr'><strong>tali</strong></span> <span class='ocrx_word' id='word_1_742' title='bbox 2357 4294 2415 4333; x_wconf 90' lang='lat' dir='ltr'><strong>re</strong></span> <span class='ocrx_word' id='word_1_743' title='bbox 2457 4282 2593 4335; x_wconf 91' lang='lat' dir='ltr'><strong>nihil</strong></span> <span class='ocrx_word' id='word_1_744' title='bbox 2642 4293 2802 4352; x_wconf 69' lang='lat' dir='ltr'><strong>turpe</strong></span> <span class='ocrx_word' id='word_1_745' title='bbox 2843 4296 3011 4355; x_wconf 85' lang='lat' dir='ltr'><strong>atque</strong></span> <span class='ocrx_word' id='word_1_746' title='bbox 3057 4288 3392 4360; x_wconf 90' lang='lat' dir='ltr'><strong>impudicum</strong></span> 
     </span>
    </p>
   </div>
   <div class='ocr_carea' id='block_1_106' title="bbox 1820 4369 3393 4451">
    <p class='ocr_par' dir='ltr' id='par_1_106' title="bbox 1820 4369 3393 4451">
     <span class='ocr_line' id='line_1_106' title="bbox 1820 4369 3393 4451; baseline 0.01 -29"><span class='ocrx_word' id='word_1_747' title='bbox 1820 4369 2166 4424; x_wconf 88' lang='lat' dir='ltr'><strong>committere</strong></span> <span class='ocrx_word' id='word_1_748' title='bbox 2193 4387 2205 4423; x_wconf 92' lang='lat'><strong>:</strong></span> <span class='ocrx_word' id='word_1_749' title='bbox 2241 4374 2611 4442; x_wconf 80' lang='lat' dir='ltr'><strong>suspicionem</strong></span> <span class='ocrx_word' id='word_1_750' title='bbox 2642 4385 2847 4443; x_wconf 85' lang='lat' dir='ltr'><strong>tamen,</strong></span> <span class='ocrx_word' id='word_1_751' title='bbox 2876 4394 2995 4447; x_wconf 73' lang='grc' dir='ltr'>ιιιιω</span> <span class='ocrx_word' id='word_1_752' title='bbox 3023 4394 3089 4433; x_wconf 74' lang='lat' dir='ltr'><strong>ex</strong></span> <span class='ocrx_word' id='word_1_753' title='bbox 3120 4383 3393 4451; x_wconf 84' lang='lat' dir='ltr'><strong>ejusmodi</strong></span> 
     </span>
    </p>
   </div>
   <div class='ocr_carea' id='block_1_107' title="bbox 1821 4462 3393 4544">
    <p class='ocr_par' dir='ltr' id='par_1_107' title="bbox 1821 4462 3393 4544">
     <span class='ocr_line' id='line_1_107' title="bbox 1821 4462 3393 4544; baseline 0.01 -29"><span class='ocrx_word' id='word_1_754' title='bbox 1821 4462 2078 4515; x_wconf 87' lang='lat' dir='ltr'><strong>convictu</strong></span> <span class='ocrx_word' id='word_1_755' title='bbox 2129 4464 2412 4529; x_wconf 89' lang='lat' dir='ltr'><strong>nascitur,</strong></span> <span class='ocrx_word' id='word_1_756' title='bbox 2456 4468 2628 4521; x_wconf 88' lang='lat' dir='ltr'><strong>vitare</strong></span> <span class='ocrx_word' id='word_1_757' title='bbox 2670 4481 2891 4539; x_wconf 87' lang='lat' dir='ltr'><strong>oportet</strong></span> <span class='ocrx_word' id='word_1_758' title='bbox 2942 4472 3051 4540; x_wconf 74' lang='grc'><strong>(4),</strong></span> <span class='ocrx_word' id='word_1_759' title='bbox 3110 4490 3176 4526; x_wconf 89' lang='lat' dir='ltr'><strong>nc</strong></span> <span class='ocrx_word' id='word_1_760' title='bbox 3228 4493 3393 4544; x_wconf 89' lang='lat' dir='ltr'><strong>quem</strong></span> 
     </span>
    </p>
   </div>
   <div class='ocr_carea' id='block_1_108' title="bbox 1822 4554 3394 4627">
    <p class='ocr_par' dir='ltr' id='par_1_108' title="bbox 1822 4554 3394 4627">
     <span class='ocr_line' id='line_1_108' title="bbox 1822 4554 3394 4627; baseline 0.013 -20"><span class='ocrx_word' id='word_1_761' title='bbox 1822 4554 2097 4618; x_wconf 79' lang='lat' dir='ltr'><strong>oll‘endat,</strong></span> <span class='ocrx_word' id='word_1_762' title='bbox 2140 4568 2234 4610; x_wconf 88' lang='lat' dir='ltr'><strong>aut</strong></span> <span class='ocrx_word' id='word_1_763' title='bbox 2262 4556 2328 4610; x_wconf 89' lang='lat' dir='ltr'><strong>ad</strong></span> <span class='ocrx_word' id='word_1_764' title='bbox 2370 4560 2736 4617; x_wconf 89' lang='lat' dir='ltr'><strong>imitationem</strong></span> <span class='ocrx_word' id='word_1_765' title='bbox 2779 4565 2935 4619; x_wconf 69' lang='lat' dir='ltr'><strong>malae</strong></span> <span class='ocrx_word' id='word_1_766' title='bbox 2974 4572 3394 4627; x_wconf 86' lang='lat' dir='ltr'><strong>consuetudinis</strong></span> 
     </span>
    </p>
   </div>
   <div class='ocr_carea' id='block_1_109' title="bbox 1822 4648 3391 4731">
    <p class='ocr_par' dir='ltr' id='par_1_109' title="bbox 1822 4648 3391 4731">
     <span class='ocr_line' id='line_1_109' title="bbox 1822 4648 3391 4731; baseline 0.011 -31"><span class='ocrx_word' id='word_1_767' title='bbox 1822 4648 2038 4704; x_wconf 87' lang='lat' dir='ltr'><strong>incitet.</strong></span> <span class='ocrx_word' id='word_1_768' title='bbox 2066 4648 2231 4721; x_wconf 70' lang='grc'><strong>426</strong></span> <span class='ocrx_word' id='word_1_769' title='bbox 2264 4651 2553 4715; x_wconf 89' lang='lat' dir='ltr'><strong>Quomodo</strong></span> <span class='ocrx_word' id='word_1_770' title='bbox 2588 4670 2822 4721; x_wconf 87' lang='lat' dir='ltr'><strong>namque</strong></span> <span class='ocrx_word' id='word_1_771' title='bbox 2854 4659 3022 4712; x_wconf 91' lang='lat' dir='ltr'><strong>alium</strong></span> <span class='ocrx_word' id='word_1_772' title='bbox 3058 4664 3391 4731; x_wconf 71' lang='lat' dir='ltr'><strong>objurgabit,</strong></span> 
     </span>
    </p>
   </div>
   <div class='ocr_carea' id='block_1_110' title="bbox 1818 4742 3393 4818">
    <p class='ocr_par' dir='ltr' id='par_1_110' title="bbox 1818 4742 3393 4818">
     <span class='ocr_line' id='line_1_110' title="bbox 1818 4742 3393 4818; baseline 0.013 -24"><span class='ocrx_word' id='word_1_773' title='bbox 1818 4742 1905 4794; x_wconf 87' lang='lat' dir='ltr'><strong>vel</strong></span> <span class='ocrx_word' id='word_1_774' title='bbox 1938 4742 2207 4807; x_wconf 87' lang='lat' dir='ltr'><strong>instituet,</strong></span> <span class='ocrx_word' id='word_1_775' title='bbox 2245 4756 2303 4799; x_wconf 90' lang='lat' dir='ltr'><strong>ut</strong></span> <span class='ocrx_word' id='word_1_776' title='bbox 2334 4748 2516 4801; x_wconf 80' lang='lat' dir='ltr'><strong>videat</strong></span> <span class='ocrx_word' id='word_1_777' title='bbox 2549 4765 2615 4802; x_wconf 93' lang='lat' dir='ltr'><strong>ne</strong></span> <span class='ocrx_word' id='word_1_778' title='bbox 2651 4750 2970 4818; x_wconf 77' lang='lat' dir='ltr'><strong>frequenter</strong></span> <span class='ocrx_word' id='word_1_779' title='bbox 3000 4770 3126 4808; x_wconf 85' lang='lat' dir='ltr'><strong>cum</strong></span> <span class='ocrx_word' id='word_1_780' title='bbox 3160 4759 3393 4814; x_wconf 88' lang='lat' dir='ltr'><strong>muliere</strong></span> 
     </span>
    </p>
   </div>
   <div class='ocr_carea' id='block_1_111' title="bbox 1819 4838 3393 4916">
    <p class='ocr_par' dir='ltr' id='par_1_111' title="bbox 1819 4838 3393 4916">
     <span class='ocr_line' id='line_1_111' title="bbox 1819 4838 3393 4916; baseline 0.013 -29"><span class='ocrx_word' id='word_1_781' title='bbox 1819 4838 2151 4891; x_wconf 88' lang='lat' dir='ltr'><strong>conveniens</strong></span> <span class='ocrx_word' id='word_1_782' title='bbox 2180 4840 2415 4903; x_wconf 84' lang='lat' dir='ltr'><strong>labatur,</strong></span> <span class='ocrx_word' id='word_1_783' title='bbox 2449 4843 2612 4895; x_wconf 88' lang='lat' dir='ltr'><strong>sicuti</strong></span> <span class='ocrx_word' id='word_1_784' title='bbox 2644 4847 2909 4911; x_wconf 86' lang='lat' dir='ltr'><strong>scriptum</strong></span> <span class='ocrx_word' id='word_1_785' title='bbox 2942 4859 3050 4907; x_wconf 85' lang='lat' dir='ltr'><strong>est,</strong></span> <span class='ocrx_word' id='word_1_786' title='bbox 3108 4852 3195 4916; x_wconf 84' lang='lat' dir='ltr'><strong>qui</strong></span> <span class='ocrx_word' id='word_1_787' title='bbox 3231 4869 3393 4907; x_wconf 80' lang='lat' dir='ltr'><strong>unam</strong></span> 
     </span>
    </p>
   </div>
   <div class='ocr_carea' id='block_1_112' title="bbox 1820 4929 3391 5001">
    <p class='ocr_par' dir='ltr' id='par_1_112' title="bbox 1820 4929 3391 5001">
     <span class='ocr_line' id='line_1_112' title="bbox 1820 4929 3391 5001; baseline 0.011 -22"><span class='ocrx_word' id='word_1_788' title='bbox 1820 4929 2039 4996; x_wconf 77' lang='lat' dir='ltr'><strong>quidem</strong></span> <span class='ocrx_word' id='word_1_789' title='bbox 2074 4931 2185 4999; x_wconf 77' lang='lat' dir='ltr'><strong>jam</strong></span> <span class='ocrx_word' id='word_1_790' title='bbox 2220 4933 2560 5001; x_wconf 87' lang='lat' dir='ltr'><strong>repudiarit,</strong></span> <span class='ocrx_word' id='word_1_791' title='bbox 2597 4934 2734 4988; x_wconf 81' lang='lat' dir='ltr'><strong>duas</strong></span> <span class='ocrx_word' id='word_1_792' title='bbox 2765 4948 2948 4991; x_wconf 84' lang='lat' dir='ltr'><strong>autem</strong></span> <span class='ocrx_word' id='word_1_793' title='bbox 2989 4951 3147 4994; x_wconf 66' lang='lat' dir='ltr'><strong>aetate</strong></span> <span class='ocrx_word' id='word_1_794' title='bbox 3184 4944 3391 4997; x_wconf 85' lang='lat' dir='ltr'><strong>ﬂoreu-</strong></span> 
     </span>
    </p>
   </div>
   <div class='ocr_carea' id='block_1_113' title="bbox 1892 5136 3392 5212">
    <p class='ocr_par' dir='ltr' id='par_1_113' title="bbox 1892 5136 3392 5212">
     <span class='ocr_line' id='line_1_113' title="bbox 1892 5136 3392 5212; baseline 0.004 -21"><span class='ocrx_word' id='word_1_795' title='bbox 1892 5138 1966 5206; x_wconf 64' lang='grc' dir='ltr'><strong>(ό)</strong></span> <span class='ocrx_word' id='word_1_796' title='bbox 1997 5136 2131 5204; x_wconf 86' lang='lat' dir='ltr'><strong>Cap.</strong></span> <span class='ocrx_word' id='word_1_797' title='bbox 2165 5137 2199 5190; x_wconf 83' lang='lat'>5</span> <span class='ocrx_word' id='word_1_798' title='bbox 2238 5136 2439 5212; x_wconf 68' lang='lat' dir='ltr'><strong>Nicazni</strong></span> <span class='ocrx_word' id='word_1_799' title='bbox 2471 5139 2688 5191; x_wconf 74' lang='lat' dir='ltr'><strong>concilii</strong></span> <span class='ocrx_word' id='word_1_800' title='bbox 2726 5158 2739 5189; x_wconf 86' lang='lat'><strong><em>:</em></strong></span> <span class='ocrx_word' id='word_1_801' title='bbox 2780 5160 2798 5190; x_wconf 80' lang='grc' dir='ltr'><strong>ι</strong></span> <span class='ocrx_word' id='word_1_802' title='bbox 2832 5141 3112 5197; x_wconf 81' lang='lat' dir='ltr'><strong>Interdiin</strong></span> <span class='ocrx_word' id='word_1_803' title='bbox 3144 5161 3240 5212; x_wconf 82' lang='lat' dir='ltr'><strong>per</strong></span> <span class='ocrx_word' id='word_1_804' title='bbox 3273 5161 3392 5198; x_wconf 87' lang='lat' dir='ltr'><strong>oni-</strong></span> 
     </span>
    </p>
   </div>
   <div class='ocr_carea' id='block_1_114' title="bbox 1818 5208 3386 5285">
    <p class='ocr_par' dir='ltr' id='par_1_114' title="bbox 1818 5208 3386 5285">
     <span class='ocr_line' id='line_1_114' title="bbox 1818 5208 3386 5285; baseline 0.005 -26"><span class='ocrx_word' id='word_1_805' title='bbox 1818 5208 1907 5259; x_wconf 84' lang='lat' dir='ltr'><strong>nia</strong></span> <span class='ocrx_word' id='word_1_806' title='bbox 1942 5218 2130 5285; x_wconf 80' lang='lat' dir='ltr'><strong>sancta</strong></span> <span class='ocrx_word' id='word_1_807' title='bbox 2162 5208 2424 5277; x_wconf 88' lang='lat' dir='ltr'><strong>synodus,</strong></span> <span class='ocrx_word' id='word_1_808' title='bbox 2456 5223 2563 5285; x_wconf 79' lang='lat' dir='ltr'><strong>non</strong></span> <span class='ocrx_word' id='word_1_809' title='bbox 2595 5212 2875 5277; x_wconf 68' lang='lat' dir='ltr'><strong>episcoiio,</strong></span> <span class='ocrx_word' id='word_1_810' title='bbox 2898 5229 3009 5285; x_wconf 2' lang='lat' dir='ltr'><strong>non,</strong></span> <span class='ocrx_word' id='word_1_811' title='bbox 3041 5208 3386 5285; x_wconf 75' lang='lat' dir='ltr'><strong>presbytero,</strong></span> 
     </span>
    </p>
   </div>
   <div class='ocr_carea' id='block_1_115' title="bbox 1818 5277 3389 5340">
    <p class='ocr_par' dir='ltr' id='par_1_115' title="bbox 1818 5277 3389 5340">
     <span class='ocr_line' id='line_1_115' title="bbox 1818 5277 3389 5340; baseline 0.005 -11"><span class='ocrx_word' id='word_1_812' title='bbox 1818 5293 1926 5329; x_wconf 81' lang='lat' dir='ltr'><strong>non</strong></span> <span class='ocrx_word' id='word_1_813' title='bbox 1950 5277 2200 5339; x_wconf 77' lang='lat' dir='ltr'><strong>diacono,</strong></span> <span class='ocrx_word' id='word_1_814' title='bbox 2242 5292 2351 5330; x_wconf 88' lang='lat' dir='ltr'><strong>non</strong></span> <span class='ocrx_word' id='word_1_815' title='bbox 2382 5279 2738 5340; x_wconf 69' lang='lat' dir='ltr'><strong>Subdiaumo,</strong></span> <span class='ocrx_word' id='word_1_816' title='bbox 2792 5298 2897 5332; x_wconf 86' lang='lat' dir='ltr'><strong>non</strong></span> <span class='ocrx_word' id='word_1_817' title='bbox 2946 5277 3108 5335; x_wconf 77' lang='lat' dir='ltr'><strong>alicui</strong></span> <span class='ocrx_word' id='word_1_818' title='bbox 3163 5277 3389 5337; x_wconf 76' lang='lat' dir='ltr'><strong>omnino</strong></span> 
     </span>
    </p>
   </div>
   <div class='ocr_carea' id='block_1_116' title="bbox 1818 5346 3389 5414">
    <p class='ocr_par' dir='ltr' id='par_1_116' title="bbox 1818 5346 3389 5414">
     <span class='ocr_line' id='line_1_116' title="bbox 1818 5346 3389 5414; baseline 0.006 -18"><span class='ocrx_word' id='word_1_819' title='bbox 1818 5348 1909 5414; x_wconf 85' lang='lat' dir='ltr'><strong>qui</strong></span> <span class='ocrx_word' id='word_1_820' title='bbox 1969 5348 2020 5397; x_wconf 95' lang='lat' dir='ltr'><strong>in</strong></span> <span class='ocrx_word' id='word_1_821' title='bbox 2071 5346 2217 5399; x_wconf 92' lang='lat' dir='ltr'><strong>clero</strong></span> <span class='ocrx_word' id='word_1_822' title='bbox 2260 5356 2365 5406; x_wconf 85' lang='lat' dir='ltr'><strong>est,</strong></span> <span class='ocrx_word' id='word_1_823' title='bbox 2427 5347 2596 5400; x_wconf 82' lang='lat' dir='ltr'><strong>licere</strong></span> <span class='ocrx_word' id='word_1_824' title='bbox 2649 5350 3125 5405; x_wconf 84' lang='lat' dir='ltr'><strong>subintroductam</strong></span> <span class='ocrx_word' id='word_1_825' title='bbox 3186 5355 3389 5407; x_wconf 72' lang='lat' dir='ltr'><strong>habere</strong></span> 
     </span>
    </p>
   </div>
   <div class='ocr_carea' id='block_1_117' title="bbox 1820 5417 3389 5485">
    <p class='ocr_par' dir='ltr' id='par_1_117' title="bbox 1820 5417 3389 5485">
     <span class='ocr_line' id='line_1_117' title="bbox 1820 5417 3389 5485; baseline 0.006 -18"><span class='ocrx_word' id='word_1_826' title='bbox 1820 5417 2125 5481; x_wconf 88' lang='lat' dir='ltr'><strong>mulierem,</strong></span> <span class='ocrx_word' id='word_1_827' title='bbox 2164 5418 2265 5470; x_wconf 89' lang='lat' dir='ltr'><strong>nisi</strong></span> <span class='ocrx_word' id='word_1_828' title='bbox 2304 5418 2441 5469; x_wconf 80' lang='lat' dir='ltr'><strong>forte</strong></span> <span class='ocrx_word' id='word_1_829' title='bbox 2468 5428 2561 5470; x_wconf 83' lang='lat' dir='ltr'><strong>alit</strong></span> <span class='ocrx_word' id='word_1_830' title='bbox 2593 5428 2844 5479; x_wconf 80' lang='lat' dir='ltr'><strong>matrem,</strong></span> <span class='ocrx_word' id='word_1_831' title='bbox 2882 5430 2973 5472; x_wconf 90' lang='lat' dir='ltr'><strong>aut</strong></span> <span class='ocrx_word' id='word_1_832' title='bbox 3000 5438 3267 5485; x_wconf 86' lang='lat' dir='ltr'><strong>sororem,</strong></span> <span class='ocrx_word' id='word_1_833' title='bbox 3290 5436 3389 5478; x_wconf 82' lang='lat' dir='ltr'><strong>aut</strong></span> 
     </span>
    </p>
   </div>
   <div class='ocr_carea' id='block_1_118' title="bbox 1816 5487 3386 5559">
    <p class='ocr_par' dir='ltr' id='par_1_118' title="bbox 1816 5487 3386 5559">
     <span class='ocr_line' id='line_1_118' title="bbox 1816 5487 3386 5559; baseline 0.006 -23"><span class='ocrx_word' id='word_1_834' title='bbox 1816 5487 2062 5550; x_wconf 79' lang='lat' dir='ltr'><strong>amitam,</strong></span> <span class='ocrx_word' id='word_1_835' title='bbox 2095 5496 2189 5539; x_wconf 90' lang='lat' dir='ltr'><strong>aut</strong></span> <span class='ocrx_word' id='word_1_836' title='bbox 2225 5488 2387 5540; x_wconf 90' lang='lat' dir='ltr'><strong>etiam</strong></span> <span class='ocrx_word' id='word_1_837' title='bbox 2425 5502 2516 5539; x_wconf 87' lang='lat' dir='ltr'><strong>eas</strong></span> <span class='ocrx_word' id='word_1_838' title='bbox 2564 5488 2786 5540; x_wconf 87' lang='lat' dir='ltr'><strong>idoneas</strong></span> <span class='ocrx_word' id='word_1_839' title='bbox 2838 5505 3099 5556; x_wconf 71' lang='lat' dir='ltr'><strong>personas</strong></span> <span class='ocrx_word' id='word_1_840' title='bbox 3145 5511 3264 5559; x_wconf 74' lang='lat' dir='ltr'><strong>qua:</strong></span> <span class='ocrx_word' id='word_1_841' title='bbox 3300 5494 3386 5545; x_wconf 76' lang='lat' dir='ltr'><strong>in-</strong></span> 
     </span>
    </p>
   </div>
   <div class='ocr_carea' id='block_1_119' title="bbox 1814 5558 3383 5630">
    <p class='ocr_par' dir='ltr' id='par_1_119' title="bbox 1814 5558 3383 5630">
     <span class='ocr_line' id='line_1_119' title="bbox 1814 5558 3383 5630; baseline 0.007 -25"><span class='ocrx_word' id='word_1_842' title='bbox 1814 5558 1963 5623; x_wconf 83' lang='lat' dir='ltr'><strong>giant</strong></span> <span class='ocrx_word' id='word_1_843' title='bbox 1987 5558 2349 5624; x_wconf 85' lang='lat' dir='ltr'><strong>suspiciones.</strong></span> <span class='ocrx_word' id='word_1_844' title='bbox 2392 5574 2410 5607; x_wconf 75' lang='grc' dir='ltr'><strong>ι</strong></span> <span class='ocrx_word' id='word_1_845' title='bbox 2436 5559 2713 5623; x_wconf 57' lang='grc' dir='ltr'>κιιίειίιιει.</span> <span class='ocrx_word' id='word_1_846' title='bbox 2747 5558 2862 5628; x_wconf 67' lang='lat'><strong>52.)</strong></span> <span class='ocrx_word' id='word_1_847' title='bbox 2896 5579 2912 5609; x_wconf 88' lang='grc' dir='ltr'><strong>ι</strong></span> <span class='ocrx_word' id='word_1_848' title='bbox 2940 5560 3131 5615; x_wconf 80' lang='lat' dir='ltr'><strong>Nullus</strong></span> <span class='ocrx_word' id='word_1_849' title='bbox 3164 5558 3383 5630; x_wconf 69' lang='lat' dir='ltr'><strong>missam</strong></span> 
     </span>
    </p>
   </div>
   <div class='ocr_carea' id='block_1_120' title="bbox 1814 5627 3386 5697">
    <p class='ocr_par' dir='ltr' id='par_1_120' title="bbox 1814 5627 3386 5697">
     <span class='ocr_line' id='line_1_120' title="bbox 1814 5627 3386 5697; baseline 0.007 -22"><span class='ocrx_word' id='word_1_850' title='bbox 1814 5627 2003 5677; x_wconf 73' lang='lat' dir='ltr'><strong>audiat</strong></span> <span class='ocrx_word' id='word_1_851' title='bbox 2037 5628 2363 5697; x_wconf 73' lang='lat' dir='ltr'><strong>presbyteri,</strong></span> <span class='ocrx_word' id='word_1_852' title='bbox 2398 5642 2558 5695; x_wconf 72' lang='lat' dir='ltr'><strong>quem</strong></span> <span class='ocrx_word' id='word_1_853' title='bbox 2607 5630 2707 5680; x_wconf 82' lang='lat' dir='ltr'><strong>scit</strong></span> <span class='ocrx_word' id='word_1_854' title='bbox 2748 5632 3113 5684; x_wconf 79' lang='lat' dir='ltr'><strong>concubinam</strong></span> <span class='ocrx_word' id='word_1_855' title='bbox 3164 5627 3386 5686; x_wconf 70' lang='lat' dir='ltr'><strong>indubi-</strong></span> 
     </span>
    </p>
   </div>
   <div class='ocr_carea' id='block_1_121' title="bbox 1816 5698 3305 5762">
    <p class='ocr_par' dir='ltr' id='par_1_121' title="bbox 1816 5698 3305 5762">
     <span class='ocr_line' id='line_1_121' title="bbox 1816 5698 3305 5762; baseline 0.007 -16"><span class='ocrx_word' id='word_1_856' title='bbox 1816 5705 1991 5747; x_wconf 84' lang='lat' dir='ltr'><strong>tanter</strong></span> <span class='ocrx_word' id='word_1_857' title='bbox 2028 5700 2266 5762; x_wconf 84' lang='lat' dir='ltr'><strong>habere,</strong></span> <span class='ocrx_word' id='word_1_858' title='bbox 2319 5710 2413 5751; x_wconf 83' lang='lat' dir='ltr'><strong>aut</strong></span> <span class='ocrx_word' id='word_1_859' title='bbox 2471 5698 2947 5756; x_wconf 78' lang='lat' dir='ltr'><strong>subintroductaiu</strong></span> <span class='ocrx_word' id='word_1_860' title='bbox 3000 5704 3305 5757; x_wconf 88' lang='lat' dir='ltr'><strong>mulierem.</strong></span> 
     </span>
    </p>
   </div>
   <div class='ocr_carea' id='block_1_122' title="bbox 1812 5766 1997 5835">
    <p class='ocr_par' dir='ltr' id='par_1_122' title="bbox 1812 5766 1997 5835">
     <span class='ocr_line' id='line_1_122' title="bbox 1812 5766 1997 5835; baseline 0.011 -18"><span class='ocrx_word' id='word_1_861' title='bbox 1812 5766 1997 5835; x_wconf 58' lang='grc' dir='ltr'><strong>(ιδιά.)</strong></span> 
     </span>
    </p>
   </div>
  </div>
