4184 6440
188 390 332 459 1193

1118 384 1727 452 ECCI.ESIAST[C.‘E
1767 380 2158 447 HISTORIA!
2196 382 2342 443 LIB.
2388 382 2492 443 Vl.

3324 373 3463 441 1194

188 515 238 567 δ’
291 509 496 581 ἀπύαν
551 505 847 578 στρατείαν
900 504 1298 575 όρῤωδήσαντα
1338 505 1431 557 τὸν
1489 505 1645 567 Θεὸν,
1705 502 1782 573 μὴ

1904 500 2051 553 tisse.
2113 498 2179 551 Et
2215 497 2505 551 materiam
2566 511 2691 549 cum
2722 496 3067 552 daemonibus
3114 506 3169 550 et
3238 496 3360 565 igne
3408 507 3465 550 et

187 601 339 669 ἔχειν
372 597 401 649 ὃ
442 614 491 649 τι
531 591 846 665 χρήσασθαι
880 594 960 653 είς
988 592 1227 660 ἄμυναν.
1250 591 1413 643 Ὅθεν
1449 590 1643 659 μοῐραν
1666 589 1769 657 ἀρ-

188 692 445 741 πάσαντα
473 684 568 738 τοῦ
601 684 798 753 φωτὸς.
841 677 955 736 οἷόν
990 699 1044 735 τι
1084 682 1281 753 δέλεαρ
1310 680 1673 749 καταπέμψαι
1702 681 1771 749 τῇ

190 779 319 848 ὕλῃ.
355 777 643 849 Τρωθεῖσα
671 774 716 827 δ’
745 776 930 845 ἐκείνη
960 777 1055 827 καὶ
1078 772 1425 827 καταπιοῦσα
1455 772 1768 841 ἐκίσσητεν.

202 870 654 931 ’Δναγκασθέντα
675 867 732 922 δὲ
758 868 849 921 τὸν
885 870 1041 930 Θεὸν,
1076 867 1484 937 δημιουργῆσαι
1524 865 1615 917 τὸν
1646 862 1775 916 κόσο

193 978 338 1037 μον⁶
385 963 526 1017 ὥστε
560 960 815 1015 διαλῦσαι
870 960 1046 1028 αὐτῆς
1076 958 1176 1030 τὴν
1226 958 1516 1016 σύστασιν.
1567 957 1666 1025 καὶ
1693 957 1775 1018 είς

189 1058 421 1127 εἰρήνην
465 1056 700 1122 ἀγαγεῖν
729 1053 800 1105 τὰ
851 1050 1176 1122 μαχόμενα·
1215 1050 1312 1102 καὶ⁵
1361 1048 1424 1101 τὸ
1458 1045 1775 1116 ἀνακραθέν

188 1153 259 1221 τῇ
298 1149 400 1221 ὓλῃ
432 1148 549 1217 φῶς
600 1145 744 1199 κατὰ
793 1145 971 1214 βραχὺ
1023 1138 1418 1210 ἐλευθερῶσαι.
1448 1141 1552 1193 Τὸν
1583 1140 1643 1193 δὲ
1686 1139 1779 1192 ἄνα

192 1243 416 1314 θρωπον
433 1241 532 1310 οὐχ
570 1240 679 1293 ὑπὸ
701 1238 862 1300 Θεοῦ,
887 1235 1003 1289 ἀλλ’
1033 1235 1140 1290 ὑπὸ
1167 1234 1261 1288 τοῦ
1294 1234 1535 1304 ὐλάρχου
1568 1230 1779 1283 Σεύκλα

190 1334 538 1403 πλασθῆναι·
585 1332 680 1385 καὶ
728 1332 829 1400 τὴν
864 1328 1011 1384 Εὕαν
1052 1329 1340 1391 ὡσαύτως,
1395 1325 1534 1396 πλὴν
1571 1323 1781 1393 ἄψυχον

194 1426 509 1495 πλασθῆναι
543 1427 637 1480 καὶ
681 1424 939 1494 ἀκίνητον
974 1440 988 1453 ·
1031 1422 1123 1475 τὸν
1160 1421 1217 1473 δὲ
1264 1420 1437 1489 Ἀδὰμ
1487 1417 1782 1486 θηριόμορ-

198 1541 299 1593 (ρον
326 1540 340 1555 ·
376 1524 474 1575 καὶ
520 1523 655 1576 ἄλλα
688 1520 970 1590 παρόμοια
1021 1518 1207 1587 ληρτῖιν
1241 1513 1532 1568 συνετίθει.
1586 1513 1691 1565 Τὸν
1728 1511 1783 1565 όέ

195 1618 349 1689 ἥλιον
393 1620 489 1671 καὶ
521 1618 622 1687 τὴν
658 1616 894 1685 σελήνην
926 1614 1048 1677 θεῖα
1091 1610 1333 1681 ἐνόμιζε.
1365 1610 1474 1661 Καὶ
1504 1610 1633 1679 περὶ
1660 1606 1782 1659 τού-

201 1731 313 1766 των
347 1712 402 1764 δέ
428 1710 601 1763 πολλὰ
634 1708 799 1777 σιγῆς
835 1707 962 1771 ἄξια
1006 1702 1236 1758 πλεῖστα
1268 1700 1627 1773 ἐτερατεύετο
1680 1700 1786 1753 Τὸν

198 1802 255 1853 δέ
290 1798 543 1853 διάὂολον
591 1798 725 1849 ποτὲ
764 1795 863 1864 μὲν
909 1795 1066 1863 ὕλην,
1127 1791 1258 1845 ποτὲ
1287 1791 1344 1844 δέ
1393 1790 1635 1859 ἄρχοντα
1687 1788 1787 1857 τῆς

1873 606 2014 659 aqua
2037 593 2304 659 impetum
2338 588 2535 645 fecisse
2567 589 2619 643 in
2648 585 2827 644 lucem
2886 588 3048 644 dicit:
3083 589 3255 644 Deum
3278 599 3465 642 autent

1876 692 1986 736 tam
2023 682 2310 751 repentina
2346 681 2623 736 exercitus
2652 682 2773 753 ejus
2800 679 3164 747 impressione
3188 680 3463 736 conterri-

1876 785 1992 830 tum
2011 790 2120 828 non
2161 772 2443 837 habuisse,
2467 789 2578 844 quo
2596 782 2800 830 tantam
2824 774 2933 829 vim
2952 773 3276 828 vindicaret.
3291 772 3462 846 528

1878 874 2069 944 Itaque
2124 873 2278 928 illum
2316 880 2530 943 partem
2573 870 2714 926 lucis
2742 880 3042 940 arreptam,
3073 869 3245 924 veluti
3267 885 3463 941 quam-

1879 966 2006 1021 dam
2047 965 2468 1031 inescationem,
2498 973 2687 1019 contra
2721 964 3007 1018 materiam
3037 961 3275 1016 misisse.
3313 962 3467 1018 Hauc

1880 1074 2016 1114 vero
2047 1059 2415 1123 vulneratam,
2476 1065 2741 1126 partequc
2777 1069 2840 1109 ea
2871 1054 3013 1110 lueis
3055 1055 3312 1124 absorpta
3346 1070 3469 1124 gra-

1881 1155 2066 1209 vidam
2103 1168 2228 1207 esse
2263 1152 2484 1207 factam.
2520 1151 2638 1217 Qua
2670 1164 2731 1204 re
2760 1148 3017 1204 adactum
3054 1148 3251 1211 Deum,
3300 1164 3466 1203 mun-

1886 1249 2015 1300 dum
2044 1246 2385 1310 condidisse,
2412 1252 2474 1298 ut
2504 1241 2975 1298 concertationem
3012 1241 3178 1296 talem
3205 1241 3468 1309 solveret,

1885 1350 1939 1394 et
1968 1342 2037 1394 ad
2066 1355 2276 1409 pacem,
2298 1354 2361 1393 ea
2389 1353 2511 1408 qua:
2533 1337 2677 1392 inter
2699 1352 2759 1392 se
2791 1344 3124 1407 pugnarent,
3153 1336 3470 1393 reduceret.

1888 1435 2180 1502 lucemque
2231 1431 2479 1485 materia:
2513 1430 2733 1485 mistam
2774 1429 3044 1499 paulatim
3075 1428 3130 1484 in
3158 1429 3471 1485 libertatem

1890 1527 2183 1595 redigeret.
2212 1522 2498 1578 Hominem
2518 1537 2685 1591 porro
2706 1538 2814 1576 non
2831 1538 2862 1577 a
2886 1522 3021 1584 Deo.
3053 1521 3150 1576 sed
3171 1537 3199 1574 a
3220 1520 3472 1591 principe

1893 1620 2133 1673 materia:
2150 1617 2349 1672 Scucla
2382 1615 2570 1671 ﬁctum
2602 1631 2760 1670 esse:
2794 1626 2851 1671 et
2878 1614 3047 1670 Evam
3068 1614 3347 1679 similiter,
3375 1616 3471 1669 sed

1892 1712 2252 1764 inanimatam
2282 1718 2549 1771 creatam,
2602 1719 2660 1762 et
2704 1707 3079 1762 immobilem:
3117 1707 3288 1761 Adam
3342 1723 3476 1761 vero

1895 1803 2069 1855 forma
2103 1800 2254 1862 ferae,
2287 1800 2508 1869 aliaque
2535 1799 2688 1854 hisce
2720 1798 2922 1853 similia
2949 1809 3189 1866 nugatus
3209 1808 3315 1853 est.
3373 1796 3479 1852 So-

197 1896 334 1967 ὖλης
373 1895 594 1947 ἐκάλει·
629 1892 724 1945 τὸν
745 1861 799 1943 δὲ
833 1861 1014 1958 γάμον
1047 1886 1140 1940 τοῦ
1171 1883 1348 1938 διαὸόὶ
1362 1901 1422 1937 ου
1464 1883 1786 1950 νομοθεσίαν

1898 1895 1998 1949 lem
2030 1905 2086 1947 et
2112 1861 2297 1947 lunam
2331 1861 2580 1946 divinum
2603 1890 2871 1959 quiddam
2893 1861 3283 1960 esse‘putavit,
3321 1905 3387 1945 ac
3407 1891 3477 1943 de

196 1988 375 2055 ἔλεγε.
406 1987 510 2039 Τὸν
541 1985 599 2038 δὲ
633 1984 842 2053 Κύριον
885 1980 1010 2034 οὔτε
1041 1979 1220 2051 ψυχὴν
1251 1976 1621 2047 ἀνειληφέναι,
1657 1973 1783 2027 οὔτε

201 2082 365 2151 σῶμα
396 2098 584 2148 φησιν,
622 2077 739 2131 ἀλλ’
768 2078 842 2140 ὡς
893 2075 1181 2144 ἄνθρωπον
1213 2073 1454 2142 φανῆναι
1485 2069 1655 2154 μηδὲν
1686 2068 1784 2120 ἁν-

200 2174 478 2244 θρώπινον
532 2174 725 2241 ἔχοντα
750 2188 764 2202 °
800 2169 1073 2240 φαντασίᾳ
1101 2168 1156 2219 δὲ
1198 2169 1290 2220 καὶ
1326 2165 1392 2218 τὰ
1446 2164 1591 2233 πάθη
1639 2160 1787 2229 αὐτῷ

200 2268 486 2337 γενέσθαι.
516 2265 629 2336 Τὴν
654 2264 699 2317 δ’
728 2265 1030 2318 ἀνάστασιν
1069 2262 1178 2315 τῶν
1208 2259 1478 2330 σωμάτων
1501 2256 1575 2320 ὡς
1620 2255 1791 2327 μῦθον

199 2360 516 2416 ἁπωθεῖτοο
547 2358 703 2412 οὐδὲν
736 2359 847 2428 γὰρ
889 2356 986 2424 τῆς
1021 2354 1151 2426 ὕλης
1190 2361 1381 2424 μόριον
1427 2353 1575 2419 ἄξιον
1611 2370 1788 2420 σωτη-

204 2439 331 2525 ρίας
381 2453 560 2519 ἔλεγε.
592 2450 800 2520 Ψυχῶν
846 2448 903 2501 δὲ
962 2448 1495 2518 μετενσωματώσεις
1541 2445 1786 2508 ἐδόξαζε,

202 2548 301 2600 καὶ
335 2547 415 2607 είς
468 2544 692 2614 πτηνῶν
722 2542 816 2595 καὶ
868 2540 1085 2612 κτηνῶν
1139 2543 1234 2593 καὶ
1274 2539 1483 2611 Θηρίων
1533 2538 1786 2608 σώματα.

205 2639 346 2692 Ὀλα
378 2638 435 2691 δέ
467 2638 560 2690 καὶ
589 2637 729 2690 αὐτὰ
758 2637 826 2690 τὰ
857 2637 1099 2705 στοιχεῖα
1124 2634 1344 2703 ἔμψυχα
1363 2628 1507 2685 εἶναι
1538 2631 1792 2702 νομίζου-

205 2748 294 2786 σιν
326 2733 377 2785 οἱ
410 2729 541 2797 περὶ
559 2730 741 2783 αὐτόν.
774 2729 1056 2800 Γοητείαις
1080 2728 1137 2780 δὲ
1162 2726 1440 2796 διαφόροις
1460 2727 1789 2796 κέχρηνται,

203 2828 301 2880 καὶ
328 2828 604 2896 μυστήρια
624 2824 835 2892 δυσαγῆ
860 2821 1166 2875 ἐκτελοῦσι.
1192 2821 1283 2873 Διὸ
1308 2821 1400 2875 καὶ
1428 2820 1788 2882 δυσέκνιπτος

205 2920 242 2988 ἡ
273 2917 502 2973 ἐκείνων
545 2915 891 2979 διδασκαλία,
924 2916 1047 2976 ταῖς
1092 2913 1202 2967 τῶν
1234 2913 1510 2982 δαιμόνων
1553 2911 1790 2983 ἐπῳδαῖς

204 3013 307 3072 τὰς
336 3009 515 3079 ψυχὰς
539 3006 962 3078 καταδεσμοῦσα
988 3005 1101 3058 τῶν
1130 3004 1490 3072 τελουμένων.

1885 1985 1964 2038 eis
1990 1984 2159 2038 multa
2184 1983 2403 2037 silentio
2422 1983 2584 2053 digna
2613 1990 2931 2052 pertentose
2955 1979 3241 2035 conﬁnxit.
3272 1978 3476 2035 Diabo-

1891 2082 2005 2135 lum
2042 2095 2191 2135 nunc
2237 2079 2548 2138 materiam.
2581 2092 2731 2132 nunc
2760 2076 3005 2131 materiae
3036 2076 3346 2146 principem
3377 2091 3477 2125 vo-

1890 2172 2057 2225 cavit.
2088 2170 2417 2241 Conjugium
2453 2168 2657 2224 diaboli
2688 2168 2863 2239 legem
2918 2175 2973 2220 et
3018 2168 3478 2223 constitutionem

1892 2279 2018 2319 esse
2044 2263 2205 2327 dixit,
2236 2262 2531 2318 Dominum
2567 2271 2748 2315 autem
2784 2277 2964 2330 neque
3002 2261 3242 2315 animam
3300 2278 3480 2330 neque

1892 2373 2095 2426 corpus
2121 2356 2415 2425 recepisse.
2449 2360 2544 2410 sed
2570 2357 2847 2417 horninem
2880 2364 3095 2408 tantum
3122 2356 3298 2409 visum
3330 2371 3478 2418 esse,

1894 2449 2279 2502 nihilhumani
2314 2447 2634 2510 habentem,
2662 2448 3038 2514 asseveravit,
3088 2447 3483 2517 perpessiones

1895 2557 2027 2595 vero
2052 2541 2101 2596 ei
2124 2557 2220 2611 per
2248 2541 2486 2608 speciem
2518 2551 2730 2597 tantum
2775 2552 2831 2597 et
2859 2541 3047 2597 fucum
3082 2542 3351 2598 accidisse
3378 2543 3480 2613 (l).

1896 2634 2382 2690 Resurrectionem
2406 2648 2700 2703 corporum
2739 2636 2909 2690 veluti
2953 2635 3195 2691 fabulam
3220 2636 3481 2706 repudia-

1898 2726 1979 2779 vit
2024 2726 2230 2781 nullam
2247 2726 2397 2781 enim
2418 2726 2666 2781 materiae
2686 2727 3018 2796 particulam
3051 2728 3273 2799 dignam
3298 2729 3477 2784 salute

1895 2815 2186 2887 judicavit.
2212 2818 2532 2871 Animarum
2559 2825 2744 2872 autem
2784 2818 3142 2875 transitiones
3171 2835 3202 2874 e
3249 2834 3481 2891 corpore

1902 2912 1958 2965 iu
1983 2926 2208 2981 corpus,
2235 2920 2293 2966 et
2315 2905 2537 2981 quidem
2551 2911 2717 2965 etiam
2738 2912 2792 2966 in
2822 2912 3107 2968 volucrum
3136 2922 3191 2969 et
3221 2929 3481 2982 pecorum

1901 3014 1959 3060 et
1987 3005 2229 3059 ferarum
2248 3020 2509 3074 corpora,
2538 3006 2747 3060 docuit.
2784 3004 2958 3077 Cujus
2982 3016 3287 3064 sectatores
3311 3008 3480 3065 etiam

209 3105 485 3159 elementa
514 3105 698 3158 omnia
733 3104 976 3158 animata
1004 3116 1127 3157 esse
1151 3100 1515 3156 arbitrantur.
1542 3100 1789 3157 Utuntur
1828 3103 1993 3157 variis
2049 3101 2373 3171 imposturis
2437 3118 2499 3157 ac
2520 3103 2840 3174 praestigiis,
2874 3104 3195 3175 nefariaque
3239 3118 3294 3161 et
3323 3122 3487 3162 exse-

219 3200 427 3254 cranda
464 3209 732 3269 peragunt
774 3198 1037 3271 mysteria
1064 3198 1167 3270 (2).
1200 3199 1551 3269 Quapropter
1583 3200 1835 3256 doctrina
1870 3216 2065 3255 eorum
2094 3201 2398 3257 ineiuibilis
2426 3201 2698 3258 habetur:
2743 3202 3051 3259 daemonum
3092 3205 3488 3263 incantationi-

212 3297 321 3351 bus
338 3295 548 3350 animas
572 3295 881 3361 hominum,
900 3293 995 3363 qui
1022 3308 1087 3348 ea
1108 3293 1476 3358 suntinitiati,
1495 3297 1792 3351 obstrictas
1831 3296 2170 3355 tenentibus.

805 3413 842 3466 Κ
858 3412 1056 3466 ΕΦΑΑ.
1099 3409 1222 3465 AB'.

222 3508 320 3575 Ὠς
350 3510 382 3562 ὀ
410 3506 621 3573 Μάνης
642 3504 758 3573 τὴν
781 3506 965 3574 δορὰν
993 3504 1099 3558 τοῦ
1118 3503 1395 3575 σώματος
1428 3506 1791 3573 (remeam.

642 3577 787 3629 κυσὶ
830 3575 1134 3644 παρεδόθη
1160 3574 1339 3643 βορά.

287 3698 454 3766 Τρεῖς
496 3698 539 3750 δ’
587 3699 619 3749 ό
649 3695 837 3766 Μάνης
884 3695 1234 3766 κτησάμενος
1277 3697 1564 3765 φοιτητὰς,
1603 3696 1799 3749 Ἀδδαν

214 3791 313 3843 καὶ
344 3788 548 3857 Θωμᾶν
578 3789 670 3841 καὶ
707 3788 938 3857 Ἑρμᾶν,
968 3788 1059 3840 τὸν
1087 3788 1186 3857 μὲν
1220 3788 1419 3840 Ἀὂδαν
1445 3788 1637 3857 Σύροις
1669 3789 1801 3841 ἀπέ-

218 3881 402 3934 στειλε
434 3881 655 3951 κήρυκα
677 3896 690 3909 ·
731 3878 914 3941 Ἰνδοῖς
940 3879 997 3932 δέ
1026 3879 1115 3931 τὸν
1138 3879 1367 3949 Θωμᾶν.
1409 3881 1565 3933 Ἐπεὶ
1594 3879 1640 3931 δ’
1667 3882 1802 3932 ἐπα-

217 3974 421 4044 νῆλθον
454 3972 625 4026 πολλὰ
658 3972 911 4039 λέγοντες
954 3970 1101 4023 δεινὰ
1151 3970 1370 4030 παθεῖν.
1412 3971 1637 4042 μηδενὸς
1679 3972 1800 4023 ἀνευ

218 4068 458 4140 χομένου
480 4066 572 4119 τὸν
591 4065 823 4130 Μάνητα
844 4062 1163 4116 διδάσκαλον
1188 4063 1382 4128 δέξασθ
1393 4081 1467 4123 αι,
1499 4063 1798 4132 ἐτόλμησεν

218 4164 247 4214 ό
289 4159 652 4227 παμπόνηρος
694 4158 791 4209 καὶ
827 4155 1059 4225 Χριστὸν
1117 4154 1313 4208 ἐαυτὸν
1363 4154 1654 4222 ὀνομάσαι,
1710 4157 1803 4208 καὶ

221 4251 452 4319 Πνεῦμα
494 4250 671 4317 ἅγιον,
715 4250 811 4301 καὶ
838 4247 998 4302 ἄλλον
1041 4247 1404 4317 Παρᾶκὶητον
1436 4246 1800 4299 ἀπεστάλθαι.

223 4344 339 4397 Καὶ
388 4342 713 4395 δυοκαίδεκα
746 4340 802 4393 δὲ
851 4338 1102 4409 μαθητὰς
1159 4340 1525 4406 ἐπαγόμενος,
1574 4341 1653 4402 είς
1703 4339 1804 4408 τὴν

223 4437 419 4506 Μέσην
442 4434 553 4495 τῶν
583 4432 850 4501 ποταμῶν
864 4433 1118 4498 ἀφίκετο,
1146 4432 1246 4502 τὴν
1267 4432 1374 4485 τῶν
1399 4433 1623 4502 Περσῶν
1651 4432 1806 4499 βασι-

224 4530 380 4582 λείαν
423 4525 843 4595 διαδιδράσκων.
876 4525 1218 4594 Θεραπεύειν
1247 4525 1356 4594 γὰρ
1399 4525 1808 4593 νεανιευόμενος

220 4625 318 4674 τον
352 4621 447 4674 τοῦ
476 4618 745 4689 βασιλέως
771 4617 958 4678 παῖδα,
993 4615 1210 4682 μείζοσι
1246 4619 1432 4678 κακοῖς
1458 4617 1804 4685 περιέϐαλεν.

2371 3412 2538 3486 429
2554 3411 3029 3470 cacurxxxu.

1904 3505 1969 3559 Ut
1999 3503 2207 3571 Manes,
2232 3504 2473 3560 detracta
2497 3509 2657 3575 totius
2686 3506 2921 3573 corporis
2949 3505 3105 3575 pelle,
3133 3510 3350 3567 canibus
3369 3528 3488 3567 esca

2522 3572 2753 3646 objectus
2780 3572 2871 3631 sit.

1973 3689 2157 3745 Manes
2180 3698 2363 3745 autem
2405 3704 2531 3745 cum
2570 3701 2682 3746 tres
2710 3692 2941 3748 haberet
3000 3706 3326 3762 sectatores,
3376 3700 3492 3754 Ad—

1902 3784 2049 3846 dam,
2086 3782 2354 3836 Thomam
2379 3792 2434 3837 et
2484 3780 2748 3845 Herman,
2775 3801 2844 3840 ex
2873 3786 2939 3841 iis
2972 3787 3184 3843 Addam
3205 3791 3273 3844 ad
3298 3789 3489 3863 Syrus,

1902 3875 1968 3928 ad
1991 3871 2158 3929 Indos
2188 3884 2373 3930 autem
2401 3874 2670 3929 Thomam
2701 3877 2851 3931 misit
2900 3894 3202 3946 praecones.
3239 3881 3346 3949 Qui
3400 3897 3492 3937 re—

1903 3963 2048 4019 versi
2110 3964 2608 4019 cumsedicerent
2667 3967 2836 4021 multa
2894 3971 3034 4023 dura
3096 3986 3288 4040 passos
3342 3989 3489 4035 esse.

1906 4073 2085 4127 neque
2114 4073 2445 4129 quemquam
2473 4057 2783 4114 doctrinam
2807 4062 2927 4128 ejus
2947 4063 3193 4133 recipere
3221 4066 3488 4133 voluisse,

1905 4168 2071 4207 ausus
2117 4163 2200 4207 est
2250 4154 2498 4207 omnium
2593 4154 2882 4210 hominum
2950 4158 3487 4227 importunissimus.

1908 4244 2149 4313 scipsum
2184 4243 2468 4299 Christum
2502 4247 2814 4310 nominare.
2843 4257 2899 4303 et
2936 4248 3201 4316 Spiritum
3238 4264 3493 4309 sanctum

1914 4336 2191 4405 aliumque
2220 4336 2566 4391 Paracletum
2602 4339 2825 4393 missum
2871 4355 2992 4395 esse
3017 4341 3225 4398 dicere.
3259 4344 3323 4400 Et
3354 4347 3494 4402 duo-

1910 4427 2085 4481 decim
2119 4442 2304 4482 secum
2337 4428 2547 4483 ducens
2575 4428 2901 4499 discipulos,
2955 4432 3009 4486 in
3042 4433 3491 4503 Mesopotamiam

1911 4518 2185 4587 pervenit,
2216 4519 2622 4589 Persarumque
2654 4536 2881 4590 regnum
2933 4526 3267 4593 peragravit.
3304 4542 3368 4582 ac
3406 4536 3490 4583 te-

1916 4611 2586 4682 merarioimpotentique
2633 4614 2820 4668 animo
2870 4616 3013 4685 regis
3069 4618 3142 4671 ibi
3203 4618 3375 4674 ﬁlium
3434 4636 3493 4676 se

235 4716 327 4774 Ὠς
362 4712 407 4766 δ’
440 4711 653 4764 ἐκεῖθεν
687 4702 775 4761 οἷα
811 4708 1094 4778 προφανὴς
1138 4707 1387 4769 ἀντίθεος
1421 4707 1682 4778 ἐξηλάθη,
1713 4707 1793 4762 κα*

1919 4711 2239 4755 curaturum
2273 4712 2354 4755 est
2385 4702 2801 4770 pollicitus,sed
2835 4703 3014 4773 ipsum
3049 4707 3350 4775 majoribus
3399 4726 3498 4779 op-

224 4804 386 4866 αὖθις
438 4804 537 4873 τὴν
576 4801 812 4871 Περσίδα
850 4800 1142 4862 κατέλαϐε,
1201 4800 1528 4870 συλληφθεὶς
1577 4800 1682 4853 ὑπὸ
1718 4799 1793 4851 τοῐ

1919 4795 2118 4863 pre.~sit
2142 4794 2319 4849 malis.
2349 4796 2714 4864 Posteaquam
2737 4805 2922 4850 autem
2946 4797 3073 4852 inde
3101 4810 3209 4866 est,
3238 4810 3296 4854 ut
3322 4804 3495 4856 marti-

228 4896 523 4966 βασιλέως,
551 4895 651 4962 τὴν
677 4893 957 4964 Περσικὴν
984 4892 1277 4959 ὑφίσταται
1296 4892 1541 4949 κόλασιν.
1569 4894 1679 4962 Τῆς
1701 4892 1811 4962 γὰρ

224 4991 392 5061 δορᾶς
426 4988 763 5055 γυμνωθεὶς,
818 4988 975 5039 κυσὶν
1032 4987 1189 5053 ἐδόθη
1242 4985 1397 5055 βορά.
1441 4984 1696 5039 Τοιοῦτον
1734 4985 1812 5054 τῷ

223 5079 483 5134 δυσσεδεί
510 5078 571 5129 τὸ
602 5077 776 5139 τέλος.
807 5077 868 5129 Ei
899 5076 1009 5145 γάρ
1042 5092 1125 5137 τις
1159 5075 1249 5126 τὸν
1280 5074 1561 5143 φλήναφον
1598 5073 1811 5127 ἐκείνου

306 5216 387 5285 (li
424 5234 441 5265 ι
485 5213 580 5268 Sic
623 5224 678 5267 et
728 5213 995 5268 Basilides
1024 5214 1104 5282 :ab
1157 5214 1359 5285 abraxa
1420 5211 1724 5285 Christum_
1761 5213 1814 5266 in

229 5282 613 5354 phantasmate
642 5285 825 5354 carnis
861 5287 1084 5336 missum
1115 5299 1237 5337 esse
1271 5283 1581 5336 blateravit.
1610 5302 1628 5333 ι
1659 5282 1816 5347 (Tt-r-

231 5354 550 5479 tull.)l-’-—Ilta
568 5354 715 5409 enim
747 5353 854 5408 sibi
879 5355 1123 5408 haeretici
1151 5361 1459 5406 monstrosa
1491 5354 1816 5423 contingunt

229 5441 366 5480 voca
414 5443 445 5477 ιι
472 5440 523 5479 a.

306 5498 386 5562 (Ξ)
441 5514 460 5546 ι
512 5495 763 5561 Ἐναγετς
802 5497 899 5547 καὶ
949 5492 1275 5564 νυκτερινὰς
1321 5496 1417 5547 καὶ
1474 5494 1835 5561 παρανόμους

233 5566 439 5636 μίξεις.
476 5569 568 5619 καὶ
593 5565 993 5634 ἁρῤητοποιίας
1016 5580 1045 5636 '_
1069 5566 1171 5636 huc
1194 5564 1695 5636 οδιηεαισσσηιηάοε.
1724 5581 1822 5617 no-

229 5634 446 5720 cturnos
469 5646 515 5720 et
544 5635 847 5704 “legitimos
864 5634 1187 5699 concubitus,
1215 5641 1265 5686 et
1285 5634 1490 5703 ﬂagitia
1515 5635 1762 5703 infanda.
1800 5656 1816 5688 ι

346 5723 361 5756 ι
448 5724 478 5759 ⁸.

231 5708 457 5844 (δΐὸΐῗ
485 5710 775 5831 l’ersarum
828 5790 919 5828 rex
939 5790 1066 5829 eum
1107 5774 1292 5833 vivum
1333 5774 1601 5830 excoriari
1636 5776 1825 5842 jussit,

240 5856 303 5905 ut
342 5846 439 5902 ﬁlii
470 5846 556 5901 sui
596 5846 749 5899 necis
778 5854 1082 5899 auctorem.
1113 5846 1340 5919 Egrum
1383 5861 1617 5914 namque
1646 5847 1821 5908 illum,

487 5942 762 6003 ΡΔτιιοι..
792 5945 911 6007 Gn.
944 5942 1177 6005 CXLV.

1920 4888 2095 4941 festus
2127 4886 2221 4941 Dei
2245 4895 2614 4954 contemptor,
2648 4888 2926 4955 repulsus,
2962 4904 3087 4943 cum
3122 4905 3188 4944 eo
3214 4892 3492 4956 rediisset,

1920 4994 1950 5032 a
1997 4994 2124 5047 rege
2172 4977 2610 5047 comprehensus
2648 4979 2926 5033 Persicum
2977 4981 3245 5035 sustinuit
3288 4985 3497 5051 suppli-

1920 5070 2070 5125 cium
2103 5068 2204 5141 (ὅ).
2232 5070 2487 5124 Detracta
2520 5069 2667 5124 enim
2722 5082 2869 5137 cute,
2903 5072 2975 5125 ita
3025 5072 3209 5127 nudus
3265 5074 3496 5128 canibus

1918 5212 2059 5265 citra
2086 5228 2302 5267 omnem
2329 5215 2576 5268 omnium
2605 5215 2945 5269 medicorum
2983 5231 3141 5284 opem
3173 5224 3228 5270 et
3268 5230 3492 5285 operam

1917 5298 1976 5353 se
2023 5293 2344 5337 sanaturqu
2399 5294 2833 5352 curaturumque
2877 5300 2999 5338 esse
3058 5285 3338 5353 pollicitus
3384 5299 3491 5343 est.

1915 5351 2053 5406 Cum
2088 5353 2269 5424 itaque
2303 5354 2525 5416 medici,
2581 5356 2635 5407 in
2675 5351 2911 5424 quorum
2946 5351 3077 5407 cura
3125 5360 3308 5424 regius
3360 5372 3496 5424 puer

1914 5432 2053 5481 erat.
2081 5423 2293 5477 dimissi
2332 5424 2585 5487 fuissent,
2623 5421 2774 5478 brevi
2802 5424 2891 5477 ille
2920 5436 3173 5479 mortuus
3191 5421 3301 5479 cst.
3325 5421 3424 5478 Vel
3448 5444 3495 5482 ts

1914 5492 2349 5564 Testamentum,
2413 5493 2639 5562 perinde
2670 5504 2834 5564 atque
2880 5510 2987 5547 non
3024 5496 3151 5548 boni
3192 5495 3284 5549 Dei
3326 5507 3493 5560 esset,

1928 5561 2114 5616 Manes
2161 5577 2382 5633 quoque
2414 5561 2633 5633 rejeeit;
2667 5561 3003 5625 et'Novum.
3060 5574 3316 5633 tanquam
3369 5566 3498 5621 boni

1933 5633 2272 5700 approbavit.
2320 5632 2600 5687 Christum
2650 5643 2834 5687 autem
2879 5635 3141 5702 opinione
3178 5632 3406 5689 tantum
3443 5645 3499 5690 et

1934 5703 2221 5771 phantasia
2238 5703 2577 5775 apparuisse,
2594 5704 2886 5775 omniaque
2915 5720 3012 5773 per
3031 5706 3218 5759 fucum
3243 5706 3498 5775 gessisse,

1935 5777 2188 5826 asseruit.
2228 5792 2247 5823 ι
2284 5773 2453 5843 (Idem
2482 5774 2724 5841 Suidas.)

2996 5937 3068 6003 38
