4184 6440
227 420 363 485 1201

1154 420 1774 483 ΕοειιιςιΑδΤιοΑι
1815 423 2214 486 HISTORIA!
2244 427 2392 489 LIB.
2425 427 2527 492 Vl.

3357 422 3513 490 1202

228 532 580 604 xtpcspivo;
604 549 620 566 ·
645 533 769 597 ταῖς
790 551 853 603 γε
885 534 993 604 μὴν
1024 532 1151 604 περὶ
1173 534 1242 587 τὰ
1266 533 1388 587 θεῖα
1415 531 1697 598 σπουδαῖς,
1731 533 1824 585 καὶ

1937 535 2175 591 omnium
2226 538 2481 594 meritus.
2519 537 2913 610 Episupatum
2963 538 3039 594 ibi
3092 546 3209 608 tum
3257 538 3500 593 admini-

226 630 354 690 ταῖς
388 630 447 681 ὲν
493 626 660 698 κοινῷ
688 627 959 690 διαλέξεσι
1006 630 1102 680 καὶ
1138 627 1493 696 ὲξηγὴσεσιν.
1522 625 1820 696 ὑπερφυῶς

232 719 659 790 θαυμαζόμενος
684 737 697 751 ·
726 720 921 773 Θεωνᾶ
968 719 1027 773 δὲ
1055 722 1123 790 τῇ
1156 722 1436 790 ἐπισκοπῇ
1484 718 1820 789 διαπρέπον-

228 827 322 871 ro;
384 808 763 880 'A‘lsﬁdvdpou,
799 810 942 863 κατὰ
989 810 1188 864 ταυτὸν
1229 809 1436 880 Πιερίῳ
1468 808 1526 861 ιν
1574 808 1820 881 καθέδρᾳ

232 903 634 973 πρεσϐυτέρων
676 906 772 959 καὶ
841 902 1095 973 Ἀχιλλᾶς
1140 902 1548 975 γνωριζόμενος
1574 897 1666 973 ἦν,
1717 902 1821 975 τὴν

228 997 332 1064 τῆς
361 996 717 1057 διδασκαλίας
744 996 884 1070 ἔχων
929 995 1237 1068 ιπιτροπὴν
1265 994 1365 1064 τῆς
1395 995 1550 1066 ίερΞς
1588 995 1822 1065 ἐπιστή-

236 1107 372 1160 μης.
417 1089 741 1159 φιλοσοφίας
795 1086 1192 1160 ὴκριδωμένης
1237 1087 1301 1142 τὸ
1345 1087 1531 1157 ἔργον,
1587 1085 1686 1140 καὶ
1720 1088 1822 1155 τῆς

231 1183 377 1237 κατὰ.
408 1184 469 1237 τὸ
513 1183 845 1252 Εὑαγγέλιον
882 1182 1170 1245 πολιτείας
1207 1183 1268 1234 τὸ
1295 1183 1540 1252 γνήσιον,
1594 1181 1823 1250 ἐναργέ-

234 1293 408 1330 στατα
460 1277 923 1346 ἐπιδεδειγμένος.
975 1276 1237 1338 Μελίτιος
1288 1275 1347 1329 δὲ
1402 1276 1461 1327 ὲν
1508 1276 1623 1337 τοῖς
1648 1273 1821 1329 λατὰ

233 1371 440 1424 Πόντον
488 1369 819 1440 ὲγνωρίζετο
883 1370 1146 1440 μέρεσινο
1183 1368 1244 1422 δν
1290 1367 1341 1421 οί
1397 1367 1500 1437 τῆς
1546 1365 1822 1436 Ἑλλήνων

232 1461 430 1528 σοφίας
480 1459 921 1529 ἀντιποιούμενοι
967 1460 1030 1513 τὸ
1073 1458 1200 1528 μέλι
1231 1457 1333 1528 τῆς
1368 1457 1632 1527 Ἀττικῆς
1688 1457 1821 1510 ἑκά-

231 1556 361 1606 λουν
392 1553 578 1608 αὐτόν.
627 1532 897 1607 Τοσοῦτον
942 1551 998 1605 δὲ
1032 1552 1161 1623 περὶ
1210 1549 1378 1606 αὐτοῦ
1425 1552 1604 1603 εἰπεῖν
1651 1550 1823 1619 όινοιγ⁴

232 1648 414 1712 καῖον,
442 1646 517 1709 ὡς
558 1647 612 1700 εί
636 1664 722 1708 τις
749 1645 863 1699 τῶν
893 1646 975 1699 ὲν·
999 1645 1182 1713 λόγοις
1225 1642 1564 1697 τελεώτατον
1594 1642 1824 1711 διαγράο

234 1756 361 1808 φειν
411 1738 616 1807 ἐζήτει,
671 1738 881 1790 ὲκείνον
933 1736 1061 1790 ίδὼν
1106 1734 1449 1804 άρκεσθῆναι
1478 1748 1494 1765 ο
1553 1732 1823 1803 ῥητορικὴ

236 1832 342 1900 μὲν
371 1830 481 1897 γάρ
510 1832 543 1900 ἠ
571 1829 737 1898 φύσις
776 1826 957 1899 αὐτῷ·
987 1827 1119 1881 ὥστ’
1150 1829 1197 1881 εί
1224 1828 1367 1880 κατὰ
1409 1825 1573 1879 τοῦτο
1609 1824 1823 1895 θαυμά-

233 1924 453 1993 ζοιμεν,
501 1922 563 1975 τὸ
597 1923 877 1993 προσῆκον
902 1921 1004 1974 οὐκ
1034 1920 1101 1973 ἂν
1140 1920 1415 1989 εἴποιμεν.
1452 1919 1563 1988 Τῆς
1615 1934 1676 1985 γε
1720 1917 1827 1988 μὴν
1863 1900 1900 1953 Β

235 2016 409 2083 ἄλλης
453 2012 1019 2085 αὐτοῦ’πολυπειρίας
1054 2013 1150 2067 καὶ
1197 2011 1562 2082 φιλομαθείας
1594 2009 1708 2063 οὐδ’
1738 2011 1829 2061 ὲν-

234 2106 434 2175 νοῆσαί
456 2124 510 2159 τι
546 2105 711 2160 πλέον
746 2105 957 2159 ἐκείνου
982 2108 1216 2172 γένοιτο.
1243 2102 1348 2157 Τὸν
1375 2104 1482 2174 γὰρ
1507 2101 1592 2170 ἐφ’
1621 2102 1827 2172 ἑκάστῃ

235 2199 526 2269 ἐπιστήμῃ
583 2196 920 2250 τελεώτατον
964 2195 1162 2264 ἐκείνῳ
1217 2193 1594 2269 συμμίξαντα,
1649 2193 1827 2256 εῐποις

237 2291 311 2344 ἂν
351 2291 523 2359 μόνην
554 2289 837 2359 εἰληφέναι
874 2289 1094 2357 πεῖραν,
1126 2285 1187 2339 οὗ
1216 2262 1278 2339 τό
1326 2284 1533 2355 κράτος
1571 2285 1716 2355 ἔχειν
1744 2301 1829 2336 νε-

235 2384 467 2452 νόμιστο
497 2383 786 2452 πρότερον.
819 2382 899 2435 Τά
930 2383 986 2435 δὲ
1018 2381 1121 2450 τῆς
1156 2380 1358 2451 ἀρετῆς
1385 2378 1448 2431 οὐ
1492 2379 1655 2448 μόνον
1685 2374 1828 2447 ἦσαν

239 2474 544 2543 ἑφάμιλλα,
579 2473 719 2526 άλλά
746 2475 794 2527 εί
826 2474 993 2544 μηδὲν
1025 2472 1217 2542 ἐκείνῳ
1249 2471 1485 2541 προσῆν,
1518 2470 1713 2539 ἀρκεῖν
1742 2470 1830 2522 ὲν-

236 2568 435 2621 τεῦθεν
472 2569 702 2639 μηδενὸς
730 2569 840 2621 τῶν
864 2567 991 2637 περὶ
1018 2565 1171 2620 ταῦτ’
1198 2564 1504 2634 εὐδοκίμων
1533 2561 1654 2617 κατ’
1675 2560 1831 2615 οὐδὲν

239 2663 370 2716 ὅσον
402 2679 464 2731 γε
512 2664 652 2731 πρὸς
698 2662 857 2726 δόξαν
900 2660 1211 2714 λείπεσθαι.
1266 2661 1361 2712 ’ον
1393 2658 1529 2727 δῆτα
1574 2657 1692 2717 τοῖς
1734 2652 1830 2706 τοῦ

238 2756 489 2825 διωγμοῦ
543 2758 762 2824 καιροῖς
813 2755 913 2825 τῆς
968 2754 1338 2821 Παλαιστίνης
1390 2753 1584 2821 μέρεσι
1626 2747 1835 2818 διατρί-

240 2847 414 2899 ϐοντα
448 2847 544 2917 ἔτη
576 2849 919 2917 παραμεῖναι
961 2845 1104 2900 ἑπτά
1132 2846 1290 2914 λόγος
1316 2843 1450 2913 ἔχει.

240 2942 573 3005 certabant,
601 2957 793 2995 verum
821 2942 987 2994 etiam
1059 2939 1105 2993 si
1173 2938 1313 2992 nihil
1347 2944 1608 3006 {prorsus
1649 2933 2031 2987 doctrinarum
2078 2936 2395 3001 habuisset,
2435 2938 2515 2994 lia:
2546 2942 2681 2995 satis
2716 2942 2791 2995 illi

1922 630 2122 684 stravit
2154 630 2431 686 Theonas.
2468 631 2538 686 Et
2575 646 2684 686 una
2715 646 2839 685 cum
2872 630 3055 686 Pierio
3087 630 3336 687 Achillas
3363 644 3504 701 quo-

1922 736 2031 792 que
2080 721 2135 777 in
2187 722 2642 795 presbyterorum
2690 723 2955 779 cathedra
3003 723 3219 777 laudem
3249 737 3502 792 magnam

1922 824 2423 887 est_consecutus,
2458 832 2743 873 sacrarum
2779 816 3192 887 Scriptum-um
3237 816 3507 871 doctrina:

1923 910 2293 979 prepositus:
2328 926 2436 980 qua
2476 910 2761 981 provincia
2799 919 2950 966 recte
2983 910 3236 964 obeunda
3268 910 3504 963 multum

1923 998 1974 1054 ei
2008 999 2219 1068 profuit
2250 999 2620 1071 philosophia:
2643 1001 2913 1063 studium,
2941 1016 3065 1071 quae
3087 1000 3303 1055 sincera
3328 1001 3504 1054 Evan-

1924 1086 2051 1157 gelii
2095 1086 2350 1157 dogmata
2394 1097 2452 1144 et
2495 1087 2752 1145 instituta
2796 1090 3104 1145 clarissime
3152 1090 3207 1144 in
3251 1100 3504 1159 apertum

1924 1179 2178 1249 protulit.
2207 1180 2265 1235 In
2291 1180 2449 1236 Ponti
2478 1192 2664 1238 autem
2696 1184 3022 1255 regionibus
3050 1182 3297 1237 Melitius
3324 1183 3507 1251 magni

1924 1273 2167 1327 nominis
2224 1273 2368 1329 fuit:
2418 1291 2625 1346 quem,
2671 1277 2765 1346 qui
2816 1275 3060 1332 Graecam
3116 1284 3507 1331 consectantur

1923 1365 2272 1435 sapientiam,
2297 1371 2402 1422 mel
2427 1368 2620 1424 Attica:
2647 1370 3134 1440 cognominarunt.
3165 1369 3239 1423 De
3272 1383 3339 1423 eo
3371 1367 3507 1422 illud

1924 1459 2090 1514 nobis
2126 1460 2443 1515 necessario
2481 1460 2780 1517 dicendum
2810 1472 2930 1527 est,
2967 1472 3029 1516 ut
3064 1460 3108 1515 si
3142 1461 3269 1531 quis
3304 1462 3357 1514 in
3391 1476 3509 1514 om-

1924 1550 2094 1608 nibus
2144 1552 2426 1623 praeclaris
2480 1552 2681 1609 studiis
2735 1552 3203 1624 perfectissimum
3264 1553 3505 1621 aliquem

1928 1645 2209 1700 hominem
2241 1644 2561 1701 describere
2596 1645 2761 1713 velit,
2794 1647 2847 1701 ei
2886 1656 3145 1716 tanquam
3188 1646 3507 1701 absolutum

1926 1738 2208 1806 exemplar
2228 1736 2468 1792 Melitius
2491 1736 2747 1793 sufﬁciat.
2763 1739 2869 1794 Ars
2893 1739 3037 1793 enim
3058 1740 3303 1793 oratoria
3326 1738 3507 1797 nativa

1928 1829 1982 1884 in
2008 1844 2075 1884 eo
2098 1839 2185 1885 est
2208 1829 2348 1884 visa.
2374 1832 2452 1884 Ac
2473 1831 2516 1885 si
2540 1846 2668 1885 eum
2693 1847 2760 1886 eo
2785 1840 2997 1885 tantum
3021 1832 3246 1887 nomine
3273 1830 3514 1885 admira-

1932 1936 2142 1985 remur,
2180 1924 2365 1978 minus
2408 1924 2458 1977 ei
2495 1940 2661 1993 quant
2707 1924 2940 1981 meritus
2972 1926 3072 1988 sit.
3116 1926 3508 1981 tribueremus.

1930 2014 2187 2087 1.351..
2223 2017 2347 2071 aliis
2391 2026 2573 2071 autem
2608 2019 2788 2073 omnis
2832 2018 3056 2089 generis
3100 2018 3301 2073 studiis
3347 2028 3514 2086 atque

1932 2105 2206 2160 doctrinis
2247 2106 2488 2176 amplius
2519 2107 2826 2177 quidquam
2849 2151 2862 2175 ,
2900 2123 3066 2178 quam
3102 2109 3190 2162 ille
3226 2122 3516 2163 assecutus

1933 2197 2024 2260 sit,
2055 2198 2263 2254 nemini
2299 2200 2352 2253 in
2386 2209 2628 2255 mentem
2658 2202 2847 2255 venire
2876 2212 3073 2271 potest.
3109 2202 3263 2267 Quod
3296 2204 3339 2255 si
3367 2204 3513 2256 enim

1933 2289 1987 2343 in
2013 2288 2307 2360 disciplina
2340 2306 2564 2362 quaque
2587 2292 3042 2348 absolutissimus
3066 2294 3357 2362 quisquam
3388 2307 3514 2346 cum

1934 2381 2030 2436 illo
2060 2381 2130 2438 de
2157 2399 2223 2438 ea
2255 2382 2422 2438 verba
2453 2385 2807 2447 contulisset,
2842 2386 2895 2440 in
2927 2401 2990 2439 ea
3023 2386 3137 2440 sola
3170 2401 3298 2440 eum
3331 2386 3510 2440 erudi-

1937 2485 2052 2527 tum
2093 2483 2261 2545 atque
2304 2479 2669 2533 exercitatum
2717 2479 2889 2534 fuisse
2921 2480 3195 2545 dixisses;
3239 2492 3291 2534 et
3324 2497 3518 2534 rursus

1937 2567 2006 2623 de
2037 2567 2142 2622 alia
2175 2580 2294 2625 arte
2330 2570 2373 2625 si
2418 2570 2543 2641 quis
2585 2588 2709 2627 cum
2752 2588 2819 2629 eo
2849 2575 3081 2644 egisset,
3118 2572 3171 2627 in
3205 2589 3265 2628 ea
3299 2590 3519 2645 quoque

1936 2675 2063 2714 eum
2092 2659 2308 2731 longius
2341 2663 2639 2727 excellere,
2674 2679 2783 2733 pra:
2809 2680 2878 2721 eo
2908 2665 3095 2719 studio
3124 2666 3176 2718 iu
3207 2680 3330 2735 quo
3365 2666 3521 2734 prius

1940 2750 2147 2822 primas
2202 2751 2408 2808 habere
2456 2756 2613 2809 visus
2658 2766 2839 2821 esset,
2887 2756 3221 2827 judicasses.
3279 2757 3523 2813 Virtutes

1946 2856 2111 2909 porro
2153 2858 2261 2896 non
2299 2845 2477 2918 solum
2513 2862 2637 2899 cum
2686 2857 2791 2901 tam
2826 2849 2974 2903 varia
3016 2849 3330 2905 eruditione
3368 2851 3419 2903 iu
3455 2866 3522 2904 eo

2868 2944 3123 2998 fuissent.
3160 2944 3310 2999 Adeo
3350 2944 3405 2998 in
3443 2945 3525 2999 cis

241 3036 317 3090 ad
364 3052 636 3090 summam
668 3033 891 3089 laudent
928 3041 984 3087 et
1020 3031 1251 3102 gloriam
1284 3029 1425 3083 nihil
1453 3027 1660 3083 fecerat
1691 3026 1912 3096 reliqui.
1987 3027 2086 3082 llic
2155 3028 2209 3083 in
2246 3031 2361 3100 ipsa
2396 3033 2545 3100 gravi
2582 3039 2991 3105 persecutione,
3072 3047 3283 3108 septem
3348 3053 3526 3092 annos

244 3133 305 3191 in
338 3134 637 3189 Palaestinae
668 3132 921 3204 partibus
953 3129 1223 3185 mansisse
1245 3128 1471 3183 dicitur.

822 3249 1078 3305 ΚΕΦΑΛ.
1130 3251 1274 3314 Λςο.

247 3347 388 3417 Περὶ
416 3344 535 3402 τῶν
580 3344 651 3399 ἐν
673 3344 995 3417 Λαοδικείᾳ
1030 3340 1374 3417 -ίερατικῷςλ
1396 3336 1822 3417 ἡγησαμένων,

548 3418 647 3470 ἐπὶ
691 3416 878 3484 σοφίᾳ
907 3412 1240 3479 διαϐοήτων
1263 3409 1522 3479 ἀνδιῶν.

326 3536 437 3605 Τῆς
470 3533 515 3586 δ’
546 3534 604 3586 ὲν
637 3529 934 3599 Λαοδικείᾳ
978 3527 1297 3597 παροικίας,
1354 3526 1496 3595 μετὰ
1531 3524 1831 3593 Σωκράτην

2472 3246 2699 3305 CAPUT
2752 3247 2993 3305 XXXVI.

1933 3338 2008 3393 De
2026 3338 2433 3395 Laodicemibus
2465 3343 2738 3411 episcopis,
2771 3344 3035 3411 sapientia
3065 3342 3359 3398 illustribus
3380 3344 3525 3397 viris.

2004 3527 2362 3583 Laodicensis
2402 3528 2662 3585 Ecclesia;
2700 3543 2917 3584 sacrum
2964 3544 3169 3597 munus
3201 3530 3369 3599 gessit
3402 3545 3526 3598 post

252 3629 517 3690 Εὐσέὸιος
548 3625 608 3678 τὸ
655 3623 907 3696 ἱερᾶσθαι
953 3620 1158 3690 λαχὼν,
1213 3618 1532 3687 καθηγεῖτο.
1568 3617 1681 3687 Τῆς
1726 3615 1833 3684 γὰρ

1937 3619 2220 3675 Socratem
2282 3620 2577 3675 Eusebius.
2649 3621 2741 3685 ls,
2808 3622 3146 3677 Alexandria
3205 3621 3515 3691 proiectus.

265 3721 623 3792 Ἀλεξάνδρου
652 3718 904 3787 ὁρμήσας
942 3715 1114 3787 (αίτία
1142 3714 1186 3767 δ’
1220 3709 1289 3783 ἦν
1330 3710 1544 3772 Παῦλος
1574 3711 1601 3763 ό
1630 3710 1695 3763 ὲκ
1733 3709 1837 3760 Σα-

1941 3721 2168 3781 propter
2213 3712 2446 3767 Paulum
2482 3712 2944 3779 Samosatenum,
2983 3715 3037 3767 in
3078 3729 3243 3783 quem
3287 3724 3399 3767 tum
3447 3714 3529 3766 in-

256 3819 513 3890 μοσάτων
542 3811 981 3882 ἐξεταζόμενος),
1010 3812 1074 3879 τῇ
1101 3810 1273 3881 Συρίᾳ
1305 3805 1661 3879 προσϐάλλει.
1696 3803 1837 3873 Πρὸς

1941 3804 2303 3874 quirebatur,
2337 3805 2393 3859 in
2429 3804 2644 3877 Syriam
2691 3806 2864 3862 venit.
2913 3806 3069 3861 Unde
3112 3807 3182 3862 ab
3214 3807 3280 3861 iis
3319 3808 3412 3875 qui
3452 3806 3526 3858 ibi

254 3913 316 3967 δὲ
368 3910 479 3963 τῶν
526 3910 705 3961 ἐκεῖσε
738 3905 869 3975 περὶ
918 3906 988 3956 τά
1037 3904 1156 3956 θεία
1202 3899 1619 3954 ἐσπουδακότων
1661 3895 1837 3949 οἴκαδε

1944 3898 2259 3952 divinarum
2290 3913 2476 3953 rerum
2510 3899 2746 3954 studiosi
2781 3908 2963 3961 erant,
2996 3899 3049 3953 in
3082 3900 3311 3968 patriam
3347 3899 3528 3952 redire

256 4001 630 4072 ἀναστρέφειν
689 4000 958 4069 εἴργεται,
1004 3994 1318 4065 άκροθίνιόν
1362 4010 1417 4047 τι
1466 3990 1544 4061 τῷ
1590 3990 1837 4057 τηνικάδε

1948 3999 2036 4046 est
2068 3990 2407 4060 impeditus:
2441 3991 2592 4061 quod
2624 3992 2922 4045 maximum
2953 3990 3239 4061 religionis
3266 4000 3431 4060 atque
3475 3992 3528 4044 iu

257 4093 443 4165 χρόνῳ
465 4091 568 4160 τῆς
595 4090 727 4161 περὶ
749 4087 884 4141 Θεὸν
923 4088 1167 4147 πίστεως
1194 4082 1622 4154 γνωριζόμενος.
1648 4076 1837 4131 Τοῦτοι

1949 4084 2122 4140 Deum
2163 4082 2288 4139 ﬁdei
2324 4084 2643 4155 praesidium
2672 4094 2727 4139 et
2760 4084 3014 4139 columen
3049 4084 3159 4140 illis
3188 4084 3534 4154 temporibus

260 4191 321 4242 δὲ
373 4186 679 4245 Ἀνατόλιος
723 4179 1026 4245 διεδέξατο,
1072 4177 1277 4245 ἀγαθὸς
1317 4175 1545 4246 ἀρίστου
1584 4171 1837 4239 διάδοχος.

1951 4188 2298 4233 censeretur.
2332 4178 2464 4249 Ejus
2498 4177 2700 4233 deinde
2734 4177 2917 4231 locum
2952 4177 3240 4232 Anatolius
3267 4178 3530 4240 obtinuit,

260 4283 365 4349 τὴν
408 4278 826 4347 Ἀλεξάνδρειαν
871 4275 973 4344 μὲν
1020 4272 1117 4324 καὶ
1153 4266 1309 4336 οὗτος
1347 4269 1539 4341 αὐχῶν
1585 4266 1837 4337 πατρίδα

1956 4269 2152 4339 optimi
2172 4269 2489 4325 decessoris
2508 4269 2685 4323 bonus
2712 4284 3021 4323 successor.
3046 4268 3185 4323 lluic
3201 4268 3530 4323 Alexandria

262 4378 335 4431 τὰ
370 4374 561 4446 πρῶτα
592 4372 636 4426 δ’
686 4374 744 4424 ὲν
770 4373 837 4441 τῇ
894 4369 999 4435 ἔξω
1048 4368 1214 4437 σοφίᾳ
1244 4366 1337 4419 καὶ
1385 4364 1508 4418 καθ’
1538 4365 1708 4434 ἡμᾶς,
1759 4363 1837 4413 καί

1957 4364 2134 4433 patria
2161 4360 2285 4416 fuit.
2316 4361 2602 4431 Praecipua
2634 4372 2785 4415 certe
2811 4361 2932 4414 laus
2955 4359 3007 4414 ei
3033 4360 3088 4414 in
3116 4361 3341 4428 profana
3369 4363 3531 4417 simul

262 4468 379 4522 τῶν
413 4466 538 4519 λίαν
572 4464 866 4532 ἐπισήμων
896 4460 1139 4523 άπάσαις
1174 4459 1380 4529 ψήφοις
1403 4457 1832 4526 κεκληρωμένος

1958 4466 2014 4511 et
2056 4470 2214 4511 sacra
2251 4454 2637 4524 philosOphia,
2673 4452 2934 4506 omnibus
2960 4452 3208 4521 omnium
3244 4454 3533 4522 pra-claro-

265 4562 365 4617 άτε
390 4560 455 4628 δὴ
484 4560 561 4617 είς
589 4559 781 4626 ἄκρον,
814 4557 915 4624 ὅση
940 4554 1073 4623 περὶ
1099 4552 1469 4620 γεωμετρίαν,
1492 4552 1586 4603 καὶ
1607 4548 1837 4618 aptam

1963 4562 2086 4603 rum
2134 4548 2385 4602 virorum
2429 4543 2656 4599 calculis
2690 4554 2774 4597 est
2815 4542 3020 4595 tributa
3054 4557 3069 4590 :
3111 4549 3169 4595 ut
3212 4541 3297 4600 ei.
3330 4542 3423 4610 qui
3467 4544 3532 4603 ad

265 4649 587 4718 ἀναλογίαν,
639 4650 733 4701 καὶ
787 4642 1197 4714 ἀστρονομίαν,
1244 4639 1593 4710 διαλεκτικήν
1646 4656 1705 4691 τε
1760 4639 1837 4691 καὶ

1964 4653 2236 4695 summam
2270 4637 2521 4707 peritiam
2556 4633 2899 4705 geometriae,
2937 4633 3311 4703 proportionis
3344 4648 3536 4687 ιιυιιιεο

265 4745 511 4816 φυσικὴν
560 4742 656 4795 καὶ
706 4736 1030 4807 θεολογικὴν
1081 4735 1424 4805 φιλοσοφίαν,
1464 4736 1599 4804 πρὸς
1652 4734 1710 4787 δὲ
1763 4734 1837 4785 κα¹

1961 4748 2175 4795 rerum,
2202 4729 2579 4793 astronomia,
2602 4728 2929 4789 dialecticae,
2959 4727 3221 4797 physica,
3251 4727 3534 4795 ipsiusque

267 4840 383 4893 τῶν
418 4842 475 4891 ἰν
510 4833 769 4907 ῥητορεία
802 4831 1148 4902 μαθημάτων
1178 4829 1395 4891 ἐλάσας.
1443 4828 1631 4880 Οὐδενὶ
1659 4828 1769 4896 γὰρ
1798 4828 1837 4877 τί

1958 4826 2098 4881 adeo
2126 4823 2447 4894 theologicae
2474 4822 2777 4891 sapientim,
2805 4822 3120 4889 artiumque
3153 4820 3369 4875 dicendi
3422 4836 3541 4873 om-

271 4938 391 4988 ῑσον
426 4932 573 5001 ἔχειν
624 4928 875 4999 παρῆκεν
920 4924 1106 4993 αὐτῷ’
1161 4922 1222 4975 δν
1255 4922 1414 4990 λόγος
1465 4921 1580 4990 ἔχει
1621 4922 1716 4974 καὶ
1758 4920 1858 4990 τῆς

269 5023 393 5079 κατ’
425 5020 805 5090 Ἀριστοτέλην
822 5016 1109 5087 διατριϐῆς
1142 5015 1362 5084 πρῶτον
1402 5014 1708 5081 ἀξιωθέντα
1762 5031 1859 5066 συο

271 5115 579 5186 στήσασθαι
604 5114 703 5182 τὴν
730 5111 952 5180 σχολήν.
981 5109 1160 5179 Ἔργα
1195 5109 1293 5178 μὲν
1320 5105 1414 5159 οὖν
1438 5106 1640 5177 ἄριστα
1670 5105 1859 5159 τοῦτον

268 5205 675 5278 διαπράξασθαι
724 5201 844 5257 κατ’
886 5200 1297 5267 ’Δλεξάνδρειαν
1343 5200 1401 5250 ὲν
1435 5201 1504 5268 τῇ
1552 5200 1646 5252 τοῦ
1691 5199 1860 5269 Βρου-

272 5303 393 5372 χίου
444 5299 737 5369 πολιορκία
774 5297 1085 5368 ἱστόρηται.
1124 5297 1236 5349 Καὶ
1264 5295 1393 5363 περὶ
1423 5294 1523 5363 τῆς
1571 5293 1860 5363 ἰσημερίας

271 5395 370 5449 τοῦ
416 5395 612 5463 Πάσχα
658 5391 1093 5463 ἀκρισεστάτους
1131 5390 1293 5460 ὅρους
1328 5387 1573 5453 ὑπέδειξε
1597 5402 1615 5420 ·
1657 5388 1752 5440 καὶ⁵
1785 5388 1862 5439 εί-

276 5491 539 5559 σαγωγὰς
571 5488 629 5541 δὶ
662 5485 1041 5557 ἀριθμητικὰς
1074 5484 1133 5536 ὲν
1162 5482 1297 5536 δέκα
1328 5482 1733 5550 συγγράμμασι
1762 5498 1863 5534 κα-

274 5581 592 5642 ταλέλοιπε,
618 5581 715 5633 καὶ
745 5578 884 5633 ἄλλα
908 5578 1160 5642 πλεῖστα,
1188 5573 1415 5639 ἔνδειξιν
1436 5574 1537 5627 οὐκ
1567 5574 1863 5642 ἐλαχίστην

275 5675 376 5743 τῆς
424 5674 553 5744 περὶ
599 5672 670 5726 τά
720 5672 867 5726 καλὰ
921 5672 1158 5741 σπουδῆς
1208 5668 1375 5722 αὐτοῦ
1429 5669 1859 5737 παριστάνοντα.

356 5809 437 5875 (l)
464 5809 665 5864 Euseb.
706 5820 763 5863 ut
792 5824 981 5879 supra.
1038 5810 1385 5879 πυρουχεῖον,
1424 5805 1658 5874 publicae
1692 5819 1861 5857 auun-

282 5894 365 5936 ιη
392 5893 445 5935 et
484 5881 670 5943 tritici,
699 5877 1070 5949 σιυοὼπυρός
1111 5877 1298 5935 Gra'cc
1331 5877 1557 5938 tllClltll‘,
1618 5885 1863 5941 recepta-

1962 4923 2114 4977 nium
2170 4918 2529 4990 pervenerit,
2576 4916 2964 4986 ncmiuemque
3024 4916 3129 4970 sibi
3179 4932 3359 4986 parem
3416 4933 3538 4971 esse

1915 5071 1917 5074 γ
1963 5028 2158 5084 passus
2196 5012 2290 5065 sit.
2322 5011 2501 5077 Quem
2535 5009 2679 5063 fama
2712 5009 2879 5062 etiam
2920 5020 3002 5062 cst
3036 5009 3263 5077 dignum
3305 5026 3426 5064 esse
3457 5012 3538 5080 ju-

1964 5105 2251 5169 dicatum,
2308 5103 2403 5173 qui
2473 5102 2686 5171 primus
2749 5100 3155 5156 Aristotelicam
3226 5102 3535 5155 institueret

1966 5199 2235 5252 scholam.
2268 5195 2547 5263 Multaque
2582 5195 2627 5249 is
2662 5193 3004 5249 Alexandriae
3030 5193 3251 5247 Bruchii
3281 5195 3359 5262 (l)
3391 5194 3541 5247 obsi-

1963 5290 2144 5345 dionis
2172 5298 2421 5357 tempore
2445 5287 2499 5343 in
2522 5287 2669 5341 civili
2694 5286 3045 5340 dissensione
3074 5296 3131 5340 et
3153 5286 3314 5340 famis
3343 5285 3540 5339 discri—

1964 5383 2147 5447 mine,
2183 5390 2414 5451 propter
2444 5395 2679 5435 annonae
2715 5380 3023 5449 angustiam
3049 5421 3063 5444 ,
3096 5380 3305 5449 optime
3342 5379 3539 5435 fecisse

1965 5476 2295 5544 civibusque
2336 5475 2679 5529 consuluisse
2710 5474 2970 5528 traditur.
3013 5473 3081 5527 Et
3108 5475 3351 5528 rationes
3380 5473 3543 5529 lines-

1965 5586 2074 5641 que
2103 5576 2313 5632 certos,
2346 5567 2555 5621 Pascha
2585 5566 2957 5635 aequinoctiali
2993 5575 3238 5636 tempore
3260 5567 3543 5622 celebran-

1965 5665 2096 5717 dum
2132 5677 2253 5717 esse
2286 5662 2575 5715 ostendit:
2607 5660 3006 5715 Arithmeticas
3034 5659 3418 5713 lnstitutioncs
3450 5658 3546 5714 de-

1966 5803 2149 5856 culum
2193 5810 2355 5869 atque
2395 5798 2728 5865 granarium.
2782 5797 3039 5853 Refertur
3080 5798 3183 5852 hoc
3216 5796 3285 5851 ab
3339 5794 3542 5851 Euseb.

1968 5875 2059 5927 lib.
2098 5890 2187 5933 ιλιι,
2220 5888 2338 5941 cap.
2370 5871 2455 5925 52.
