4220 6438
267 416 403 476 1205
451 365 455 371 ι

1189 422 1788 483 ECCLESIAS'HC.E
1829 421 2222 484 HISTORIA!
2259 425 2406 488 LIB.
2455 425 2592 485 VII.

3380 412 3516 478 1206

265 530 552 594 ἐπέϐαλεν,
604 531 1098 605 Ἑκκλησιαστικὴν
1131 536 1376 606 ἱστορίαν
1400 536 1614 608 πρῶτος
1642 537 1842 607 ὀνομά-
1868 539 1919 595 Α
1944 547 2001 590 et

1955 547 2001 590 et
2031 537 2221 592 decem
2263 539 2386 594 aliis
2429 537 2802 607 evangelieam
2854 532 3385 591 demonstrationem
3429 543 3517 589 est

265 640 367 685 σας
392 623 490 693 τὴν
523 623 727 692 βίϐλον.
761 627 906 682 Δὲκα
931 629 976 681 δ’
1007 632 1064 682 ὲν
1095 631 1284 699 τόμοις
1315 631 1408 683 καὶ
1433 630 1589 684 τοῦτο
1619 631 1677 682 τὸ
1716 629 1840 681 σύν-

267 730 455 782 ταγμα
517 718 918 785 περικλείεται.
977 721 1085 773 Καὶ
1133 721 1267 793 ἄλλη
1334 721 1390 774 δὲ
1437 721 1604 776 αὑτοῦ
1663 721 1840 792 βίϐλος

266 803 596 874 ἐμφέρεται,
634 807 702 878 ἢν
745 811 983 862 Κανόνα
1022 810 1325 880 ἐπέγραψε,
1361 812 1457 872 τὰς
1490 811 1596 865 τῶν
1634 814 1842 880 χρὸνων

267 896 644 970 ἁκριδουμένη
675 903 912 972 γραφάς.
956 903 1066 960 Καὶ
1097 906 1177 967 είς
1205 904 1297 957 τὸν
1331 904 1448 975 βίον
1478 904 1533 957 δὲ
1562 906 1846 958 Κωνσταν·

265 991 440 1051 etnon,
494 992 654 1045 πέντε
695 993 888 1060 λόγους
935 995 1166 1060 ιξέδωκε
1191 1012 1205 1026 ·
1239 998 1333 1049 καὶ
1381 995 1570 1068 ἕτερον
1603 995 1660 1050 δὲ
1708 997 1844 1064 πρὸς

267 1083 456 1146 αὗτὶν,
489 1084 547 1136 δν
588 1089 1193 1158 Τριακονταετηρικδν
1233 1091 1548 1160 ἐπιγράφει,
1579 1090 1690 1144 Καὶ
1719 1089 1847 1142 Στε-

271 1172 428 1241 φάνῳ
455 1175 718 1241 περὶτῶν
750 1179 807 1230 ὲν
837 1182 952 1242 τοῖς
1002 1181 1171 1252 ίεροῐς
1215 1181 1571 1250 Εὐαγγελίοις
1603 1183 1846 1252 ἀπορου-

272 1266 452 1333 μένων
513 1269 700 1339 ἕτερον
734 1274 1043 1344 ἀνατίθησι.
1101 1277 1212 1329 Καὶ
1243 1275 1381 1332 ἄλλα
1428 1277 1663 1346 διάφορα
1711 1293 1845 1344 συγ-

269 1359 579 1426 γράμματα
603 1365 984 1428 καταλέλοιπε,
1015 1368 1215 1439 πολλὴν
1238 1368 1424 1437 ὄνησιν
1450 1371 1515 1439 τῇ
1553 1367 1848 1439 Ἐκκλησία

272 1450 621 1516 εἱπφέροιτα.
663 1455 810 1524 Πλὴν
847 1456 1088 1522 τοιοῦτος
1117 1457 1215 1525 ὢν,
1263 1461 1320 1511 ἐν
1352 1461 1570 1526 πολλοῖς
1595 1460 1847 1529 φαίνεται

270 1540 363 1590 τα
389 1541 600 1612 Ἀρείου
639 1548 980 1613 πρεσϐεύων,
1014 1550 1111 1603 ἅτε
1145 1551 1206 1620 δὴ
1256 1553 1460 1620 κτίσμα
1490 1553 1582 1605 τὸν
1614 1552 1764 1618 Υἱὸν,
1792 1552 1850 1616 ἐξ

271 1626 351 1682 ὧν
380 1637 634 1700 συνάγειν
670 1639 808 1705 ἔστι,
833 1642 1016 1694 καλῶν
1045 1659 1058 1674 ο
1089 1643 1194 1696 κᾶν
1223 1644 1521 1716 Σωκράτης
1551 1644 1578 1696 ὀ
1616 1646 1679 1696 ὲκ
1707 1645 1852 1696 Ναυ-

276 1725 410 1776 ἀτου
455 1728 522 1780 τὰ
568 1730 1006 1801 ὲκκλησιαστικὰ
1053 1737 1148 1788 καὶ
1201 1736 1363 1800 αὐτὸς
1413 1737 1744 1800 συντάττων,
1795 1738 1852 1788 ὲν

271 1815 356 1882 τῷ
386 1816 624 1889 δευτέρῳ
654 1825 764 1876 τῶν
795 1825 979 1894 τόμων
1009 1827 1260 1882 ἔνστασιν
1301 1829 1401 1881 οὐκ
1431 1828 1722 1897 ἐλαχίστην
1758 1845 1853 1880 πε-

276 1910 524 1976 ποίηται,
579 1914 719 1983 ὀρθὰ
776 1921 993 1988 φρονεῖν
1035 1920 1346 1973 ἀναπείθων
1394 1921 1483 1974 τὸν
1531 1894 1723 1990 ἀνδρα,
1760 1922 1853 1974 καὶ
1888 1894 1926 1947 Β

277 2005 652 2067 συκοφαντίαν
701 2007 1032 2076 ὑφίστασθαι
1087 2013 1354 2080 γενναίως
1417 2013 1852 2082 διατεινόμενος.

279 2094 475 2163 ῥήσεις
503 2099 560 2150 τέ
586 2116 740 2163 τινας
767 2103 982 2157 ἐκείνου
1018 2109 1080 2176 τῇ
1110 2107 1375 2178 ἀπολογίᾳ
1411 2108 1849 2178 καταστρωννὺς.

275 2187 344 2236 τὸ
377 2188 747 2260 ἀναμφίῦολον
792 2197 955 2267 δῆθεν
1001 2199 1264 2270 ἐχούσας·
1292 2203 1385 2254 καὶ
1432 2201 1509 2272 τῷ
1541 2204 1605 2272 τῇ
1664 2202 1856 2273 πρώτῃ

275 2282 486 2352 συνόδῳ
532 2290 831 2356 παρεῖναι⁶
878 2295 974 2345 καὶ
1015 2293 1312 2363 σύμψηφον
1359 2296 1694 2348 καθεστάναι
1743 2297 1855 2358 τοῖς

273 2373 340 2422 τὸ
367 2375 656 2442 ὁμοούσιον
715 2382 863 2449 μάλα
910 2386 1337 2455 πρεσϐεύσασιν.
1394 2386 1535 2456 Ἐγὼ
1575 2388 1621 2441 δ’
1655 2391 1702 2440 εξ
1758 2389 1855 2457 μὲν

274 2466 545 2537 ἀγράφως
582 2473 682 2543 τὴν
729 2476 895 2548 ὀρθὴν
928 2479 1218 2547 ἠσπάσατο
1257 2480 1436 2547 δόξαν,
1483 2483 1804 2552 συντίθεμαι
1839 2500 1852 2512 ο

276 2562 330 2610 εἰ
372 2560 417 2612 δ’
447 2563 504 2627 ἐξ
534 2559 608 2617 ὧν
648 2569 860 2622 ἐκείνου
901 2573 1166 2640 ἀνέγνων,
1197 2574 1395 2628 πολλοῦ
1425 2576 1529 2629 δέω
1581 2576 1857 2644 ὑγιαίνου-

279 2669 385 2704 σαν
432 2656 524 2709 καὶ
567 2659 861 2729 ἀκίϐδηλον
896 2665 994 2733 τὴν
1044 2665 1258 2720 ἐκείνου
1307 2666 1534 2737 γνώμην
1584 2670 1712 2737 περὶ
1761 2668 1857 2738 τὴν

276 2744 468 2798 πίστιν
525 2748 836 2807 ὑπολαϐεῖν.
878 2754 1040 2808 Ἀλλὰ
1071 2757 1166 2809 καὶ
1222 2759 1350 2828 περὶ
1397 2757 1590 2810 τούτου
1625 2757 1860 2810 ἐνταῦοά

278 2854 377 2904 μοι
431 2841 654 2897 κείσθω.
707 2845 959 2917 Περιέχει
1001 2849 1057 2902 δὲ
1097 2851 1250 2919 καὶὴ
1295 2851 1548 2920 παροῦσα
1579 2851 1714 2920 ἕκτη
1770 2869 1858 2917 μοι

275 2927 392 2978 τῶν
432 2929 685 2999 ἱστοριῶν
716 2938 908 3003 χρόνον
947 2937 1081 2990 ὲτῶν
1119 2939 1417 3008 τριάκοντα
1469 2941 1561 2991 καὶ
1608 2939 1720 3003 δύο,
1762 2942 1858 3010 ὀιρ⁸

278 3020 492 3088 ξαμένη
531 3024 628 3092 μὲν
669 3028 777 3079 ἀπὸ
806 3029 903 3082 τοῦ
942 3031 1163 3100 πρώτου
1216 3032 1370 3092 ἔτους
1432 3032 1855 3101 Οὐαλλεριανοῦ,

280 3116 640 3183 καταλήξασα
671 3119 728 3172 δὲ
761 3121 888 3192 ἄχρι
934 3124 1032 3191 τῆς
1062 3124 1238 3192 ἀρχῆς
1269 3124 1654 3192 Διοκλητιανοῦ
1677 3142 1689 3154 ·
1718 3125 1858 3194 ὁπη-

1945 627 2282 706 complexus.
2309 627 2377 682 Et
2408 627 2618 696 primus
2653 629 2770 696 ipse
2800 640 3022 678 manum
3056 614 3317 695 praesenti
3355 639 3518 692 argn-

1946 713 2134 768 m'ento
2165 716 2432 781 admovit,
2480 717 2804 787 primusque
2835 716 3008 770 libros
3047 731 3144 770 eos
3177 713 3518 769 ecclesiasti-

1947 824 2066 863 cam
2121 809 2415 864 Historiam
2467 809 2783 878 appellavit,
2836 807 3140 875 decemque
3184 819 3303 859 eam
3357 803 3520 857 tomis

1947 900 2204 956 absolvit.
2249 901 2342 954 Est
2375 909 2431 954 et
2462 900 2612 954 aliud
2657 902 2778 970 ejus
2811 899 3098 958 volumen,
3139 896 3195 949 in
3240 911 3350 962 quo
3382 902 3517 948 tem-

1948 1008 2141 1062 porum
2180 1002 2385 1046 certam
2415 1002 2839 1057 accuratamque
2880 991 3151 1045 rationem
3183 988 3435 1056 digessit.
3466 996 3523 1040 et

1947 1101 2111 1154 quem
2169 1086 2453 1141 Canonem
2507 1087 2826 1157 appellavit.
2892 1084 3130 1154 Scripsit
3181 1097 3402 1153 quoque
3454 1080 3524 1132 do

1948 1179 2295 1234 Constantini
2333 1180 2456 1236 Vita
2483 1179 2659 1234 libros
2698 1179 2973 1248 quinque.
3010 1176 3201 1231 Edidit
3245 1185 3301 1229 ct
3351 1174 3522 1228 alium

1949 1269 2016 1324 ad
2073 1271 2350 1336 eumdem,
2402 1285 2564 1342 quem
2625 1270 3012 1324 Tricennalem
3075 1266 3386 1336 inscripsit.
3444 1265 3523 1316 Ad

1951 1363 2294 1433 Stephanum
2336 1366 2467 1420 item
2502 1365 2669 1419 alium
2709 1363 2777 1419 de
2813 1363 2880 1417 iis
2908 1377 3028 1431 quae
3056 1361 3109 1416 in
3134 1357 3446 1427 Evangeliis
3471 1356 3525 1410 in

1952 1458 2187 1512 dubium
2230 1473 2326 1513 seu
2373 1457 2810 1527 disputationem
2853 1464 3143 1508 vocantur.
3179 1450 3287 1504 Sed
3329 1459 3385 1504 et
3421 1450 3527 1503 alia

1953 1553 2099 1605 varia
2133 1550 2361 1619 reliquit
2399 1551 2625 1620 scripta,
2656 1565 2779 1620 quae
2815 1549 3049 1602 multum
3097 1544 3358 1600 Ecclesia:
3397 1541 3528 1596 αἰγε-

1955 1653 2086 1699 runt
2115 1644 2392 1698 utilitatis.
2431 1643 2632 1697 Verum
2667 1642 2954 1698 enimvero
2984 1637 3202 1695 etiamsi
3248 1637 3372 1691 talis
3412 1634 3552 1688 ίιιοσ.

1958 1736 2049 1798 rit.
2086 1738 2140 1791 in
2175 1737 2366 1792 multis
2400 1747 2578 1790 tamen
2614 1751 2742 1790 eum
2781 1741 3012 1804 apparet
3047 1731 3162 1786 Arii
3195 1728 3530 1784 sententiam

1957 1830 2375 1900 comprobasse.
2421 1841 2480 1884 ut
2535 1829 2628 1899 qui
2689 1829 2889 1883 Filium
2941 1826 3130 1886 (sicuti
3190 1824 3241 1878 id
3292 1839 3356 1877 ex
3412 1821 3533 1890 ejus

1956 1921 2178 1990 scriptis
2212 1922 2475 1990 colligere
2507 1922 2662 1986 licet)
2698 1929 3009 1976 creaturam
3050 1921 3227 1972 VOt'él.
3271 1914 3536 1982 Quamvis

1957 2015 2238 2080 Socrates,
2267 2017 2361 2086 qui
2398 2024 2452 2070 et
2482 2016 2597 2085 ipse
2629 2031 2693 2069 ex
2723 2013 3048 2068 Novatianis
3079 2027 3169 2065 res
3201 2007 3538 2064 ecclesiasti-

1958 2125 2052 2165 cas
2089 2109 2329 2178 scripsit,
2366 2110 2422 2163 in
2448 2109 2694 2164 sectmdo
2724 2118 2873 2162 tomo
2901 2107 3279 2173 maximopere
3311 2116 3535 2171 persua-

1958 2207 2087 2261 dere
2124 2205 2431 2270 contendit,
2471 2216 2621 2258 recte
2674 2218 2801 2258 eum
2851 2203 3031 2256 virum
3081 2200 3311 2262 sentire,
3371 2211 3534 2248 enm-

1958 2301 2193 2369 dcmque
2213 2297 2610 2369 sycophantice
2624 2312 2694 2352 eo
2720 2297 2944 2350 nomine
2967 2311 2994 2349 a
3015 2292 3299 2348 nonnullis
3320 2289 3531 2358 impeti.

1957 2397 2135 2462 Atque
2175 2401 2234 2445 ut
2280 2391 2331 2444 id
2369 2405 2569 2460 magno
2604 2389 2792 2443 animo
2842 2388 3052 2442 certius
3088 2383 3435 2454 comprobet,
3479 2382 3533 2433 in

1959 2484 2280 2540 defensione
2310 2499 2434 2549 sua,
2466 2483 2612 2537 dicta
2636 2482 2784 2535 illius
2803 2478 3079 2550 quaedam,
3115 2477 3532 2546 ambiguitatem

1963 2587 2140 2630 tamen
2160 2574 2606 2644 complectentia,
2631 2573 2878 2628 contexit
2905 2589 2918 2626 :
2947 2571 3318 2639 eamdemque
3346 2567 3535 2636 primm

1961 2669 2172 2737 synodo
2204 2667 2446 2730 aﬂ‘uissc,
2476 2676 2640 2737 atque
2674 2681 2779 2720 una
2827 2681 2950 2719 cum
2983 2664 3107 2718 aliis
3137 2661 3401 2732 suﬂ'ragio
3435 2674 3538 2713 suo

1960 2774 2014 2816 et
2051 2761 2266 2816 calculo
2295 2762 2374 2823 είς
2404 2760 2464 2812 τὺ
2491 2759 2800 2826 ὁμοούσιον,
2833 2757 2948 2812 sive
2978 2758 3032 2810 in
3058 2754 3538 2810 consubstantiale

1960 2854 2314 2909 consensisse
2349 2851 2540 2928 refert.
2591 2851 2702 2921 Ego
2730 2864 2885 2912 vero,
2930 2849 2973 2902 si
3022 2843 3112 2901 ille
3150 2847 3373 2917 quidem
3418 2847 3538 2897 sine

1960 2947 2170 3016 scripto
2209 2953 2417 2999 rectam
2450 2944 2776 3013 complexus
2815 2953 2899 2996 est
2941 2941 3283 3010 opinionem.
3322 2937 3538 2991 Socrati

1962 3052 2070 3090 non
2113 3037 2397 3104 refragor;
2447 3035 2530 3089 sin
2578 3043 2764 3088 autem
2814 3049 2882 3088 ex
2929 3032 3156 3102 scriptis
3202 3030 3373 3095 illius,
3417 3044 3540 3098 quae

1965 3129 2088 3197 legi,
2124 3145 2213 3183 res
2245 3129 2318 3184 sit
2347 3127 2729 3198 dijudicanda,
2781 3126 3018 3180 multum
3063 3127 3219 3178 abest
3256 3135 3314 3176 ut
3345 3137 3536 3175 sanam

277 3209 639 3305 vixzxdagtou
697 3217 796 3284 μὲν
827 3217 944 3278 ἔτος
968 3218 1162 3288 βψιιεν,
1200 3218 1308 3271 ἀπὸ
1339 3219 1394 3272 δὲ
1429 3220 1524 3288 τῆς
1563 3219 1713 3281 θείας
1763 3219 1857 3272 τοῦ
1885 3244 1930 3305 c
1963 3221 2019 3274 Sil

1963 3221 2354 3289 sinceramque
2403 3220 2524 3291 ejus
2572 3219 2641 3273 de
2692 3217 2798 3273 tide
2839 3217 3171 3273 sententiam
3223 3216 3391 3278 fuisse
3436 3229 3536 3286 pu-

277 3303 490 3372 Κυρίου
530 3308 687 3376 ἡμῶν
725 3310 902 3381 Ἰησοῦ
944 3312 1183 3382 Χριστοῦ
1229 3313 1535 3382 γεννήσεως
1583 3313 1854 3366 διακοσιο-

277 3395 409 3448 στὸν
442 3401 536 3453 καὶ
565 3401 918 3470 ἐνενηκοστὸν
959 3405 1296 3474 ἐπεραίνετο.

1965 3311 2306 3368 tem.Verum
2327 3311 2398 3367 de
2424 3312 2529 3366 hoc
2548 3313 2711 3366 etiam
2740 3310 2856 3366 hac
2876 3311 3011 3365 satis
3031 3309 3161 3363 sint.
3195 3307 3263 3362 Et
3290 3306 3540 3361 continet

1964 3407 2055 3462 hic
2088 3422 2311 3475 quoque
2341 3406 2506 3476 hujus
2540 3405 2788 3459 historiae
2813 3403 2976 3477 liber
3008 3415 3280 3456 annorum
3312 3399 3536 3468 triginta

276 3491 518 3547 duorum
550 3505 766 3567 tempus
789 3518 802 3554 :
828 3499 991 3570 437
1013 3501 1346 3570 quiinitium
1372 3500 1612 3569 sumpsit
1674 3516 1703 3553 a
1763 3503 1942 3572 primo
1983 3503 2264 3558 Valeriani
2299 3518 2465 3567 anno,
2502 3501 2663 3556 tinem
2695 3510 2878 3556 autem
2923 3499 3124 3568 accipit
3157 3498 3382 3550 ineunte.
3413 3495 3541 3548 Dio-

275 3588 506 3642 cletiani
540 3591 776 3658 imperio
808 3609 821 3645 :
851 3610 880 3647 a
919 3598 1127 3650 mundo
1187 3596 1411 3650 condito
1478 3594 1776 3665 quinquies
1845 3599 2138 3653 millesimo
2184 3598 2679 3668 septingentesimo
2745 3593 3125 3663 nonagesimo
3155 3592 3349 3661 quinto
3380 3590 3477 3660 (t),
3511 3602 3543 3639 a

278 3679 474 3735 divina
507 3694 691 3738 autem
725 3686 943 3741 Domini
976 3688 1155 3743 nostri
1179 3689 1309 3744 Jesu
1332 3690 1539 3748 Christi
1565 3692 1852 3747 nativitate
1897 3692 2278 3747 ducentesimo
2308 3691 2668 3761 nonagesimo
2698 3705 2843 3743 anno
2870 3688 2972 3758 (2).

353 3821 432 3892 (1)
469 3822 781 3878 Secundum
820 3824 1132 3880 neotericos
1160 3829 1546 3898 chr0nologos,
1577 3828 1738 3884 4265.

2033 3827 2112 3899 (ε)
2144 3827 2229 3882 Al.
2261 3826 2393 3882 287.

877 4087 1883 4222 ΝΙΚΗΦΟΡΟΥ
1965 4083 2959 4220 ΚΑΛΛΙΣΤΟΥ

1648 4285 2156 4340 ΞΑΝΘΟΠΟΥΛΟΥ

807 4418 2192 4536 ΕΚΚΑΗΣΙΑΣΤΙΚΗΣ

2319 4419 3023 4534 ΙΣΤΟΡΙΑΣ

1625 4599 2010 4684 ΤΟΜΟΣ
2105 4599 2206 4681 Z'.

1073 4841 1929 4970 NICEPHORI
2026 4831 2767 4966 CALLISTI

1663 5036 2193 5102 XANTHOPULI

897 5183 2060 5301 ECCLESIASTiC/E
2176 5176 2915 5292 HISTORI/E

1573 5381 1976 5474 TOMUS
2052 5379 2270 5470 VII.

894 5605 1145 5659 ΚΕΦΑΛ.
1184 5603 1263 5657 A'.

475 5703 731 5773 Περιρχὴ
766 5702 885 5755 τῶν
905 5702 1262 5770 μελλόντων
1291 5697 1689 5766 ῥηθήσεσθαι.

376 5801 577 5869 Ῥᾁστη
615 5797 716 5865 μὲν
763 5791 857 5848 οὖν
912 5792 1074 5863 μέχρι
1124 5789 1279 5844 τοῦδε
1329 5789 1422 5842 καὶ
1456 5787 1542 5840 διὰ
1594 5787 1742 5847 λεὲας
1773 5787 1869 5854 τῆς

291 5892 418 5947 ὁδ’ιῦ
452 5889 729 5960 φερομένη
781 5890 810 5957 ἡ
845 5888 942 5956 τῆς
970 5887 1121 5956 ἱερεῖς
1155 5887 1285 5952 ἡμῖν
1339 5885 1580 5952 inopia:
1617 5882 1869 5943 ὑπόθεσις

2619 5596 2846 5652 CAPUT
2888 5600 2906 5653 1

2264 5691 2428 5764 440
2487 5691 2757 5763 Expositio
2815 5692 3173 5748 dicendorum.

2054 5785 2253 5840 Facilis
2296 5785 2584 5854 hucusque
2637 5783 2798 5837 nobis
2841 5784 2945 5837 luit
2979 5783 3159 5846 labor.
3215 5785 3441 5854 levique
3496 5791 3556 5840 et

1983 5880 2143 5949 plana
2186 5879 2271 5932 via
2316 5895 2471 5933 sacra
2506 5878 2755 5931 decurrit
2807 5877 3056 5931 historia.
3102 5879 3364 5942 Quamvis
3403 5877 3551 5930 enim
