4220 6438
261 400 394 465 1213

1213 408 1822 477 ΕειῖιΕ51.›ι5Τι(ῖ.-Ε
1865 421 2254 483 HISTORL'E
2292 426 2438 485 LIB.
2484 429 2614 491 VII.

255 530 429 576 ματος
464 512 660 581 ἔφερεν
681 531 694 544 ·
728 518 754 568 ὁ
775 516 817 567 δ’
847 518 1226 586 ἐστρεϐλοῦτο,
1265 524 1358 575 καὶ
1394 528 1503 587 τοῖς
1533 527 1757 596 Ξεσμοῐς
1782 534 1802 582 ὲ

1944 534 2149 602 ﬂagella
2178 553 2413 608 corpore
2447 548 2561 593 toto
2587 540 2920 609 perferebat,
2954 544 3044 600 ille
3074 556 3258 603 autem
3291 555 3525 607 constri-

254 605 420 673 βάθος
475 605 756 674 διήκουσιν
789 610 1096 679 ἐκαρτέρει.
1152 614 1239 665 Ἐν
1265 609 1343 678 οἷς
1377 612 1517 687 ἦσαν
1561 621 1611 674 οἳ
1649 623 1740 675 καὶ
1774 625 1834 677 τὸ

250 699 349 750 τοῦ
384 698 499 767 βίου
536 700 709 768 πέρας
735 701 1064 770 ἐλάμϐανον.
1122 706 1306 761 Ἀλλοι
1349 709 1394 762 δ’
1428 713 1601 776 ἄλλως
1632 716 1835 785 διηγω-

250 788 480 852 νίζοντο.
545 792 603 844 '0
638 794 735 859 μὲν
794 796 903 864 γάρ
952 814 1031 859 τις
1086 798 1177 869 βία
1234 804 1666 874 συνωθούμενοι,
1715 813 1833 873 ταῖς

249 883 507 949 ἀναγνοις
574 884 791 953 θυσίαις
847 890 1180 958 προσήγετο.
1235 894 1332 946 καὶ
1393 899 1466 964 μὴ
1504 898 1694 963 θύσας,
1755 902 1831 965 ὠς

245 976 493 1039 τεθυκὼς
528 978 844 1048 ἀπήλλακτο
862 995 877 1009 ⁸
904 980 1065 1043 ἄλλος
1089 985 1231 1060 μηδὲ
1260 987 1329 1038 τα
1366 989 1532 1057 ἐναγῆ
1572 993 1829 1057 κατιδὼν,

249 1064 411 1129 μόνον
466 1066 545 1117 ὃτι
585 1067 742 1121 ἄλλος
786 1069 975 1138 εἴρηκε
1011 1072 1321 1139 τεθυκέναι,
1372 1083 1498 1149 σιγῇ
1532 1082 1633 1151 τὴν
1671 1100 1833 1137 συκο-

246 1159 481 1223 φαντίαν
509 1163 694 1229 φέρων
727 1160 931 1232 ἀπῄει·
960 1168 988 1217 ὀ
1034 1163 1080 1217 δ’
1105 1167 1363 1237 ἀπαίρων
1401 1170 1501 1233 ἔτι,
1534 1173 1610 1235 ὡς
1636 1174 1827 1245 τεθνη-

247 1253 361 1313 κὼς
399 1254 690 1307 παντάπαν
733 1257 1027 1326 ἐρρίπτετο
1050 1276 1062 1289 ·
1099 1259 1248 1313 ἄλλοι
1285 1262 1332 1315 δ’
1362 1265 1573 1317 ἐκεῖνον
1602 1268 1712 1320 τοῖν
1735 1286 1832 1321 πο-

241 1346 355 1396 διίν
376 1347 652 1415 σύροντες,
684 1344 884 1409 εἷλκον,
916 1350 990 1414 ὡς
1025 1352 1279 1404 κάκεῖνον
1300 1356 1829 1424 συμπαραλαϐόντες

240 1436 357 1495 τοῖς
394 1434 653 1503 θύμασιν.
715 1438 906 1500 ’Λλλος
961 1439 1108 1507 μέγα
1139 1440 1383 1509 κράζων.
1423 1444 1522 1513 τὴν
1554 1463 1829 1515 συκοφ³ν⁶

241 1530 362 1576 τιαν
420 1526 768 1595 ἀπετρίϐετο,
806 1530 882 1599 μὴ
945 1529 1106 1583 θῦσαι
1141 1532 1564 1600 διατεινόμενος.
1618 1537 1707 1606 Τῷ
1739 1537 1822 1605 δὲ,

239 1616 575 1684 Χρστιανός
608 1620 748 1685 εἰμι,
783 1621 925 1687 μέγα
959 1619 1107 1689 βοᾷν,
1146 1624 1348 1689 κύαμος
1383 1619 1469 1692 ἦν.
1508 1625 1719 1689 Ἄλλος,
1751 1629 1826 1691 ὡς

235 1706 299 1762 οὐ
338 1705 574 1771 θύσειεν,
602 1710 724 1761 ούδέ
754 1726 818 1776 γε
866 1710 1053 1764 θύσειν
1090 1712 1311 1766 πώποτε
1342 1717 1586 1785 στερρὡ
1631 1718 1826 1772 δ;ετεί-

236 1816 385 1852 νετο.
420 1799 559 1851 Ἀλλ’
582 1801 703 1854 οὐδὲ
727 1796 872 1855 οὗτοι
902 1804 1194 1874 ἀπείρατοι
1222 1806 1413 1860 δεινῶν
1441 1806 1582 1878 ἦσαν
1604 1828 1617 1841 ·
1654 1828 1823 1882 στρα-

1939 638 2061 682 ctus
2096 631 2475 698 torquebatur.
2512 641 2567 687 et
2608 634 2835 705 ungulas
2870 636 2977 691 alte
3008 649 3361 707 penetrantes
3385 646 3524 698 tole-

1940 720 2112 775 rabat.
2147 722 2249 776 Cui
2280 725 2550 793 supplicio
2579 728 2803 797 quidam
2829 730 2995 784 etiam
3029 732 3514 799 immoriebantur,

1937 821 1993 866 et
2020 813 2109 867 alii
2142 814 2303 867 aliter
2328 832 2459 870 eum
2495 819 2833 875 cruciatibus
2869 822 3243 879 laetabantur.
3282 826 3521 892 Quidam

1934 906 2099 958 etiam
2129 920 2227 975 per
2256 905 2571 963 violentiam
2605 914 2890 979 protracti,
2921 924 2977 969 et
3003 916 3070 969 ad
3097 917 3307 986 impura
3350 921 3519 975 sacri-

1934 993 2058 1048 ﬁcia
2112 996 2357 1064 adducti,
2402 1015 2525 1054 cum
2572 1016 2683 1055 non
2716 1005 3142 1066 saerilicassent.
3199 1009 3294 1064 sed
3342 1021 3521 1067 tamen

1937 1086 2103 1140 veluti
2129 1088 2555 1156 saerificassent,
2592 1091 2751 1146 liberi
2780 1092 3227 1150 dimittebantnr.
3269 1096 3523 1154 Invenie-

1934 1177 2138 1234 bantur
2160 1197 2406 1251 quoque,
2435 1184 2530 1254 qui
2561 1186 2895 1240 exsecranda
2923 1202 3077 1241 sacra
3100 1204 3167 1243 ne
3201 1190 3523 1260 conspexis-

1931 1283 2055 1325 sent
2084 1272 2305 1342 quidem
2348 1292 2362 1329 :
2394 1276 2487 1330 sed
2524 1278 2669 1347 quod
2701 1279 2769 1332 ab
2788 1279 2912 1334 aliis
2936 1280 3275 1337 sacriﬁcasse
3299 1284 3410 1353 jam
3441 1284 3524 1337 di-

1930 1372 2211 1428 cerentur,
2269 1365 2491 1421 silentio
2528 1367 2775 1423 fraudem
2831 1383 2950 1423 eam
2988 1383 3044 1425 et
3098 1376 3519 1443 sycophantiam

1931 1462 2177 1525 tegentes
2197 1456 2440 1511 auibant.
2458 1459 2673 1527 Aliquis
2698 1462 2879 1515 adhuc
2893 1463 3107 1531 spirans
3131 1472 3187 1517 et
3220 1464 3518 1529 decedens,

1932 1554 2190 1615 tanquam
2222 1548 2332 1617 jam
2382 1557 2635 1604 mortuus
2667 1553 2897 1606 omnino
2949 1553 3347 1622 projiciebatur
3377 1572 3391 1607 :
3431 1563 3519 1611 at-

1930 1651 2033 1705 que
2059 1654 2184 1692 cum
2218 1640 2400 1709 ipsum
2427 1642 2515 1695 alii
2544 1641 2778 1711 pedibus
2810 1652 3067 1708 tractum,
3087 1646 3317 1714 perinde
3349 1634 3515 1715 atque

1928 1746 2052 1783 cum
2080 1732 2206 1787 aliis
2261 1734 2704 1788 sacrificaturum
2731 1736 3128 1805 corripiebant.
3158 1737 3373 1807 Aliquis
3396 1755 3520 1793 rur-

1929 1839 2049 1878 sum
2076 1825 2283 1896 ingenti
2311 1828 2554 1882 clamore
2586 1830 2917 1896 vociferans,
2944 1830 3247 1900 dolumque
3275 1841 3328 1885 et
3352 1847 3513 1902 syco-

232 1895 465 1962 τιωτικῇ
505 1893 561 1945 δὲ
598 1896 741 1963 χειρὶ
768 1896 908 1948 κατὰ
942 1899 1117 1967 στόμα
1150 1899 1460 1968 παιόμενοι,
1488 1903 1597 1967 πύξ
1627 1920 1684 1956 τε
1716 1921 1812 1958 πα-

1928 1918 2208 1987 phantiam
2260 1936 2289 1973 a
2342 1935 2399 1973 se
2455 1921 2742 1982 amoliens,
2788 1922 3014 1975 minime
3062 1938 3121 1976 se
3170 1924 3513 1979 sacrificasse

232 1987 407 2050 ρειαίς
466 1988 560 2038 καὶ
592 1988 857 2056 πρόσωπα
889 1992 1274 2059 ἐντεινόμενοι,
1303 1991 1669 2062 ἐξηλαύνοντο
1698 2000 1821 2049 ἐπι-

230 2079 559 2144 τρεπόμενοι
612 2080 709 2148 τὴν
747 2082 928 2147 σιγήν.
962 2082 1149 2146 Οὕτως
1184 2084 1244 2137 οὑ
1294 2084 1456 2154 μόνον
1496 2088 1556 2137 τὸ
1583 2089 1811 2157 πρᾶξαι,

229 2170 371 2221 ἀλλὰ
406 2172 461 2222 τ³ι
515 2170 662 2235 δόξαι
692 2173 889 2226 ἀνύσαι
944 2176 1073 2242 περὶ
1106 2175 1361 2229 πλείστου
1416 2180 1713 2248 πεποίηντο
1759 2183 1805 2234 oi

229 2266 556 2335 ἀλάστορες.
608 2267 742 2319 Ἀλλ’
788 2269 847 2319 ού
900 2270 1042 2322 κατὰ
1078 2270 1182 2321 τῶν
1215 2270 1435 2338 ἀληθῶν
1504 2273 1603 2341 τῆς
1662 2274 1819 2327 εὐσε-

227 2355 383 2418 ϐείας
420 2359 739 2424 ἀγωνιστῶν
772 2359 957 2429 χώραν
992 2357 1103 2430 εἶχε
1136 2360 1307 2414 ταῦτα
1342 2364 1434 2417 καὶ
1462 2366 1810 2436 παρρησίαν·

223 2444 303 2501 ὧν
335 2450 433 2518 τὴν
466 2454 669 2522 ἀκριϐῆ
727 2456 869 2505 κατὰ
922 2456 1087 2523 μέρος
1136 2455 1391 2525 διήγησιν
1422 2461 1571 2521 ποῖος
1623 2462 1687 2511 ἂν
1717 2462 1815 2529 ἀρ-

230 2564 264 2598 κ
303 2566 384 2603 σοι
423 2550 691 2618 παριστᾷν
719 2551 911 2616 λόγοςς

1927 2009 2197 2063 afiirmare
2243 2013 2649 2079 perseverabat.
2696 2014 2954 2069 Nonnulli
2989 2028 3316 2073 ornamento
3351 2028 3509 2084 erat,

1921 2102 2067 2169 quod
2095 2101 2467 2156 Christianum
2492 2119 2684 2159 seesse
2716 2106 3018 2159 acclamare
3034 2108 3311 2177 pergebat.
3346 2108 3502 2164 Alius

1914 2205 1974 2243 se
2014 2205 2192 2259 neque
2232 2191 2605 2255 sacrificasse,
2638 2208 2818 2262 neque
2865 2211 3106 2264 unquam
3161 2196 3506 2251 sacriﬁcatu—

1925 2294 2045 2331 rum
2092 2296 2247 2344 esse,
2288 2291 2608 2336 constanter
2643 2284 3030 2340 contendebat.
3073 2287 3274 2342 Verum
3326 2304 3395 2342 ne
3432 2290 3505 2345 illi

1920 2370 2147 2440 quidem
2179 2373 2450 2426 malorum
2479 2386 2732 2443 expertes
2759 2388 2920 2431 erant
2955 2397 2967 2431 :
2995 2380 3197 2434 milites
3224 2381 3369 2435 enim
3405 2396 3507 2451 pu-

1918 2466 2041 2535 gnis
2082 2481 2163 2528 os,
2206 2466 2454 2519 maxillas
2493 2476 2548 2520 et
2604 2468 2771 2523 facies
2819 2485 3011 2524 eorum
3063 2473 3505 2535 diverberantes,

1916 2558 2227 2626 pulsabant.
2255 2567 2419 2627 atque
2441 2574 2536 2614 eos
2564 2561 2725 2616 silere
2747 2564 2928 2633 jussos
2965 2566 3323 2633 repellebant.
3350 2566 3506 2621 Adeo

228 2661 343 2698 non
359 2646 534 2700 solum
568 2646 613 2700 si
642 2646 787 2716 quod
816 2647 1072 2702 volebant
1104 2647 1489 2716 perfecissent,
1554 2651 1649 2704 scd
1716 2651 1931 2705 etiamsi
1995 2653 2047 2706 id
2092 2653 2391 2722 perfecisse
2416 2656 2758 2719 viderentur,
2794 2665 2982 2726 pestes
3020 2658 3127 2711 illa:
3155 2658 3374 2727 plurimi
3405 2658 3505 2712 du'

224 2742 447 2799 ﬂebant.
480 2743 585 2798 Sed
609 2744 723 2798 haec
757 2743 1022 2799 adversus
1044 2760 1207 2799 veros
1242 2756 1298 2800 et
1362 2761 1653 2815 germanos
1711 2749 1931 2817 pictatis
1996 2762 2434 2821 propugnatores
2486 2764 2652 2822 atque
2725 2754 3099 2808 decertatorcs
3153 2756 3337 2809 locmn
3392 2772 3501 2810 non

228 2842 509 2896 habebant
548 2861 560 2895 :
608 2857 847 2910 quorum
894 2843 1220 2898 constantia:
1249 2852 1305 2898 ct
1369 2843 1716 2900 fortitudinis
1796 2859 2108 2902 accuratam
2181 2849 2515 2920 plenamque
2578 2851 3161 2913 commemorationem
3195 2853 3339 2906 nulla
3371 2867 3506 2922 pro-

224 2936 375 2989 fecto
412 2933 596 3004 potest
641 2937 867 3005 exsequi
904 2938 1105 2991 oratio.

836 3055 874 3103 Κ
890 3053 1089 3104 ΕΦΑΛ.
1135 3053 1210 3105 Ε’.

225 3143 368 3208 Περὶ
402 3142 507 3196 τοῦ
537 3145 600 3196 τὸ
631 3144 935 3209 δυσσεϐὲς
967 3149 1328 3214 πρόσταγμα
1370 3146 1810 3214 διαρρήξαντος

301 3215 374 3287 ἐκ
401 3215 783 3287 Νικομηδείςι,
845 3216 939 3287 καὶ
993 3215 1109 3269 τῶν
1162 3217 1283 3271 ἀπὸ
1340 3216 1450 3285 τῆς
1472 3217 1811 3287 ,ϐασιλικῆς

303 3285 495 3350 οἰκίας
523 3285 1069 3354 μαρτυρησάντων.

299 3400 526 3470 Πρῶτος
553 3401 735 3454 τοίνυν
779 3400 891 3453 τῶν
921 3401 1211 3472 ἐπισήμων
1238 3403 1379 3471 ἀνήρ
1420 3419 1526 3465 τις,
1569 3403 1665 3455 καὶ
1699 3402 1808 3454 τῶν

226 3495 602 3563 νομιζομένων
648 3498 706 3548 ὲν
773 3495 1177 3564 ὑπερεχούσαις
1223 3498 1419 3565 ἀρχαῖς
1483 3495 1806 3565 διαπρέψαι,

224 3588 346 3655 ἃμα
375 3585 450 3653 τῷ
487 3587 585 3656 τὴν
639 3586 857 3656 γραφὴν
891 3594 1032 3639 κατα
1062 3588 1161 3653 τῆς
1216 3586 1501 3649 εὐσεϐείας
1536 3587 1809 3653 ἀναγινώ-

223 3677 455 3729 σκεσθαι
487 3679 625 3730 κατα
656 3678 1052 3747 Νικομήδειαν,
1087 3679 1234 3749 ζήλῳ
1261 3678 1392 3749 θείῳ
1421 3681 1681 3748 ῥωσθεὶς,
1711 3681 1806 3733 καὶ

217 3768 323 3837 τὴν
359 3768 587 3837 καρδίαν
621 3768 1011 3839 πυρποληθεὶς,
1060 3767 1135 3831 ὡς
1166 3770 1338 3837 ἐναγῆ
1372 3786 1432 3821 τε
1467 3771 1562 3822 καὶ
1618 3770 1806 3837 ἐξαγι-

221 3877 352 3913 στον
397 3864 488 3913 ἐπὶ
518 3861 690 3935 μέσον
743 3861 809 3930 δὴ
859 3861 1237 3931 προκειμένην
1271 3859 1473 3925 λαϐὼν,
1522 3863 1601 3924 εἰς
1632 3862 1806 3915 λεπτά

218 3954 526 4023 διατέμνων
556 3954 869 4022 ἐσπάραττε
889 3970 904 3985 ο
938 3956 1033 4006 καὶ
1058 3954 1232 4006 ταῦτα
1256 3954 1351 4006 καὶ
1385 3954 1496 4005 τῶν
1529 3954 1626 4006 δύο
1651 3953 1807 4023 βασι-

216 4047 361 4099 λέων)
392 4048 458 4117 τῇ
492 4045 642 4098 πόλει
672 4045 1121 4115 ἐπιδημούντων.
1162 4044 1337 4097 Τοῦτο
1365 4046 1548 4098 τοίνυν
1574 4046 1802 4117 δράσας,

217 4146 311 4192 καὶ
342 4138 418 4199 ὡς
443 4140 534 4191 ἐπὶ
561 4138 805 4207 μεγίστῳ
828 4139 1167 4207 τολμήματι,
1202 4133 1291 4191 οἷα
1313 4133 1382 4208 ἦν
1408 4139 1577 4200 εἰκὸς,
1594 4138 1802 4203 παθὼν,

216 4234 354 4301 ἄχρι
372 4231 441 4300 δὴ
462 4233 558 4284 καὶ
585 4232 665 4294 είς
707 4230 936 4299 ἔσχατον
970 4229 1248 4298 ἀναπνοῆς
1280 4228 1340 4281 τὸ
1368 4231 1618 4296 γενναῖον
1654 4228 1804 4298 πρώ-

213 4341 328 4384 τως
357 4323 452 4374 καὶ
494 4322 825 4390 καρτερικὸν
873 4320 933 4374 ἐν
959 4338 1019 4374 τε
1051 4321 1340 4393 παρρησίᾳ
1368 4322 1466 4373 καὶ
1491 4320 1671 4374 ἄθλων
1708 4320 1805 4373 ἀλ-

2446 3058 2610 3130 [εωδ
2640 3058 2863 3115 (ΞΛΙἯΤ
2907 3059 2970 3113 v.

1916 3146 1994 3199 De
2038 3164 2096 3201 eo
2121 3146 2445 3208 Christiano,
2478 3151 2566 3218 qui
2603 3148 2921 3202 Nicomedia:
2958 3150 3179 3216 impium
3210 3149 3502 3218 imperato-

1987 3220 2059 3272 ris
2081 3219 2311 3272 edictum
2340 3221 2629 3287 concerpsit
2658 3237 2675 3271 :
2711 3220 2844 3271 etde
2877 3222 2949 3272 eis
2990 3221 3078 3288 qui
3110 3236 3172 3273 ea;
3208 3220 3377 3289 ipsius.
3398 3217 3502 3269 im-

1980 3291 2239 3358 peratoris
2267 3289 2396 3343 aula
2427 3290 2681 3359 martyrio
2711 3298 2831 3341 sunt
2858 3290 3139 3359 perfuncti.

1981 3403 2060 3458 Ex
2084 3404 2485 3458 celebrioribus
2514 3404 2644 3457 viris
2674 3403 2920 3471 quidam,
2949 3403 3162 3472 magnis
3192 3403 3491 3463 defunctus

1910 3496 2237 3561 honoribus,
2267 3496 2359 3549 ubi
2385 3494 2721 3549 Nicomedia:
2752 3494 2992 3547 edictum
3027 3506 3215 3549 contra
3239 3497 3493 3563 pietatem

1908 3587 2015 3658 legi
2065 3588 2330 3651 audisset,
2382 3587 2581 3639 ardore
2623 3586 2813 3639 divino
2876 3585 3265 3649 conﬁrmatus,
3326 3595 3495 3654 atque

1908 3682 2260 3736 aemulatione
2294 3679 2604 3734 vehementi
2626 3681 2679 3732 in
2704 3678 2890 3732 animo
2924 3694 3025 3733 suo
3056 3678 3334 3743 incensus,
3358 3681 3497 3735 scri-

1908 3782 2060 3843 ptum
2094 3774 2170 3838 id,
2207 3783 2268 3828 ut
2308 3772 2489 3827 dirum
2530 3782 2588 3826 et
2618 3771 3037 3834 exsecrandum,
3073 3771 3235 3824 sicuti
3274 3773 3493 3840 publice

1907 3867 2252 3936 prepositum
2299 3874 2436 3925 erat,
2486 3864 2741 3935 arripuit,
2796 3866 3042 3933 atquein
3096 3864 3493 3920 minutissimas

1908 3969 2096 4028 partes
2124 3959 2421 4025 conscidit,
2450 3974 2573 4013 cum
2616 3960 2840 4027 quidem
2871 3973 2935 4011 ea
2990 3958 3043 4010 in
3083 3959 3220 4011 urbe
3252 3967 3488 4027 uterque

1908 4049 2212 4119 imperator
2239 4049 2479 4106 adesset.
2504 4050 2624 4114 Quo
2641 4048 2935 4103 connnisso
2961 4048 3227 4110 facinore,
3260 4049 3489 4116 perinde

1906 4154 2072 4211 atquc
2092 4141 2530 4196 inaudacissimo
2547 4150 2709 4209 atque
2733 4141 2969 4193 maximo
2995 4139 3250 4201 crimine,
3280 4139 3491 4208 gravis-

1905 4236 2075 4291 simas
2101 4236 2289 4304 quales
2318 4234 2621 4288 verisimile
2645 4242 2766 4287 erat
2788 4248 2914 4287 eum
2955 4233 3265 4285 subiturum
3298 4247 3489 4300 pmnas

1906 4328 2153 4396 pendens
2170 4328 2269 4397 (l),
2289 4326 2356 4381 ad
2378 4338 2682 4380 extremum
2709 4341 2883 4395 usque
2904 4326 3184 4395 Spiritum,
3205 4327 3486 4393 propalam

214 4414 467 4474 λοκότοις
524 4415 817 4483 ἐπιφοραῖς
857 4413 1125 4483 λαμπρῶς
1160 4414 1494 4479 ἀνεδείξατο.
1548 4415 1705 4469 Μετά
1745 4414 1801 4467 δὲ

1922 4422 1965 4472 in
2007 4420 2239 4473 summis
2268 4419 2827 4489 exquisitissimisqne
2855 4418 3205 4471 cruciatuum
3239 4426 3483 4481 tormen-

213 4504 408 4557 τοῦτον
437 4507 486 4557 οἱ
519 4504 661 4557 κατά
693 4506 820 4566 τοὺς
850 4503 1166 4573 βασιλικοὺς
1218 4502 1428 4570 οἴκους,
1460 4505 1510 4557 οἱ
1542 4505 1670 4575 περὶ
1704 4506 1804 4557 1Ιέ-

214 4614 349 4669 τρον
376 4600 520 4666 φημὶ
549 4599 642 4650 καὶ
682 4597 991 4665 Δωρόθεον,
1038 4598 1341 4665 Μυγδόνιόν
1386 4614 1444 4650 τε
1477 4599 1572 4651 καὶ
1600 4600 1802 4668 Γοργό-

214 4708 351 4751 νιον,
392 4690 503 4743 τῶν
527 4690 751 4743 πώποτε
784 4691 1285 4760 μνημονευομένων
1314 4691 1371 4743 ἓν
1405 4708 1464 4743 τε
1501 4691 1801 4760 βαρϐάροις

214 4786 315 4838 καὶ
352 4782 617 4853 Ἕλλησιν
670 4784 758 4834 ἐπ’
794 4782 987 4851 ἀνδρίᾳ
1016 4782 1272 4849 γεγόνασι
1304 4780 1603 4850 διαϐόητοι.
1630 4783 1800 4852 Δόξης

216 4878 331 4945 γὰρ
351 4873 669 4944 ἀρκούντως
698 4877 812 4937 τοῖς
855 4874 1146 4936 δεσπόταις
1190 4872 1508 4944 ἠξιωμένοι,
1531 4874 1605 4937 ὡς
1632 4876 1798 4943 μηδὲν

212 4968 389 5020 ἐνδεῖν
422 4967 531 5020 τῶν
581 4967 824 5036 γνησίων
857 4966 1065 5019 παίδων
1099 4967 1224 5019 ὅσον
1256 4966 1325 5019 τὰ
1354 4969 1412 5031 ἐς
1446 4966 1707 5031 διάθεσιν,
1739 4969 1798 5020 ἐν

212 5058 399 5112 οὐδενὶ
424 5058 601 5111 ταῦτα
634 5059 735 5112 καὶ
756 5062 858 5128 τὴν
891 5058 1060 5130 ἀλλην
1108 5058 1203 5111 τοῦ
1228 5056 1348 5127 βίου
1381 5058 1587 5127 σκηνὴν
1618 5059 1797 5126 ἐλογί-

214 5168 425 5206 σαντοο
458 5153 533 5215 ὡς
580 5152 640 5205 τὸ
696 5153 838 5221 ὑπὲρ
882 5151 1124 5222 Χριστοῦ
1176 5151 1370 5204 παθεῖν
1407 5150 1651 5216 ἑλέσθαι,
1703 5152 1796 5205 καὶ

212 5245 353 5313 πρὸς
401 5246 470 5297 τα
498 5244 661 5297 καινά
709 5246 819 5298 τῶν
851 5245 1103 5314 βασάνων
1160 5246 1352 5312 καινὴν
1384 5244 1795 5297 ἐπιδείκνυσθαι

212 5337 312 5386 καὶ
334 5333 436 5403 τὴν
474 5333 806 5403 προθυμίαν.
850 5336 939 5397 Ὠς
976 5337 1084 5404 γὰρ
1121 5335 1384 5403 ἐφωράθη
1431 5336 1656 5404 Πέτρος,
1685 5336 1795 5387 εἵλ-

213 5442 346 5479 κετο
393 5427 481 5479 διὰ
509 5428 684 5496 μέσης
728 5426 825 5495 τῆς
859 5426 1257 5496 Νικομηδείας.
1319 5428 1471 5480 Ἐπεὶ
1505 5428 1548 5479 δ’
1583 5430 1793 5497 ἀπηγόο

216 5535 346 5589 ρευε
374 5518 549 5580 θύειν.
591 5519 801 5589 γυμνὸς
829 5520 1123 5589 μετάρσιος
1157 5520 1389 5590 αἴρεται,
1424 5521 1516 5573 καὶ
1557 5521 1793 5588 ἀφειδῶς

211 5610 571 5676 κατεξαίνετο
592 5624 605 5638 ⁶
638 5611 724 5663 ἵνα
748 5612 851 5665 κᾶν
884 5610 1032 5663 ἄκων
1054 5611 1388 5675 ἐκϐιασθεὶς,
1421 5611 1449 5664 ὃ
1482 5613 1790 5682 ἀπηγόρευε

209 5705 487 5772 δράσειεν.
534 5704 613 5766 Ως
648 5705 703 5757 δὲ
735 5706 829 5755 καὶ
859 5704 939 5757 ἔτι
972 5706 1260 5758 ἀνθίστατο
1283 5706 1660 5774 γενναιότερον
1683 5706 1788 5757 τῶν

1911 4510 2000 4574 tis,
2061 4509 2296 4563 liberum
2347 4510 2498 4562 illum
2546 4522 2710 4575 quem
2756 4508 2912 4576 prius
2965 4507 3257 4567 habuerat,
3314 4522 3483 4576 gene-

1907 4614 2208 4667 rosumque
2237 4611 2293 4653 et
2329 4608 2678 4653 constantem
2710 4598 2955 4650 animum
2989 4596 3272 4665 magniﬁce
3298 4606 3486 4650 osten-

1904 4691 2004 4745 dit.
2062 4691 2376 4744 Secundum
2430 4690 2596 4749 hunc,
2646 4690 3038 4758 imperatorum
3091 4688 3374 4741 domestici
3428 4699 3485 4741 et

1903 4782 2221 4843 familiares,
2247 4782 2462 4842 Petrus,
2488 4781 2819 4847 Dorotheus,
2850 4778 3172 4847 Mygdonius
3188 4788 3241 4832 et
3272 4778 3483 4848 Gorgo-

1902 4874 2049 4939 nius,
2083 4874 2331 4927 onmium
2362 4874 2456 4943 qui
2493 4889 2735 4942 unquam
2764 4872 2908 4941 apud
2934 4872 3153 4926 Graecos
3185 4882 3241 4925 ct
3275 4871 3483 4925 Barba-

1904 4980 1993 5019 ros
2059 4963 2321 5018 celebrati
2386 4972 2550 5027 sunt,
2614 4962 2957 5017 fortitudinis
3020 4962 3183 5016 laude
3246 4965 3481 5017 maxime

1904 5067 2248 5127 praestantes,
2305 5074 2433 5111 eum
2495 5057 2716 5110 abunde
2751 5056 2923 5125 gratia
2970 5065 3027 5109 et
3068 5056 3483 5111 existimatione

1900 5150 2043 5218 apud
2081 5150 2246 5203 heros
2292 5164 2425 5203 suos
2471 5150 2544 5203 ita
2575 5150 2863 5216 pollerent.
2916 5158 2976 5202 ut
3010 5148 3114 5200 illis
3146 5163 3254 5201 non
3294 5149 3481 5210 minus

1898 5257 2062 5311 quam
2091 5241 2337 5311 germani
2369 5240 2644 5311 liiil’Cllal'i
2680 5249 2902 5303 essent,
2948 5255 3046 5308 pro
3080 5240 3253 5292 nihilo
3292 5250 3474 5293 tamen

1896 5352 1957 5389 ea
2004 5335 2188 5388 omnia
2223 5334 2600 5401 reliquamque
2642 5333 2766 5385 vitae
2796 5332 2959 5401 hujus
2987 5345 3207 5384 scenam
3244 5330 3473 5393 duxere,

1895 5443 2004 5497 pne
2035 5442 2101 5482 eo
2138 5438 2195 5481 ut
2224 5442 2323 5496 pro
2351 5426 2572 5479 Christo
2600 5434 2939 5494 paterentur,
2967 5434 3022 5478 ct
3063 5424 3127 5476 ad
3157 5438 3328 5476 novos
3352 5438 3476 5476 car-

1898 5522 2119 5574 nilieum
2141 5522 2419 5575 cruciatus
2442 5533 2637 5571 novatn
2672 5520 2837 5572 etiam
2866 5517 3177 5570 animorum
3210 5514 3473 5568 afferrent

1896 5614 2388 5685 promptitudiuem
2438 5622 2492 5667 et
2547 5612 2907 5665 alacritatem.
2979 5609 3172 5663 Petrus
3234 5621 3472 5675 namque

1892 5709 2346 5776 comprehensus,
2369 5722 2464 5776 per
2479 5707 2712 5762 mediam
2734 5702 3107 5759 Nicomediam
3127 5710 3209 5756 cst
3229 5709 3467 5754 tractus:

293 5861 369 5930 (1)
408 5859 643 5915 Τοιαῦτα
675 5854 762 5914 οἷα
799 5862 889 5913 καὶ
942 5862 1085 5924 εἰκὶος
1138 5858 1211 5930 ἦν
1254 5863 1569 5933 ὑπομείνας.
1618 5861 1812 5915 Euseb.

1922 5877 1934 5914 l
1973 5876 2088 5923 vm,
2136 5875 2249 5929 (ap.
2292 5858 2342 5910 fi.

3390 440 3526 507 ιειι
3589 481 3601 501 .
