4220 6438
693 397 831 461 1215

1921 408 2097 468 ΝΙοΕ
2111 410 2343 469 PHORl
2390 413 2472 468 CA
2490 413 2733 472 LLISTI

3833 413 3975 477 1216

690 523 855 577 atque
897 511 989 564 ubi
1023 511 1337 566 simulacris
1368 529 1521 568 sacra
1555 515 1755 570 otl‘erre
1787 520 1990 582 renuit,
2019 521 2268 575 denuda-

2410 524 2579 574 στέων
2626 522 3065 590 διαφαινομὲνων
3126 522 3225 592 ἤδη
3278 521 3452 588 αὐτῷ,
3507 522 3626 586 ὅξος
3665 524 3763 575 σὺν
3810 526 3975 577 ἆλατι

692 612 780 656 tus
802 645 813 664 ,
845 614 1010 670 atque
1043 604 1095 655 in
1147 605 1380 658 sublime
1414 623 1737 676 suspensus,
1780 611 2164 666 crudelissime
2189 623 2276 666 est

692 698 1094 759 diverberatus,
1148 711 1205 752 ut
1256 703 1336 753 vel
1380 701 1605 764 invitus,
1657 713 1714 758 et
1762 706 1926 758 tantis
1985 707 2275 760 tormentis

693 791 939 850 adactus.
987 791 1131 859 quod
1171 803 1540 855 recusaverat,
1591 793 1775 871 facere
1823 806 2132 866 cogeretur.
2169 796 2274 850 Sed

696 885 986 936 cnimcum
1025 885 1186 936 etiam
1223 895 1334 938 tum
1371 885 1589 940 fortiter
1621 889 1673 940 in
1700 890 1973 943 sententia
2017 890 2279 957 persiste-

699 985 802 1038 rct,
831 987 884 1028 et
934 977 1044 1044 jam
1075 993 1195 1029 ossa
1249 979 1542 1045 ﬂagrorum
1572 979 1909 1048 fustiumque
1950 982 2154 1036 ictibus
2179 998 2281 1035 nu-

698 1068 822 1120 data
878 1079 1230 1136 apparerent,
1268 1072 1435 1124 salem
1479 1083 1634 1126 aceto
1682 1074 1904 1126 mistum
1955 1084 2191 1128 tortores
2222 1074 2275 1127 in

701 1164 943 1215 membra
994 1162 1294 1216 difﬂuentia
1333 1165 1657 1220 infuderunt
1697 1179 1862 1236 atque
1916 1168 2275 1221 intriverunt.

699 1255 804 1307 Sed
854 1265 908 1307 et
945 1255 1048 1308 hoc
1084 1265 1417 1309 tormentum
1453 1273 1577 1311 cum
1620 1259 1710 1312 ille
1762 1268 2102 1326 superasset,
2136 1259 2279 1327 ignis

699 1357 784 1400 est
807 1358 1140 1409 constratns,
1177 1360 1229 1401 et
1255 1349 1517 1402 craticula
1549 1351 1725 1418 posita
1765 1367 1777 1402 :
1809 1365 1974 1419 super
2002 1349 2144 1403 hanc
2185 1349 2278 1404 ille

699 1441 998 1494 collocatus
1041 1459 1051 1492 :
1081 1441 1162 1494 sic
1195 1455 1390 1494 carnes
1411 1442 1601 1510 ipsius,
1636 1443 1864 1496 aliarum
1891 1443 2132 1494 edulium
2160 1457 2281 1495 car-

701 1533 851 1584 nium
889 1533 1079 1592 instar,
1113 1533 1373 1600 paulatim
1411 1532 1520 1602 igni
1550 1542 1707 1586 tosta:
1738 1545 1901 1601 atque
1942 1531 2096 1584 frixa:
2125 1540 2277 1585 sunt.

702 1624 766 1676 Et
797 1624 1081 1677 carnifices
1107 1640 1212 1678 non
1245 1626 1393 1693 prius
1426 1640 1482 1678 se
1511 1627 1846 1679 remissuros
1873 1625 2178 1695 quidquam
2212 1625 2280 1680 de

704 1717 864 1768 tantis
902 1717 1208 1785 suppliciis,
1245 1733 1407 1785 quam
1439 1718 1530 1770 ille
1571 1718 1836 1787 imperata
1873 1719 2117 1780 fecisset,
2153 1733 2284 1772 con-

704 1807 1010 1860 firmabant.
1043 1807 1134 1859 Ille
1166 1817 1346 1861 autem
1374 1823 1497 1863 cum
1529 1817 1677 1863 totus
1705 1809 1757 1863 in
1792 1827 1859 1863 eo
1896 1820 2061 1873 esset,
2090 1823 2146 1864 ut
2173 1811 2282 1864 for-

2383 616 2661 685 μίξαντες,
2709 615 2852 666 κατὰ
2900 615 3012 665 τῶν
3063 613 3443 665 διασαπέντων
3499 614 3681 683 μελῶν
3713 615 3976 683 βαλόντες

2379 704 2684 774 ἀνέτριόον.
2739 703 2830 765 Ὠς
2870 704 2929 756 δὲ
2963 706 3058 756 καὶ
3103 707 3311 757 τούτων
3346 705 3646 773 ὑπέρτερος
3696 703 3788 779 ἦν,
3834 709 3972 760 ὑπέ-

2381 815 2593 867 στρωτο
2625 796 2764 866 πῦρ,
2795 797 2888 848 καὶ
2933 796 3142 865 ἐσχάρα
3192 795 3270 866 τῷ
3299 798 3433 866 πυρὶ
3469 799 3774 852 ἐπετίθετο.
3817 799 3877 851 '0
3915 801 3978 851 δὲ

2379 889 2589 943 ἄνωθεν
2617 890 2843 958 ἧπλωτο
2863 905 2876 918 ·
2917 887 3106 958 καὶτῷ
3133 890 3269 961 πυρὶ
3299 891 3441 941 κατὰ
3476 890 3648 958 βραχὺ
3674 892 3731 941 αἱ
3767 892 3981 958 signa;

2380 983 2536 1049 δίκην
2571 983 2848 1052 ἐδωδίμων
2881 983 3060 1052 κρεῶν
3096 976 3642 1051 ἀποτηγανιξὸμεναι
3666 983 3976 1035 διελύοντο.

2389 1075 2454 1127 Οί
2492 1073 2547 1126 δὲ
2581 1075 2677 1127 καὶ
2708 1075 2847 1142 μετὰ
2877 1073 3118 1126 τοσαῦτα
3144 1074 3203 1127 οὐ
3243 1077 3374 1142 πρὶν
3411 1076 3624 1126 ἀνεῖναι
3646 1075 3984 1126 διετείνοντο

2386 1168 2580 1235 μέχρις
2612 1165 2678 1217 ἂν
2706 1165 2769 1217 τὸ
2795 1165 3140 1234 προσταχθὲν
3173 1165 3503 1218 ὲκτελέσειε.
3543 1166 3652 1218 Καί
3684 1169 3738 1231 γ’
3768 1168 3984 1242 tactio;

2381 1259 2501 1321 ὅλος
2523 1258 2622 1324 τῆς
2652 1259 2964 1319 ὲνστάσεως
2991 1257 3090 1320 ὢν,
3127 1258 3217 1308 ἐπ’
3243 1257 3436 1318 αὑταῖς
3470 1256 3729 1324 βασάνοις
3769 1273 3981 1323 στεφα-

2383 1352 2536 1420 νίτης
2558 1351 2853 1419 ἀνέδραμε.
2909 1348 3167 1402 Τοιοῦτον
3197 1337 3298 1420 μὶν
3335 1347 3429 1402 οῦν
3481 1349 3657 1418 τούτῳ
3693 1351 3752 1400 τὸ
3785 1352 3939 1408 τέλος
3969 1364 3983 1378 ⁸

2383 1443 2446 1495 ού
2501 1445 2656 1511 μεῖον
2689 1442 2734 1494 δ’
2783 1443 2916 1506 ἴσως
2966 1442 3062 1494 καὶ
3089 1442 3202 1502 τοῖς
3232 1440 3439 1499 λοιποῖς
3459 1456 3473 1469 ·
3505 1439 3539 1493 ἃ
3565 1440 3727 1507 λόγου
3766 1457 3982 1506 συμμιξ-

2383 1537 2541 1605 τρίας
2571 1535 2882 1602 φειδόμενοι
2932 1533 3373 1603 παραλείψομεν,
3418 1533 3577 1584 τοῦτο
3606 1533 3768 1600 μόνον
3803 1533 3990 1583 sinov-

2385 1643 2493 1689 τες,
2524 1626 2600 1687 ὡς
2637 1627 2838 1677 ἐκεῖνοι
2883 1625 3020 1692 μετὰ
3067 1625 3270 1686 πολλὰς
3305 1626 3401 1676 καὶ
3442 1625 3762 1693 ἀφορήτους
3803 1622 3977 1690 βασα-

2387 1733 2509 1778 νους
2542 1717 2721 1786 βρόχῳ
2751 1717 2846 1768 τοῦ
2877 1717 2976 1786 ζῇν
3011 1716 3430 1787 ἀπηλλάγησαν.
3458 1716 3522 1769 Oi
3551 1716 3615 1785 δὴ
3656 1717 3859 1774 πάντες
3890 1715 3992 1783 τῆς

2388 1808 2774 1877 προσηκούσης
2810 1809 2964 1867 ὁσίας
2990 1809 3270 1877 τυχόντες.
3328 1807 3501 1860 ἔπειτ’
3557 1807 3988 1876 ἀνορυχθέντες,

705 1899 834 1952 titer
867 1900 974 1952 illis
1005 1900 1308 1962 resisteret,
1350 1902 1404 1955 itt
1452 1901 1586 1971 ipsis
1620 1903 1786 1956 tantis
1833 1903 2172 1956 cruciatibus
2202 1902 2278 1954 vi-

2403 1903 2583 1968 αυχοίς
2609 1899 2922 1962 θαλαττίοις
2955 1901 3452 1970 ἐναπορρίπτονται
3475 1920 3486 1930 ·
3519 1901 3591 1962 ὡς
3618 1903 3683 1954 ἂν
3709 1917 3798 1967 γε,
3833 1902 3990 1968 φατὶ,

703 1995 889 2048 ctoriae
939 2009 1139 2046 cirona
1197 2004 1424 2046 ornatus
1489 1994 1747 2047 decessit.
1795 1996 1873 2047 Ac
1907 1997 1996 2048 ille
2055 1995 2278 2064 quidem

2403 1993 2470 2062 μὴ
2502 1997 2558 2045 ὲν
2594 1997 2855 2062 μνήμασι.
2880 1994 3150 2062 κείμενοι,
3183 1995 3296 2046 θεοὶ
3330 1993 3664 2062 νομισθεῖεν.

706 2081 966 2156 martyrio
996 2087 1067 2139 ita
1091 2097 1172 2140 est
1209 2087 1522 2143 defunctus.
1566 2088 1780 2156 Reliqui
1810 2098 1992 2143 autem
2026 2104 2133 2143 non
2203 2088 2385 2140 minus
2450 2089 2685 2142 fortasse
2721 2095 3122 2140 tormentorum
3185 2087 3485 2156 pertulere,
3528 2103 3650 2156 quze
3696 2087 3995 2140 brevitatis

706 2198 867 2234 causa
901 2181 1412 2248 prietermittimus:
1467 2192 1521 2235 et
1560 2183 1693 2236 illud
1735 2183 2004 2237 duntaxat
2065 2183 2358 2251 adjicimus
2397 2197 2494 2237 eos
2567 2191 2693 2251 post
2732 2182 2936 2235 multos
2984 2181 3548 2252 insustentabilesque
3573 2167 3856 2236 cruciatus
3895 2195 3994 2248 po—

706 2287 910 2328 strcmo
943 2275 1137 2342 laqueo
1163 2275 1323 2327 vitam
1363 2275 1589 2330 finiisse.
1653 2277 1818 2348 446
1856 2278 1958 2342 Qui
1997 2293 2190 2332 omnes
2232 2279 2626 2346 exsequiarum
2687 2277 2913 2346 quidem
2974 2285 3029 2329 et
3093 2277 3393 2346 sepulturae
3465 2279 3612 2346 justa
3673 2277 3995 2330 Consecuti,

708 2369 906 2422 deinde
937 2383 1067 2421 vero
1098 2369 1303 2434 effossi,
1336 2371 1390 2424 in
1427 2385 1578 2425 mare
1612 2383 1741 2425 sunt
1767 2373 1999 2444 conjecti
2033 2391 2046 2426 :
2088 2383 2145 2426 ut
2206 2388 2294 2435 ne,
2339 2371 2503 2426 sicuti
2572 2371 2896 2434 dicebatur,
2933 2370 2987 2422 in
3030 2374 3304 2439 sepulcris
3351 2371 3538 2440 positi,
3587 2369 3662 2425 dii
3691 2385 3814 2424 esse
3836 2369 3998 2439 judi-

709 2473 988 2518 carcntur.

1319 2585 1548 2641 CAPUT
1603 2586 1690 2641 Vl.

711 2676 786 2729 De
831 2679 978 2730 i'cato
1029 2677 1169 2730 obitu
1205 2679 1386 2746 viginti
1429 2678 1654 2732 millium
1698 2681 1749 2732 in
1783 2678 2092 2732 Nicomedia
2145 2695 2292 2731 mar-

784 2763 1001 2819 tyrtmt:
1053 2758 1101 2799 et
1153 2750 1215 2802 de
1268 2750 1398 2803 Inde
1449 2752 1701 2812 eunucho,
1739 2759 1787 2802 et
1824 2750 2056 2815 Damna,
2089 2758 2290 2818 marty-

787 2825 950 2872 ribus.

783 2931 912 2985 Post
946 2933 1050 2987 hoc
1084 2933 1295 2986 Domna
1327 2933 1499 3004 virgo,
1534 2945 1589 2988 et
1616 2934 1778 2989 ludes
1813 2935 2197 2992 cunuchorum
2227 2933 2289 2986 fi-

714 3022 1050 3086 delissimus,
1104 3024 1156 3077 in
1188 3024 1460 3094 judicium
1497 3036 1627 3080 sunt
1671 3027 1948 3095 producti.
1992 3027 2288 3094 Postquam

713 3117 860 3169 enim
904 3115 1147 3170 Anthiini
1188 3116 1522 3170 Nicomedi-.2
1554 3117 1800 3187 episcopi
1840 3118 2190 3173 institutione
2241 3131 2293 3172 et

3005 2581 3260 2635 ΚΕΦΛΛ.
3303 2581 3394 2635 (τ’.

3005 2581 3260 2635 ΚΕΦΛΛ.
3361 2584 3394 2631 ’.

2401 2672 2537 2740 Περὶ
2570 2671 2676 2723 τοῦ
2699 2671 2995 2740 μακαρίου
3027 2669 3244 2734 τέλους
3275 2581 3394 2720 (gr
3423 2666 3999 2740 driorrﬁoayopz'wr

2475 2736 2590 2794 rubr
2624 2742 2693 2792 ἑν
2738 2736 3106 2809 Νικομηδείᾳ
3136 2755 3147 2767 ’
3191 2739 3290 2792 καί
3343 2740 3475 2808 περὶ
3509 2736 3706 2790 ἰνδου
3728 2739 3828 2791 καὶ
3888 2741 3994 2791 Δό-

2469 2829 2649 2881 μνας.

2473 2927 2614 2995 Πρὸς
2668 2929 2879 2988 τούτοις
2929 2927 2961 2995 ἡ
3031 2924 3302 2995 παρθένος
3355 2925 3538 2994 Δδμνα
3589 2924 3683 2978 καὶ
3723 2924 3930 2992 Ἰηδης,
3967 2924 3998 2975 δ

2399 3019 2506 3071 τῶν
2558 3019 2833 3087 εὐνούχων
2861 3017 3212 3080 πιστότατος,
3245 3017 3586 3086 δικαστηρίῳ
3627 3018 3991 3084 παρίσταντο.

2405 3113 2546 3181 Ηρὴς
2579 3115 2686 3182 γὰρ
2727 3111 2987 3178 Ἀνθίμου
3020 3111 3116 3162 τοῦ
3155 3112 3254 3177 τῆς
3308 3109 3678 3178 Νικομηδείας
3729 3111 3996 3176 ποιμένος

716 3225 878 3277 opera
909 3209 1147 3262 divinam
1181 3209 1462 3264 consecuti
1505 3209 1992 3279 fuerantgratiam,
2026 3212 2278 3281 quidquit

2403 3205 2720 3268 ἀξιωθέντες
2743 3205 2840 3271 τῆς
2877 3204 3121 3272 χάριτος,
3152 3207 3218 3273 τῇ
3250 3203 3359 3255 τῶν
3394 3203 3627 3269 πτωχῶν
3674 3205 3991 3269 ἐπιμελείᾳ,

719 3301 1024 3354 habuerant
1045 3302 1096 3354 in
1125 3302 1391 3370 imperiali
1419 3303 1542 3357 aula
1571 3301 1795 3366 favoris,
1827 3304 1880 3356 id
1912 3319 2075 3358 omne
2107 3304 2296 3357 foven-

716 3394 802 3448 dis
857 3396 1224 3462 curandisque
1254 3395 1587 3463 pauperibus
1617 3395 2046 3462 insumpserant.
2082 3395 2148 3449 Et
2171 3410 2294 3449 cum

720 3486 1090 3539 Diocletianus
1147 3486 1554 3554 expeditionem
1617 3487 1871 3540 bellicam
1920 3486 2185 3541 adversus
2218 3488 2296 3555 (t)

720 3577 1007 3646 Aithiopes
1038 3579 1385 3647 suscepisset,
1431 3579 1720 3647 prtefectus
1767 3578 2175 3641 cunuchorum,
2209 3579 2298 3631 cui

722 3670 959 3722 civitatis
989 3684 1119 3722 cura
1158 3671 1412 3724 mandata
1447 3670 1645 3734 fuerat,
1676 3672 1896 3740 cognita
1925 3671 1978 3724 in
2009 3669 2298 3724 Christum

727 3760 850 3813 fidei
878 3760 1218 3829 professione
1245 3759 1392 3815 Inda:
1417 3771 1474 3816 et
1500 3762 1742 3825 Domum,
1777 3778 1896 3831 quae
1927 3764 1981 3816 in
1999 3761 2123 3815 aula
2150 3761 2303 3830 prin-

724 3854 908 3921 cipum
940 3853 1199 3909 sacerdos
1241 3854 1511 3908 idolorum
1553 3854 1751 3919 fuerat,
1788 3857 1840 3909 in
1877 3870 2157 3911 carcerem
2207 3871 2304 3912 eos

726 3947 968 4001 demisit.
1024 3947 1102 4001 lbi
1144 3947 1350 4000 Domna
1383 3948 1537 4000 vultu
1586 3947 1641 4000 in
1689 3947 1928 4013 speciem
1983 3947 2238 4012 distorto,
2273 3962 2303 3999 a

727 4040 998 4093 (lminonio
1020 4054 1079 4093 se
1105 4052 1412 4107 correptam
1445 4055 1566 4093 esse
1594 4040 1938 4096 assimulavit
1961 4057 1975 4095 :
2001 4051 2056 4096 et
2083 4041 2154 4094 ob
2182 4055 2304 4094 eam

729 4149 950 4186 causam
975 4132 1533 4202 Antbitnoepiscopo,
1560 4135 1719 4203 cujus
1748 4133 1944 4187 eximia
1973 4142 2092 4188 erat
2117 4133 2307 4203 ingen-

731 4225 800 4276 tis
827 4223 1089 4278 adversus
1119 4223 1395 4277 daemones
1426 4226 1713 4292 potestatis
1762 4226 1927 4291 fama,
1968 4225 2165 4279 tradita
2199 4235 2304 4280 est.

733 4317 1008 4370 lteversus
1038 4332 1105 4370 eo
1138 4319 1451 4383 imperator.
1487 4318 1577 4369 ubi
1609 4333 1728 4370 eam
1758 4333 1871 4370 rem
1905 4311 2184 4386 cognovit,
2212 4332 2309 4370 eu-

735 4409 977 4461 nuchum
1014 4410 1197 4460 Statim
1239 4410 1422 4461 securi
1460 4409 1672 4476 percuti
1701 4409 1864 4476 jussit
1899 4427 1911 4460 :
1950 4409 2308 4477 furoremque

735 4516 892 4553 suum
924 4516 1139 4553 onmem
1164 4510 1350 4553 contra
1371 4499 1633 4552 asceteria
1662 4501 1867 4565 emisit,
1893 4509 1947 4553 et
1971 4499 2312 4565 persecutio-

2401 3299 2502 3349 ὅσα
2532 3296 2595 3364 δὴ
2638 3295 2930 3364 βασιλικῆς
2971 3297 3197 3363 χάριτος
3243 3291 3385 3364 ἦσαν
3424 3295 3629 3356 αὐτοῖς.
3672 3296 3991 3364 ἁνήλιεκ.ν.

2402 3387 2750 3454 Μαξιμιανοῦ
2779 3387 2834 3438 δὲ
2876 3387 3001 3439 κατ’
3032 3389 3312 3439 Αἰθιόπων
3345 3387 3762 3456 στρατεύοντος,
3815 3391 3842 3439 ὁ
3898 3389 3997 3454 ἀξι-

2405 3479 2718 3548 χιευνοῦχος
2746 3479 2845 3545 τὴν
2874 3479 3180 3549 ἐπιτροπὴν
3227 3483 3325 3548 ’τῆς
3360 3481 3570 3542 πόλεως
3603 3481 3763 3549 ἔχων,
3803 3480 3999 3545 μαθὼν

2404 3575 2470 3623 τὰ
2511 3572 2650 3622 κατὰ
2682 3573 2774 3622 τὸν
2807 3571 2987 3638 ἰ-ιδην
3032 3572 3127 3622 καὶ
3161 3573 3396 3640 Δὸμναν,
3431 3573 3638 3642 ίέρεισν
3669 3569 3836 3624 οὖσαν
3888 3572 4000 3622 τῶν

2405 3660 2528 3709 κατ’
2557 3655 2706 3710 οἷκον
2732 3658 2808 3726 τῷ
2844 3659 3053 3725 βασιλεί
3075 3657 3236 3722 θεῶν,
3269 3659 3514 3727 εἱρκταῖς
3551 3661 3893 3727 περιεῖργεν.
3935 3659 3998 3710 ’11

2403 3751 2459 3802 δὲ
2491 3751 2672 3814 Δὲμνα
2708 3751 2764 3800 ἐν
2801 3749 3090 3818 ὑποκρίσει
3121 3749 3527 3817 διαστρέφουσα
3560 3753 3619 3801 τε
3675 3752 3998 3818 πρόσωπον,

2404 3840 2671 3908 δαιμονᾷν
2703 3840 3063 3910 ύπεκρίνετο’
3100 3845 3194 3893 καὶ
3240 3841 3331 3893 δια
3369 3841 3528 3892 τοῦτο
3565 3842 3642 3908 τῷ
3675 3843 3994 3906 ἐπισκοπῳ,

2410 3931 2670 4000 ’Δνθιμος
2700 3931 2744 3984 δ’
2775 3926 2930 3993 οὗτος
2957 3928 3026 4000 ἦν
3047 3971 3063 3992 ,
3097 3932 3464 3986 ἀπαλλάττειν
3516 3933 3736 3995 ἐδίδοτο,
3782 3951 3999 4002 μαρτυο

2409 4023 2673 4094 ρούμενος
2722 4024 2862 4075 κατὰ
2884 4023 3091 4076 τούτων
3122 4025 3186 4093 δὴ
3217 4026 3420 4094 πολλὴν
3469 4025 3774 4093 κεκτῆσθαι
3811 4026 3997 4091 ἰσχύν.

2421 4117 2509 4178 Ὠς
2546 4115 2592 4167 δ’
2623 4117 2912 4184 ἐπανήκων
2945 4117 2972 4167 ὁ
3003 4115 3260 4184 βασιλεὺς
3311 4119 3472 4188 μαθοι
3503 4118 3572 4170 τὰ
3610 4117 3733 4171 κατ’
3769 4119 4001 4180 αὐτοὺς,

2409 4208 2502 4260 τὸν
2529 4208 2628 4277 μὲν
2661 4206 3055 4276 ἁρχιευνοῦχον
3106 4207 3271 4270 εὐθὺς
3303 4209 3464 4284 ἔργον
3513 4211 3753 4262 ἐποιεῖτο
3793 4212 4003 4278 μαχαί-

2415 4316 2549 4372 ρας·
2588 4299 2687 4370 τὴν
2718 4300 2775 4353 δὲ
2812 4302 3012 4368 μανίαν
3041 4302 3170 4369 ὃλην
3201 4302 3343 4357 καττὰ
3369 4301 3477 4352 τῶν
3527 4303 3888 4370 ἁσκητηρὶων
3919 4303 4008 4352 iv-

2414 4397 2672 4464 σκήπτει.
2705 4393 2817 4448 Καὶ
2843 4393 3089 4461 διωγμὸν
3119 4394 3490 4463 ἀπάνθρωπον
3521 4393 3646 4447 καθ’
3676 4395 3835 4463 ἡμῶν
3854 4396 4013 4462 ἣγει-

2418 4504 2530 4556 ρεν,
2567 4487 2652 4541 ὅτι
2682 4487 2747 4556 δὴ
2782 4488 2878 4540 καὶ
2938 4487 3131 4540 πολλαὶ
3187 4486 3296 4537 τῶν
3351 4485 3656 4553 παρθενίαν
3704 4486 4010 4556 ᾑρημένων

737 4607 859 4643 m-m
887 4591 954 4644 ab
986 4591 1134 4643 onmi
1170 4591 1511 4645 humanitate
1538 4590 1930 4644 alienissimam
1965 4590 2017 4643 in
2048 4605 2149 4643 nos
2179 4605 2278 4643 con

2416 4580 2615 4633 ἀσκεῖν
2635 4579 2694 4631 τὸ
2713 4576 2809 4630 τοῦ
2835 4577 3140 4647 μαρτυρίου
3169 4575 3385 4628 στάδιον
3401 4576 3664 4642 γενναίως
3688 4577 4008 4644 διήνεγκαν.

737 4681 945 4734 citavit.
993 4681 1112 4745 Quo
1147 4689 1390 4750 tempore
1423 4681 1618 4749 puellae
1664 4679 1865 4740 multa,
1900 4694 2023 4748 quae
2073 4679 2146 4732 ibi
2204 4679 2311 4747 piis

740 4774 938 4825 studiis
965 4772 1334 4840 virginitatem
1364 4787 1694 4827 conservare
1719 4770 2033 4835 studebant,
2077 4755 2129 4823 in
2160 4787 2310 4824 mar-

744 4867 866 4935 tyrii
900 4866 1078 4920 stadio
1113 4866 1553 4918 constantissime
1592 4865 1978 4920 decurrerunt.
2004 4863 2144 4918 Cum
2191 4864 2317 4932 qui-

746 4959 848 5012 bus
874 4968 929 5012 et
965 4958 1270 5028 Glycerius,
1313 4958 1455 5011 inter
1497 4957 1844 5026 presbyteros
1866 4944 2072 5024 primas
2101 4967 2314 5018 tenens,

745 5066 868 5103 cum
915 5052 1061 5104 varia
1096 5060 1366 5104 tormenta
1402 5050 1621 5120 egregie
1651 5049 1911 5112 vicisset,
1944 5058 2168 5117 totoque
2197 5063 2319 5100 cor-

746 5157 874 5207 pore
901 5145 1083 5195 nervis
1115 5142 1336 5196 bubulis
1387 5143 1642 5195 concisus
1686 5141 1902 5203 fuisset,
1942 5141 2052 5208 igni
2097 5139 2314 5192 tandem

747 5244 831 5286 est
883 5243 1132 5286 exustus.
1188 5234 1449 5287 Permulti
1487 5248 1707 5302 quoque
1762 5242 2072 5294 senatores,
2113 5243 2168 5286 et
2223 5232 2316 5301 qui

751 5325 1082 5378 militaribus
1111 5326 1402 5379 ordinibus
1428 5326 1608 5378 allecti
1641 5324 1879 5385 fuerant,
1918 5324 2164 5392 przeclari
2192 5324 2320 5385 viri,

751 5424 878 5468 sunt
933 5416 1164 5484 jugulati
1207 5433 1220 5468 :
1270 5417 1471 5482 quibus
1515 5416 1773 5470 omnibus
1817 5433 1922 5470 non
1978 5417 2124 5469 aliud
2162 5430 2322 5484 quam

753 5521 894 5561 vera:
937 5509 1155 5576 pictatis
1205 5508 1412 5562 crimen
1467 5519 1552 5563 est
1604 5510 1900 5578 objectum.
1931 5509 2133 5563 Verum
2174 5507 2322 5560 enim

754 5615 885 5652 vero
937 5617 1061 5654 eum
1135 5603 1332 5657 natalis
1367 5601 1574 5657 Christi
1635 5603 1811 5656 festus
1873 5603 2096 5655 adesset
2153 5599 2318 5660 dies,

2419 4671 2554 4726 Μεθ’
2584 4665 2662 4724 ὧν
2696 4671 2792 4723 καὶ
2820 4669 3118 4738 Γλυκέριος
3142 4670 3169 4720 6
3201 4668 3295 4720 τοῦ
3327 4667 3731 4739 πρεσϐυτερίου
3755 4668 3826 4720 τὰ
3853 4668 4011 4737 ττρῶ-

2419 4784 2487 4818 τα
2513 4765 2731 4835 φέρων·
2763 4763 2824 4816 δν
2859 4762 2998 4830 μετὰ
3047 4761 3216 4813 πολὺν
3271 4761 3519 4828 ἔλεγχον,
3591 4759 3733 4828 βοῶν
3791 4759 4013 4828 νεύροις

2423 4855 2648 4923 σύμπαν
2679 4851 3095 4916 καταξανθέντα
3134 4851 3195 4904 τὸ
3227 4851 3411 4918 σῶμα,
3441 4852 3631 4902 ἔπειτα
3664 4849 3776 4916 πῦρ
3813 4851 4012 4902 ὑπεδέ-

2423 4963 2566 5016 χετο.
2605 4946 2796 4999 Πολλοὶ
2841 4944 2898 4996 δὲ
2950 4944 3046 4996 καὶ
3078 4943 3186 4995 τῶν
3221 4945 3320 5013 τῆς
3374 4945 3684 5013 συγκλήτου
3733 4947 3830 4997 καὶ
3865 4945 4013 4996 ἂλλοι

2422 5039 2531 5091 τῶν
2562 5037 2824 5107 στρατείᾳ
2854 5036 3298 5103 κατειλεγμένων
3321 5036 3670 5105 ἐφθείροντο·
3696 5031 3779 5099 οἷς
3815 5037 4016 5105 ἐγκλη-

2431 5150 2506 5200 μα
2541 5134 2573 5201 ἡ
2605 5131 2875 5185 εὐσέϐεια.
2935 5131 3085 5183 Ἑπεὶ
3136 5132 3194 5181 δὲ
3243 5132 3275 5199 ἡ
3305 5130 3414 5181 τῶν
3445 5132 3681 5200 Χριστοῦ
3713 5135 4014 5195 γενεθλίων

2425 5225 2673 5277 ἐνίστατο
2696 5225 2881 5294 ἑορτὴ,
2917 5225 3010 5276 καὶ
3041 5223 3266 5292 σύμπαν
3298 5223 3358 5276 τὸ
3389 5225 3785 5293 Χριστὼνυμον
3812 5227 4016 5295 πλῆθος

2428 5320 2490 5370 ὲκ
2524 5318 2704 5386 πάσης
2756 5317 2971 5387 ἡλικίας
3004 5317 3082 5387 τῷ
3111 5319 3290 5371 ἐκεῖσε
3327 5317 3436 5388 νεῲ
3472 5319 3730 5388 ἤθροιστο
3762 5335 4015 5384 πανηγυ-

2432 5411 2672 5479 ρίζοντες
2691 5411 2760 5462 τὰ
2777 5410 3045 5476 γενέθλια.
3071 5413 3327 5481 ἁρπάσας
3344 5414 3548 5473 ἐκεῖνος
3569 5411 3641 5471 ὼς
3659 5412 3897 5479 ἕρμαιον
3924 5414 4012 5461 τὸν

2428 5506 2640 5571 καιρὶν,
2675 5503 2816 5556 ὥστε
2851 5505 2950 5572 τὴν
2997 5504 3197 5558 ἑαυτοῦ
3230 5504 3430 5575 μανίαν
3455 5505 3754 5571 ἐκπλῆσαι,
3787 5506 4013 5573 πέμψας

2432 5597 2728 5662 συνέκλειε,
2762 5599 2857 5651 καὶ
2897 5600 3220 5671 περικύκλῳ
3246 5599 3358 5669 πῦρ
3394 5600 3634 5668 ἀνῆπτεν
3665 5600 3851 5662 εὐθύς.
3888 5599 4014 5651 ὐδὲ

827 5779 902 5844 (l)
939 5779 1190 5850 Ρυτιτιεεε
1211 5779 1522 5847 legendum,
1545 5777 1840 5850 Λῖσυρτὶοε.
1869 5777 2153 5850 Egyptum
2177 5775 2323 5833 enim
2364 5777 2563 5833 invasit
2594 5775 2989 5840 Diocletianus,
3011 5783 3066 5830 et
3096 5774 3403 5830 Achilleum
3473 5774 3859 5828 inc-.ihatorem
3912 5774 4011 5828 im-

761 5851 895 5917 perii
936 5849 1276 5905 Alexandria:
1312 5850 1463 5904 vicit.
