4220 6438
817 426 958 492 1223

2035 431 2460 490 NICEPHORI
2503 429 2848 490 C.\Ll.lSTl

3948 423 4076 486 1Ξῦ

807 551 1061 612 potuere,
1098 548 1156 593 ut
1189 538 1309 592 vita:
1338 554 1450 592 suae
1479 537 1853 602 consulerent,
1885 549 1940 593 et
1974 539 2184 593 cultum
2217 539 2365 593 Chri-

2485 541 2758 608 μόσασθαι
2797 539 2980 600 σέϐας.
3025 538 3161 592 Ἀλλ’
3197 536 3365 607 ἄμφω
3403 535 3568 600 οὗτοι,
3603 536 3902 606 φιλοσόφῳ,
3936 540 4073 603 μάλα

808 631 878 685 sti
913 631 1252 700 abjurarent.
1283 631 1471 699 Itaque
1503 631 1604 694 illi,
1637 631 1800 687 ambo
1831 631 2106 684 constanti
2159 631 2373 700 sapien-

808 726 918 785 tiae,
955 740 1050 778 seu
1079 725 1262 794 potius
1294 723 1383 776 Dei
1419 724 1656 777 amantis
1680 725 1876 776 anima:
1906 725 2108 778 robore
2145 725 2378 794 injurias

809 825 1190 882 tormentaque
1216 830 1243 866 a
1273 814 1458 883 judice
1488 815 1569 866 eis
1603 815 1773 876 illata,
1803 823 1858 867 ct
1888 824 2168 883 postremo
2207 831 2376 884 geneo

812 923 936 960 rose
982 907 1275 960 admodum
1327 919 1381 960 et
1422 908 1641 961 fortiter
1685 909 1848 962 etiam
1884 909 2116 978 capitale
2167 910 2379 978 suppli-

809 999 954 1052 cium
1009 1001 1343 1053 sustinuere.
1390 999 1849 1068 Quandoquidem
1902 1016 2084 1054 autem
2119 1001 2376 1056 Philazam

808 1092 972 1158 paulo
1007 1100 1133 1144 ante
1183 1091 1424 1144 diximus
1453 1092 1784 1160 eloquentiae
1817 1092 1869 1145 vi
1900 1092 2060 1161 longe
2106 1093 2244 1146 alios
2284 1107 2379 1144 an-

808 1181 1141 1246 tecelluisse,
1175 1183 1406 1249 ipsemet
1445 1181 1696 1250 prodeat,
1740 1181 2016 1250 simulque
2049 1191 2106 1235 et
2134 1182 2375 1234 Alexan-

805 1275 962 1326 drina
1002 1277 1261 1343 martyria
1308 1284 1568 1344 exponat,
1617 1285 1672 1328 et
1720 1275 1835 1344 ipse
1875 1274 1980 1327 sibi
2030 1274 2216 1328 verbis
2263 1275 2378 1327 suis

803 1379 1014 1422 certum
1063 1370 1300 1437 praebeat
1335 1369 1712 1422 testimonium
1751 1387 1764 1422 :
1801 1385 1922 1436 qua:
1953 1368 2120 1421 verba
2161 1368 2277 1438 ipse
2308 1382 2374 1421 ex

801 1462 1039 1515 vinculis
1093 1462 1246 1530 prius
1305 1461 1369 1513 ad
1422 1461 1666 1514 ecclesiae
1713 1476 1823 1514 suae
1858 1460 2074 1528 plebem
2128 1461 2372 1530 scripsit,

802 1570 964 1624 quam
990 1563 1235 1606 extrema
1261 1554 1315 1606 in
1334 1568 1458 1606 eum
1483 1563 1568 1606 est
1589 1562 1643 1606 et
1665 1552 1911 1620 capitalis
1942 1553 2045 1604 lata
2077 1554 2371 1608 sententia.

794 1644 952 1715 45],
978 1643 1113 1698 Cum
1139 1647 1284 1698 enim
1313 1645 1524 1712 prolixe
1551 1651 1819 1712 martyres
1843 1644 1908 1696 de
1932 1642 2156 1711 egregia
2179 1658 2372 1697 eorum

798 1740 856 1792 in
922 1740 1086 1792 Deum
1137 1737 1487 1791 aemulatione
1541 1743 1598 1789 et
1640 1734 1846 1789 Christi
1905 1736 2212 1788 imitatione
2258 1736 2375 1788 lau-

797 1832 1009 1895 dasset,
1060 1830 1175 1883 hazc
1217 1828 1480 1896 deinceps
1529 1826 1698 1880 infert
1741 1843 1756 1881 :
1809 1827 1993 1896 Itaque
2048 1828 2372 1882 aamulantes

797 1923 1003 1992 majora
1075 1921 1163 1973 illa
1227 1922 1368 1974 dona
1423 1917 1723 1972 Christiani
1783 1929 2094 1989 martyres,
2155 1921 2370 1974 labores

792 2028 986 2067 omnes
1021 2021 1076 2066 et
1108 2012 1430 2080 omnigenas
1462 2025 1747 2078 poenarum
1782 2013 1996 2080 species
2028 2028 2135 2065 non
2171 2015 2365 2076 semel,

792 2107 884 2160 sed
926 2105 1095 2173 aliqui
1145 2105 1310 2157 etiam
1361 2104 1447 2157 bis
1480 2105 1849 2172 pertulerunt.
1887 2105 1954 2157 Et
1998 2121 2163 2159 omne
2194 2121 2369 2176 genus

795 2199 1091 2260 minarum,
1142 2211 1267 2249 cum
1321 2195 1546 2264 quidem
1603 2196 1873 2248 militares
1923 2198 2190 2251 satellites
2241 2213 2366 2251 cum

791 2289 901 2342 illis
949 2291 1239 2340 ambitiosa
1295 2287 1583 2340 ferocitate
1636 2289 2059 2354 contendentes,
2107 2304 2202 2342 eas
2256 2305 2364 2343 non

790 2382 975 2436 verbis
1033 2381 1220 2444 modo,
1281 2381 1376 2434 sed
1431 2381 1598 2433 etiam
1658 2379 1819 2433 factis
1883 2382 2243 2445 intentarent,
2299 2383 2366 2436 de

791 2481 1055 2540 concepta
1117 2487 1213 2524 eos
1268 2472 1542 2524 sententia
1595 2472 1822 2522 minime
1874 2471 2184 2531 deterruit.
2243 2489 2368 2541 pro-

791 2576 982 2635 pterea
1042 2565 1186 2633 quod
1224 2565 1465 2617 clzaritas
1520 2567 1754 2632 perlecta
1816 2563 2065 2617 timorem
2116 2566 2364 2633 ejiceret.

789 2659 1032 2723 Quorum
1071 2657 1352 2720 virtutem,
1388 2666 1442 2708 et
1476 2656 1527 2707 in
1567 2655 1908 2708 cruciatibus
1939 2656 2198 2709 omnibus
2227 2671 2364 2710 con-

788 2750 1073 2808 stantiam,
1119 2760 1370 2814 quzenam
1427 2746 1603 2797 valeat
1653 2759 2087 2797 commemorare
2141 2747 2367 2799 oratio?

788 2841 1073 2909 Siquidem
1129 2841 1386 2890 omnibus
1439 2839 1530 2904 qui
1586 2851 1682 2888 eos
1733 2835 2001 2888 entiviciis
2036 2837 2364 2907 injuriisque

788 2928 1004 2980 allicere
1051 2927 1276 2986 vellent,
1316 2935 1591 2993 potestate
1623 2926 1914 2992 permissa,
1945 2924 2168 2992 quidam
2203 2926 2367 2980 fusti-

787 3019 891 3073 bus
923 3019 1392 3078 verberabantur,
1427 3018 1594 3085 aliqui
1631 3016 1823 3083 virgis,
1881 3016 2131 3070 nonnulli
2175 3017 2362 3087 ﬂagel-

783 3109 872 3173 lis,
900 3109 991 3161 alii
1028 3109 1180 3170 loris,
1208 3107 1296 3160 alii
1335 3121 1552 3159 rursum
1582 3105 1828 3158 funibus.
1862 3104 1928 3158 Et
1961 3114 2360 3161 tormentorum

784 3201 998 3254 varium
1033 3198 1406 3268 spectaculum
1441 3197 1740 3265 plurimum
1779 3197 1985 3249 laboris
2014 3208 2068 3251 et
2103 3213 2368 3254 aerumna:

2483 631 2573 683 λον
2599 631 2654 683 δὲ
2676 631 2910 702 φιλοθέῳ
2933 632 3118 701 ψυχῆς
3149 631 3542 701 παραστήματι
3577 629 3713 698 πρὸς
3739 632 3838 692 τάς
3864 632 4076 695 ἐπαγο-

2485 724 2657 792 μένας
2687 727 2750 776 ὲκ
2777 725 3038 777 δικαστοῦ
3063 724 3248 796 ὕϐρεις
3274 725 3522 786 στάντες,
3551 725 3642 774 ἐπὶ
3675 722 3821 775 τέλει
3853 725 3955 776 καὶ
3981 724 4076 791 τὴν

2480 817 2567 869 διὰ
2597 817 2780 886 ξίφους
2807 821 3066 887 γενναίως
3101 821 3344 886 ἧνεγκαν
3381 818 3665 886 τελευτήν.
3705 817 3862 870 Ἐπεὶ
3891 816 3954 869 δὲ
3983 817 4076 868 καὶ

2481 911 2656 978 λόγων
2691 913 2976 983 περιουσίᾳ
3001 913 3108 964 τῶν
3136 911 3350 966 πολλῶν
3381 914 3637 982 προέχειν
3663 911 3756 963 τὸν
3782 910 4019 962 Φιλαίαν
4048 911 4074 962 ό

2481 1005 2640 1072 λόγος
2671 1007 2946 1078 ἀνέγραψε
2977 1007 3268 1077 πρότερον,
3301 1007 3465 1070 αὐτὸς
3499 1007 3718 1076 παρίτω
3746 1025 3758 1037 ο
3791 1005 3934 1073 ὁμοῦ
3979 1005 4073 1073 μὲν

2481 1099 2575 1152 καὶ
2605 1100 2674 1152 τὰ
2707 1101 2831 1152 κατ’
2880 1100 3294 1170 Ἀλεξάνδρειαν
3327 1101 3595 1168 γενόμενα
3639 1099 3924 1168 μαρτύρια
3958 1097 4072 1166 διη-

2480 1190 2685 1258 γείσθω
2706 1232 2722 1255 ,
2762 1191 2878 1262 ἅμα
2906 1193 2962 1244 δὲ
2997 1192 3090 1246 καὶ
3131 1191 3217 1245 ἐπ’
3249 1191 3479 1262 ἀκριϐὲς
3503 1192 3716 1261 μάρτυς
3751 1189 4069 1253 ἑαυτοῦδιά

2479 1282 2588 1336 τῶν
2607 1284 2823 1336 οἰκείων
2839 1284 3013 1352 λόγων
3043 1284 3277 1352 γινέσθω
3299 1324 3312 1349 ,
3345 1283 3438 1346 οὓς
3475 1282 3719 1353 ἔγραφεν
3746 1281 3830 1334 ἔτι
3856 1280 4069 1350 δεσμώ-

2480 1391 2578 1444 της
2608 1375 2703 1439 ῶν,
2735 1377 2866 1448 πρὶν
2896 1378 2930 1446 ἢ
2964 1375 3286 1430 τελευταίαν
3319 1376 3600 1443 ἀπόφασιν
3628 1373 3918 1440 δέξασθαι,
3955 1376 4067 1436 τοῖς

2433 1535 2436 1538 _
2479 1469 2572 1522 ὑπ’
2601 1468 2750 1539 αὐτῷ
2782 1468 3002 1523 τελοῦσι
3037 1469 3206 1531 λαοῖς.
3247 1469 3580 1523 Ἐπαινέσας
3609 1469 3717 1536 γάρ
3747 1465 4066 1535 ἀρκούντως

2477 1569 2602 1630 τοὺς
2628 1567 2913 1637 μάρτυρας
2947 1566 3026 1636 τῷ
3053 1566 3185 1636 πρὸς
3209 1564 3342 1618 Θεὸν
3363 1564 3511 1633 ζήλῳ
3533 1566 3628 1616 καὶ
3657 1557 3738 1624 οἷς
3770 1562 4063 1632 μιμεῖσθαι

2477 1657 2623 1730 εἶχον
2651 1663 2908 1727 Χριστὸν,
2942 1659 3141 1726 ἐπάγει
3177 1660 3270 1710 καὶ
3298 1657 3470 1709 ταῦτα
3493 1673 3506 1687 ·
3545 1657 3634 1709 Διδ
3659 1656 3751 1708 καὶ
3782 1654 4064 1722 ζηλώσαν-

2475 1766 2565 1812 τες
2592 1750 2660 1802 τὰ
2691 1749 2916 1818 μείζονα
2940 1751 3257 1818 χαρίσματα
3277 1747 3327 1799 οι
3355 1746 3724 1816 Χριστοφοροι
3757 1745 4062 1814 μάρτυρες.

2478 1843 2656 1894 πάντα
2693 1840 2792 1908 μὲν
2840 1841 3001 1893 πόνον
3037 1844 3130 1893 καὶ
3168 1840 3429 1902 παντοίας
3462 1838 3709 1898 ἐπινοίας
3744 1836 4059 1904 αἰκισμῶν,

2473 1935 2575 1988 οὐκ
2608 1935 2864 2001 εἰσάπαξ,
2897 1933 3013 1986 ἀλλ’
3046 1933 3148 2003 ἠδη
3168 1932 3262 1985 καὶ
3296 1931 3376 1993 δίς
3407 1947 3551 1992 τινες
3591 1929 3902 1996 ὑπέμειναν
3923 1943 3937 1955 ’
3962 1925 4063 1977 πά-

2478 2043 2577 2087 σας
2611 2025 2667 2078 δὲ
2703 2024 2958 2090 ἀπειλάς,
2992 2024 3052 2077 οὐ
3089 2024 3292 2091 λόγοις,
3324 2022 3460 2075 ἀλλὰ
3496 2023 3588 2072 καὶ
3617 2021 3800 2089 ἔργοις
3838 2018 3952 2069 τῶν
3979 2019 4061 2068 δοο

2477 2117 2729 2185 ρυιρόρων
2771 2114 2893 2168 κατ’
2940 2114 3119 2167 αὐτῶν
3159 2111 3652 2183 φιλοτιμουμένων,
3686 2112 3786 2162 οὐκ
3818 2109 4058 2182 ,ἐνεδίδου

2471 2205 2572 2276 τὴν
2601 2204 2848 2275 γνώμην,
2880 2205 2966 2258 διά
2995 2205 3054 2258 τὸ
3081 2204 3177 2274 τὴν
3202 2204 3415 2256 τελείαν
3446 2203 3668 2272 ἀγάπην
3701 2201 3809 2263 ἔξω
3841 2199 4059 2268 βάλλειν

2472 2298 2566 2350 τὸν
2595 2299 2779 2367 φόϐον.
2809 2293 2912 2351 Ὧν
2959 2300 3280 2366 καταλέγειν
3310 2299 3409 2368 τὴν
3439 2297 3642 2366 ἀρετὴν
3685 2295 3779 2348 καὶ
3829 2299 3928 2360 τὴν
3975 2292 4058 2358 ἐρ’

2472 2391 2688 2457 ἑκάστῳ
2721 2390 2936 2461 βασάνῳ
2969 2391 3192 2460 ἀνδρίαν
3228 2390 3312 2451 τίς
3347 2390 3413 2443 ἂν
3449 2389 3676 2458 ἀρκέσοι
3705 2387 3898 2455 λόγος;
3937 2386 4060 2440 Ἀν-

2472 2483 2641 2544 έσεως
2670 2483 2779 2550 γάρ
2806 2481 2970 2549 οὓσης
2999 2481 3170 2534 ἅπασι
3199 2484 3312 2544 τοῖς
3345 2479 3692 2549 βουλομένοις
3720 2478 4055 2546 ἐνυϐρίζειν,

2470 2573 2518 2625 οἱ
2550 2574 2648 2642 μὲν
2683 2571 2857 2637 ξύλοις
2893 2574 3105 2635 ἔπαιον,
3143 2574 3190 2624 οἱ
3216 2573 3271 2624 δὲ
3307 2571 3526 2640 ῥάϐδοις
3549 2611 3562 2632 ,
3589 2571 3742 2624 ἄλλοι
3770 2570 3826 2622 δὲ
3859 2573 4056 2637 μάστι-

2471 2664 2576 2730 ξιν,
2606 2667 2779 2738 ἕτεροι
2813 2666 2869 2718 δὲ
2910 2667 3071 2718 πάλιν
3106 2667 3315 2734 ἱμᾶσιν,
3361 2663 3508 2717 ἄλλοι
3546 2663 3599 2714 δὲ
3633 2665 3912 2729 σχοινίοις.
3946 2661 4056 2711 Καὶ

2469 2753 2536 2828 ἦν
2582 2760 2612 2827 ἡ
2657 2760 2753 2811 θέα
2793 2758 2898 2810 τῶν
2939 2759 3217 2826 αίκισμῶν
3267 2754 3645 2824 ἐνηλλαγμένη
3703 2755 3800 2804 καὶ
3851 2751 4055 2820 πολλὴν

2472 2850 2674 2903 κακίαν
2711 2851 2910 2920 ἔχουσα
2938 2867 2949 2880 ⁸
2993 2855 3041 2903 οἱ
3082 2851 3182 2919 μὲν
3213 2850 3321 2918 γάρ
3357 2849 3530 2901 ὀπίσω
3567 2847 3644 2898 τὼ
3686 2848 3833 2914 χεῖρε
3870 2845 4054 2897 δεθέν-

2467 2956 2580 3004 τες,
2614 2940 2744 3008 περὶ
2774 2940 2852 3008 τῷ
2907 2939 3046 3008 ξύλῳ
3099 2939 3414 3006 ἐξήρτηντο,
3451 2938 3545 2989 καὶ
3591 2936 3898 3004 μαγγάνοις
3940 2935 4053 2985 τισὶ

2467 3031 2734 3085 διέτειναν
2761 3035 2870 3085 πᾶν
2903 3035 3064 3101 μέλος
3091 3051 3101 3062 ·
3137 3029 3239 3085 εἷθ’
3265 3031 3438 3093 οὕτως
3465 3031 3553 3081 δια
3584 3030 3786 3088 παντὸς
3819 3026 3916 3080 τοῦ
3949 3029 4050 3080 σώ·

2474 3143 2640 3194 ματος
2675 3127 2877 3194 ἐπῆγον
2915 3129 2975 3178 ἐκ
3005 3126 3304 3184 κελεύσεως
3324 3127 3371 3176 οἱ
3403 3121 3752 3192 βασανισταὶ,
3784 3121 3848 3172 οὗ
3884 3121 3988 3172 καθ
4003 3123 4051 3172 i-

2470 3235 2576 3290 περ
2606 3221 2718 3282 τοῖς
2752 3221 3007 3288 φονεῦσιν
3035 3221 3125 3271 ἐπὶ
3159 3219 3266 3271 τῶν
3291 3218 3542 3287 πλευριῦν
3581 3215 3762 3285 μόνον,
3790 3215 3930 3269 ἀλλὰ
3962 3215 4052 3270 καὶ

787 3291 1004 3346 habuit.
1038 3291 1101 3343 lli
1154 3305 1388 3357 namque
1438 3289 1694 3344 manibus
1741 3297 1864 3357 post
1909 3299 2056 3359 terga
2101 3289 2286 3359 ligatis
2327 3305 2359 3344 e

2471 3311 2563 3380 τῆς
2583 3313 2812 3382 γαστρὸς
2837 3314 2931 3365 καὶ
2953 3312 3060 3365 τῶν
3087 3329 3186 3380 κνη
3197 3311 3312 3379 μῶν
3337 3314 3431 3364 καὶ
3459 3309 3702 3378 παρειῶν
3732 3311 3844 3370 τοῖς
3877 3310 4050 3370 ἀμυν-

788 3382 940 3451 ligno
1001 3381 1524 3450 suspendebantur,
1582 3392 1637 3433 et
1695 3379 1967 3434 machinis
2026 3381 2357 3450 quibusdam

791 3475 1035 3526 membra
1071 3487 1264 3526 eorum
1301 3473 1485 3526 omnia
1522 3470 1978 3524 distrahebantur
2017 3487 2034 3525 :
2066 3472 2268 3526 deinde
2301 3473 2356 3526 in

787 3581 1022 3634 corpora
1069 3565 1136 3618 ad
1194 3565 1342 3617 hunc
1391 3564 1617 3616 modum
1667 3563 1906 3616 distenta
1959 3566 2244 3620 carnifices
2290 3582 2356 3619 ex

779 3658 987 3728 judicis
1036 3657 1355 3726 praescripto
1403 3665 1569 3723 atque
1617 3653 1896 3717 mandato,
1941 3669 2048 3708 non
2093 3658 2360 3725 quemad-

787 3752 1009 3804 modum
1059 3750 1324 3803 adversus
1367 3747 1676 3802 homicidas
1726 3748 1845 3801 fieri
1881 3748 2043 3812 solet,
2091 3749 2145 3801 in
2181 3749 2355 3802 latera

783 3845 986 3908 solum,
1034 3845 1129 3899 sed
1165 3845 1329 3897 etiam
1377 3843 1431 3896 in
1469 3850 1718 3896 ventrem
1753 3842 1956 3912 ipsum,
2006 3843 2062 3896 in
2111 3858 2268 3897 suras
2297 3854 2356 3897 et

784 3935 1033 3987 maxillas
1067 3942 1339 3988 tormenta
1379 3933 1531 3986 varie
1581 3940 1636 3986 et
1676 3931 1976 3986 crudeliter
2006 3931 2351 4000 ingerebant.

780 4015 864 4081 Illi
896 4043 1028 4080 vero
1056 4041 1123 4079 ex
1157 4026 1368 4081 fornice
1397 4041 1562 4079 manu
1607 4040 1715 4078 una
1760 4024 1968 4094 alligati
2014 4024 2350 4094 pendebant,

778 4118 982 4186 quibus
1031 4118 1283 4171 cruciatu
1335 4119 1486 4171 omni
1541 4117 1762 4187 gravior
1812 4125 1933 4170 erat
1988 4117 2348 4171 articulomm

782 4210 1266 4277 membrorumque
1314 4211 1560 4264 omnium
1595 4211 1892 4264 distensio.
1925 4209 2034 4263 Alii
2081 4224 2248 4279 porro
2281 4209 2348 4262 ad

780 4305 1090 4365 columnas,
1129 4303 1284 4355 vultu
1337 4301 1404 4354 ad
1443 4315 1538 4355 eas
1583 4317 1766 4366 verso,
1812 4302 1887 4355 ita
1929 4302 2135 4370 alligati
2171 4315 2352 4367 erant,

780 4404 841 4446 ut
870 4394 1100 4462 pedibus
1133 4409 1240 4446 non
1279 4395 1621 4448 insisterent.
1655 4393 1810 4448 Unde
1843 4393 2028 4457 ﬁebat,
2067 4403 2127 4446 ut
2156 4409 2363 4463 corpo-

782 4501 903 4537 rum
950 4485 1090 4537 mole
1121 4484 1375 4538 deorsutn
1414 4494 1695 4552 vergente,
1731 4485 1948 4538 vincula
1976 4500 2198 4555 quoque
2232 4488 2351 4553 ipsa

2468 3402 2677 3470 τηρίοις
2707 3403 2804 3464 τάς
2834 3402 3325 3470 κολάσεις.”Ετεροι
3355 3402 3431 3464 δὲ,
3464 3402 3572 3453 ἀπὸ
3605 3401 3700 3468 τῆς
3727 3402 3892 3462 στοᾶς
3922 3402 4048 3468 μιᾶς

2469 3495 2653 3563 χειρὸς
2687 3497 3065 3564 ἐξηρτημένοι,
3103 3494 3371 3566 ᾑώρηντο,
3408 3497 3588 3565 πάσης
3616 3495 3917 3564 ἀλγηδόνος
3942 3497 4048 3548 52-.-

2469 3592 2697 3658 νοτέραν
2723 3589 2820 3658 τὴν
2852 3590 2960 3640 άπδ
2982 3589 3091 3641 τῶν
3115 3589 3334 3658 ἄρθρων
3365 3591 3458 3641 καὶ
3495 3589 3673 3658 μελῶν
3709 3590 3874 3641 τάσιν
3905 3590 4048 3657 ἑκον-

2466 3681 2770 3741 τε;.“Ἀλλοι
2807 3682 2862 3734 δὲ
2887 3682 2993 3750 πρὸ
3019 3686 3130 3743 τοῖς
3158 3683 3333 3734 κίοσιν
3364 3682 3782 3751 ἀντιπρόσωποι
3807 3683 4046 3745 ὲδοῦντο,

2467 3771 2530 3823 οὐ
2567 3771 2860 3839 βεϐηκότες
2905 3773 3016 3834 τοῖς
3055 3774 3206 3835 ποσὶ,
3257 3769 3336 3838 τῷ
3363 3770 3418 3822 δὲ
3457 3770 3613 3840 βάρει
3645 3770 3736 3821 τοῦ
3794 3771 4049 3838 σώματος

2467 3863 2825 3932 βιαζομένων,
2857 3865 2995 3932 μετὰ
3026 3863 3238 3924 τάσεως
3263 3860 3637 3930 ἀνελκομένων
3666 3861 3777 3913 τῶν
3803 3862 3861 3914 δε
3874 3863 4049 3931 σμῶν.

2471 3953 2580 4004 Καὶ
2616 3952 2762 4004 τοῦθ’
2803 3953 3096 4021 ὑπέμενον,
3135 3952 3236 4004 οὐκ
3275 3952 3360 4020 ἐφ’
3403 3952 3526 4003 ὅσον
3555 3950 4047 4019 προσδιελέγοντο,

2465 4045 2574 4096 οὐδ’
2603 4046 2784 4106 αὐτοῖς
2819 4043 3111 4112 ἐσχόλαζεν
3143 4046 3170 4096 ὁ
3209 4042 3452 4111 ἡγεμὼν,
3486 4042 3620 4094 ἀλλά
3655 4046 3952 4112 μονονουχὶ
3985 4045 4048 4096 δι’

2461 4138 2592 4204 ὅλης
2618 4139 2717 4205 τῆς
2741 4137 2974 4206 ἡμέρας.
3005 4137 3133 4188 Ὀτε
3154 4137 3261 4204 γάρ
3287 4137 3382 4188 καὶ
3408 4133 3492 4203 ἐφ’
3526 4135 3748 4204 ἑτέρους
3778 4135 4046 4199 διέϐαινε,

2469 4231 2577 4290 τοῖς
2618 4229 2904 4296 προτέροις
2940 4227 3316 4296 κατελίμπανε
3355 4225 3480 4287 τοὺς
3526 4228 3591 4293 τῇ
3624 4225 3850 4298 ἐξουσία
3878 4230 4045 4281 αὑτοῦ

2467 4317 2970 4387 ὖπηρετουμένους,
3011 4317 3169 4368 εἵπου
3200 4334 3278 4378 τις
3328 4315 3580 4387 ἡττηθεὶς
3609 4316 3719 4367 τῶν
3763 4316 4042 4384 βασάνων,

2461 4410 2724 4461 ἐνδιδόναι
2753 4409 2961 4460 ἐδόκει⁸
3023 4406 3252 4473 ἀφειδῶς
3301 4407 3354 4459 δὲ
3392 4406 3631 4459 κελεύων
3658 4408 3748 4457 καὶ
3781 4411 3899 4471 τοῖς
3929 4411 4042 4463 δεσ·

2462 4504 2584 4569 μοῖς
2612 4502 2911 4566 προσιέναι⁹
2939 4500 3031 4550 καὶ
3061 4500 3200 4566 μετὰ
3219 4499 3412 4561 ταῦτα,
3437 4501 3932 4571 ψυχορραγοῦντας
3957 4508 4047 4555 αἰτ-

784 4578 954 4645 tuagis
981 4578 1511 4644 constringerentur,
1537 4576 1951 4646 gravioremque
1973 4577 2079 4631 illis
2100 4578 2358 4631 aﬂcrrcnt

2471 4586 2607 4654 τοὺς,
2635 4592 3096 4658 κατατιθεμένους
3123 4594 3201 4652 εἰς
3233 4592 3329 4658 τὴν
3361 4591 3486 4658 γῆν,
3520 4593 3799 4645 ἕλκεσθαι.
3838 4596 3917 4646 Οὐ
3937 4599 4042 4663 γὰρ

781 4669 1049 4718 ιΙυιυτι-ιη.
1091 4669 1268 4733 Atque
1303 4668 1416 4720 haec
1446 4683 1554 4720 non
1588 4679 1828 4731 tantum,
1859 4684 1981 4721 cum
2019 4671 2187 4724 verba
2226 4685 2349 4723 cum

778 4762 860 4811 eis
906 4761 1309 4823 conferrentur,
1357 4770 1451 4812 aut
1506 4775 1709 4829 praeses
1763 4761 1895 4829 ipsis
1946 4763 2202 4828 instaret,
2253 4764 2348 4817 sed

781 4861 994 4904 tantum
1032 4868 1138 4904 neu
1173 4853 1364 4905 diebus
1391 4853 1614 4920 integris
1639 4853 2007 4908 sustinebant.
2038 4855 2173 4908 Cum
2203 4860 2349 4908 enim

784 4944 872 4994 i.ie
909 4944 971 4994 ad
1011 4944 1148 4995 alios
1183 4944 1632 5010 progrederetur,
1671 4946 1813 5012 apud
1851 4947 2065 5013 priores
2095 4961 2218 5000 cum
2256 4963 2350 5015 po-

783 5045 979 5087 testatc
1025 5050 1120 5087 sua
1155 5041 1294 5086 alios
1332 5036 1706 5102 relinquebat,
1740 5039 1833 5104 qui
1867 5040 1947 5090 eis
1985 5039 2158 5092 vicem
2193 5055 2347 5093 suam

782 5128 1063 5188 adessent,
1101 5127 1276 5178 sicubi
1326 5127 1528 5195 aliquis
1568 5129 1862 5181 tormentis
1897 5131 2068 5184 victus
2113 5133 2182 5186 de
2229 5149 2350 5187 scn-

787 5221 956 5269 tentia
1006 5217 1273 5270 decedere
1326 5218 1630 5272 videretur.
1689 5219 1927 5273 Jubebat
1983 5224 2076 5276 ille
2126 5240 2350 5292 quoque

784 5312 1018 5361 vinculis
1047 5326 1141 5362 eos
1171 5311 1371 5363 acriter
1403 5316 1800 5381 constringere,
1838 5329 1899 5366 ac.
1927 5315 2128 5369 deinde
2165 5321 2348 5371 anima

783 5402 1050 5464 delectos,
1099 5413 1261 5470 atque
1301 5405 1352 5456 in
1391 5413 1592 5457 terram
1634 5407 1924 5473 repositos,
1973 5407 2103 5461 hinc
2130 5419 2186 5461 et
2223 5411 2349 5463 inde

785 5496 1026 5547 trahere.
1059 5493 1246 5562 Neque
1273 5497 1419 5548 enim
1449 5496 1516 5548 de
1554 5499 1710 5549 llObiS
1748 5505 1828 5550 vel
1864 5501 2091 5552 minima
2130 5516 2261 5553 cura
2295 5503 2346 5555 in

781 5599 972 5637 eorum
1010 5586 1210 5638 animis
1238 5589 1442 5640 resedit
1483 5605 1494 5639 :
1530 5589 1623 5640 sed
1665 5605 1728 5641 ea
1767 5600 2040 5644 tormenta
2069 5595 2351 5662 excogita-

781 5687 990 5729 ruutct
1020 5680 1418 5740 adhibuerunt,
1456 5689 1514 5731 ut
1547 5695 1893 5749 nequaquam
1933 5684 2048 5738 tunc
2078 5687 2348 5741 secundas

780 5770 989 5822 ferrent
1045 5781 1248 5839 partes,
1304 5788 1414 5840 prie
1455 5773 1537 5825 eis
1594 5789 1714 5841 quae
1770 5775 2069 5843 aliquando
2125 5781 2349 5847 quidam

781 5862 1161 5918 crudelissima
1185 5865 1449 5920 adversus
1482 5867 1667 5921 hostes
1701 5869 2066 5924 itivcmcscnt.
2101 5871 2347 5926 Fuerunt

2461 4681 2600 4735 εἶναι
2650 4684 2754 4735 κᾶν
2792 4684 2958 4752 μέρος
2996 4684 3251 4751 φροντίδα
3304 4684 3486 4743 αὐτοῖς
3515 4685 3643 4752 περὶ
3668 4685 3829 4753 ἡμῶν
3857 4702 3874 4716 ο

2459 4776 2601 4828 οὕτω
2649 4778 2744 4828 καὶ
2775 4776 3108 4828 διανοεῖσθαι
3142 4775 3236 4828 καὶ
3268 4776 3551 4846 πράττειν,
3593 4775 3670 4838 ὡς
3706 4779 3913 4845 μηκέτ’
3955 4781 4041 4832 δν·

2459 4885 2567 4919 των
2593 4869 2800 4936 ταύτην
2829 4869 3091 4934 δευτέραν
3129 4868 3361 4936 βάσανον
3389 4867 3484 4920 ἐπὶ
3513 4871 3627 4928 ταῖς
3665 4868 3907 4937 πληγαῖς
3938 4873 4043 4922 τῶν

2463 4961 2798 5012 ὑπεναντίων
2830 4961 3190 5028 ἑφευρόντων.
3232 4956 3410 5012 Ἦσαν
3449 4961 3502 5013 δὲ
3535 4961 3583 5012 οἳ
3612 4964 3701 5013 καὶ
3736 4965 3880 5030 μετὰ
3916 4971 4039 5024 το“.;

2461 5055 2752 5120 αἰκισμοὺς
2784 5054 2873 5102 ἐπὶ
2913 5053 3005 5104 τοῦ
3035 5053 3194 5117 ξύλου
3221 5052 3467 5120 κείμενοι
3498 5054 3584 5105 διὰ
3615 5053 3721 5106 τῶν
3755 5059 4040 5126 τεσσάρων

2461 5141 2607 5193 ὀπῶν
2674 5145 3123 5210 ἀντιτεταγμένοι
3177 5145 3346 5210 ἄμφω
3395 5145 3472 5211 τῷ
3529 5145 3700 5204 πόδε,
3767 5147 3842 5206 ὡς
3901 5165 4039 5196 κατα

2460 5234 2706 5301 ἀνάγκην
2741 5235 2934 5294 αὐτοὺς
2965 5239 3056 5287 ἐπὶ
3087 5236 3178 5286 τοῦ
3202 5235 3362 5298 ξύλου
3396 5235 3616 5295 ὑπτίους
3641 5224 3807 5297 εἶναι,
3841 5237 3922 5305 μὴ
3951 5239 4039 5288 δε-

2460 5329 2724 5394 ναμένους
2754 5327 2840 5378 δια
2878 5329 2937 5378 τὸ
2970 5328 3160 5379 ἕνονλα
3193 5334 3258 5379 τα
3287 5326 3581 5396 τραύματα
3617 5327 3722 5378 ἀπὸ
3756 5327 3868 5378 τῶν
3908 5331 4041 5394 πλη.

2460 5419 2572 5482 γῶν
2625 5417 2747 5468 καθ’
2797 5419 2919 5469 ὅλου
2964 5417 3058 5469 τοῦ
3109 5418 3362 5485 σώματος
3407 5418 3571 5486 ἔχειν.
3603 5418 3825 5486 Ἐτεροι
3868 5418 3931 5471 δὲ
3966 5423 4038 5479 εἷς

2459 5509 2721 5575 τοῦδαφος
2753 5513 3023 5580 ῥιφέντες,
3054 5511 3262 5561 ἔκειντο
3295 5511 3400 5561 ὑπὸ
3427 5512 3524 5576 τῆς
3559 5509 3811 5578 βασάνων
3839 5511 4038 5577 ἀθρόας

2464 5603 2792 5671 προσϐολῆς,
2842 5603 3148 5668 δεινοτέραν
3181 5602 3278 5671 τὴν
3308 5603 3428 5668 ξψιν
3462 5601 3562 5669 τῆς
3605 5605 3893 5668 ἐνεργείας
3930 5605 4036 5662 τοῖς

2460 5696 2629 5760 ὁρῶσι
2681 5697 3034 5762 παρέχοντες,
3084 5697 3332 5756 ποικίλας
3385 5697 3478 5747 καὶ
3510 5695 3803 5764 διαιρόρους
3841 5699 3901 5746 ἐν
3931 5699 4035 5754 τοῖς

2463 5783 2678 5849 σώμασι
2709 5785 2964 5851 φέροντες
2980 5788 3078 5846 τὰς
3102 5786 3209 5836 τῶν
3242 5785 3488 5853 βασάνων
3516 5787 3794 5847 ἐπινοίας.
3823 5787 4032 5837 Τούτων

2461 5875 2630 5937 οὕτως
2671 5878 2925 5942 ἐχόντων,
2958 5877 3004 5927 οἱ
3034 5877 3133 5942 μὲν
3165 5877 3574 5944 ἐναπέθνησκον
3607 5881 3729 5938 ταῖς
3780 5879 4031 5946 ﬁssis-5:;
