4220 6438
272 395 412 457 1225

1189 388 1795 451 ECCLESIASTICJ’.
1840 389 2222 447 lllSTt)Rl.rE
2255 390 2397 452 LIB.
2437 388 2565 449 VU.

3379 390 3513 453 129.6

270 486 335 549 τῇ
378 480 641 549 καρτερίᾳ
677 479 1133 550 καταισχύναντες
1176 484 1270 533 τὸν
1300 482 1597 533 ἀντίπαλον
1627 496 1642 510 ο
1698 481 1746 530 oi
1786 479 1839 530 δὲ
1872 484 1918 541 Α

1872 484 1918 541 Α
1947 481 2037 547 qui
2070 490 2193 547 post
2220 481 2498 534 cruciatus
2534 480 2585 531 in
2624 489 2827 535 catasta
2860 496 2953 549 per
2980 493 3212 551 quatuor
3246 484 3513 538 foramina

264 571 559 640 ἡμιθνῆτες
597 574 653 624 ἐν
697 570 775 639 τῷ
804 571 1164 642 δεσμωτηρίῳ
1232 572 1673 640 συγκλειόμενοι.
1715 570 1836 637 μετ’

266 665 325 716 ο)
361 664 559 725 πολλὰς
607 664 819 732 ἡμέρας
849 666 969 726 ταῖς
1019 664 1280 733 ἀλγηδόσι
1323 665 1692 732 συνεχόμενοι,
1730 665 1843 713 ἐτε-

266 755 529 809 λειοῦντο.
555 755 617 809 Οἱ
648 757 703 809 δὲ
738 758 936 819 λοιποὶ,
957 758 1054 827 τῆς
1090 758 1199 811 ἀπὸ
1231 757 1330 825 τῆς
1361 757 1717 825 ἀνακτήσεως
1756 759 1840 804 tl:-

269 848 501 916 ραπεὲας
534 850 803 917 τυχόντες,
828 849 903 918 τῷ
922 852 1099 921 χρόνῳ
1128 851 1221 902 καὶ
1244 852 1309 918 τῇ
1335 848 1433 916 τῆς
1457 848 1704 917 φαλακῆις
1729 845 1812 898 δια
1829 877 1840 885 -

264 936 453 1007 τριϐῇ,
496 937 930 1008 θαρσαλεώτεροι
977 939 1246 1006 ἐγένοντο.
1303 936 1461 989 Οὕτω
1507 935 1637 1003 γοῦν
1680 938 1843 1002 ήνὶκτ

269 1031 680 1099 προσετέτακτο
711 1034 974 1100 αἱρέσεως
1003 1034 1285 1101 κειμένης,
1316 1031 1347 1101 ἦ
1376 1030 1725 1099 ἐφαψάμενον
1748 1033 1845 1097 τῆς

265 1120 495 1187 ἐναγοῦς
536 1121 726 1182 (lucta;
762 1121 1119 1191 ἁνενόχλητον
1153 1118 1298 1173 εἶναι
1327 1162 1343 1186 ,
1377 1122 1470 1189 τῆς
1505 1119 1636 1186 παρ’
1682 1119 1847 1172 αὑτοῦ

269 1212 583 1282 ἐλευθερίας
631 1213 758 1282 παρ’
790 1213 971 1266 αὐτῶν
1000 1216 1257 1283 τυχόντα,
1296 1214 1327 1283 ἢ
1382 1216 1456 1283 μὴ
1494 1213 1712 1276 (θύοντα,
1752 1211 1847 1281 τὴν

272 1310 367 1359 ἐπὶ
419 1308 638 1379 θανάτῳ
692 1311 852 1382 δίκην
905 1313 1260 1382 ικδέχεσοαι,
1314 1311 1435 1362 οὐδὲ
1488 1311 1845 1379 μελήσαντες.

269 1402 521 1469 ἁσμένως
570 1404 660 1455 ἐπὶ
683 1402 773 1455 τὸν
821 1403 1050 1457 Θάνατον
1082 1402 1594 1473 ὲχιῖιριιυν.’ῌδεσαν
1631 1401 1738 1470 γὰρ
1782 1404 1850 1454 τὲ

270 1496 379 1546 απὸ
408 1494 516 1549 τῶν
562 1496 722 1567 ἱερῶν
754 1500 885 1567 ἡμῖν
919 1497 1150 1564 Γραφῶν
1184 1496 1600 1565 προορισθέντα.
1645 1493 1709 1545 '0
1744 1497 1850 1566 γὰρ

271 1589 590 1655 Ηυσιάζων,
620 1592 770 1659 φησι,
796 1591 952 1656 θεοῖς
978 1591 1194 1657 ἑτέροις
1231 1589 1807 1657 ἐ.’⁷,ὀ.ι‹.›θρευοήσεται
1836 1607 1847 1618 ο

270 1684 364 1733 καὶ
394 1684 475 1735 ὅτι
506 1686 625 1735 Οἰνκ
641 1685 888 1738 ἔσονταί
923 1699 1021 1736 σοι
1046 1684 1165 1737 θεοὶ
1206 1683 1397 1749 ἕτεροι
1427 1682 1595 1749 πλὴν
1633 1682 1779 1750 ἐμοῦ
1829 1700 1845 1730 ι

270 1774 511 1828 Τοιαῦτα
552 1776 773 1838 Φιλαὶας
807 1779 835 1830 ό
874 1777 969 1845 οὐχ
1002 1771 1163 1847 ἦττον
1199 1774 1445 1843 φιλόθεος
1485 1774 1519 1842 ἢ
1567 1773 1854 1841 φιλὸαοφος

273 1868 625 1937 παρατίθησι,
654 1870 752 1939 τῆς
781 1870 1088 1931 Οεοτεϐείας
1118 1867 1286 1936 ἀπρὶξ
1313 1866 1613 1937 παρορμῶν
1643 1866 1743 1935 τὴν
1766 1866 1838 1915 ὑπ

270 1962 436 2014 αὐτὸν
454 1981 528 2017 πα
537 1966 764 2034 ροικίαν.

1841 1856 1855 1874 ν
1888 1836 1931 1894 Β

1947 572 2177 640 pedibus
2227 572 2473 639 utrisque
2506 572 2994 635 distcmlcreutur,
3031 574 3192 645 452
3234 585 3288 628 et
3331 589 3515 628 ncces-

1946 668 2092 720 sario
2130 665 2313 732 supini
2362 665 2543 732 jacere
2584 666 2637 716 iu
2674 674 2897 717 catastie
2935 667 3077 732 ligno
3123 677 3453 732 (‘ogorctttttr
3489 686 3497 717 :

1947 776 2069 811 cum
2100 768 2212 810 toto
2236 772 2467 823 corpore
2501 775 2527 807 a
2557 766 2629 809 tul
2667 759 2837 823 plagis
2868 758 3105 809 rvi-entia
3139 758 3316 808 adhuc
3345 759 3508 809 hahe-

1950 862 2065 902 reut
2102 860 2156 901 et
2197 851 2387 902 intima
2428 850 2680 911 vulnera,
2716 866 2813 900 nec
2848 850 3155 899 subslralas
3204 848 3305 899 sibi
3352 857 3519 900 testas

1948 946 2093 997 ferre
2128 954 2369 1010 possent.
2399 945 2502 996 Alii
2534 959 2661 997 Vero
2695 946 2745 993 iu
2778 943 2953 997 solum
2987 942 3053 992 ab
3083 943 3263 992 (minis
3299 942 3518 1005 generis

1951 1046 2351 1091 tormentorum
2390 1038 2440 1088 vi
2481 1036 2734 1105 projecti,
2766 1035 3045 1101 jacebaut.
3090 1032 3520 1101 gravioremth

1948 1130 2114 1183 etiam
2144 1129 2485 1184 cruciatibus
2522 1128 2656 1196 ipsis
2688 1127 3068 1196 spectantibus
3097 1127 3335 1194 speciem
3382 1138 3522 1193 pne-

1952 1223 2192 1288 bebant,
2250 1221 2397 1275 varia
2464 1222 2669 1291 quippe
2729 1230 2785 1274 et
2848 1218 3173 1288 multiplicia
3233 1231 3521 1287 pmnarmu

1950 1331 2149 1383 genera
2186 1313 2516 1382 corporibus
2545 1330 2654 1380 pra!
2684 1329 2741 1367 se
2779 1312 3036 1366 ferentes.
3072 1311 3136 1364 Et
3169 1326 3293 1363 cum
3326 1309 3525 1364 crude-

1953 1405 2078 1457 litas
2112 1403 2227 1471 ipsa
2277 1405 2343 1457 ad
2380 1404 2527 1456 hunc
2574 1403 2798 1456 modum
2836 1403 3075 1462 saeviret,
3121 1401 3344 1470 quidam
3377 1400 3525 1453 inter

1956 1496 2070 1563 ipsa
2105 1503 2377 1547 tormenta
2412 1494 2774 1553 decedebant.
2826 1494 3131 1547 constantia
3179 1508 3276 1545 sua
3331 1492 3525 1544 adver-

1953 1589 2110 1642 sariis
2142 1588 2405 1657 pudorem
2442 1589 2774 1642 incutientes
2809 1608 2819 1640 :
2872 1588 3095 1656 quidam
3130 1589 3434 1640 semineces
3468 1587 3523 1639 in

1953 1696 2171 1735 carcere
2215 1681 2434 1741 inclusi,
2486 1693 2607 1749 post
2655 1682 2774 1734 dies
2826 1697 3032 1750 paucos
3076 1679 3364 1733 doloribus
3395 1694 3528 1731 con-

1956 1773 2141 1827 stricti
2183 1775 2619 1826 etnoriebautur.
2670 1773 2924 1826 Nonnulli
2974 1788 3105 1825 vero
3154 1789 3183 1825 a
3236 1773 3527 1826 tormentis

1962 1865 2301 1918 medicorum
2335 1880 2465 1917 cura
2504 1866 2741 1919 resntuti
2766 1906 2779 1928 ,
2816 1866 3136 1934 diutiusque
3171 1866 3223 1918 in
3257 1864 3527 1919 custodiis

1963 1956 2209 2014 detenti,
2262 1956 2625 2009 auimosiores
2677 1957 2841 2009 etiam
2899 1956 3123 2011 fiebant.
3164 1956 3354 2027 Itaque
3398 1970 3525 2010 eum

277 2058 608 2126 imperatum
657 2072 835 2124 esset,
882 2061 1104 2132 optione
1144 2061 1448 2133 proposita,
1497 2069 1555 2112 ut
1594 2058 1677 2112 vel
1741 2059 2012 2111 contactis
2078 2055 2213 2107 diris
2280 2054 2385 2107 illis
2426 2054 2711 2108 sacrificiis
2742 2054 2989 2109 moleStia
3025 2054 3173 2109 omni
3244 2066 3525 2117 carerent,

277 2155 710 2226 libertatemque
783 2173 946 2227 quam
997 2173 1028 2211 a
1072 2159 1270 2227 seipsis
1318 2157 1616 2220 habebant,
1667 2154 1734 2209 ab
1777 2155 1887 2208 illis
1926 2163 2422 2219 consequerentur,
2468 2152 2548 2203 vel
2622 2153 2666 2205 si
2719 2166 2827 2204 non
2875 2151 3271 2216 sacrificarent,
3317 2154 3526 2220 tapita-

270 2256 383 2311 1cm
411 2252 740 2305 sententiam
774 2252 1141 2322 exciperent:
1221 2253 1297 2306 illi
1366 2252 1504 2306 nihil
1571 2252 1789 2314 morati,
1858 2251 2196 2319 perlibentes
2251 2249 2315 2301 ad
2370 2249 2703 2317 supplicium
2760 2249 2931 2303 ibant.
2982 2248 3243 2303 Sciebant
3296 2249 3529 2314 etenim,

270 2358 396 2411 qua!
431 2346 591 2401 nobis
621 2348 673 2401 in
701 2347 909 2403 divinis
939 2348 1162 2402 Litteris
1189 2357 1318 2403 sunt
1352 2349 1631 2418 proposita
1667 2357 1830 2415 atque
1872 2347 2187 2415 praescripta
2259 2347 2514 2410 oracula;
2560 2360 2703 2408 natu,
2762 2345 2885 2410 Qui,
2917 2346 3118 2413 inquit,
3155 2347 3255 2399 diis
3283 2345 3403 2399 aliis
3430 2363 3525 2399 sa-

273 2442 508 2510 criﬁcat,
550 2447 1011 2500 exterminabitur.
1066 2447 1135 2501 Et
1178 2462 1402 2500 rursum
1460 2463 1474 2499 :
1527 2445 1647 2501 Non
1694 2454 1847 2497 erant
1892 2445 1982 2495 tibi
2016 2443 2091 2494 dii
2157 2442 2251 2496 alii
2321 2451 2515 2511 praeter
2544 2460 2642 2495 me.
2694 2461 2712 2494 ι
2751 2443 2873 2497 Haec
2909 2442 3164 2508 Philaeas,
3210 2460 3315 2496 non
3351 2443 3533 2496 minus

280 2539 377 2593 Dei
450 2555 611 2608 quam
662 2542 948 2610 sapientiae
1024 2550 1259 2605 amator,
1308 2542 1387 2594 sic
1433 2551 1704 2602 recenset,
1751 2540 2042 2593 ecclesiam
2087 2554 2278 2604 suam,

277 2645 460 2701 neret,
489 2638 810 2693 cohortana.

876 2755 1128 2810 ΚΕΦΛΛ.
1199 2759 1253 2809 l'.

277 2842 417 2910 Περὶ
463 2844 572 2913 τῆς
600 2845 918 2915 ἐνΦρυγΙᾳ
961 2851 1195 2915 πόλεως
1244 2848 1435 2917 ἄρδην
1466 2849 1849 2917 μαρτυρησά-

444 2932 562 2982 σης
584 2932 598 2947 ⁸
628 2917 882 2984 καὶπερὶ
914 2918 1203 2971 Ἀδιιύκου
1235 2920 1341 2973 τοῦ
1357 2918 1675 2987 μάρτυρος.

361 3028 523 3083 Ἀλλά
540 3031 595 3083 τί
612 3033 715 3102 χρὴ
734 3034 831 3095 τὰς
851 3034 973 3086 καθ’
992 3035 1222 3088 ἕκαστον
1239 3036 1343 3088 τῶν
1361 3035 1620 3103 Οεοξιλεῖιν
1641 3038 1850 3108 μαρτύ-

277 3139 388 3193 ρων
415 3124 799 3193 ἀνδραγαθίας,
821 3130 911 3178 καὶ
940 3128 1038 3189 τὰς
1071 3129 1573 3197 καινοτέραςαὺτῶν
1598 3130 1854 3201 άολὴσείς

2352 2548 2410 2591 ιιι
2456 2555 2639 2591 verum
2684 2540 2941 2608 pietatem
2988 2542 3335 2596 tenacissime
3403 2546 3534 2598 reti—

2574 2754 2796 2809 (JAPU'I‘
2850 2756 2913 2808 Χ.

1959 2845 2038 2899 De
2086 2846 2293 2901 ciuitate
2338 2848 2571 2913 quadam
2603 2846 2865 2916 Plirygirc,
2896 2865 3012 2916 qua:
3046 2857 3156 2901 tota
3212 2851 3529 2917 Martyrium

2270 2916 2430 2971 subiit
2463 2932 2480 2969 .'
2514 2928 2562 2969 et
2601 2919 2665 2969 de
2702 2920 2920 2971 Adauco
2952 2929 3205 2989 martyre.

2034 3029 2141 3085 Sed
2175 3030 2306 3100 quid
2360 3047 2501 3101 opus
2550 3042 2633 3085 est
2682 3033 2961 3102 sigillatim
3013 3035 3123 3089 Deo
3198 3035 3528 3090 dilectorum

1965 3134 2267 3194 martyrum
2318 3123 2539 3179 fortiter
2571 3127 2713 3179 facta
2756 3138 2812 3181 et
2851 3143 2991 3181 nova
3039 3130 3366 3193 certamina,
3408 3148 3531 3200 qua:

297 3216 410 3268 τῶν
427 3218 570 3271 κατὰ
594 3220 774 3272 πᾶσαν
803 3220 1130 3291 οἰκουμένην
1158 3221 1539 3290 παρατιθέναι,
1560 3222 1855 3294 ἐνὸνὲτερα
1881 3222 1924 3284 C
1958 3230 1963 3284 l

1881 3222 1924 3284 ε
1958 3230 2056 3284 per
2077 3216 2265 3270 orbem
2293 3232 2511 3271 omnem
2538 3220 2750 3281 obiere,
2781 3221 3004 3285 referre,
3035 3237 3158 3274 eum
3191 3223 3293 3275 alia
3329 3224 3528 3279 afferre

274 3307 484 3375 λέγειν,
522 3308 588 3362 δι’
627 3304 702 3364 ὧν
728 3311 792 3363 ἄν
824 3327 907 3374 τις
935 3314 1274 3383 παραστήσω
1312 3311 1507 3365 θάττον
1528 3314 1628 3384 τήν
1656 3331 1714 3366 τε
1744 3316 1853 3369 τῶν

274 3402 559 3469 τυράννων
587 3403 899 3473 θηριωδίαν,
922 3407 1015 3457 καὶ
1041 3405 1141 3474 τῆς
1168 3405 1304 3475 πρὸς
1343 3405 1581 3473 Χριστὸν
1616 3406 1854 3475 σχέσεως

273 3493 391 3547 τῶν
421 3495 744 3548 καλλινίκων
770 3497 1065 3566 μαρτύρων
1083 3496 1141 3549 τὸ
1163 3496 1492 3564 ἁδιήγητον;
1521 3496 1595 3549 Οὐ
1628 3498 1737 3566 γὰρ
1758 3498 1854 3549 ἕνα

275 3587 377 3640 καὶ
415 3586 529 3649 δύο,
560 3588 593 3658 ἢ
626 3588 883 3641 καὶκατὰ
903 3589 1244 3658 συστήματα,
1266 3590 1401 3645 ἀλλὰ
1432 3589 1520 3640 καὶ
1546 3589 1702 3641 πόλιν
1729 3589 1855 3657 μίαν

275 3681 411 3751 περὶ
442 3698 548 3734 που
598 3685 697 3752 τὴν
739 3683 999 3751 Φρυγίαν,
1028 3682 1345 3755 αὔτανδρον,
1390 3683 1604 3752 σύναμα
1642 3682 1856 3751 γυναιξὶ

275 3775 379 3828 καὶ
410 3775 621 3846 νηπίοις
640 3774 841 3844 ἁθρόαν
863 3778 1079 3830 ὁπλῖται
1117 3776 1522 3845 περιλαϐόντες,
1546 3778 1638 3829 καὶ
1671 3774 1856 3843 κύκλῳ

278 3864 395 3937 πῦρ
430 3866 765 3935 ὑφάψαντες,
809 3866 984 3936 πυρὸς
1023 3867 1183 3936 ἔργον
1215 3869 1453 3923 ἐποίουν.
1484 3867 1773 3935 Ἐγκλημα
1811 3865 1855 3917 δ’

275 3957 348 4033 ἦν
378 3961 461 4013 ὅτι
494 3962 591 4012 καὶ
622 3960 926 4029 στρατηγὸς
969 3962 1065 4012 καὶ
1094 3961 1143 4012 οἱ
1197 3962 1255 4012 ἐν
1286 3960 1449 4026 τέλει,
1476 3960 1570 4012 καὶ
1609 3960 1728 4022 ὃ).ος
1761 3959 1855 4026 δῆ-

281 4069 408 4121 μος,
459 4050 696 4121 Χριστὸν
734 4051 995 4116 ἐπεϐόων,
1031 4053 1123 4104 καὶ
1170 4054 1404 4121 πάμπαν
1432 4051 1677 4115 ἀπειθεῖς
1714 4047 1857 4121 ἦσαν

278 4145 398 4206 τοῖς
452 4144 883 4213 προστάττουσιν
941 4143 1369 4213 εἰδωλολατρεῖν.
1426 4145 1535 4199 Καί
1582 4162 1667 4208 τις
1718 4146 1857 4216 ἀνὴρ

285 4236 558 4300 ’Δδαυκος
583 4236 670 4290 διὰ
699 4238 877 4306 πάσης
909 4235 1078 4289 ἐλθὼν
1105 4237 1294 4308 τιμῆς,
1323 4240 1381 4291 ἐν
1411 4239 1670 4309 ἐπισήμῳ
1708 4240 1855 4306 γένει

278 4329 395 4382 τῶν
416 4328 547 4398 παρ’
586 4329 805 4392 Ἰταλοῖς
837 4329 1177 4398 ἀξιούμενος,
1210 4332 1391 4393 κοινάς
1420 4347 1479 4383 τε
1509 4332 1618 4384 τῶν
1644 4332 1854 4399 διοική-

286 4440 431 4474 σεων
458 4422 551 4473 ἐπὶ
583 4421 834 4473 πλεῖστον
863 4422 1040 4490 ἀρχὰς
1068 4421 1373 4490 διοικήσας,
1406 4424 1483 4484 ὼς
1514 4423 1607 4476 καὶ
1639 4423 1716 4485 εἰς
1748 4440 1855 4493 μα-

281 4512 527 4581 γίστρων
550 4510 766 4581 ἀξίωμα
806 4511 1075 4574 ἀνελθεῖν,
1114 4512 1204 4562 ἐπὶ
1223 4512 1279 4562 δὲ
1310 4513 1376 4581 τῇ
1412 4511 1547 4581 πρὸς
1579 4512 1713 4565 Θεὸν
1764 4513 1855 4564 εὑ-

284 4602 476 4673 deﬁat;
522 4606 617 4656 καὶ
647 4603 907 4673 ὁμολογία
931 4604 1138 4666 πάντας
1165 4603 1544 4673 παρενεγκὼν,
1575 4604 1663 4656 ἐπ’
1684 4604 1857 4674 αὐτῆς

284 4695 391 4763 τῆς
422 4695 576 4762 ἀξίας
592 4694 684 4749 τὸν
709 4694 803 4748 τοῦ
835 4694 1139 4766 μαρτυρίου
1178 4695 1475 4765 ἀνεδήσατο
1502 4698 1784 4765 στέφανον.

885 4988 1138 5041 ΚΕΦΑΛ.
1166 4989 1268 5041 ΙΛ⁸.

289 5082 431 5151 Περὶ
463 5081 670 5136 ἄλλων
698 5081 1004 5135 πλείστων
1028 5080 1345 5149 μαρτύρων
1382 5078 1677 5149 διαφόρως
1701 5079 1855 5149 ἀγω-

893 5152 1256 5218 νισιιμέγων.

372 5268 537 5322 Ἀλλά
583 5267 636 5321 τί
668 5268 747 5319 δεῖ
776 5271 886 5331 τοῖς
915 5267 1059 5320 κατά
1106 5268 1272 5337 μέρος
1304 5264 1599 5332 ἐπεξιέναι,
1627 5263 1660 5333 ἢ
1693 5264 1858 5334 τυχὸν

281 5361 348 5414 τδ
396 5360 599 5431 πλῆθος
652 5362 1004 5429 ἁναμετρεῖν,
1056 5359 1367 5427 ζωγραφεῖν
1408 5375 1466 5410 τε
1502 5357 1580 5427 τῷ
1613 5357 1758 5427 λόγῳ
1790 5357 1859 5410 τὰ

281 5454 451 5503 πολυε
462 5449 546 5518 ιδῆ
576 5448 941 5519 κολαστήρια;
966 5449 1087 5509 Τῶν
1111 5449 1209 5519 μὲν
1236 5449 1453 5502 κοπίσιν
1476 5448 1856 5518 ἀνῃρημένων,

279 5540 375 5596 οἴει
414 5546 471 5595 ὲν
512 5540 744 5612 Ἀραϐίᾳ
772 5542 1097 5608 πεπόνθασι,
1134 5542 1242 5594 τῶν
1275 5543 1331 5594 δὲ
1366 5540 1754 5609 συνολωμένων
1789 5541 1860 5592 τὰ

282 5634 479 5705 σκέλη,
510 5634 699 5703 ὥσπερ
729 5634 792 5703 δὴ
840 5635 952 5694 τοῖς
985 5634 1042 5684 ἐν
1087 5631 1450 5699 Καππαδοκία
1494 5633 1854 5701 συνήντησεν·

278 5727 464 5783 ἄλλων
494 5727 594 5797 μὲν
626 5726 857 5795 θατέρου
890 5728 1002 5777 τοῖν
1033 5724 1215 5777 ποδοῖν
1250 5727 1387 5776 κατὰ
1416 5723 1589 5790 χάραν
1618 5725 1860 5791 ἀνηρτη-

286 5823 494 5890 μὲνων,
534 5818 812 5889 μαλοακοῦ
845 5821 1015 5889 πυρὸς
1043 5818 1286 5871 κάτωθεν
1311 5817 1731 5887 ὑποκαιομένου,
1765 5819 1858 5871 καὶ

616 5918 885 5978 Ρηιιυι.
920 5920 1033 5979 tiu.
1064 5918 1287 5978 CXLV.

1956 3309 2141 3373 liceat,
2176 3323 2278 3379 per
2316 3324 2437 3378 quae
2470 3310 2687 3364 facilius
2720 3327 2843 3364 cum
2888 3311 3135 3381 ipSorum
3172 3323 3526 3385 tyrannorum

1957 3401 2242 3456 efferatam
2283 3402 2692 3467 crudelitatem,
2722 3413 2835 3457 tum
2868 3407 3216 3473 egregiorum
3255 3412 3526 3462 victorum

1959 3494 2340 3548 incredibilem
2377 3510 2503 3564 erga
2544 3495 2825 3549 Christum
2873 3496 3223 3551 all‘cetioncm
3269 3509 3325 3553 et
3359 3503 3532 3570 pieta-

1957 3592 2065 3639 tem
2109 3585 2345 3653 probare
2374 3586 2695 3655 possimus?
2737 3587 2854 3642 Non
2888 3591 3038 3642 enim
3081 3606 3250 3644 unum
3290 3600 3344 3645 et
3392 3594 3531 3646 alte-

1960 3689 2103 3736 rum,
2144 3683 2243 3727 aut
2282 3674 2449 3728 etiam
2496 3677 2683 3745 plures
2729 3682 3075 3745 catervatim,
3118 3681 3215 3735 sed
3263 3683 3527 3751 oppidum

1958 3776 2135 3821 totum
2172 3769 2422 3840 Phrygiae
2465 3768 2769 3837 quoddam,
2801 3771 2953 3827 cives
3000 3774 3217 3829 scilicet
3263 3791 3368 3829 una
3400 3790 3526 3828 cum

1958 3861 2289 3931 conjugibus
2346 3871 2403 3917 et
2452 3863 2642 3917 liberis
2697 3864 3009 3929 universos,
3064 3868 3270 3922 milites
3324 3871 3527 3923 armati

1958 3954 2467 4021 circumvallantes,
2515 3957 2639 4024 igne
2674 3957 2878 4029 injecto
2918 3971 3274 4015 exusserunt.
3306 3963 3526 4016 Crimen

1957 4055 2094 4113 erat,
2126 4045 2271 4115 quod
2303 4055 2359 4101 et
2391 4049 2677 4115 perfectus
2712 4052 3173 4121 magistratusque
3208 4064 3262 4107 et
3293 4058 3528 4125 populus

1957 4140 2077 4210 ejus
2100 4142 2281 4195 omnis
2315 4140 2595 4196 Christum
2633 4144 2983 4211 invocarent;
3019 4146 3213 4214 eisque
3253 4148 3346 4216 qui
3384 4148 3527 4202 idola

1958 4236 2141 4291 colere
2182 4252 2280 4291 eos
2319 4237 2643 4306 jussissent,
2692 4242 2878 4295 minus
2917 4242 3291 4312 obsequentes
3319 4254 3525 4298 essent.

1959 4329 2053 4383 Vir
2079 4330 2244 4383 etiam
2283 4330 2506 4398 quidam
2538 4330 2797 4387 Adaucus
2838 4336 3084 4398 nomine,
3116 4336 3374 4388 omnibus
3426 4337 3527 4390 ho-

1959 4421 2190 4476 noribus
2219 4423 2462 4489 functus,
2488 4424 2804 4492 illustrique
2829 4425 2973 4494 apud
3007 4426 3171 4479 Italos
3195 4428 3316 4480 loco
3344 4437 3525 4493 natus,

1959 4514 2168 4583 quique.
2202 4530 2299 4583 per
2329 4519 2685 4585 magistratus
2722 4526 2777 4571 et
2812 4518 3129 4586 dignitates,
3180 4534 3315 4586 quas
3348 4519 3527 4587 pluri-

1960 4620 2078 4660 mas
2109 4615 2375 4675 gesserat,
2408 4607 2571 4678 453
2600 4610 2668 4662 ad
2698 4610 3094 4664 sublimitatem
3137 4615 3379 4681 magistri
3416 4614 3532 4665 oili-

1959 4696 2173 4750 ciorum
2216 4710 2565 4766 pervenerat,
2608 4703 2811 4769 pietate
2855 4712 3039 4756 autem
3080 4713 3135 4757 et
3178 4706 3528 4758 confessione

1963 4784 2059 4840 Dei
2107 4786 2267 4842 facile
2311 4802 2506 4844 omnes
2545 4792 2933 4857 antecellebat,
2970 4795 3022 4846 in
3054 4809 3121 4847 eo
3153 4795 3270 4863 ipso
3304 4812 3528 4849 munere

1960 4878 2212 4947 martyrii
2239 4894 2498 4933 coronam
2528 4884 2763 4950 accepit.

2550 4994 2777 5051 CAPUT
2834 4997 2918 5051 XI.

1961 5080 2038 5140 De
2060 5082 2179 5136 aliis
2200 5098 2357 5151 quam
2376 5084 2616 5154 plurimis
2650 5091 2989 5158 martyribus,
3009 5090 3347 5160 plurifariam
3379 5109 3527 5145 mar—

2551 5160 2685 5227 tyrio
2713 5160 2931 5228 a/Iectis.

2038 5267 2146 5321 Sed
2207 5267 2337 5336 quid
2394 5269 2590 5324 attinet
2632 5272 2909 5341 sigillatim
2955 5284 3224 5345 martyres
3266 5275 3412 5344 ipsos
3443 5291 3530 5330 re-

1963 5374 2226 5422 censere,
2279 5371 2374 5416 aut
2418 5365 2583 5416 etiam
2634 5380 2923 5420 numerum
2978 5383 3169 5421 eorum
3223 5370 3525 5437 inquirere.

1962 5452 2357 5519 suppliciorum
2412 5454 2654 5523 denique
2722 5466 2830 5510 tam
2888 5459 3071 5514 varias
3127 5464 3341 5529 species
3399 5461 3528 5513 stilo

1963 5546 2265 5613 persequi?
2310 5561 2437 5600 cum
2487 5563 2678 5601 eorum
2720 5549 2970 5619 plerique
3019 5552 3202 5605 securi
3259 5553 3527 5620 percussi.

1963 5638 2106 5705 quod
2134 5638 2215 5691 eis
2246 5639 2299 5692 in
2325 5639 2526 5693 Arabia
2552 5642 2759 5696 accidit
2792 5661 2804 5696 :
2838 5645 3119 5697 nonnullis
3146 5660 3305 5697 crura
3331 5646 3528 5702 fracta.

1964 5731 2127 5785 sicuti
2174 5731 2227 5783 in
2276 5732 2621 5801 Cappadocia
2669 5736 2870 5788 factum
2921 5754 2932 5789 :
2983 5737 3150 5806 aliqui
3195 5739 3328 5806 pede
3360 5740 3531 5791 altera

1965 5825 2018 5877 in
2049 5825 2283 5881 sublime
2321 5827 2546 5894 sublati,
2572 5830 2751 5897 capite
2783 5831 2836 5883 in
2872 5842 3075 5885 terram
3107 5833 3367 5888 demisso.
3398 5835 3531 5884 inul-

3102 5930 3170 5984 31}
