4220 6438
722 356 741 413 l
754 353 856 414 227

1942 352 2358 414 NICEPHORI
2405 355 2749 421 CALLISTI

3829 373 3967 438 1228

717 469 853 521 liore
898 465 1021 535 igne
1070 465 1376 534 supposito,
1428 464 1578 519 fumo
1632 479 1698 517 ex
1755 466 1977 520 materia
2029 465 2286 519 viridiore
2316 472 2349 528 Α

2392 476 2881 545 καταπνιγομένων
2928 476 3005 547 τῷ
3040 479 3361 550 ἀνορῤἐοντι
3394 480 3493 551 τῆς
3545 482 3677 553 ὕλης
3731 488 3963 556 καπνῷ·

716 557 1073 625 proveniente
1122 556 1231 608 sint
1267 555 1560 616 sull'ucati,
1606 553 1750 624 quod
1786 554 1838 607 in
1884 554 2276 624 Mesopotamia

711 649 961 704 evenisse
1004 648 1261 718 legimus.
1294 646 1633 713 Quibusdam
1664 662 1847 710 nares,
1889 648 2051 710 labia,
2086 662 2274 713 aures,

716 756 908 796 manus
933 741 1095 796 etiam
1125 750 1179 795 et.
1212 741 1379 811 pedes
1409 739 1694 808 antputati,
1722 749 1777 795 et
1804 740 1905 809 ipsi
1939 740 2106 795 veluti
2132 754 2279 810 quas-

712 838 835 892 dam
865 833 1104 888 victima:
1132 834 1186 887 in
1227 847 1424 886 carnes
1456 831 1682 887 dissecti
1720 850 1732 885 :
1769 831 1913 900 quod
1948 830 2276 886 Alexandria

715 927 875 981 vidit.
917 926 1053 991 Quis
1085 940 1215 979 vero
1261 924 1606 978 Antiocitena
1655 924 1918 994 supplic-ia
1967 924 2278 978 memoret?

714 1019 807 1074 ubi
842 1020 995 1088 ignes
1025 1026 1082 1071 et
1115 1016 1388 1070 craticula:
1416 1016 1639 1078 fiebant,
1674 1030 1785 1068 non
1818 1013 2105 1068 confestim
2135 1028 2280 1067 mor-

712 1123 821 1164 tem
857 1110 1249 1170 aceelerantes,
1295 1107 1391 1161 sed
1442 1106 1647 1162 sensim
1694 1115 1996 1176 martyrum
2045 1120 2276 1174 corpora

712 1210 1006 1264 torrentes,
1041 1200 1419 1269 suppliciaque
1447 1208 1503 1253 et
1526 1211 1717 1268 ptmas
1757 1196 1812 1251 in
1839 1197 2060 1268 longum
2094 1207 2278 1252 extra-

712 1298 926 1349 hentes.
960 1292 1210 1348 Fuerunt
1241 1293 1314 1347 ibi
1350 1293 1541 1355 etiam,
1578 1292 1671 1360 qui
1703 1289 1924 1344 dextras
1956 1288 2124 1344 citius
2163 1288 2273 1358 igni

713 1389 928 1443 ardenti
992 1383 1402 1441 comburendas
1466 1384 1848 1448 imntittcrent,
1904 1397 2067 1451 quam
2114 1397 2276 1436 exse-

710 1478 926 1535 cranda
981 1492 1136 1533 sacra
1196 1486 1252 1530 et
1314 1475 1582 1530 sacrificia
1639 1474 1991 1544 attingerent.
2052 1473 2274 1542 Reperti

706 1587 927 1640 quoque
963 1579 1111 1634 sunt,
1160 1569 1253 1637 qui
1297 1570 1453 1639 prius
1501 1584 1561 1625 se
1609 1583 1674 1621 ex
1718 1567 1854 1621 locis
1896 1567 2276 1636 superioribus

712 1665 1023 1734 praecipites
1055 1662 1273 1727 darent,
1312 1676 1477 1731 quam
1516 1660 1820 1730 periculum
1866 1666 2270 1713 tormento-rum

708 1758 930 1812 adirent
966 1776 978 1810 :
1018 1766 1251 1809 mortem
1277 1754 1463 1823 potius
1490 1753 1655 1807 citam
1684 1752 1861 1817 obire,
1895 1766 2057 1821 quam
2085 1759 2145 1804 ut
2175 1749 2275 1804 im—

707 1851 921 1917 piorum
948 1847 1162 1915 laqueis
1192 1853 1545 1915 caperentur,
1573 1852 1956 1913 properantes.
1985 1841 2272 1897 llorrenda
2308 1822 2349 1877 Β

708 1956 835 1995 vero
874 1954 1097 2009 prorsus
1141 1946 1275 1992 sunt
1300 1946 1355 1991 et
1389 1936 1583 1992 auditu
1629 1934 2025 1999 intolerabilia,
2063 1951 2185 2004 qum
2219 1934 2272 1987 in

708 2036 886 2089 Ponto
935 2042 1206 2102 martyres
1254 2038 1385 2086 sunt
1422 2029 1588 2099 passi.
1633 2028 1971 2094 Quibusdam
2021 2027 2166 2082 enim
2217 2027 2273 2080 in

706 2126 938 2179 summis
987 2124 1173 2194 digitis
1224 2123 1510 2191 praeacutis
1557 2122 1787 2177 calamis
1834 2136 2045 2190 ungues
2092 2119 2273 2188 perfo-

702 2219 1020 2271 diebantur.
1065 2216 1170 2270 Alit
1209 2230 1341 2268 vero
1377 2215 1662 2285 plumbum
1705 2214 1827 2283 igne
1883 2212 2270 2282 liquefactum.

704 2312 993 2380 picemque
1043 2308 1365 2362 bullientcm
1422 2305 1662 2375 scapulis
1713 2314 1766 2358 et
1817 2304 1983 2358 dorso
2030 2303 2274 2373 excipie-

705 2405 857 2459 bant.
888 2401 1145 2456 Nonnulli
1172 2394 1421 2468 partibus
1445 2398 1527 2451 eis
1557 2413 1678 2467 quae
1701 2396 1927 2450 honeste
1959 2410 2065 2448 non
2096 2393 2272 2449 nomi-

705 2504 931 2558 nantur,
964 2491 1243 2547 cruciatus
1287 2489 1462 2544 [indos
1493 2489 1825 2557 silentioque
1860 2486 2122 2557 tegendos
2147 2500 2271 2556 per-

704 2585 961 2640 ferebant
985 2600 997 2635 :
1026 2598 1168 2653 quos
1190 2581 1405 2636 nobiles
1429 2581 1507 2635 illi
1528 2588 1582 2635 et
1610 2579 1782 2634 fortes
1807 2579 1913 2633 viri
1941 2578 2272 2647 philosopho

705 2680 866 2747 plane
897 2677 1082 2730 animo
1114 2683 1167 2728 et
1199 2675 1284 2744 pia
1321 2674 1556 2743 quadam
1599 2671 1903 2725 ambitione
1941 2671 2042 2724 sibi
2076 2679 2269 2724 contra

708 2784 899 2824 recens
947 2770 1169 2822 inventa
1216 2775 1512 2827 tormenta.
1551 2764 1944 2820 exuberantetn
1982 2761 2270 2816 abundan-

705 2866 835 2915 tiam
906 2859 1229 2915 constantiae
1298 2873 1421 2913 esse
1482 2856 1888 2921 ostenderunt,
1949 2867 2270 2924 generesatu

704 2954 995 3022 quamdam
1043 2950 1453 3005 contentionem
1505 2948 1661 3002 novis
1714 2946 1954 3017 praemiis
2006 2945 2271 3000 adversus

703 3059 903 3114 spurca
945 3051 1000 3096 et
1046 3042 1335 3095 inhonesta
1371 3040 1641 3110 supplicia
1685 3042 2061 3097 instituentes.
2114 3042 2270 3096 Post-

704 3150 867 3207 quam
924 3149 1059 3189 vero
1115 3132 1243 3188 victi
1294 3132 1617 3192 immanium
1673 3141 2077 3188 tormentorum
2139 3133 2266 3187 novi

704 3227 943 3286 artifices
987 3225 1340 3293 cgedibusque
1385 3223 1600 3294 fatigati
1648 3236 1798 3289 sunt,
1839 3225 2125 3295 adimpleti
2154 3226 2266 3296 jam

704 3322 769 3374 ad
816 3320 1125 3374 satietatem
1164 3331 1338 3386 usque
1370 3320 1704 3371 torrentium
1730 3308 1937 3381 instar,
1962 3315 2269 3386 profluente

709 3424 1010 3484 martyrum
1064 3411 1355 3480 sanguine,
1403 3410 1623 3464 tandem
1673 3410 1738 3463 ad
1790 3409 2171 3473 adumbratam
2213 3417 2270 3464 et

705 3507 943 3561 fucatam
983 3503 1290 3558 bonitatem
1326 3512 1455 3557 sunt
1487 3502 1761 3565 conversi,
1810 3514 1869 3554 ut
1907 3500 2122 3554 scilicet
2150 3516 2270 3553 am-

705 3602 849 3672 plius
887 3608 995 3651 tant
1034 3597 1411 3651 inhumaniter
1443 3605 1607 3665 atque
1647 3593 1948 3649 crudeliter
1978 3593 2267 3648 nobiscunt

703 3708 862 3763 agere
889 3707 996 3744 non
1024 3691 1367 3745 viderentur.
1402 3688 1567 3760 454
1594 3689 1713 3743 Non
1742 3689 1889 3743 enim
1923 3687 2266 3758 popularium

702 3799 901 3838 cruore
931 3783 1187 3838 civitates
1219 3782 1609 3845 contaminari,
1647 3795 1828 3850 neque
1862 3780 2269 3835 inhumanitate

706 3878 1105 3944 imperatorum
1158 3875 1558 3945 benignitatem
1612 3874 1906 3928 calumniis
1956 3873 2126 3943 objici
2173 3872 2267 3927 de-

703 3968 855 4029 bere,
896 3967 991 4020 sed
1038 3966 1223 4035 potius
1257 3965 1564 4035 imperialis
1594 3964 1887 4035 potestatis
1933 3965 2266 4021 benevolen-

703 4060 833 4112 tiam
866 4070 1030 4130 atque
1064 4060 1415 4114 clementiam
1448 4060 1502 4113 in
1541 4061 1832 4113 universos
1860 4060 2266 4115 extendendan

702 4167 823 4206 esse
860 4154 1141 4207 dicebant.
1177 4152 1530 4223 Quapropter
1573 4154 1755 4208 edicto
1789 4164 2012 4209 cautum
2051 4166 2158 4220 est,
2198 4171 2266 4211 ne

700 4245 1003 4297 t.bristiani
1065 4245 1187 4299 neci
1241 4245 1576 4299 dederentur
1627 4263 1643 4301 :
1697 4245 1847 4313 quod
1906 4246 2141 4316 perinde
2210 4249 2263 4304 id

699 4346 864 4396 esset.
893 4349 1059 4404 atque
1090 4338 1135 4389 si
1161 4337 1341 4405 pinnis
1373 4336 1774 4407 suppliciisque
1809 4339 2008 4394 modus
2030 4340 2267 4411 finisque

702 4430 1096 4495 impcneretur.
1126 4427 1462 4497 [mperatum
1491 4443 1643 4493 vero,
1674 4437 1735 4483 ut
1764 4429 1909 4483 oculi
1946 4430 2265 4487 hominibus

2385 560 2472 619 οἷα
2497 567 2555 620 ὲν
2584 571 2647 639 τῇ
2662 570 2821 644 Μέσῃ
2847 571 2955 625 τῶν
2981 576 3241 643 ποταμῶν
3268 576 3584 646 πεπρᾶχθαι
3607 577 3926 648 ἀνέγνωμεν
3949 598 3964 610 ·

2384 659 2562 714 ἄλλων
2592 664 2744 731 ῥῖνας
2775 667 2868 718 καὶ
2916 666 3068 736 χείλη
3114 666 3208 721 καὶ
3253 661 3387 732 ὦτα,
3438 669 3517 722 ἔτι
3550 670 3607 724 δὶ
3640 675 3735 725 καὶ
3773 676 3967 744 χεῖρας

2385 754 2481 805 καὶ
2519 752 2685 818 πόδας
2724 758 3226 827 περιαιρουμένων,
3270 760 3366 811 καὶ
3400 760 3541 812 καθά
3576 774 3700 814 τινα
3753 763 3963 831 σφάγια

2385 848 2911 917 κρεανομουμένων·
2947 850 3105 903 ὁποῖα
3136 849 3275 903 εῖδεν
3314 853 3347 922 ἡ
3394 852 3794 921 “Α).εξάνδρεια.
3839 856 3963 919 Πιῖις

2380 937 2437 990 δὲ
2464 937 2573 991 τῶν
2596 940 2718 992 κατ’
2759 940 3129 1012 Ἀντιόχειανό
3153 943 3308 1012 λόγος
3332 948 3546 1015 ύπομνη
3558 948 3707 1014 σθείη
3735 949 3961 1019 ςἝσχά·

2385 1046 2477 1098 ραι
2507 1031 2679 1099 πυρὸς
2719 1034 2857 1094 ἐκεῖ,
2904 1035 3004 1087 οὐκ
3044 1035 3241 1106 ἀθρόον
3286 1038 3377 1091 τὸν
3427 1042 3593 1111 μόρον
3633 1043 3960 1111 ἐπάγουσαι,

2381 1118 2564 1189 ἠρέμα
2592 1121 2637 1174 δ’
2667 1121 2976 1185 ὲξοπτῶσιι
3009 1126 3069 1179 τὸ
3115 1125 3438 1200 καταδραχὺ
3484 1133 3701 1200 μακρὰν
3733 1133 3963 1200 ἐπάγειν

2378 1213 2479 1282 τὴν
2510 1214 2780 1284 τιμωρίαν
2801 1255 2817 1280 ,
2855 1217 2950 1270 καὶ
2981 1219 3152 1284 δεξιαὶ
3178 1220 3223 1273 δ’
3244 1221 3423 1275 ἐκεῖσε
3449 1224 3481 1294 ἢ
3518 1223 3710 1277 θᾶττον
3743 1227 3963 1296 σφοδρῷ

2382 1310 2512 1377 πυρὶ
2544 1309 2885 1378 καθιέμεναι.
2921 1312 2952 1381 ἦ
2984 1313 3093 1365 τῶν
3124 1300 3333 1381 ἐναγῶν
3368 1315 3573 1369 θυσιῶν
3601 1318 3960 1387 καθαπτόμε-

2380 1420 2490 1458 ναι.
2524 1398 2626 1456 Ὃν
2653 1405 2716 1474 δή
2745 1421 2891 1467 τινες
2934 1406 3060 1475 μηδ’
3094 1408 3175 1469 είς
3231 1410 3425 1477 πεῖραν
3461 1409 3620 1478 ἥκειν
3661 1410 3959 1473 ἐθέλοντες,

2379 1493 2585 1547 ἀνωθεν
2623 1494 2682 1560 ἐξ
2706 1495 2971 1567 ὑπερῴων
3015 1498 3241 1564 ἑαυτοὺς
3274 1500 3694 1569 κατηκόντισαν,
3727 1502 3821 1553 τοῦ
3860 1506 3961 1571 μό-

2382 1604 2479 1657 ρου
2517 1588 2709 1642 θᾶττον
2754 1592 2942 1660 τυχεῖν
2983 1591 3281 1662 ἐφιέμενοι,
3314 1593 3482 1664 πρινὴ
3524 1594 3633 1646 τῶν
3675 1594 3958 1646 summu

2378 1680 2580 1735 ἁλῶναι
2608 1684 2728 1744 ταῖς
2771 1684 2999 1749 πάγαις.
3028 1684 3278 1754 Φρικώδη
3308 1685 3364 1737 δὲ
3392 1687 3489 1738 καὶ
3527 1687 3722 1748 ἀκοαῖς
3751 1688 3958 1756 ἥκιστα

2379 1772 2591 1841 φορητά
2622 1774 2763 1827 κατὰ
2791 1774 2990 1827 Πόντον
3017 1776 3257 1846 ἔπασχον
3289 1776 3467 1846 ἕτεροι
3491 1796 3503 1810 ο
3536 1770 3610 1831 ὧν
3636 1781 3682 1831 οἱ
3720 1780 3819 1848 μὶν
3855 1798 3957 1833 κα-

2379 1863 2567 1933 λάμοις
2602 1866 2744 1919 κατά
2772 1866 2882 1921 τῶν
2920 1867 3105 1937 ἄκρων
3136 1868 3419 1924 δακτύλων
3447 1873 3573 1934 τοὺς
3613 1872 3810 1940 ὄνυχας
3845 1873 3959 1925 διε-

2376 1957 2628 2027 πείροντο
2654 1974 2669 1990 ·
2695 1955 2834 2028 ἦσαν
2869 1961 2913 2013 δ’
2935 1961 2985 2013 οἳ
3015 1961 3266 2028 μόλιϐδον
3295 1962 3618 2018 διατακέντα
3648 1968 3804 2035 πυρὶ,
3833 1968 3959 2018 πίσ-

2375 2067 2477 2105 σαν
2502 2068 2560 2105 τε
2583 2051 2965 2121 καχλάζουσαν
2989 2056 3104 2118 τοῖς
3127 2056 3493 2125 μεταφρένοις
3529 2058 3793 2127 ἐδέχοντο.
3825 2060 3956 2111 Ἀλ-

2374 2145 2455 2197 λοι
2484 2147 2594 2207 τοῖς
2628 2147 2961 2217 ἀπορρήτοις
3015 2145 3125 2201 τῶν
3180 2149 3359 2217 μελῶν
3393 2150 3629 2219 αίτχρας
3670 2166 3825 2214 τινας
3862 2154 3959 2203 καὶ

2372 2238 2574 2308 ἥκιστα
2599 2238 2743 2309 λόγῳ
2773 2240 2944 2309 ῥητὰς
2973 2241 3266 2311 συμφορὰς
3299 2240 3648 2310 διαῳόριιντες
3679 2238 3822 2311 ἦσαν
3850 2261 3863 2274 ’
3888 2244 3956 2308 ἀς

2373 2328 2420 2381 οἱ
2448 2330 2686 2395 γενναῖοι
2715 2329 2993 2399 διαιτηταὶ
3034 2329 3315 2400 φιλοσόφῳ
3353 2331 3635 2403 φιλοτιμίᾳ
3667 2334 3810 2386 κατὰ
3835 2332 3946 2385 τῶι

2374 2422 2706 2493 καινοτέρων
2764 2422 3044 2476 κολάσεων
3098 2425 3419 2494 περιουσίαν
3462 2425 3584 2478 τινὰ
3644 2428 3945 2495 καρτερίας

2373 2516 2767 2583 ἐπεδείκνυντο,
2814 2518 3049 2587 ἀμιλλαν
3077 2520 3179 2571 οὐκ
3212 2520 3415 2589 ἀγεννῆ
3448 2521 3800 2584 συνιστάντες
3832 2524 3950 2585 τοῖς

2373 2607 2577 2667 καινοῖς
2608 2605 2883 2675 βραϐείοις
2910 2607 3019 2661 τῶν
3047 2608 3260 2678 ἀτίμων
3294 2610 3599 2680 τιμωριῶν.
3648 2610 3737 2674 Ὠς
3764 2612 3822 2665 δὲ
3852 2612 3956 2680 μόο

2373 2695 2457 2759 λις
2482 2698 2849 2764 ἀπειρηκότες
2878 2693 3017 2769 ἦσαν
3044 2701 3094 2752 οἱ
3129 2702 3310 2756 καινοὶ
3337 2702 3447 2756 τῶν
3475 2705 3755 2757 κολάσεων
3786 2721 3957 2757 σπου-

2372 2787 2586 2852 δασταὶ,
2615 2791 2919 2853 κτείνοντές
2941 2808 3000 2843 τε
3038 2792 3346 2862 ἀπέκαμον,
3374 2794 3866 2865 ύπερεπίμπλαντό
3896 2814 3956 2850 τε

2373 2883 2453 2943 εἰς
2501 2884 2660 2951 κόρον
2691 2885 2801 2945 τοῖς
2840 2883 3123 2953 ὲκρέουσιν
3170 2888 3381 2957 ὀχετοῖς
3409 2888 3520 2941 τῶν
3547 2892 3823 2960 αἱμάτων,
3860 2894 3957 2944 ἐπὶ

2374 2973 2718 3041 χρηστότητα
2744 2973 2906 3042 δῆθεν
2940 2978 3331 3046 κεχρωσμένην
3360 2980 3601 3046 ἐχώρουν
3624 2994 3637 3008 ·
3662 2980 3737 3043 ὠς
3766 2981 3835 3033 ἂν
3878 2984 3955 3050 μὴ

2372 3061 2579 3116 δοκοῖεν
2622 3064 2703 3117 ἔτι
2747 3065 2869 3118 καθ’
2901 3068 3059 3136 ἡμῶν
3093 3070 3160 3121 τα
3191 3069 3343 3123 δεινά
3388 3072 3650 3143 πράττειν
3676 3091 3689 3104 ·
3728 3073 3807 3144 μὴ
3838 3075 3955 3127 δεῖν

2297 3182 2341 3239 C
2374 3154 2482 3225 γὰρ
2512 3151 2650 3211 εἶναι
2673 3159 2961 3227 ὁμοφύλων
2989 3163 3184 3234 αἵμασι
3219 3166 3456 3233 μιαίνειν
3486 3169 3586 3231 τὰς
3618 3170 3802 3231 πόλεις
3839 3170 3959 3222 ελε-

2372 3265 2491 3316 γον,
2546 3249 2670 3319 μηδ’
2708 3251 3075 3327 ἀπανθρωπία
3118 3257 3218 3327 τὴν
3253 3258 3361 3311 τῶν
3396 3262 3749 3331 κρατούντων
3794 3262 3959 3331 εύμὲο

2372 3357 2518 3395 νειαν
2545 3341 2853 3396 διαῦἀλλειν
2875 3360 2892 3376 ο
2930 3345 2991 3397 τὸ
3018 3346 3075 3399 δὲ
3100 3348 3280 3416 πρᾶον
3311 3350 3408 3402 καὶ
3441 3350 3828 3422 φιλάνθρωπον
3853 3352 3958 3421 τῆς

2374 3432 2655 3503 βασιλικῆς
2704 3434 2953 3500 ἐξουσίας
3004 3439 3096 3490 ἐπὶ
3148 3439 3358 3502 πάντας
3416 3440 3757 3495 ἔκτείνεσθαι
3815 3442 3955 3497 δεῖν.

2374 3526 2537 3581 Ὅθεν
2592 3527 2846 3581 ἐκέλευον
2891 3531 2965 3598 μὴ
3021 3529 3240 3601 θανάτῳ
3271 3531 3418 3586 λύειν
3457 3533 3640 3602 ἡμᾶς·
3692 3534 3808 3586 ίσον
3846 3538 3959 3605 γὰρ

2371 3616 2512 3672 εἶναι
2536 3619 2739 3675 καὶτοῦ
2769 3622 3135 3692 τιμωρεῖσθαι
3167 3623 3509 3679 πεπαῦσθαι.
3535 3627 3727 3679 Ἔνθεν
3755 3644 3842 3680 τοι
3864 3632 3959 3681 καὶ

2371 3709 2754 3779 ἐξορύττεσθαι
2786 3714 2886 3781 μὲν
2914 3711 3247 3783 ὀφθαλμοὺς,
3280 3713 3507 3786 θάτερον
3532 3716 3587 3769 δὲ
3614 3718 3748 3770 πόδα
3779 3733 3959 3788 προσ-

2370 3803 2722 3874 αφαιρεῖσθαι
2767 3808 3157 3874 προσέταττον.
3216 3805 3374 3861 Οὕτω
3429 3810 3538 3878 γὰρ
3582 3802 3723 3862 εἶναι
3766 3810 3956 3873 αὐτοῖς

2372 3895 2742 3963 ἀπάνθρωπον
2788 3895 2851 3950 ἰδ
2896 3898 3281 3968 φιλάνθρωπον
3330 3901 3423 3955 καὶ
3482 3902 3619 3972 πρὸς
3676 3904 3957 3972 τιμωρίαν

2371 3987 2692 4056 πραότερον.
2710 3988 2796 4051 Ὠς
2817 3988 3133 4058 συμϐαίνειν
3148 3990 3235 4044 διὰ
3248 3992 3453 4062 ταύτην
3472 3993 3565 4063 τὴν
3578 3994 3956 4063 ἀπάνθρωπον

2371 4078 2783 4147 φιλανθρωπίαν
2818 4081 2924 4133 τῶν
2946 4081 3161 4135 ἀσεὸὦν
3191 4084 3382 4152 μηκέτ’
3413 4080 3521 4136 οἷόν
3548 4101 3603 4135 τε
3629 4080 3771 4139 εἶναι
3794 4086 3955 4152 λόγον

2370 4169 2666 4233 διαλαϐεῖν,
2696 4172 2810 4223 ὅσοι
2838 4174 2936 4241 μὲν
2958 4175 3082 4237 τοὺς
3101 4174 3209 4227 τῶν
3237 4175 3534 4245 ὀφθαλμῶν
3563 4176 3771 4239 δεξιοις
3806 4177 3952 4247 iam.

2373 4263 2645 4330 πρότερον
2687 4264 3040 4328 ὲκκοπέντες,
3093 4267 3284 4319 ἔπειτα
3323 4267 3431 4337 πῦρ
3470 4270 3609 4320 κατὰ
3645 4269 3744 4338 τῆς
3776 4270 3952 4339 τομῆς

2369 4352 2760 4423 εἰσδεξάμενοι,
2786 4355 3128 4427 πλανώμενοι
3150 4359 3474 4429 περιῄεσαν-
3494 4361 3592 4412 καὶ
3613 4362 3729 4412 ὅσοι
3754 4361 3820 4430 δὴ
3844 4362 3953 4414 τῶν

2369 4443 2545 4495 ποδῶν
2589 4446 2713 4508 τοὺς
2747 4448 2928 4509 λαιούς
2964 4451 3200 4519 καυτῆρι
3243 4450 3404 4522 βιαίῳ
3452 4456 3815 4522 χρησάμενοι,
3873 4455 3952 4517 ὡς

701 4518 908 4573 uestris
945 4518 1343 4583 (truderentur,
1377 4530 1433 4573 et
1476 4521 1680 4589 pedum
1730 4521 1869 4574 alter
1914 4521 2264 4576 abscindere-
2300 4516 2343 4569 ι)

2374 4534 2534 4604 ἄχθος
2566 4537 2785 4590 ἐτώσιον
2811 4534 2973 4609 ἦσαν,
3005 4541 3213 4605 τούτοις
3237 4546 3623 4615 ἐπισυρόμενοι
3650 4562 3663 4574 ·
3698 4543 3821 4601 εἶτα
3856 4551 3950 4602 καὶ

703 4624 812 4665 tur.
840 4610 917 4665 Ita
955 4612 1103 4666 enim
1136 4612 1272 4677 fore,
1306 4622 1366 4665 ut
1412 4613 1787 4667 inhumanitas
1816 4614 1929 4683 ipsa
1972 4615 2267 4670 humanior

698 4712 752 4754 et
802 4699 871 4754 ad
924 4700 1223 4755 vindictam
1280 4703 1455 4757 lenior
1515 4717 1638 4757 esse
1691 4695 1989 4757 videretur.
2040 4697 2265 4758 Factum

699 4804 832 4843 sane
886 4804 986 4860 per
1041 4793 1383 4862 cjuscentodi
1435 4794 1735 4848 humanam
1808 4795 2266 4851 inltumanitatetn

703 4882 997 4951 impiorum
1029 4885 1340 4950 hominum,
1378 4895 1436 4939 ut
1465 4888 1579 4955 jam
1610 4886 1794 4940 verbis
1825 4889 2117 4956 complecti
2152 4904 2264 4943 non

698 4977 790 5036 sit,
818 4984 1024 5042 quanta
1052 4978 1351 5031 multitudo
1371 4993 1567 5032 eorum
1592 4980 1797 5047 quibus
1820 4981 1999 5034 dextri
2025 4981 2264 5050 primunt

2378 4630 2489 4690 τοῖς
2522 4629 2637 4680 κατ’
2668 4633 2936 4700 ἐπαρχίαν
2965 4634 3249 4703 μετάλλοις
3281 4637 3341 4689 ού
3362 4640 3553 4707 χρείας
3586 4639 3739 4691 ἔνεκε
3768 4642 3946 4705 τόσον,

2376 4718 2452 4780 ὡς
2494 4719 2558 4788 δὴ
2608 4722 2907 4785 κακώσεως
2952 4727 3047 4779 καὶ
3073 4726 3477 4798 ταλαιπωρίας,
3524 4731 3951 4797 κατεδικάζοντο

2376 4806 2747 4877 ἀπηνέστερον
2772 4826 2784 4839 ·
2817 4811 2968 4865 ἄλλοι
2999 4814 3054 4866 δὲ
3083 4816 3259 4879 ἄλλως
3288 4819 3675 4889 διεκαρτέρουν
3694 4840 3706 4852 ·
3738 4822 3775 4875 ἃ
3810 4822 3948 4892 μηδὲ

2378 4896 2559 4965 λέγειν
2603 4901 2785 4969 ῥᾴδιον
2811 4918 2826 4933 ⁸
2859 4905 3051 4957 νικῶσι
3088 4907 3197 4977 γὰρ
3228 4910 3406 4963 πάντα
3437 4912 3591 4979 λόγον
3624 4915 3692 4966 τέι
3719 4916 3950 4968 ἐκείνων

2374 4990 2744 5061 παλαίσματα.

702 5072 849 5127 oeuli
908 5073 1057 5130 ferro
1116 5075 1287 5129 excisi
1367 5086 1517 5139 sunt,
1567 5076 1766 5130 deinde
1818 5077 1961 5146 ignis
2004 5078 2059 5129 in
2111 5079 2309 5136 vulnus
2348 5084 2527 5155 ipsum
2577 5089 2833 5159 injectus,
2882 5095 3052 5150 veluti
3104 5097 3415 5153 errabunda
3501 5100 3628 5155 hinc
3669 5100 3793 5156 inde
3839 5102 3950 5155 cir-

700 5170 963 5271 cumierit
1008 5191 1022 5225 :
1064 5182 1162 5227 aut
1200 5181 1403 5241 quanta
1444 5174 1527 5227 vis
1560 5174 1727 5228 fuerit
1774 5189 1966 5230 eorum
2002 5178 2096 5246 qui
2163 5179 2422 5239 sinistros
2491 5188 2662 5257 pedes
2729 5191 2902 5261 ἰαιιὶιο
2965 5194 3114 5251 ferro
3144 5196 3439 5254 violentius
3466 5199 3669 5265 adusti,
3700 5214 3801 5255 eos
3821 5212 3951 5271 post

702 5279 764 5363 se
795 5266 1109 5336 trahebant,
1140 5270 1295 5339 quasi
1337 5270 1552 5325 telluris
1588 5272 1783 5328 inutile
1823 5272 2041 5342 pondus
2075 5275 2206 5333 facti
2242 5297 2258 5335 :
2302 5291 2568 5350 praeterea
2620 5298 2837 5353 eorum,
2865 5288 2959 5359 qui
3021 5290 3483 5348 inbumanissime
3505 5307 3603 5363 per
3625 5266 3951 5363 provincias

700 5356 765 5409 ad
803 5361 1045 5425 metalla,
1079 5378 1187 5417 non
1234 5364 1311 5418 illi
1346 5365 1570 5433 quidem
1616 5369 1964 5423 necessitatis
2010 5380 2107 5425 aut
2138 5389 2271 5430 usus
2311 5376 2542 5448 alicujus
2608 5382 2807 5450 gratia,
2849 5356 2947 5438 scd
2986 5394 3045 5439 ut
3118 5385 3192 5441 ibi
3228 5391 3458 5443 summis
3483 5356 3748 5444 aerumnis
3776 5405 3949 5446 vexa-

700 5459 929 5554 rentur,
984 5464 1115 5506 sunt
1175 5456 1439 5515 damnati.
1529 5458 1636 5513 Alii
1686 5476 1857 5530 porro
1944 5464 2104 5521 aliter
2154 5468 2340 5525 afﬂicti
2382 5473 2759 5541 perdttrarunt
2810 5495 2825 5530 :
2874 5492 3014 5548 quos
3065 5478 3308 5550 referre,
3361 5485 3491 5554 quia
3543 5486 3705 5540 luntre
3765 5498 3947 5543 certa-

702 5548 990 5618 tionesque
1053 5564 1243 5606 eorum
1308 5570 1529 5610 omnem
1588 5568 1851 5629 superant
1914 5564 2263 5633 orationem,
2308 5582 2573 5638 perquam
2603 5570 2959 5631 estdiﬂicile.

2306 5748 2376 5767 _
