4220 6438
262 402 395 465 1229

855 504 1105 560 ΚΕΦΑΛ.
1142 503 1241 560 IB’.

256 597 400 666 Περι
424 598 544 651 τῶν
571 598 698 649 κατ’
727 599 1100 664 Ἀντιόχειαν
1131 601 1460 666 σωφρόνως
1510 598 1578 651 τὸ
1600 598 1829 666 μαρτύ-

439 687 579 736 ριον
610 668 988 723 διελθουσῶν
1023 669 1255 738 ὡραίων
1277 671 1612 737 παρθένων.

327 784 446 836 Οὐκ
463 781 652 848 ἂνδρες
680 780 736 834 δὲ
763 780 945 850 μόνον,
971 780 1108 836 ἀλλὰ
1138 782 1233 834 καὶ
1256 779 1436 850 πολλῷ
1466 779 1631 834 πλέον
1649 781 1834 847 γυναί-

253 893 348 936 κες
375 873 710 943 ἡνδρίζοντο.
744 873 845 926 Οῐα
875 875 1054 942 ἐκείνη
1085 874 1176 926 ἐπὶ
1208 873 1302 942 τῆς
1339 874 1635 942 Ἀντιόχου.
1665 872 1755 926 διά
1773 889 1832 925 τε

253 968 357 1036 τὴν
388 967 589 1037 ἀρετὴν
622 967 716 1018 καὶ⁵
750 965 918 1019 τᾶλλα
945 965 1096 1034 παρὰ
1123 967 1259 1018 πᾶσι
1286 965 1574 1035 διαϐόητος
1604 960 1770 1018 οὖσα·
1801 967 1834 1036 ἢ

257 1057 451 1123 ζεῦγος
488 1057 776 1125 παρθένων
809 1057 928 1126 ὥρα
962 1059 1056 1110 καὶ
1097 1056 1312 1126 ἡλικίας
1345 1057 1500 1127 ἁκμῇ
1532 1057 1835 1127 διαπρέπον

255 1151 479 1218 ἔχουσα,
531 1149 722 1220 ἐπειδὴ
751 1149 830 1218 τῷ
865 1147 1046 1218 πολὶῴ
1082 1149 1261 1218 φθόνῳ
1287 1148 1625 1202 λανθάνουσα
1654 1144 1722 1220 ἦν
1748 1150 1836 1202 ἐπ’

255 1242 572 1311 ἀλλοδαπῆς
622 1242 970 1312 πεποιημένη
1020 1242 1116 1310 τὴν
1169 1241 1488 1311 διατριϐὴν,
1540 1241 1726 1295 ἐκάλει
1779 1243 1837 1296 δὲ

259 1335 417 1402 μόλις
442 1336 611 1404 αὐτὴν
637 1338 668 1405 ἡ
697 1338 914 1403 πατρὶς,
935 1335 1287 1405 στρατιωτῶν
1308 1335 1545 1396 δικτύοις
1562 1335 1836 1405 ἡλίσκετο.

267 1428 358 1490 Ὦς
405 1429 449 1481 δ’
479 1431 533 1480 ὲν
559 1431 829 1498 ἀμηχάνῳ
861 1428 1060 1497 ἑαυτὴν
1094 1430 1188 1480 καὶ
1225 1427 1422 1489 παῖδας
1452 1429 1770 1490 κατεθεᾶτο,
1804 1428 1838 1480 ἆ

255 1537 316 1572 τε
348 1522 672 1588 καραδοκεῖν
704 1521 812 1573 ἔδει
847 1522 954 1573 τῶν
980 1519 1192 1585 δεινῶν,
1221 1522 1475 1574 ἁνεπόλει
1507 1520 1583 1590 τῷ
1614 1522 1712 1590 νῷ,
1744 1523 1840 1574 καὶ

255 1614 320 1664 τὸ
350 1615 449 1680 τῆς
496 1614 751 1682 πορνείας
785 1614 906 1674 δέος
954 1616 1068 1675 τοῖς
1102 1613 1350 1683 βιασταίς
1405 1614 1716 1666 ἀνεσείετο·
1749 1608 1838 1666 οἷα

261 1705 385 1774 μηδ’
440 1708 631 1774 ἀκροις
672 1705 804 1758 ὠσὶν
842 1707 1069 1759 ἀνεκτὸν
1116 1707 1370 1776 οἰομένη,
1425 1705 1670 1759 ὑπετίθει
1721 1710 1839 1772 ταῖς

257 1799 452 1864 κόραις
495 1799 790 1867 φυλάττειν
825 1799 922 1866 μὲν
963 1798 1127 1869 ἁθιγῆ
1157 1799 1256 1869 τὴν
1300 1799 1599 1870 παρθενίαν
1629 1802 1708 1862 είς
1747 1799 1838 1852 τέ-

1156 398 1762 457 ΕαριΕδιΑδίιρΑς
1799 393 2184 458 ιιιὸΤΟΓιΙιιΕ
2222 395 2370 455 LIB.
2418 390 2543 453 ἰ’ἷῖ.

3337 379 3499 444 ,1230

2525 494 2750 554 CAPUT
2789 494 2902 548 XII.

1931 599 2004 652 De
2031 597 2322 668 virginibus
2352 593 2686 668 Antiocltenis
2726 593 2921 668 forma”
2945 585 3500 668 excellentittmquo-

2064 659 2217 722 modo
2258 666 2504 736 martyrii
2535 659 2768 717 stadium
2797 659 2980 729 pudice
3011 659 3360 711 decurrerint.

2000 780 2112 836 Nec
2139 781 2247 837 viri
2294 790 2531 843 tantum,
2568 779 2662 834 sed
2695 777 2866 832 multo
2897 776 3064 830 etiam
3100 775 3274 843 magis
3305 773 3502 826 mulie-

1933 889 2022 928 res
2055 874 2309 928 virilibus
2336 873 2537 927 animis
2575 870 2838 941 praeclare
2882 884 2938 921 sc
2974 879 3281 936 gesserunt.
3314 865 3504 930 Qualis

1935 966 2276 1021 Antiochena
2315 967 2407 1021 illa
2436 965 2559 1028 fuit,
2596 973 2820 1033 propter
2854 966 3112 1016 virtutem
3145 961 3362 1027 aliaque
3391 960 3510 1014 exi-

1935 1060 2040 1112 mia
2087 1067 2411 1113 ornamenta
2463 1056 2608 1127 apud
2653 1071 2848 1110 omnes
2901 1055 3198 1109 admodum
3246 1055 3506 1108 celebris.

1932 1149 2064 1215 Qua!
2120 1150 2260 1204 ﬁlias
2320 1148 2455 1203 duas
2507 1149 2749 1218 virgines
2812 1148 2986 1202 forma
3040 1157 3096 1200 et
3147 1149 3326 1202 aetatis
3375 1147 3510 1201 ﬂore

1934 1243 2266 1296 excellentes
2316 1243 2549 1305 habens,
2599 1257 2724 1295 cum
2773 1240 2840 1294 ad
2888 1240 3200 1294 evitandam
3249 1239 3514 1294 invidiam

1934 1335 2076 1388 clam
2111 1335 2165 1388 in
2199 1335 2498 1405 longinqua
2539 1345 2686 1388 terra
2716 1335 2895 1389 latens
2923 1335 3245 1403 aliquandiu
3279 1335 3516 1388 mansis-

1932 1436 2036 1487 set,
2064 1438 2120 1480 et
2154 1427 2209 1479 in
2239 1431 2469 1496 patriam
2507 1436 2758 1479 revocata
2790 1437 2957 1489 esset,
2993 1443 3020 1479 a
3058 1427 3292 1480 militum
3332 1444 3498 1480 manu

1939 1534 2045 1572 una
2095 1533 2221 1572 cum
2271 1519 2381 1573 illis
2426 1531 2586 1587 capta
2636 1530 2739 1572 est.
2775 1520 2955 1588 Atque.
3010 1530 3069 1572 ut
3118 1519 3187 1572 de
3238 1521 3417 1589 seipsa
3465 1531 3522 1574 et.

1941 1610 2139 1678 puellis
2181 1611 2369 1665 itidem
2421 1627 2574 1682 spem
2627 1627 2846 1665 omnem
2895 1612 3116 1682 abjecit,
3149 1627 3383 1682 quaeque
3426 1627 3524 1666 ex-

1940 1702 2258 1769 spectandae
2282 1712 2471 1756 essent
2497 1719 2754 1756 teruninze
2777 1713 2943 1772 atque
2964 1704 3307 1759 calamitates
3332 1719 3520 1759 secum

1946 1792 2060 1861 ip~a
2115 1796 2170 1848 in
2221 1795 2406 1848 animo
2441 1796 2855 1861 consideravit,
2889 1808 2945 1850 et
2988 1797 3056 1850 ab
3104 1797 3374 1867 improbis
3415 1798 3523 1851 illis

255 1891 390 1952 λος·
441 1893 619 1960 πάσης
650 1890 705 1941 δὲ
759 1893 852 1940 καὶ
897 1889 1103 1958 φθορᾶς
1156 1890 1416 1942 ἐπέκεινα
1465 1891 1560 1942 καὶ
1609 1890 1842 1942 θανάτου

1949 1885 2314 1956 violentisque
2359 1888 2675 1941 hominibus
2720 1891 2787 1943 de
2835 1889 3222 1943 fornicationis
3271 1891 3523 1959 periculo

256 1983 430 2053 χείρω
459 1983 556 2050 τὴν
589 1983 694 2034 τῶν
725 1982 959 2035 εἰδώλων
987 1979 1415 2051 λατρεία-ηεῖναι
1450 1983 1613 2036 πάλιν
1647 1983 1845 2036 ἐπεισε-

256 2081 449 2147 ηγεῐτο
475 2092 489 2105 ·
521 2075 645 2127 ὅθεν
706 2076 799 2126 καὶ
834 2075 962 2145 μίαν
1001 2076 1156 2128 λύσιν
1189 2070 1329 2128 εἶναι
1361 2075 1590 2138 τούτων,
1625 2077 1723 2145 τὴν
1754 2075 1849 2128 ἐπὶ

257 2170 351 2220 τὸν
380 2167 584 2237 Κύριον
611 2168 830 2230 πάντως
858 2167 1200 2238 καταφυγὴν,
1230 2167 1409 2236 σοφῶς
1435 2168 1707 2223 ὑπετίθει.
1735 2169 1848 2221 Καὶ

257 2262 326 2332 δὴ
361 2262 491 2332 μιᾶς
519 2260 688 2330 ἄμφω
709 2259 935 2332 γνώμης
957 2261 1272 2330 γινόμεναι,
1297 2260 1541 2330 κοσμίως
1561 2277 1620 2313 τε
1656 2262 1722 2314 τὰ
1746 2261 1849 2314 σώ-

265 2371 413 2424 ματα
438 2353 878 2419 περιστείλασαι,
900 2349 981 2415 οἷς
999 2355 1028 2407 ὁ
1061 2355 1252 2422 καιρὸς
1275 2352 1554 2421 ἑσχεδίαζσ
1587 2351 1849 2422 περιϐλή-

263 2464 422 2518 μασι,
462 2447 608 2501 κατὰ
659 2447 826 2516 μέσον
876 2448 1170 2515 γενόμεναι
1205 2446 1304 2514 τῆς
1345 2444 1493 2511 δδοῦ,
1549 2446 1746 2516 μικρόν
1796 2462 1849 2498 τι

261 2542 715 2611 ἀναχωρήσασαι,
731 2539 824 2593 καὶ
841 2536 939 2609 τὴν
969 2538 1078 2591 τῶν
1102 2537 1360 2606 φυλάκων
1387 2537 1509 2608 δψιν
1532 2554 1852 2608 παρακρουο

265 2635 528 2704 σάμεναι,
583 2635 679 2688 ἐπὶ
720 2633 813 2688 τὸν
852 2634 1033 2686 ὲκεῖσέ
1067 2650 1168 2685 που
1207 2633 1589 2703 παραρρέοντα
1609 2633 1854 2699 ποταμὸν

265 2729 468 2791 ἑαυτὰς
500 2728 928 2798 κατηκόντισαν.
967 2727 1076 2779 Καὶ
1106 2724 1242 2794 ἄλλη
1275 2723 1322 2776 δ’
1343 2724 1592 2794 ἀδελφῶν
1624 2725 1853 2796 ξυνωρὶς

265 2824 364 2875 ἐπὶ
395 2824 492 2889 τῆς
530 2820 700 2887 αὐτῆς
738 2819 967 2881 πόλεως,
1003 2817 1096 2869 καὶ
1139 2817 1234 2884 οὐχ
1265 2811 1426 2885 ἧττον
1455 2815 1488 2884 ἢ
1525 2817 1733 2867 ἐκεῖναι
1758 2816 1854 2867 καὶ

266 2914 538 2982 παρθένοι
569 2914 662 2966 καὶ
699 2913 904 2980 ἀδελφὰ
932 2911 1008 2979 τῷ
1039 2911 1153 2964 δντι
1185 2909 1507 2978 φρονοῦσαι,
1551 2908 1768 2980 πλούτῳ
1791 2925 1851 2961 τε

265 3010 367 3061 καὶ
401 3007 527 3076 δόξῃ
574 3005 786 3068 οὐδενὸς
823 3006 891 3057 τὰ
947 3004 1181 3072 δεύτερα
1231 3003 1518 3072 φέρουσαι,
1558 3002 1757 3070 ἐπίσης
1794 3017 1854 3052 τε

268 3099 371 3161 τὰς
411 3098 562 3165 ὄψεις
598 3097 799 3167 ὡραῖαι
834 3097 931 3147 καὶ
960 3095 1059 3164 τὴν
1086 3093 1268 3162 ψυχὴν
1304 3093 1550 3157 εὐγενεῖς
1579 3108 1594 3122 ·
1617 3090 1855 3160 ἐφάμιλ-

1947 1995 2010 2032 ea
2040 1993 2161 2047 qua:
2190 1994 2293 2032 nec.
2322 1983 2554 2033 summis
2589 1981 2818 2034 auribus
2847 1981 3075 2034 ferenda
3111 1996 3233 2036 esse
3268 1983 3525 2036 videren-

1951 2079 2043 2123 tur
2075 2069 2309 2132 audivit,
2355 2085 2482 2124 cum
2529 2070 2670 2124 ﬁlias
2714 2071 2781 2124 ad
2822 2073 3197 2140 virginitatem
3244 2089 3418 2144 usque
3457 2076 3525 2128 ad

1951 2161 2076 2214 vitae
2104 2164 2265 2216 linem
2290 2162 2613 2216 inviolatam
2643 2163 3080 2218 conservandam
3102 2174 3186 2220 est
3211 2165 3526 2232 adliortata,

1953 2263 2069 2308 tum
2131 2269 2263 2308 vero
2322 2253 2597 2308 idolorum
2661 2256 2870 2309 cultum
2927 2258 3122 2326 quovis
3175 2258 3406 2312 interitu
3465 2273 3530 2311 ac

1952 2355 2132 2403 morte
2158 2347 2494 2402 deteriorem
2526 2363 2649 2403 esse
2693 2349 2803 2405 illis
2832 2352 3114 2420 persuasit
3149 2369 3163 2407 :
3207 2368 3376 2407 unum
3404 2367 3530 2408 esse

1954 2444 2242 2512 utriusque
2270 2442 2398 2496 mali
2430 2441 2696 2510 eﬂ‘ugium
2737 2446 3021 2514 sapienter
3064 2463 3342 2513 asserens,
3380 2449 3426 2503 si
3459 2448 3528 2503 ad

1956 2536 2248 2593 Dominum
2303 2536 2680 2608 perfugerent.
2727 2537 2890 2610 555
2945 2538 3144 2594 Puella:
3193 2556 3360 2612 porro
3400 2558 3530 2596 cum

1955 2629 2128 2683 amba:
2182 2629 2238 2682 in
2284 2627 2479 2682 matris
2521 2631 2860 2684 sententiam
2902 2630 3281 2700 discederent,
3336 2651 3536 2703 corpo.

1955 2721 2112 2776 ribus
2160 2721 2274 2774 suis
2322 2720 2428 2775 rite
2482 2728 2650 2790 atque
2699 2723 2965 2777 decenter
3012 2740 3080 2779 eo
3120 2725 3314 2780 habitu
3366 2745 3529 2798 quem

1958 2821 2074 2864 tum
2114 2818 2333 2880 tempus
2369 2811 2758 2880 suppeditabat
2787 2815 3008 2868 amictis
3039 2853 3054 2879 ,
3087 2817 3214 2885 quia
3255 2818 3307 2871 in
3350 2819 3536 2873 medio

1957 2912 2115 2956 erant
2143 2902 2363 2968 itinere,
2394 2903 2679 2972 paululum
2708 2920 2740 2959 a
2770 2905 2859 2959 via
2889 2906 3175 2976 digressa,
3209 2912 3537 2967 custodibus

1957 2995 2228 3064 deceptis,
2264 2997 2318 3048 in
2360 2997 2588 3050 ﬂuvium
2619 2998 2714 3067 qui
2747 2998 2821 3052 ibi
2853 3001 3263 3069 praterﬁuebat
3299 3018 3359 3058 se
3397 3020 3536 3064 cun-

1953 3087 2141 3156 jecere
2181 3088 2278 3155 (1).
2326 3087 2487 3141 Aliud
2525 3104 2747 3159 quoque
2783 3092 2835 3144 in
2870 3091 3064 3145 eadem
3111 3094 3247 3149 urbe
3282 3111 3534 3152 sororum

267 3192 362 3243 λαι
387 3190 446 3243 δὲ
475 3191 573 3259 οὐχ
600 3184 764 3261 ἦττον
787 3189 879 3240 καὶ
914 3188 1013 3257 τὴν
1047 3185 1288 3254 σπουδὴν
1316 3186 1408 3237 ἐπὶ
1446 3187 1559 3245 τοῖς
1590 3183 1728 3246 ἴσοις
1761 3185 1849 3236 τὸν

1961 3197 2079 3249 par,
2111 3197 2221 3235 non
2261 3183 2444 3235 minus
2478 3198 2643 3250 quam
2693 3183 2800 3238 illa:
2836 3185 3174 3254 virginitatis
3207 3189 3355 3252 dote,
3397 3207 3536 3243 una-

268 3285 462 3351 ἀγῶνα
490 3283 938 3351 διαπονούμεναι,
977 3281 1051 3342 ὡς
1079 3279 1146 3332 ἂν
1183 3279 1259 3348 μὴ
1301 3279 1400 3348 τῆς
1427 3278 1532 3347 γῆς
1562 3276 1849 3347 χωρούσης

1956 3267 2093 3327 nitui
2145 3289 2442 3336 consensu,
2493 3275 2908 3343 pulchritudine
2954 3281 3177 3347 vultus,
3219 3284 3533 3338 animorum

269 3377 344 3428 τὰ
403 3373 641 3428 τοσαῦτα
686 3372 851 3437 καλὰ,
911 3369 1185 3439 θαλάττης
1238 3367 1464 3429 κόλποις
1505 3367 1851 3437 ἐρρίπτοντο.

269 3468 434 3522 Οὕτω
458 3471 567 3537 γὰρ
596 3466 848 3519 ἐκέλευον
873 3466 920 3516 οἰ
950 3463 1048 3533 τὴν
1088 3461 1291 3514 κακίαν
1325 3459 1662 3512 ἀνείκαστοι.
1709 3454 1852 3524 Ἐγὼ

269 3563 328 3615 δὲ
363 3563 456 3614 καὶ
476 3560 606 3614 ἄλλο
635 3559 794 3627 ἔργον
823 3555 1096 3625 παρθένου
1125 3555 1331 3626 σεμνῆς
1352 3554 1573 3609 ἀστεῖον
1619 3552 1698 3616 είς
1731 3552 1851 3623 διή-

271 3671 442 3723 γησιν
479 3652 894 3722 παραθήσομαι.

1955 3368 2326 3436 generositate
2352 3367 2537 3432 οισι-σε,
2575 3370 2785 3425 divitiis
2817 3387 3041 3442 quoque
3070 3384 3127 3429 et
3156 3377 3400 3442 praeclari
3435 3394 3536 3432 no-

1955 3461 2124 3514 minis
2164 3459 2308 3514 iama
2353 3462 2465 3515 illis
2512 3477 2623 3515 non
2671 3463 2990 3526 inferiores,
3037 3468 3223 3521 studio
3267 3471 3435 3524 etiam
3481 3482 3539 3525 et

1956 3555 2312 3608 aemulatione
2365 3568 2548 3622 pares,
2591 3554 2788 3608 endem
2832 3561 3196 3614 decurrentes
3238 3563 3442 3628 stadio,
3474 3575 3538 3616 ut

1960 3655 2145 3699 tamen
2177 3661 2289 3700 non
2331 3646 2446 3700 sola
2477 3654 2627 3700 terra
2670 3647 3009 3714 ejuscemodi
3051 3652 3333 3707 obtineret
3373 3671 3538 3708 orna-

275 3760 485 3815 menta,
517 3751 570 3802 in
604 3748 786 3803 sinum
818 3745 988 3800 maris
1021 3743 1234 3813 seipsas
1300 3739 1741 3813 praecipitarunt.
1808 3738 1925 3795 Hoc
1962 3740 2112 3794 enim
2153 3742 2228 3794 ita
2261 3755 2355 3795 eas
2391 3739 2598 3806 facere,
2633 3757 2869 3811 quorum
2899 3744 3354 3815 iucomparabilis
3389 3767 3532 3812 esse:

275 3844 634 3912 inprobitas,
665 3847 1059 3909 persecutores
1096 3835 1263 3891 simul
1325 3844 1384 3888 et
1448 3833 1714 3904 impudici
1779 3835 2034 3889 homines
2076 3836 2370 3904 cogebant.
2404 3835 2619 3891 Addam
2663 3852 2885 3908 quoque
2912 3839 3060 3894 aliud
3098 3845 3282 3912 gravis
3307 3854 3366 3900 et
3430 3863 3534 3915 pu-

273 3940 418 3995 dica:
443 3938 695 4009 virginis,
728 3946 978 3991 sanctum
1009 3936 1234 4004 quidem
1275 3933 1435 3999 illud,
1461 3934 1558 3989 sed
1587 3932 1848 3988 festivum
1890 3932 2055 3987 etiam
2082 3942 2249 4001 atque
2281 3931 2524 3987 facetum
2549 3933 2782 3988 factum.

871 4055 1125 4110 ΚΕΦΑΛ.
1167 4054 1268 4106 ll".

276 4148 417 4220 Περὶ
444 4148 657 4220 ἄλλων
678 4144 994 4212 παρθένων
1019 4143 1121 4220 καὶ
1143 4139 1452 4220 ἀσκητψ.
1486 4139 1587 4192 ἐπὶ
1623 4154 1856 4206 σωφρο-

506 4219 667 4283 σύνη
699 4211 795 4272 καὶ
815 4217 1166 4284 μαρτυρίοις
1189 4211 1582 4279 περιϐοήτων.

351 4327 528 4396 ’Δλλη
548 4326 606 4379 δέ
633 4344 719 4387 τις
739 4325 1035 4392 ’πάγκαλόν
1061 4341 1114 4378 τι
1149 4325 1340 4392 χρῆμα
1375 4323 1470 4375 καὶ
1495 4322 1698 4376 ἄσυλον
1720 4322 1855 4376 ἀνά-

277 4422 430 4491 ῡημι
470 4419 770 4488 παρθενίας
819 4413 957 4469 εἶναι
997 4416 1451 4485 μαρτυρουμένη,
1489 4416 1613 4469 ἐπεὶ
1649 4415 1852 4483 συλλη-

2542 4050 2772 4109 CAPUT
2800 4051 2954 4107 ΚΜ.

1963 4138 2040 4193 De
2072 4140 2193 4194 alii:
2232 4142 2524 4213 virginibus
2556 4151 2607 4194 et
2659 4146 2949 4208 monachis,
2989 4144 3248 4214 pudicitia
3274 4148 3436 4203 simul
3488 4159 3538 4206 et

2516 4215 2773 4284 martyrio
2795 4214 2983 4269 claris.

2033 4326 2154 4381 Alia
2184 4328 2433 4397 quaedam
2469 4327 2672 4397 puella,
2699 4329 3101 4398 perpulchrum
3130 4339 3185 4387 et
3216 4333 3536 4389 inviolatum

1965 4418 2286 4470 testimonio
2313 4419 2560 4472 omnium
2601 4419 2934 4488 virginitatis
2967 4436 3374 4489 ornamentum,
3407 4429 3536 4495 quia

279 4515 481 4582 φθεῐσα
513 4513 577 4563 τὸ
615 4511 764 4563 θύειν
809 4510 884 4571 ὼς
912 4508 1085 4560 δεινὸν
1135 4504 1482 4577 ὲξετρέπετο,
1530 4507 1849 4568 ἀκολάστοις

1962 4509 2362 4577 comprehensa
2399 4510 2630 4564 deorum
2680 4511 2892 4564 cultum
2926 4521 2986 4566 ut
3019 4529 3296 4569 summum
3334 4519 3536 4572 malum

277 4607 507 4673 ἀνδράσι
538 4605 674 4674 πρὸς
707 4601 1105 4671 αἰσχρουργίαν
1138 4601 1358 4654 ἐδίδοτο.
1393 4601 1480 4660 Ὠς
1507 4600 1552 4652 δ’
1580 4600 1852 4669 ἀπήγετο,

278 4699 405 4750 καθ’
429 4698 546 4749 ὁδὸν
573 4696 718 4748 οὕτω
748 4693 985 4764 συμϐὰν,
1016 4694 1339 4760 ἐντυγχάνει
1367 4692 1442 4761 τῷ
1470 4693 1724 4762 προέδρῳ
1752 4691 1854 4760 τῆς

283 4791 516 4850 πόλεως’
540 4786 803 4856 ’Δνθιμος
828 4788 855 4836 ὁ
874 4786 972 4854 τῆς
995 4785 1342 4852 Νικομήδους
1364 4785 1464 4855 τὴν
1487 4784 1855 4854 ποιμα-ιτικὴν

275 4880 538 4945 τηνικάδε
567 4876 918 4947 διαχειρίζων
966 4872 1055 4944 ἦν’
1078 4879 1172 4927 καὶ
1202 4877 1466 4945 προσιὼν,
1496 4875 1854 4939 ἐπυνθάνετο,

276 4972 543 5039 ὁπότερον
578 4968 754 5020 ἕλοιτο
799 4967 1036 5036 μάλιστα
1078 4967 1234 5036 δρᾷν,
1259 4966 1460 5034 ὁμοίως
1487 4965 1659 5019 ὄντων
1689 4967 1855 5036 ἄμφω

279 5058 494 5110 κακῶν.
523 5058 631 5108 Τὸν
650 5055 726 5120 δὲ,
749 5056 930 5109 Καλὸν
957 5052 1118 5120 εἶναι,
1147 5057 1311 5124 φάναι
1339 5056 1515 5124 λόγος,
1536 5057 1727 5110 τέκνον
1755 5058 1858 5109 Εὑ-

276 5149 514 5218 φρασία,
545 5155 640 5200 καὶ
665 5148 724 5200 τὸ
751 5148 849 5217 τῆς
877 5148 1098 5215 ἁγνείας
1136 5148 1426 5201 κάλλιστον
1458 5148 1648 5218 δῶρον’
1677 5149 1855 5218 πολλῷ

279 5257 344 5306 γε
384 5239 492 5309 μὴν
528 5241 736 5307 βέλτιον
776 5241 809 5308 ἡ
847 5241 944 5308 τῆς
992 5239 1229 5300 πίστεως
1261 5239 1471 5307 ἐντολή·
1509 5238 1630 5290 ἐπεί
1663 5240 1748 5291 τοί
1793 5257 1854 5306 γε

281 5335 388 5384 κάν
447 5331 773 5399 περιστάσει
835 5329 1013 5399 πολλῷ
1067 5331 1318 5398 κρεῖττον
1369 5329 1738 5399 διαρπαγῆναι
1796 5331 1857 5382 τὸ

282 5423 491 5474 πέπλον
534 5422 679 5491 ἢπερ
713 5423 844 5475 αὐτὸ
891 5421 951 5473 τὸ
1001 5421 1183 5490 σῶμα·
1234 5424 1335 5473 κάν
1379 5422 1490 5483 τοῖς
1531 5420 1768 5489 παροῦσι
1800 5423 1855 5474 δὲ

282 5517 639 5583 πειρασμοῖς,
672 5515 732 5565 τὸ
778 5516 890 5566 ἴσον
940 5514 1143 5582 χρῆναι
1185 5514 1623 5566 διασκοπεῖσθαι.
1669 5514 1731 5566 El
1780 5518 1855 5583 μὴ

279 5608 572 5676 ἀμφότερα
610 5609 890 5677 διατηρεῖν
917 5608 1065 5660 ἐστιν
1103 5606 1347 5671 ἐφικτὸν,
1382 5606 1478 5674 τὴν
1508 5606 1688 5677 ψυχὴν
1726 5607 1858 5674 ἀμίς

279 5718 444 5755 αιτον
477 5703 612 5763 τέως
647 5703 927 5771 διατηρεῖν
955 5703 1324 5770 αἱρετώτερον
1349 5701 1595 5770 ἥγημαιο
1619 5700 1714 5753 καὶ
1743 5699 1856 5752 τοί-

357 5835 431 5904 (ι)
464 5834 667 5893 Euseb.
699 5837 793 5891 lib.
829 5853 945 5905 vm,
976 5853 1098 5907 cap.
1145 5837 1229 5891 i2.

1957 4609 2212 4654 aversata
2268 4601 2472 4664 fuerat,
2509 4602 2910 4670 impotentibus
2960 4614 3013 4659 et
3064 4605 3359 4674 impudicis
3403 4611 3536 4664 viris

1954 4693 2020 4745 ad
2054 4694 2356 4748 ludibrium
2403 4705 2456 4748 et
2505 4704 2721 4763 turpem
2771 4697 3057 4752 libidinem
3103 4700 3296 4753 tradita
3331 4712 3437 4755 est.
3467 4703 3536 4757 Et

1954 4784 2048 4838 illa
2114 4786 2224 4854 jam
2269 4787 2345 4840 ita
2401 4787 2819 4853 abducebatur,
2857 4805 2981 4843 cum
3023 4792 3073 4844 ei
3121 4807 3249 4846 casu
3293 4795 3532 4863 quodam

1956 4875 2107 4929 inter
2143 4878 2386 4931 cundum
2421 4881 2654 4934 antistes
2687 4881 2931 4935 ecclesia:
2959 4883 3396 4941 Nicomediensis
3426 4890 3535 4940 An-

1958 4970 2168 5023 tbimus
2189 4972 2384 5024 obvius
2411 4971 2489 5023 (it.
2516 4970 2708 5040 Ibique
2731 4973 2799 5026 ab
2820 4974 2909 5027 illa
2932 4975 3320 5046 interrogatus,
3347 4989 3530 5034 utrum

1957 5060 2063 5113 sibi
2108 5076 2139 5114 e
2183 5061 2398 5116 duobus
2447 5063 2755 5132 aequalibus
2800 5065 2957 5119 malis
3002 5069 3174 5138 magis
3218 5070 3530 5139 eligendum

1963 5152 2262 5218 videretur,
2297 5155 2638 5223 respondens
2676 5156 2765 5210 ille
2803 5173 2817 5209 :
2860 5157 3019 5222 Filia,
3052 5159 3252 5228 inquit,
3289 5162 3534 5230 Euphra-

1961 5241 2062 5305 sia,
2106 5243 2539 5311 pulcherrimum
2591 5245 2814 5314 quidem
2863 5256 2948 5301 est
2992 5260 3153 5303 casta:
3204 5251 3534 5319 virginitatis

1959 5332 2189 5398 donum,
2214 5334 2306 5387 sed
2336 5337 2511 5404 majus
2536 5340 2998 5408 prastantiusque
3022 5340 3145 5394 ﬁdei
3171 5353 3528 5412 prmceptum.

1960 5427 2418 5495 Quandoquidem
2460 5431 2630 5494 enim,
2666 5432 2708 5483 si
2746 5447 2908 5486 casus
2952 5433 3153 5502 aliquis
3194 5443 3288 5487 aut
3341 5449 3534 5489 neces-

1959 5519 2094 5572 sitas
2125 5519 2199 5572 ita
2231 5521 2420 5586 ferret,
2455 5521 2628 5576 multo
2661 5525 2833 5593 magis
2870 5524 3067 5591 pallam
3101 5525 3271 5593 ipsam
3310 5540 3534 5595 prasta-

1962 5619 2044 5662 ret
2072 5626 2236 5679 quam
2276 5627 2481 5682 corpus
2526 5613 2922 5684 diripientibus
2953 5615 3109 5682 dare,
3150 5618 3202 5670 in
3243 5619 3535 5687 pra-senti-

1961 5703 2060 5756 bus
2117 5719 2337 5774 quoque
2383 5705 2545 5761 malis
2579 5715 2634 5760 et
2676 5708 3073 5764 tentationibus
3125 5709 3320 5765 eodem
3369 5712 3534 5766 modo
