4220 6438
706 336 833 400 1931

1923 325 2347 388 NICEPHORI
2392 320 2734 383 CALIJSTI

3804 310 3938 374 1232

702 468 818 505 mn
858 448 1129 519 dispieere
1178 443 1452 500 cnt‘ivenit.
1495 441 1553 494 Et
1588 440 1631 493 si
1668 441 1999 510 permissum
2040 455 2149 493 non
2188 447 2271 493 est

2381 457 2469 493 νυν
2506 440 2595 491 τὸν
2646 437 2771 489 νοῦν
2823 431 3233 506 παριστάνουσα
3283 430 3590 504 sesumam
3623 430 3686 493 τῇ
3735 428 3937 480 πὲστῖι.

706 554 762 597 ιιι
797 553 1090 608 utrumque
1123 537 1387 595 retineas,
1424 542 1481 587 ut
1515 533 1706 587 saltem
1741 532 1981 585 animam
2017 532 2265 585 inconta-

704 634 966 686 minatam
1015 644 1330 692 conserves,
1367 625 1678 679 laciendum
1725 624 1822 677 libi
1853 637 1975 677 esse
2007 623 2171 686 duco,
2212 633 2270 675 ut

704 724 915 777 scilicet
963 731 1145 774 mente
1191 720 1305 789 ipsa
1339 733 1436 786 per
1478 715 1639 770 Iidem
1674 715 2016 777 conﬁrmata,
2047 728 2268 767 carnem

705 815 924 886 injuriis
986 824 1041 867 et
1094 808 1449 866 contumeliis
1515 806 1893 876 improborum
1962 804 2266 874 permittas.

702 910 946 966 Ουιιδίιιο
978 907 1079 959 viri
1122 904 1243 971 ejus
1282 902 1524 971 cognito,
1555 900 1737 954 animo
1780 899 2082 954 etiamnum
2110 894 2275 966 ωδ

707 1008 760 1057 ιιι
808 1013 1102 1067 utramque
1142 1006 1352 1067 partem
1400 994 1720 1057 ﬂuctuante,
1762 991 2093 1058 tandemque
2124 1003 2182 1041 se
2214 996 2273 1039 ut

707 1106 982 1163 utrunque
1024 1091 1235 1146 salvum
1286 1086 1552 1141 retineret
1599 1083 1983 1145 conﬁrtnante,
2021 1095 2131 1150 quo
2178 1078 2273 1132 ab-

709 1187 1016 1241 ducebatur
1049 1182 1324 1253 sequitur.
1355 1181 1533 1249 Atque
1574 1180 1666 1232 ubi
1711 1178 1823 1247 jam
1870 1176 1929 1253 in
1960 1174 2153 1228 eodem
2188 1180 2269 1226 est

708 1278 955 1335 conclavi
993 1292 1118 1331 cum
1165 1274 1416 1343 improbo
1443 1273 1647 1341 juvene
1680 1270 1885 1330 clausa,
1917 1252 2112 1320 techua
2142 1280 2275 1332 qua-

707 1378 829 1425 dam
862 1370 1015 1422 illum
1048 1364 1416 1419 circumvenit
1448 1361 1545 1432 (l).
1574 1358 1884 1413 Veneticum
1912 1372 1970 1410 se
1997 1370 2115 1409 esse
2142 1370 2269 1423 pro-

706 1463 915 1524 ﬁtetur,
948 1455 1368 1521 mercedemque
1416 1452 1693 1519 ingentem
1735 1452 2074 1501 conservata:
2116 1442 2273 1513 ptuli-

705 1554 847 1606 citim
900 1548 1207 1619 pollicetur,
1250 1559 1371 1613 quae
1417 1558 1544 1596 eum
1605 1555 1634 1592 a
1697 1548 1872 1592 morte
1931 1543 2269 1589 conserwt:

708 1643 1062 1711 pharmaeum
1108 1634 1337 1695 scilicet,
1373 1646 1483 1701 quo
1515 1630 1606 1684 ille
1643 1635 1965 1698 perunctus,
2007 1625 2062 1677 in
2100 1623 2270 1676 bello-

709 1748 828 1784 rum
860 1726 1255 1783 certaminibus
1287 1736 1343 1778 et
1376 1722 1577 1793 praJiis
1608 1720 1760 1774 nullo
1788 1731 2013 1787 prorsus
2042 1714 2149 1769 telo
2180 1720 2274 1766 aut

708 1831 855 1880 l'erro
899 1824 1091 1878 violari
1134 1831 1229 1875 aut
1279 1820 1475 1873 confici
1515 1825 1719 1887 posset.
1762 1811 1921 1879 Quod
1969 1810 2013 1865 si
2067 1809 2135 1863 de
2179 1808 2271 1861 tali

711 1917 975 1981 remedio,
1018 1915 1218 1984 inquit,
1270 1912 1579 1982 periculum
1629 1907 1807 1961 facere
1854 1904 1958 1966 vis,
2015 1903 2163 1956 illico
2219 1898 2271 1954 id

708 2009 807 2062 tibi
844 2007 1135 2061 manifesto
1167 2003 1461 2058 exhibebo.
1506 2001 1596 2054 Ille
1632 2000 1687 2054 id
1721 1998 1902 2052 statim
1936 1994 2116 2065 parari
2150 2008 2274 2063 per-

709 2100 896 2154 mittit.
926 2098 966 2152 Τ
978 2114 1065 2151 um
1103 2097 1189 2149 illa
1229 2109 1354 2148 vere
1393 2092 1634 2161 sapiens,
1665 2104 1847 2144 ceram
1886 2087 2008 2141 oleo
2039 2083 2271 2155 liquefa-

706 2205 873 2255 etatn,
909 2189 1275 2257 manibusque
1305 2186 1588 2239 subactam
1617 2182 1757 2236 collo
1781 2194 1883 2234 suo
1915 2177 2271 2233 circumcirca

707 2287 979 2352 inungens
1009 2279 1191 2346 ,illinit
1223 2295 1237 2331 :
1270 2275 1418 2347 quod
1474 2274 1565 2327 ubi
1615 2271 1866 2342 perfecit,
1906 2279 2092 2339 petere
2145 2283 2272 2322 cum

701 2374 950 2445 jugulum
989 2387 1151 2426 suum
1188 2383 1319 2423 ense
1356 2367 1559 2437 quibus
1598 2371 1782 2435 posset
1815 2363 2024 2416 viribus
2051 2360 2268 2421 adacto,

705 2465 1049 2533 remediique
1092 2464 1209 2533 ejus
1244 2463 1356 2514 vim
1394 2468 1448 2513 et
1495 2458 1792 2512 cllicaciam
1824 2453 2062 2523 experiri
2091 2452 2270 2522 jubet.

705 2559 880 2625 Atque
922 2554 1011 2609 ille
1043 2568 1204 2622 quam
1251 2544 1430 2622 potui‘t
1461 2548 1800 2603 validissime
1832 2560 2018 2602 ensem
2063 2545 2117 2598 in
2151 2557 2274 2597 eam

704 2650 950 2712 demisit,
981 2662 1044 2699 ac
1078 2646 1299 2699 beatutu
1334 2643 1483 2698 illius
1515 2652 1680 2711 caput
1714 2640 1825 2693 ictu
1864 2653 1977 2692 uno
2013 2635 2273 2692 resecuit.

704 2740 1079 2796 Consimiliter
1114 2738 1242 2793 huic
1273 2738 1425 2807 virgo
1463 2734 1569 2790 alia
1616 2732 1930 2789 libidinosis
1958 2730 2025 2785 ad
2060 2741 2273 2799 turpem

707 2830 1063 2885 emicubitum
1116 2832 1263 2891 data,
1300 2828 1367 2880 ad
1412 2841 1533 2880 eam
1584 2823 1958 2884 venientibus,
1994 2820 2275 2891 putridqu

706 2921 1199 2990 contagiosumque
1228 2917 1387 2976 ulcus
1418 2930 1477 2970 se
1503 2916 1557 2968 in
1593 2916 1754 2997 tectis
1793 2912 2057 2968 membris
2094 2911 2277 2965 occul-

708 3015 886 3080 usque
921 3010 1057 3063 locis
1088 3010 1286 3063 habere
1315 3007 1457 3062 dixit
1489 3024 1502 3061 :
1534 3007 1886 3076 eosdemque,
1917 3015 1977 3059 ut
2006 3004 2108 3059 sibi
2143 3005 2277 3073 ipsis

2370 531 2471 600 τὴν
2514 532 2695 600 σάρκα
2747 526 3115 598 ὑϐριζομένην
3164 526 3279 596 es».
3335 524 3486 576 Ἐπεὶ
3537 518 3631 573 οὖν
3686 521 3831 586 ἔγνω
3882 521 3941 568 τὸ

2372 621 2686 691 εἰρημένον,
2718 618 3070 689 ἀμφίρροπος
3101 614 3240 669 οὖσα
3271 614 3364 667 τὸν
3397 613 3541 675 νοῦν,
3574 610 3674 682 τὴν
3715 626 3936 678 7.907.52-

2377 715 2547 783 μένην
2590 710 2860 774 ἐϐάδιζεν,
2898 710 3163 779 ὁπότερον
3211 706 3428 759 ἑλέσθαι
3472 704 3939 774 διισχυριζομένη.

2384 806 2475 866 Ὦς
2503 801 2599 854 οὖν
2646 804 2726 864 είς
2768 800 2938 854 ταυτδ
2973 798 3333 865 συνεκλείσθη
3368 796 3446 865 τῷ
3488 795 3740 864 ὑϐριστῇ,
3782 792 3944 861 τέχνῃ

2372 897 2435 965 δή
2475 912 2581 947 τινι
2614 893 2804 946 τοῦτον
2846 880 3296 957 κατασοφίζεται·
3327 888 3610 957 φαρμακὶς
3654 886 3763 952 γὰρ
3804 880 3942 935 εἶξαι

2373 984 2715 1057 διωμολόγει·
2738 984 2833 1057 καὶ
2857 982 3049 1052 μισθὸν
3066 983 3164 1051 τῆς
3186 979 3415 1038 ἀσυλίας
3431 978 3725 1048 φάρμακον
3750 977 3944 1043 ἐκείνῳ

2373 1079 2682 1149 παρασχεῖν
2710 1077 3045 1146 ὑπισχνεῖτο,
3086 1075 3148 1127 τδ
3181 1073 3256 1144 μὴ
3297 1073 3553 1142 θνήσκειν
3581 1070 3711 1122 ποτὲ
3746 1069 3943 1139 προξε-

2376 1173 2521 1227 νοῦν·
2550 1165 2595 1239 ᾧ
2621 1170 2950 1242 χρισάμενον
2988 1170 3046 1221 ἐν
3079 1170 3197 1229 ταῖς
3245 1166 3352 1219 τῶν
3377 1166 3632 1233 πολέμων
3664 1164 3943 1233 ἁμίλλαις,

2374 1265 2649 1320 ἀνάλωτον
2679 1264 3019 1331 παραμεῖναι
3056 1244 3280 1329 σιδήρῳ.
3310 1258 3370 1311 Εἰ
3397 1257 3454 1310 δέ
3494 1274 3558 1325 γε
3597 1257 3691 1309 καὶ
3725 1258 3943 1323 πεῖραν,

2375 1359 2533 1427 φησι,
2563 1355 2657 1408 τοῦ
2695 1353 2991 1423 λεγομένου
3036 1352 3356 1404 κατιδέσθαι
3392 1350 3593 1419 βούλει,
3639 1348 3841 1401 αὐτίκα
3883 1347 3944 1411 δξ

2376 1467 2459 1502 σοι
2488 1447 2711 1518 παρέξω
2742 1446 2888 1515 μάλα
2913 1444 3195 1515 λαμπράν.
3222 1443 3332 1497 Καὶ
3357 1442 3416 1506 ὃς
3442 1442 3641 1494 αὐτίκα
3676 1441 3945 1508 ἐπέτρεπε

2376 1541 2669 1603 σκευάζειν
2694 1542 2756 1591 τὸ
2784 1541 3095 1611 φάρμακον.
3129 1536 3193 1591 'H
3223 1537 3280 1591 δέ
3306 1538 3444 1606 σοφὴ
3476 1536 3555 1605 τῷ
3588 1536 3702 1589 ὄντι
3736 1535 3945 1602 ἐκείνη,

2376 1633 2546 1702 κηρὸν
2573 1631 2735 1701 ἐλαίῳ
2767 1631 3099 1699 συντήξασα,
3131 1631 3255 1691 ταῖς
3299 1628 3457 1699 χερσὶ
3506 1627 3945 1696 κατεμάλασσενο

2377 1717 2496 1774 εἶτα
2532 1723 2625 1775 καὶ
2653 1722 2745 1774 τὸν
2776 1720 2987 1790 αὐχένα
3021 1720 3236 1788 ἐκείνης
3272 1718 3589 1788 περικύκλῳ
3621 1719 3811 1788 ἤλειφε
3852 1734 3921 1769 κα
3942 1747 3953 1755 -

2376 1809 2796 1879 ταχρίουσα.⁹Ως
2841 1810 2898 1861 δέ
2930 1808 3107 1880 πέρας
3149 1805 3299 1879 εἶχεν
3328 1810 3467 1879 αὐτῇ
3510 1810 3542 1877 ἡ
3575 1809 3811 1870 ἐπῖνοια,
3848 1822 3949 1856 πα-

2373 1906 2601 1957 τάσσειν
2647 1903 2722 1965 ὡς
2751 1895 2865 1970 εἶχε
2897 1902 2973 1972 τῷ
3004 1902 3147 1971 ξίφει
3181 1901 3273 1954 τὸν
3321 1901 3538 1968 ἐκείνης
3571 1901 3776 1970 αὐχένα
3826 1903 3942 1954 ἐπέ-

2374 2012 2570 2049 τσττεν
2620 1995 2718 2061 ὅση
2767 1993 3020 2063 δύναμις,
3066 1993 3162 2046 καὶ
3210 1990 3311 2064 τὴν
3371 1993 3526 2062 ἰσχὺν
3566 1993 3817 2046 ἐντεῦθεν
3851 1995 3949 2047 τοῦ

2377 2088 2670 2159 φαρμάκου
2700 2087 3017 2157 πειρᾶσθαι.
3054 2084 3114 2138 '0
3140 2085 3195 2139 δὲ
3242 2086 3441 2156 χειρῶν
3475 2086 3551 2150 ώς
3596 2082 3744 2157 εἶχεν
3774 2090 3951 2157 ἐρῤω-

2381 2184 2557 2251 μένως
2604 2180 2750 2250 μάλα
2800 2180 2862 2232 τὸ
2900 2179 3052 2248 ξίφος
3100 2177 3471 2244 κατενεγκὼν,
3524 2179 3625 2248 τὴν
3677 2182 3949 2249 μακαρὶαν

2377 2275 2592 2345 ἐκείνης
2643 2274 2886 2342 ἀπέτεμε
2941 2270 3210 2339 κεφαλήν.
3272 2270 3502 2338 Ἐπίσης
3546 2271 3604 2324 δὲ
3661 2273 3802 2343 αὐτῇ
3860 2274 3953 2325 κπὶ

2378 2367 2515 2435 ἄλλη
2558 2366 2830 2436 παρθένος
2870 2367 3008 2436 πρὸς
3051 2362 3287 2433 αξσχράν
3329 2362 3477 2435 μίξιν
3518 2364 3801 2419 ἐκδοθεῖσα
3837 2367 3951 2428 τοῖς

2379 2460 2722 2523 ἀκολάστοις,
2755 2461 2867 2522 τοῖς
2914 2455 3182 2511 εἰσιοῦσιν
3228 2458 3379 2525 ἔλεγε
3436 2459 3707 2527 σηπεδόνα
3756 2459 3953 2522 ἕλκους

2378 2552 2579 2606 ἐνεῖναί
2617 2552 2669 2603 ol
2700 2552 2810 2614 τοῖς
2855 2551 2965 2603 τῶν
2996 2549 3180 2620 μελῶν
3216 2551 3575 2621 ἀπορρήτοις
3621 2552 3713 2605 καί
3737 2556 3797 2618 γε
3832 2554 3955 2620 φεί-

2377 2644 2588 2704 δεσθαι,
2634 2642 2709 2713 μὴ
2749 2646 2813 2712 τῇ
2848 2643 3107 2711 συνουσίᾳ
3152 2643 3250 2712 τῆς
3298 2643 3453 2695 νόσου
3501 2644 3851 2712 μετάσχοιεν·
3894 2644 3956 2694 ἐν

2381 2736 2644 2807 μετεώρῳ
2676 2737 2731 2789 δὲ
2761 2734 2963 2805 θεμένη
2994 2734 3092 2806 τὴν
3126 2734 3294 2806 μίξιν,
3325 2735 3464 2805 μετά
3490 2736 3588 2806 τὴν
3614 2735 3806 2805 ἐντελῆ
3839 2736 3954 2800 ἕξιν

2378 2828 2441 2881 τὸ
2470 2829 2605 2898 πρὸς
2635 2828 2836 2897 βουλῆς
2864 2828 2939 2891 ώς
2986 2827 3149 2897 τάχος
3181 2828 3422 2881 ἀνύσειν.
3451 2828 3610 2882 Οὕτω
3640 2829 3685 2881 δ’
3711 2829 3806 2883 οὖν
3840 2833 3954 2891 τοῖς

2377 2921 2563 2987 λόγοις
2592 2920 2717 2982 τοὺς
2748 2920 3106 2989 παράφρονας
3151 2920 3391 2988 ἐραστὰς
3436 2920 3957 2991 ἀποδουκολήσασσ,

2381 3008 2784 3079 ἀπηλλάττετο,
2824 3009 2920 3060 τοῦ
2948 3008 3087 3060 θεοῦ
3116 3009 3213 3077 τὴν
3246 2996 3606 3080 σωφροσύνην
3638 3011 3804 3082 τέχνῃ
3838 3012 3957 3063 6:1-

709 3110 1029 3171 parcerent,
1083 3115 1151 3153 ne
1206 3098 1419 3165 scilicet
1467 3096 1873 3153 consuetudine
1924 3110 2160 3151 venerea
2214 3109 2274 3149 se

2381 3104 2740 3174 τηρήσαντος.
2774 3104 2883 3154 Καὶ
2930 3103 3040 3173 γάρ
3085 3119 3168 3166 τις
3213 3105 3495 3167 νεανίσκος
3532 3106 3720 3175 ἔτερος
3752 3107 3956 3159 ἀκολα-

706 3208 925 3263 qnoque
966 3208 1032 3246 eo
1080 3191 1225 3245 malo
1269 3190 1744 3255 contaminarent,
1800 3188 2046 3257 rogavit;
2105 3186 2275 3241 dilato

710 3283 837 3335 ιιι·όί
878 3295 1203 3350 congressus
1243 3288 1508 3348 tempore,
1533 3293 1697 3348 quam
1738 3280 1976 3348 primum
2007 3279 2273 3347 integrant

711 3374 1080 3429 valetudinem
1131 3382 1537 3442 recuperasset,
1574 3385 1633 3426 se
1677 3370 1733 3425 in
1778 3379 2047 3440 potestate
2080 3384 2275 3423 eorum

711 3471 952 3520 I'uturam
987 3466 1254 3536 pollicita.
1292 3464 1371 3519 Ad
1418 3466 1567 3519 hunc
1612 3465 1834 3519 modum
1882 3463 2090 3518 insanis
2129 3477 2275 3515 ama-

711 3559 924 3611 toribus
971 3558 1241 3628 deceptis,
1279 3559 1424 3612 Deus
1474 3556 1794 3626 pudicitiam
1848 3556 1969 3627 ejus
2018 3555 2111 3609 tali
2162 3565 2278 3608 arte

708 3648 1080 3713 conservavit,
1111 3659 1165 3703 et
1193 3663 1251 3703 se
1283 3648 1374 3702 illa
1407 3649 1476 3703 ab
1510 3649 1618 3703 illis
1649 3648 1908 3703 absolvit.
1937 3647 2094 3703 Alius
2131 3648 2278 3702 enim

711 3740 924 3807 juvenis
966 3738 1216 3808 quidam,
1251 3740 1355 3796 sub
1388 3740 1637 3795 libidinis
1685 3749 1742 3794 ct
1788 3740 2104 3810 petulantiae
2148 3754 2281 3809 pne-

712 3842 862 3886 textu
916 3833 1396 3888 meretricularum
1450 3846 1761 3889 curatorem
1816 3836 2070 3889 lenonem
2122 3848 2279 3887 accc-

715 3926 874 3988 dens,
910 3933 1124 3977 noctem
1161 3926 1358 3995 puellae
1387 3926 1510 3995 ejus
1544 3926 1788 3996 quinque
1821 3926 2059 3980 nummis
2097 3926 2280 3979 aureis

714 4024 1011 4081 mercatus,
1052 4025 1108 4069 et
1153 4018 1220 4070 ad
1268 4032 1388 4071 eatn
1430 4018 1730 4087 ingressus,
1776 4018 2019 4071 tunicam
2056 4019 2278 4087 quidem

714 4108 830 4175 ipse
864 4124 1018 4161 suam
1050 4110 1102 4162 ei
1140 4108 1347 4178 injecit,
1382 4123 1613 4178 eamque
1660 4119 1719 4163 ut
1760 4110 1980 4179 agnosci
2013 4123 2120 4162 non
2153 4123 2279 4177 pos-

711 4208 817 4261 cel,
850 4199 1022 4266 probe
1051 4209 1361 4254 contectam
1388 4200 1541 4255 exire
1562 4200 1727 4270 jussit
1756 4216 1771 4261 ;
1812 4200 1930 4269 ipse
1965 4210 2150 4255 autem
2183 4215 2270 4253 ve-

710 4288 889 4341 stibus
929 4289 1077 4343 illius
1115 4292 1366 4355 amictus,
1403 4298 1460 4343 et
1495 4290 1894 4359 deprehensus,
1931 4291 2127 4360 capitis
2161 4305 2279 4360 pa:-

714 4396 836 4432 nam
862 4380 1037 4435 dedit.
1073 4381 1276 4435 Eodem
1312 4393 1560 4451 tempore
1590 4391 1803 4436 ascetes
1833 4381 2082 4450 quidam,
2115 4381 2279 4434 casti-

2383 3198 2504 3248 σίαν
2565 3195 3066 3266 ηημιτισάμενος,
3123 3194 3201 3264 τῷ
3240 3194 3350 3248 τῶν
3400 3196 3618 3267 πορνῶν
3682 3199 3958 3269 ἐπιστάτῃ

2381 3287 2641 3357 προσιὼν,
2671 3288 2832 3341 πέντε
2851 3287 3127 3356 χρυσίνοις
3148 3287 3245 3358 τὴν
3271 3288 3512 3359 ἐσπιραν
3535 3288 3726 3342 ὠνεῖτο
3756 3307 3965 3358 συγκαο

2382 3382 2643 3450 οευδῆσαι
2689 3383 2755 3449 τῇ
2805 3380 2963 3451 κόρῃ·
3009 3381 3105 3431 καὶ
3144 3380 3242 3447 τῆς
3298 3381 3508 3434 εἰσόδου
3554 3382 3759 3451 τυχὼν,
3797 3400 3962 3450 περι-

2382 3470 2568 3523 ϐάλλει
2619 3469 2718 3538 μὲν
2761 3470 2942 3540 ἐκείνῃ
2975 3469 3069 3523 τὸν
3098 3470 3447 3540 χιτωνίσκον,
3482 3472 3577 3525 καὶ
3615 3474 3839 3541 εὐφυῶς
3884 3475 3960 3536 ώς

2386 3561 2459 3631 μὴ
2495 3562 2738 3629 φαίνοιτο
2771 3560 3146 3629 συγκαλύψας,
3184 3562 3497 3633 ἐπέτρεπεν
3537 3563 3758 3627 ἐξιέναι·
3796 3566 3960 3627 αὑτὶς

2380 3652 2437 3705 δὲ
2467 3653 2535 3703 τὰ
2569 3652 2786 3720 ἐκείνης
2830 3652 3272 3722 ἀμφιασάμενος,
3322 3654 3447 3707 ἐπεὶ
3490 3654 3806 3721 διέγνωστο,
3857 3658 3959 3726 τὴν

2382 3744 2632 3813 κεφαλὴν
2677 3744 2972 3815 ἀφῃρεῖτο.
3002 3744 3114 3797 Καὶ
3162 3745 3412 3815 ἀσκητὴν
3457 3746 3517 3799 δέ
3561 3764 3686 3800 τινα
3716 3748 3807 3801 τδν
3845 3751 3961 3801 ἴσον

2382 3836 2571 3902 ἀγῶνα
2603 3835 2902 3902 διενεγκεῖν
2935 3835 3189 3905 τηνικάδε
3219 3838 3247 3888 ό
3278 3838 3437 3905 λόγος
3470 3837 3780 3907 ἱστόρησεν.
3801 3840 3960 3891 Ἐπεὶ

2382 3930 2488 3999 γὰρ
2514 3924 2805 3997 ἀπώμοτος
2834 3922 2925 3998 ἦν,
2953 3928 3094 3997 μετὰ
3119 3927 3321 3999 πολλὴν
3350 3930 3445 3983 καὶ
3472 3931 3754 4000 ἀπείριτον
3787 3932 3962 4000 βάσα-

2384 4032 2471 4065 νοι
2501 4018 2593 4069 ἐπὶ
2614 4015 2801 4085 κλίνης
2828 4016 3051 4086 ἥπλωτο
3080 4017 3327 4088 δέσμιος.
3360 4020 3502 4091 Γυνὴ
3539 4020 3595 4073 δὲ
3622 4020 3776 4091 αὐτῷ
3804 4024 3964 4075 ἀναι-

2382 4106 2478 4175 δὴς
2514 4109 2799 4173 ὲπαφίετο·
2828 4111 2860 4177 ἢ
2900 4108 3158 4177 φιλοῦσα,
3207 4114 3304 4165 καὶ
3350 4112 3448 4174 τὰς
3496 4114 3684 4183 χεῖρας
3730 4116 3961 4183 ἀναῑδην

2384 4201 2495 4260 τοῖς
2528 4196 2636 4250 τῶν
2674 4199 2854 4265 μελῶν
2883 4202 3219 4271 ἀπορρήτοις
3268 4205 3644 4272 προσάγουσα,
3686 4207 3826 4274 πρὸς
3862 4208 3961 4274 τὴν

2385 4292 2629 4360 πονηρὰν
2654 4295 2685 4360 ἡ
2719 4293 2941 4361 ἀναιδὴς
2971 4291 3172 4362 πρᾶξιν
3201 4293 3535 4361 ἐξεϐιάζετο,
3565 4298 3719 4350 οὐδέν
3759 4314 3810 4349 τι
3849 4300 3960 4351 τῶν

2386 4382 2607 4434 ἀτόπων
2637 4383 2901 4452 πράττειν
2932 4385 3455 4453 παραλιμπάνουσα.
3474 4387 3533 4443 Ὀ
3557 4388 3613 4441 δὲ
3643 4390 3716 4458 μή
3748 4406 3804 4441 τι
3830 4391 3959 4442 ἄλλο

712 4479 877 4524 tatem
906 4482 962 4527 et
989 4473 1223 4527 virtutes
1253 4473 1387 4526 alias
1414 4474 1518 4542 piis
1544 4472 1744 4527 studiis
1769 4473 1959 4526 sedulo
1986 4473 2279 4537 meditans,

2382 4470 2518 4540 δρᾷν
2562 4451 2720 4541 ἔχων,
2768 4472 2865 4541 τὴν
2923 4473 3059 4526 ἰδίαν
3103 4451 3353 4528 ἐκδακὼν
3398 4451 3676 4543 γλῶσσαν,
3704 4451 3830 4532 ’καὶ
3885 4480 3962 4548 τῷ

709 4566 902 4633 mquali
932 4565 1238 4619 deccrtavit
1263 4581 1460 4635 agone.
1497 4566 1545 4620 Is
1579 4581 1702 4619 cum
1734 4567 2036 4638 expugnari
2058 4566 2283 4619 omnino

710 4673 816 4710 non
844 4659 1132 4726 potuisset,
1156 4659 1472 4727 nullamque
1494 4660 1832 4713 adversariis
1852 4657 2107 4713 vincendi
2128 4674 2282 4727 spem

711 4749 1045 4816 reliquisset,
1072 4758 1194 4818 post
1222 4751 1510 4804 innumera
1542 4760 1814 4805 tormenta
1843 4748 1898 4803 in
1928 4752 2071 4803 lecto
2095 4753 2285 4803 vincu-

708 4839 778 4892 lis
807 4839 1006 4908 ligatus
1053 4841 1371 4909 reponitur;
1409 4851 1465 4895 ct
1504 4842 1701 4895 mulier
1734 4841 2010 4909 impudica
2049 4842 2114 4894 ad
2154 4856 2279 4895 eum

711 4933 1054 4995 immittitur,
1079 4948 1199 5002 qua:
1224 4933 1377 4987 illum
1400 4934 1796 5002 complectens,
1822 4933 2148 4987 exosculans
2173 4948 2286 4986 ma-

712 5038 927 5096 nusque
958 5026 1289 5094 {petulanter
1330 5025 1396 5079 ad
1446 5026 1693 5079 membra
1736 5034 1945 5080 secreta
1991 5024 2283 5087 adhibens,

707 5117 1102 5186 procacissime
1130 5118 1199 5172 ad
1229 5134 1342 5172 rem
1376 5117 1651 5180 illicitam,
1685 5117 1823 5170 nihil
1857 5128 2088 5186 prorsus
2117 5116 2278 5170 lasci-

711 5208 810 5259 vire
839 5219 896 5262 et
927 5208 1312 5262 illecebrarum
1342 5209 1787 5278 prmtermittens,
1817 5208 2077 5262 concitat.
2114 5204 2275 5276 457

2390 4564 2598 4633 ισχυρῴ
2636 4563 2732 4615 τοῦ
2774 4562 3052 4633 δήγματος
3093 4566 3365 4634 ἐκτεμὼν,
3397 4569 3491 4620 καὶ
3542 4568 3741 4631 ἱκανῶς
3788 4571 3963 4639 αὐτὴν

2385 4654 2926 4725 διαμασσησάμενος,
2956 4655 3101 4709 κατά
3145 4657 3239 4710 τοῦ
3278 4661 3575 4728 προσώπου
3605 4660 3706 4729 τῆς
3742 4662 3964 4729 [auxiti-

2386 4746 2476 4808 δος
2508 4747 2875 4814 προσέπτυσε.
2910 4749 3018 4802 Καὶ
3050 4748 3227 4812 οὕτως
3271 4751 3453 4821 ἐσυτῷ
3485 4753 3583 4821 μέν
3615 4752 3815 4816 πόνους
3846 4755 3967 4821 δρι-

2384 4842 2508 4908 μεῖς
2550 4842 2673 4891 ἀντὶ
2719 4841 2912 4910 ἡδονῆς
2941 4882 2956 4904 ,
2990 4844 3055 4911 τῇ
3090 4842 3313 4910 ἀσελγεί
3352 4843 3397 4895 δ’
3450 4845 3657 4913 ἐκείνῃ,
3694 4846 3965 4915 αίσχύνην

2382 4934 2477 4984 καὶ
2516 4932 2780 5001 ἔκπληξιν
2828 4936 2925 4986 σὺν
2970 4934 3140 5004 ἀηδίᾳ
3187 4935 3644 5003 παρασκευάσας.
3690 4933 3794 5003 τῆς
3829 4951 3963 5002 σφο-

2382 5024 2517 5093 δρᾶς
2544 5025 2754 5094 ἐκείνης
2786 5025 3048 5095 ἐπηρείας
3079 5026 3382 5097 ὑπέρτερος
3408 5025 3717 5093 διαγέγονε.
3743 5026 3967 5093 Ταύτης

2382 5115 2426 5166 δ’
2449 5115 2720 5186 ἀνώτερος
2741 5116 3008 5184 γεγονὼς,
3034 5119 3321 5189 μαρτυρίῳ
3346 5119 3437 5171 τὸν
3470 5119 3584 5187 βίον
3615 5119 3757 5188 μετά
3786 5120 3968 5187 βραχὺ

2386 5208 2815 5276 ἑπεσφραγιζεν.

711 5303 799 5354 lile
830 5302 979 5355 aliud
1019 5300 1167 5369 quod
1208 5300 1415 5354 laceret
1462 5316 1569 5352 non
1620 5300 1849 5363 habens,
1882 5298 2125 5367 linguam
2166 5300 2283 5368 ipse
2324 5314 2478 5351 suam
2548 5315 2733 5353 morsu
2770 5300 3071 5364 concisam,
3138 5301 3511 5373 dentibusque
3542 5302 3967 5367 comminutam,

710 5401 765 5452 in
798 5396 993 5450 faciem
1026 5396 1337 5451 meretricis
1366 5395 1602 5465 exspuit.
1640 5394 1756 5461 Qua
1788 5410 1845 5449 re
1876 5395 1978 5449 snbi
2049 5395 2164 5464 ipse
2227 5395 2448 5463 quidem
2515 5411 2613 5464 pro
2648 5397 2922 5466 voluptate
2953 5411 3108 5452 acres
3141 5397 3383 5463 dolores,
3421 5398 3712 5468 impudica:
3778 5412 3968 5456 autem

784 5604 907 5672 (1)(
943 5602 1079 5655 Nam
1136 5613 1191 5655 et
1235 5602 1475 5669 proxime
1540 5602 1603 5653 ad
1649 5602 1902 5655 lenonem
1964 5602 2274 5657 damnando

696 5674 1077 5727 libristianam
1102 5672 1285 5741 potius
1312 5687 1474 5739 quam
1513 5673 1579 5724 ad
1619 5673 1852 5739 leonem,
1884 5674 2118 5726 confessi
2144 5675 2280 5727 estis

712 5747 889 5798 labent
922 5742 1201 5813 pudicitia:
1234 5744 1378 5810 apud
1423 5758 1523 5796 nos
1558 5743 1884 5797 atrociorem
1928 5744 2077 5798 omni
2118 5759 2279 5815 penna

2387 5605 2621 5686 etenim}
2649 5606 3101 5686 mortenrepntari
3134 5624 3147 5662 :
3174 5622 3273 5663 nec
3298 5609 3596 5681 quidquam
3631 5618 3815 5663 tamen
3840 5624 3968 5680 pru-

2390 5680 2511 5730 l'uit.
2542 5675 2791 5745 ('l‘crtull.
2826 5678 2905 5745 9.)
