4220 6438
239 405 380 469 1245

1158 410 1758 475 ECCl.ESIASTICzE
1799 416 2189 479 HISTORL’E
2232 420 2382 482 LIB.
2424 422 2556 485 VII.

3346 423 3481 487 lat)

238 517 345 570 νῶν
388 515 652 589 διάπυρον
686 518 927 589 ἐραστὴν
971 519 1215 576 ἔσεσθαι.
1263 524 1483 592 ’Δμέλει
1513 543 1596 579 τοι
1628 528 1720 579 καὶ
1752 528 1843 588 ἐν,

1948 547 2260 600 versorem,
2305 550 2368 589 ac
2408 535 2613 590 Christi
2652 542 2707 591 et
2746 534 3187 592 Christianorum
3219 539 3480 596 eximium

249 606 631 680 Ἀλεξανδρείᾳ
687 612 785 679 μὲν
835 612 1243 682 Διοκλητιανὺς,
1300 618 1502 686 καίπερ
1554 620 1810 686 γενναίας

237 700 376 768 ἔργα
405 703 591 771 χειρὸς
624 701 901 770 δράσαντα
928 705 986 757 ἐν
1018 708 1083 774 τῇ
1119 707 1257 759 κατά
1295 708 1385 760 τὸν
1430 709 1682 778 ’Λχιλλέα
1709 709 1810 779 τῆς

237 792 520 859 Αἰγύπτου
570 795 963 859 ἐπαναστάσει,
1006 797 1099 851 τὸν
1154 801 1567 855 Κωνσταντῖνον
1596 802 1808 855 ἀνελεῖν

237 885 554 956 ἐπεχείρει·
584 886 870 956 Γαλλέριος
904 890 960 941 δὲ
989 891 1045 942 ἐν
1098 890 1434 964 Παλαιστίνῃ
1459 894 1557 961 τῆς
1584 895 1811 947 ἐπιϐου-

236 980 336 1049 λῆς
371 984 597 1052 ἥπτετο.
630 984 733 1035 Τὸν
767 984 899 1053 γοῦν
934 986 1199 1055 λεληθότα
1221 987 1371 1042 δόλον
1403 990 1513 1043 τῶν
1546 992 1813 1061 κρατούν-

237 1092 349 1128 των
378 1076 709 1142 διεγνωκὼς,
734 1078 871 1131 Θεοῦ
902 1079 957 1131 δὲ
989 1075 1057 1149 ἦν
1084 1081 1191 1150 ἄρα
1219 1083 1310 1135 τοῦ
1344 1084 1521 1137 πάντα
1545 1083 1643 1137 σὺν
1666 1084 1811 1154 λόγῳ

236 1167 695 1240 διέποντος,ἀρας
727 1172 791 1224 ἐκ
824 1170 925 1242 τῆς
947 1172 1319 1243 Νικομήδους,
1345 1177 1435 1227 ἐπὶ
1457 1165 1550 1239 τὰς
1582 1177 1811 1236 Γαλλίας

243 1261 384 1329 πρὸς
416 1262 509 1314 τὸν
543 1263 757 1333 πατέρα
810 1264 1152 1333 μετέϐαινεν,
1199 1268 1297 1336 οὐχ
1346 1263 1511 1338 ἦττον
1562 1270 1812 1322 κάκεῖνον

238 1352 332 1403 τὸν
387 1353 549 1405 παῖδα
607 1356 1069 1425 ἐπικαλούμενον,
1101 1354 1188 1411 οἷα
1241 1361 1304 1429 δὴ
1362 1361 1431 1414 τά
1466 1362 1813 1431 Χριστιανῶν

240 1444 634 1512 πρεσϐεύοντα,
670 1448 766 1500 καὶ
796 1450 855 1501 ἐν
884 1449 1223 1512 τελευταῖαις
1249 1455 1350 1522 τῆς
1382 1454 1651 1523 διαθήκης
1687 1454 1815 1507 ὅντα

241 1538 565 1601 ἀναπνοαῖς.
627 1540 686 1591 '0
733 1540 790 1593 δὲ
825 1541 921 1593 καὶ
958 1543 1105 1610 μάλα
1135 1544 1321 1613 ἡσθεὶς
1364 1548 1429 1615 τῇ
1480 1546 1576 1599 τοῦ
1625 1548 1816 1611 παιδὸς

242 1630 540 1700 παρουσίᾳ,
573 1632 666 1683 καὶ
699 1634 827 1695 τοὺς
858 1634 1053 1701 ἀλλους
1085 1635 1339 1698 ἅπαντας
1393 1640 1814 1708 παρωσάμενος,

239 1720 339 1788 τῆς
375 1721 564 1792 κλίνης
594 1724 962 1790 ἀνακαθίσας,
1006 1728 1105 1797 τῆς
1135 1745 1193 1781 τε
1234 1731 1547 1801 συγκλήτου
1578 1736 1673 1785 καὶ⁵
1707 1732 1815 1785 τῶν

242 1812 456 1865 παίδων
490 1815 582 1867 καὶ
611 1814 707 1867 τοῦ
742 1816 985 1886 πλήθους
1017 1820 1238 1882 παντὸς,
1267 1821 1362 1873 καὶ
1406 1822 1515 1874 τῶν
1556 1822 1614 1888 ἐξ
1664 1823 1818 1875 ἀλλο-

240 1906 423 1975 δαπῆς
452 1908 762 1978 παρόντων,
794 1913 859 1961 τὰ
891 1911 992 1979 τῆς
1021 1896 1313 1980 βασιλείας
1333 1913 1579 1981 σύμϐολα
1598 1886 1698 1966 καὶ
1724 1913 1816 1966 τὸν
1851 1886 1891 1942 Β

240 1995 480 2065 χρυσοῦν
513 1995 776 2063 στέφανον
807 1995 956 2069 αὲτῷ
980 1998 1288 2067 περιέθετο,
1330 2000 1490 2064 αὐτὸς
1521 2002 1696 2070 κῆρυξ
1723 2002 1819 2057 τοῦ

243 2087 438 2148 παιδὸς
468 2088 684 2158 πρῶτος
727 2090 1050 2156 ἀναφανεὶς,
1086 2092 1179 2144 καὶ
1212 2095 1346 2161 πρδς
1381 2093 1481 2163 τὴν
1515 2093 1820 2164 σύγκλητον

240 2181 343 2232 καὶ
386 2179 476 2233 τὸν
523 2180 687 2233 παῖδα
737 2181 894 2235 ταῦτ’
940 2183 1183 2238 ἀνειπὼν
1210 2202 1223 2215 ο
1264 2185 1379 2238 Νῦν
1408 2189 1436 2239 ὁ
1468 2187 1697 2251 θάνατός
1731 2205 1821 2257 μοι

242 2273 343 2343 τῆς
371 2271 514 2343 ζωῆς
544 2274 713 2343 ήδίων
741 2274 1070 2330 καθίσταται
1097 2291 1111 2307 ο
1152 2274 1247 2329 νῦν
1283 2294 1375 2348 μοι
1411 2277 1552 2331 κατά
1595 2280 1822 2350 γνώμην

244 2369 280 2437 ή
309 2366 536 2436 τελευτὴ
573 2366 803 2435 ἐπέστη.
844 2368 993 2437 Ἐχω
1028 2368 1139 2437 γάρ
1176 2386 1280 2438 μου
1310 2369 1370 2421 τὸ
1407 2371 1667 2440 μέγιστον
1707 2373 1827 2424 ἐπι-

243 2461 445 2528 τάψιον
471 2458 565 2512 τὸν
591 2459 726 2513 υἱόν.
752 2457 827 2513 Τὸ
851 2462 959 2529 γὰρ
985 2462 1312 2514 καταλιπεῖν
1336 2462 1429 2514 ἐπὶ
1463 2463 1566 2531 γῆς
1599 2463 1824 2532 βασιλέα

244 2549 319 2601 τὰ
370 2549 717 2618 Χριστιανῶν
774 2549 988 2620 δάκρυα
1045 2552 1143 2604 σὺν
1178 2552 1301 2623 θείᾳ
1334 2556 1474 2623 ῥοπῇ
1525 2554 1825 2622 δυνάμενον

246 2644 701 2712 ἀπομόρξασθαι,
729 2644 826 2697 καὶ
856 2644 1016 2714 δίκην
1050 2646 1320 2715 λήψεσθαι
1355 2647 1466 2700 τῶν
1495 2650 1606 2710 τοῖς
1643 2648 1827 2711 ἀθέοις

246 2736 540 2804 τυράννοις
573 2738 1016 2806 τετολμημένων,
1068 2738 1231 2791 τοῦτό
1269 2756 1361 2806 μοι
1391 2741 1455 2791 τὸ
1497 2740 1594 2807 τῆς
1648 2756 1827 2809 μακα-

252 2830 505 2896 ριότητος
530 2830 779 2899 ἔσχατον.
809 2827 942 2883 Εἶτα
968 2830 1101 2898 πρὸς
1124 2831 1187 2883 τὸ
1212 2831 1418 2899 πλῆθος
1441 2834 1823 2902 ἐπιστραφεὶς,

247 2922 478 2990 θαρσεῖν
506 2939 568 2975 τε
602 2922 821 2975 ἐκέλευε
873 2926 985 2986 τοῖς
1043 2924 1118 2993 μὴ
1175 2926 1571 2994 μεταθεμένοις
1602 2926 1662 2977 τὸ
1693 2926 1830 2994 πρὸς

248 3015 490 3083 Χριστὸν
544 3016 704 3079 σέϐας
735 3032 749 3047 ·
785 3015 1109 3079 ὁπλίζεσθαι
1146 3017 1241 3070 καὶ
1281 3018 1389 3084 γὰρ
1439 3018 1649 3070 ἐκεῖνον
1688 3021 1829 3087 μετά

250 3110 671 3160 Κωνσταντίνου
706 3108 914 3163 λοιπόν.
941 3101 1049 3161 Ἦν
1080 3109 1188 3180 γὰρ
1214 3112 1240 3163 ὁ
1273 3108 1538 3175 Κώνστας
1570 3113 1630 3164 ἐν
1663 3112 1827 3181 πολλῇ

1913 634 2211 679 amatorem
2284 626 2555 683 futurum.
2624 628 2814 698 Itaque
2883 628 3256 686 Diocletianus
3327 632 3481 687 illum

1911 718 2255 772 Alexandriae
2318 719 2373 773 in
2432 718 2684 789 Egyptia
2744 720 2974 775 Achillis
3035 722 3336 777 rebellione
3384 725 3482 793 (ί),

1912 810 2161 879 quamvis
2198 812 2415 880 egregia
2458 828 2618 865 manu
2651 812 2905 867 edentem
2950 813 3193 868 facinora
3219 855 3233 874 .
3263 816 3480 869 interfl-

1912 917 2037 955 Cere
2087 912 2169 955 est
2216 912 2488 956 conatus:
2545 912 2600 957 et
2650 902 2924 957 Gallerius
2982 905 3036 957 in
3092 905 3379 959 Palaestina
3428 906 3480 960 ei

1914 994 2143 1048 insidias
2176 996 2396 1048 struxit.
2434 995 2646 1061 Quibus
2687 996 2777 1049 ille
2812 997 3152 1065 compertis,
3191 1009 3323 1052 nutu
3365 1000 3480 1056 Dei.

1913 1084 2006 1152 qui
2050 1084 2233 1138 omnia
2288 1096 2433 1139 recte
2480 1097 2535 1137 et
2568 1087 2845 1155 sapienter
2891 1086 3120 1155 dirigit,
3170 1086 3483 1142 Nicomedia

1916 1176 2171 1239 solvens,
2228 1175 2293 1229 ad
2345 1187 2556 1244 patrem
2614 1177 2665 1230 in
2716 1174 2921 1231 Gallias
2975 1178 3182 1248 trajecit
3224 1180 3342 1246 (2):
3390 1180 3484 1249 qui

1918 1269 2068 1322 illum
2105 1268 2307 1329 etiam,
2358 1268 2799 1321 Christianorum
2842 1284 2994 1322 sacra
3046 1270 3135 1338 pie
3186 1269 3396 1334 colens,
3432 1279 3488 1323 et

1916 1357 2238 1427 propediem
2284 1366 2618 1410 testamento
2653 1359 2764 1427 jam
2797 1360 3019 1413 condito
3065 1360 3389 1422 moriturus,
3418 1362 3485 1413 ad

1916 1464 1973 1503 se
1996 1448 2346 1503 commodum
2377 1458 2732 1503 evocaverat:
2762 1466 2871 1518 quo
2896 1452 3099 1522 majore
3123 1449 3285 1504 etiam
3310 1450 3480 1504 animi

1916 1542 2197 1611 voluptate
2250 1550 2304 1595 et
2364 1540 2547 1595 lmtitia
2614 1541 3005 1597 advenientem
3064 1559 3190 1598 eum
3252 1543 3489 1611 excepit.

1916 1633 2228 1702 Assurgcns
2270 1632 2437 1703 igitur
2472 1633 2524 1687 in
2562 1633 2737 1696 lecto,
2787 1634 2910 1689 aliis
2944 1634 3245 1698 abdicatis,
3277 1651 3400 1689 cum
3439 1634 3491 1689 ei

1920 1725 2021 1795 ipsi
2053 1724 2252 1790 liberi,
2297 1735 2524 1780 senatus
2568 1726 2916 1796 pupulusque
2949 1728 3276 1791 universus,
3307 1737 3362 1783 et
3394 1727 3495 1781 ad-

1921 1830 2073 1868 venae
2099 1830 2320 1884 quoque
2366 1815 2623 1885 permulti
2666 1816 2944 1879 adessent,
2982 1819 3221 1887 insignia
3258 1818 3498 1888 impera-

1926 1907 2065 1962 toria
2115 1917 2169 1961 et
2215 1922 2477 1961 coronam
2528 1923 2753 1961 auream
2797 1908 3162 1964 Constantino
3212 1910 3500 1979 imposuit,

1924 1999 2195 2070 praeconis
2246 2015 2451 2053 munus
2506 2000 2622 2069 ipse
2670 2010 2829 2069 pater
2883 2001 2936 2054 in
2997 2001 3109 2055 lilio
3166 2002 3498 2071 adimplens.

1924 2093 2049 2148 "me
2076 2092 2224 2146 enim
2254 2093 2320 2146 ad
2351 2102 2606 2146 senatum
2638 2104 2694 2147 et
2728 2093 2901 2146 lilium
2931 2097 3106 2162 ipsmn
3138 2103 3223 2148 est
3253 2094 3499 2148 locutus:

1924 2184 2081 2239 Nunc
2116 2184 2249 2238 mihi
2282 2200 2434 2239 mors
2459 2185 2568 2237 vita
2602 2184 2716 2253 ipsa
2748 2183 2965 2238 dulcior
2990 2195 3074 2238 est
3106 2184 3289 2239 futura
3318 2200 3333 2238 :
3358 2199 3507 2238 nunc

1924 2289 2146 2346 optatus
2191 2277 2347 2331 adest
2394 2276 2600 2331 obitus.
2645 2275 2833 2331 Teneo
2879 2275 3154 2345 siquidem
3202 2277 3505 2329 maximum

1925 2369 2309 2438 epitaphium,
2360 2369 2780 2437 sepulcraleqne
2826 2378 3281 2429 monumentum,
3326 2382 3505 2421 meum

1929 2463 2123 2517 lilium.
2175 2462 2241 2516 Et
2285 2462 2432 2531 quod
2470 2460 2523 2515 in
2569 2461 2734 2515 terris
2780 2460 3174 2530 imperatorem
3223 2460 3505 2530 relinquo,

1929 2554 2025 2622 qui
2079 2553 2193 2607 Deo
2234 2553 2378 2607 bene
2424 2553 2683 2623 juvante,
2732 2550 3180 2605 Christianorum
3234 2558 3510 2621 Iacrymrzs

1929 2643 2314 2707 abstersurus,
2347 2652 2404 2697 et
2449 2651 2718 2713 patratam
2765 2641 2834 2696 ab
2884 2643 3067 2712 impiis
3099 2642 3345 2711 tyrannis
3382 2657 3511 2695 cru-

1931 2737 2218 2791 delitatem
2266 2736 2647 2791 vindicaturus
2689 2745 2815 2799 est,
2862 2734 2914 2788 id
2962 2750 3063 2805 ego
3108 2750 3337 2789 summa
3372 2736 3507 2789 mihi

1931 2827 2215 2884 felicitatis
2250 2827 2375 2881 loco
2409 2841 2529 2880 esse
2554 2827 2721 2880 duco.
2760 2823 2966 2879 Deinde
2996 2824 3063 2878 ad
3097 2825 3505 2880 multitudinem

1932 2935 2273 2985 conversus,
2318 2921 2463 2975 bono
2495 2919 2682 2972 animo
2730 2934 2853 2973 esse
2892 2933 3087 2972 omnes
3124 2918 3310 2989 jussit,
3352 2918 3446 2987 qui
3483 2934 3512 2971 a

1931 3029 2062 3069 vera
2101 3012 2154 3066 in
2196 3011 2480 3067 Christum
2529 3010 2733 3079 pietate
2772 3025 2881 3063 non
2920 3009 3311 3073 descivissent,
3347 3025 3513 3079 quem

1934 3106 2199 3175 deinceps
2237 3119 2362 3159 cum
2397 3102 2765 3159 Constantino
2807 3102 2861 3155 in
2896 3102 3070 3156 armis
3112 3102 3231 3157 fore
3265 3102 3511 3156 dicebat.

247 3200 354 3269 τῆς
386 3199 574 3263 ἀθεῖας
602 3201 884 3272 κραιπάλῃ
909 3202 1101 3272 νήφειν
1132 3203 1387 3271 ἐλόμενος
1413 3240 1429 3266 ,
1468 3205 1561 3255 καὶ
1598 3204 1665 3255 τὰ
1695 3204 1828 3273 Χρι-

1941 3198 2209 3254 Constans
2240 3214 2476 3267 namque
2510 3198 2561 3251 in
2592 3198 2812 3266 crapula
2848 3198 2939 3251 illa
2970 3197 3267 3267 impietatis
3299 3197 3517 3252 sobrie-

253 3290 387 3345 στοῦ
470 3292 760 3361 κρατύνειν
818 3291 1081 3362 πλείστην
1140 3295 1382 3346 ἐποιεῖτο
1440 3293 1698 3363 σπουδήν,
1750 3294 1831 3364 τῷ

252 3383 443 3452 πολλῷ
474 3400 533 3435 τε
579 3383 681 3451 τῆς
728 3384 990 3448 ἀσεϐείας
1042 3386 1445 3455 κατακλυσμῷ,
1480 3387 1717 3456 σπινθὴρ
1746 3404 1831 3449 τις

250 3475 521 3537 ἄσϐεστος
548 3473 855 3543 διαμείνας.
882 3476 1106 3540 ,Πολλοῦ
1152 3478 1263 3545 γὰρ
1298 3476 1634 3546 μιάσματος,
1660 3480 1835 3546 ἐμφυ-

250 3569 373 3620 λίου
416 3585 475 3619 τε
525 3568 689 3636 φόνου
739 3569 839 3637 τὴν
887 3568 1213 3637 οἰκουμένην
1250 3572 1599 3639 κατέχοντος,
1652 3572 1706 3623 αί
1744 3572 1835 3624 ὑπ’

254 3659 474 3711 ἐκείνου
510 3659 690 3722 πόλεις
718 3659 938 3712 ἄσπιλοι
964 3660 1069 3711 τῶν
1095 3660 1290 3712 δεινῶν
1318 3656 1481 3731 ἦσαν.
1514 3661 1696 3729 Λιμὴν
1726 3664 1836 3730 γάρ

254 3765 344 3812 τις
382 3744 449 3814 ἦν
480 3749 744 3812 ἄκλυστος
772 3751 805 3819 ή
833 3749 1048 3803 ἐκείνου
1104 3750 1247 3819 ἀρχὴ
1300 3752 1366 3819 τῇ
1425 3750 1535 3801 τῶν
1592 3749 1836 3802 εὐσεϐῶν

258 3841 515 3910 πολιτείᾳ
535 3857 548 3871 ·
577 3842 672 3893 καὶ
698 3841 771 3903 ὡς
801 3843 880 3903 είς
913 3842 1184 3895 ἄκλυστον
1218 3844 1329 3909 γὰρ
1356 3843 1552 3910 λιμένα
1601 3843 1649 3894 oi
1698 3842 1840 3893 κατὰ

258 3934 503 4003 Χριστὸν
532 3933 875 4001 διωκόμενοι,
928 3934 1112 3985 ἐκεῖσε
1146 3933 1209 4001 δὴ
1259 3933 1625 4000 πεφευγότες,
1657 3934 1838 3986 διατε-

264 4030 530 4096 τήρηντο,
564 4028 672 4078 Καὶ
702 4029 729 4080 ὁ
768 4026 867 4095 μὲν
897 4026 989 4077 τὸν
1028 4027 1445 4079 Κωνσταντῖνον
1475 4026 1717 4079 ἀνειπὼν
1752 4025 1844 4095 βα-

263 4118 610 4185 σιλέα,κατα
633 4119 724 4171 τον
768 4117 987 4186 πρῶτον
1020 4119 1264 4169 ἐνιαυτὸν
1326 4118 1427 4187 τῆς
1496 4116 1574 4171 σα¹
1641 4121 1838 4191 Ὀλυμ-

267 4214 462 4273 πιάδος
495 4210 778 4279 μακαρίως
801 4208 1141 4278 ἀπήλλακτο,
1164 4209 1224 4272 ἒξ
1252 4208 1351 4276 μὲν
1377 4210 1472 4260 καὶ
1505 4212 1844 4279 πεντήκοντα

264 4303 395 4362 τοὶς
426 4300 633 4361 πάντας
661 4298 923 4367 διμζήσας
957 4298 1264 4361 ἐνιαυτοὺς,
1290 4299 1418 4367 τρία
1452 4298 1497 4349 δ’
1545 4301 1607 4351 ἐκ
1637 4302 1846 4354 τούτων

264 4396 366 4454 καὶ
415 4393 618 4444 είκοσιν
667 4389 929 4453 ἐπιδόξως
984 4390 1386 4459 ἡγεμονεύσας,
1437 4393 1533 4444 καὶ
1579 4387 1668 4446 οἷα
1722 4393 1846 4456 θεὸς

268 4484 403 4555 παρ’
431 4484 615 4545 αὐτοῖς
646 4482 1060 4549 ἀναγορευθείς.
1094 4480 1293 4544 "limo;
1321 4483 1430 4554 γὰρ
1454 4478 1524 4555 ἦν
1550 4486 1644 4537 καὶ
1671 4486 1843 4554 πρᾶος

1936 3304 2102 3347 tatem
2140 3301 2601 3352 conservat-erat.
2641 3301 2698 3345 et
2740 3290 2946 3345 Christi
3000 3292 3320 3360 religionem
3365 3292 3515 3345 obti-

1935 3400 2067 3439 nere
2117 3384 2423 3453 plurimum
2471 3383 2799 3447 studuerat,
2852 3394 3017 3452 atque
3067 3383 3118 3435 in
3174 3383 3375 3452 ingenti
3429 3383 3517 3437 illa

1937 3477 2253 3546 iniquitatis
2284 3476 2542 3528 eluvione
2569 3474 2846 3544 igniculus
2878 3475 3244 3528 ineatstinctus
3270 3488 3524 3541 perman-

1938 3578 2104 3622 serat.
2140 3567 2306 3637 466
2345 3564 2481 3619 Cum
2531 3567 2736 3620 etenim
2786 3565 3087 3633 plurimum
3134 3575 3281 3651 es‘set
3315 3564 3520 3633 ubique

1940 3661 2309 3731 piaculorum,
2332 3668 2388 3713 et
2419 3659 2599 3713 cmdes
2630 3658 2821 3711 civiles
2850 3674 2947 3725 per
2976 3658 3165 3709 orbem
3202 3657 3519 3711 universum

1940 3762 2361 3823 grassarentur.
2409 3766 2751 3819 quaecunque
2790 3747 2894 3803 sub
2939 3748 3062 3818 ejus
3105 3748 3321 3821 ditioqe
3357 3758 3521 3801 erant

1942 3849 2144 3910 urbes,
2198 3847 2473 3900 immunes
2514 3845 2580 3898 ab
2626 3860 2689 3898 ea
2743 3845 3216 3900 conlaniinatione
3258 3852 3315 3897 et
3366 3844 3526 3896 clade

1941 3957 2121 3995 erant.
2167 3939 2235 3993 Et
2274 3938 2566 4005 imperium
2604 3937 2725 4003 ejus
2762 3936 2936 3990 veluti
2978 3937 3289 3990 tutissimus
3331 3948 3524 4004 portus

1943 4041 2065 4086 erat
2104 4032 2329 4100 pietatis
2373 4029 2704 4083 Christianae
2735 4027 2835 4092 t5),
2875 4028 2927 4080 in
2976 4042 3173 4096 quem,
3208 4027 3525 4095 quicunque

1947 4132 2176 4191 propter
2210 4120 2492 4174 Christum
2540 4118 2936 4187 afﬂigerentur,
2986 4117 3292 4171 rectissime
3338 4116 3525 4185 perlu-

1947 4214 2216 4283 giebant,
2285 4214 2471 4281 ibique
2535 4210 3031 4265 conservahantnr.
3092 4210 3364 4264 Constans
3423 4210 3525 4280 (4),

1948 4305 2314 4360 Constantino
2349 4305 2685 4372 imperatore
2716 4302 2883 4363 facto,
2925 4302 3105 4371 primo
3140 4317 3284 4355 anno
3315 4302 3529 4355 ducen-

1953 4398 2161 4452 tesimce
2224 4398 2412 4465 prinue
2460 4394 2801 4465 Olympiadis
2865 4393 3101 4447 feliciter
3153 4394 3393 4446 decessit
3427 4394 3524 4461 (Si,

1951 4491 2127 4546 :B‘tatis
2173 4488 2631 4558 quinquagesimo
2693 4500 2884 4552 sexto,
2928 4502 3053 4540 cutn
3110 4501 3287 4540 annos
3333 4487 3529 4554 viginti

267 4576 431 4641 εἰπερ
460 4590 565 4635 τις.
600 4574 785 4641 Μηδὲν
809 4569 909 4642 οὖν
926 4588 979 4622 τι
1011 4572 1131 4624 καθ’
1162 4572 1320 4641 ἡμῶν
1351 4576 1676 4643 ἐνεργήσας,
1706 4575 1843 4643 μᾶλ-

1955 4593 2065 4636 trcs
2107 4582 2464 4650 imperasset,
2506 4588 2651 4632 tanta
2682 4590 2831 4632 certe
2865 4594 2986 4631 eum
3026 4578 3226 4648 gloria,
3262 4593 3323 4631 ut
3352 4593 3380 4630 a
3414 4577 3527 4631 Ro-

267 4667 361 4717 λςν
392 4665 492 4733 μὲν
516 4661 609 4717 οὖν
643 4666 790 4734 ἡμᾶς
821 4664 915 4716 καὶ
945 4664 1298 4734 διατηρήσας,
1322 4664 1398 4728 ὡς
1428 4666 1666 4735 εἴρηται,
1693 4667 1846 4730 ἄξιον

265 4761 364 4811 καὶ
391 4761 451 4812 τὸ
476 4758 628 4821 τέλος
666 4759 767 4825 τῆς
819 4758 1095 4821 πολιτείας
1127 4759 1454 4830 ἀπείληφεν,
1490 4760 1584 4812 ἐπὶ
1616 4760 1847 4831 διαδόχῳ

341 4942 418 5009 (1)
452 4940 693 4996 Achilles
744 4940 1036 4995 incubator
1068 4940 1283 5009 imperii
1305 4982 1319 5004 ,
1370 4939 1721 4995 Alexandria:
1751 4957 1850 5011 per

269 5028 496 5067 menses
518 5012 725 5081 aliquot
749 5012 1031 5072 obseSsus,
1050 5022 1107 5063 et
1135 5011 1188 5064 in
1211 5020 1535 5080 potestatem
1569 5014 1846 5077 redactus,

263 5083 405 5137 feris
440 5099 467 5135 a
520 5082 859 5137 Diocletiano
904 5081 1175 5150 objectus.
1216 5081 1524 5135 Achilleum
1571 5083 1663 5136 alii
1703 5085 1851 5137 hunc

270 5162 495 5207 vocant.

348 5224 425 5288 (2)
455 5222 867 5283 Constantinus,
912 5233 1060 5290 parta
1096 5239 1160 5276 ex
1216 5219 1479 5277 Sarmatis
1511 5220 1727 5290 egregia
1764 5224 1848 5277 vi-

270 5295 475 5351 ctoria.
507 5295 716 5346 veritus
750 5308 817 5345 ex
846 5307 910 5345 ea
937 5294 1097 5347 laude
1121 5295 1444 5362 gliscentem
1473 5292 1756 5359 invidiam,
1783 5294 1849 5348 ad

273 5375 490 5434 patrem
524 5363 830 5430 transfugit.
877 5362 1056 5431 (Bapt.
1094 5363 1401 5434 Egnatius.)

347 5432 427 5504 (5)
468 5452 485 5483 ι
508 5434 780 5487 Constans
805 5430 996 5486 natura
1029 5430 1373 5504 mitissimus,
1400 5430 1566 5486 Italia:
1583 5433 1853 5489 etAfrica’.

274 5502 575 5572 imperium
610 5504 890 5571 suscipere
939 5506 1237 5569 recusavit,
1268 5502 1566 5571 ,Britannia
1598 5513 1647 5557 et
1677 5505 1850 5559 Gallia

274 5584 597 5629 contentus.
637 5591 656 5623 ι
692 5573 909 5642 (Pomp.
936 5573 1163 5639 Laetus.)

349 5645 427 5712 (t)
461 5645 534 5697 De
585 5643 884 5697 Constante
942 5644 1048 5697 isto
1081 5645 1353 5701 Eusebius
1405 5646 1552 5700 lib.t
1610 5643 1682 5697 De
1738 5645 1852 5698 Vita

271 5715 616 5770 Constantini
662 5726 962 5778 memorat,
1001 5718 1326 5783 percharum
1369 5733 1493 5771 eum
1532 5715 1748 5770 civibus
1798 5726 1852 5769 et

269 5786 515 5839 subditis
544 5786 659 5838 suis
705 5784 895 5842 fuisse.
928 5800 1068 5853 quos
1107 5786 1273 5839 nullis
1313 5788 1695 5840 exactionibus
1725 5802 1851 5855 gra-

270 5857 450 5917 \urit;
496 5866 547 5909 et
603 5870 725 5910 cum
788 5855 1083 5925 aliquando
1124 5858 1234 5911 sive
1286 5858 1678 5919 Diocletianus,
1735 5857 1851 5913 sive

1954 4676 2135 4729 manis
2182 4670 2593 4741 quodammodo
2643 4671 2695 4723 in
2739 4669 3312 4724 deorunLnumerum
3362 4669 3536 4721 refer-

1953 4778 2129 4823 retur.
2185 4766 2393 4821 Nalura
2446 4778 2683 4832 namque
2722 4762 2826 4816 fuit
2875 4763 3109 4817 maxime
3158 4763 3265 4815 leni
3314 4770 3369 4815 et
3421 4762 3535 4814 cle-

1953 4944 2313 5001 Maximianus
2346 4959 2443 5012 per
2464 4944 2669 5011 legatos
2701 4940 2947 5009 pecunirc
2980 4939 3028 4993 ei
3061 4938 3346 5007 penuriam
3390 4938 3531 5012 obji-

1954 5028 2125 5082 ceret,
2161 5017 2310 5068 illum
2348 5010 3094 5082 opulentissimosiquosqne,
3120 5018 3176 5062 ut
3210 5024 3266 5061 se
3299 5010 3531 5075 pecunia

1954 5088 2018 5139 ad
2043 5081 2542 5141 necessarios’usus
2564 5081 2852 5149 praebenda
2881 5082 3227 5149 adjuvarent.
3245 5092 3539 5149 evocasse;

1955 5158 2008 5210 hi
2043 5172 2174 5210 vero
2222 5170 2415 5222 magna
2452 5148 2620 5205 animi
2660 5148 3248 5222 alacritateingentem
3280 5150 3389 5222 vim
3414 5148 3534 5222 auri

1954 5238 2009 5297 et
2039 5225 2271 5297 argenti,
2303 5217 2369 5277 de
2401 5223 2691 5297 occasione
2728 5221 2982 5297 pri_ncipi_
3012 5236 3113 5297 suo
3137 5217 3533 5297 _gratiﬁ_cand_i,

1955 5296 2057 5349 sibi
2092 5289 2452 5366 gratulantes,
2485 5292 2551 5366 ad
2590 5291 2851 5366 illum_eis
2891 5289 2984 5366 qui
3021 5289 3151 5343 dicti
3178 5300 3304 5366 sunt
3326 5289 3532 5366 legatis

1955 5359 2318 5435 prteséntibus
2365 5363 2692 5435 attulerunt.
2734 5360 2877 5435 Tum
2920 5362 3191 5435 Constans
3221 5360 3285 5410 ad
3326 5359 3536 5427 legatos

1954 5430 2276 5496 conversus,
2309 5449 2459 5487 nunc
2506 5432 2727 5485 demum
2775 5430 2880 5484 sibi
2910 5432 3048 5485 dixit
3075 5438 3532 5498 repraesentatum

1956 5507 2275 5560 thesaurum
2306 5519 2451 5565 esse,
2479 5502 2572 5569 qui
2606 5502 2813 5553 dudum
2836 5503 2978 5569 apud
3015 5500 3161 5553 cives
3190 5515 3319 5552 suos
3349 5514 3537 5569 serva-

1958 5587 2046 5630 tus
2090 5578 2286 5628 luisset
2319 5593 2332 5626 :
2367 5567 2527 5642 legati
2574 5567 2892 5624 renuntiare
2918 5571 3042 5642 hoc
3084 5570 3327 5634 Augusto
3371 5567 3536 5642 jussi,

1956 5661 2081 5699 cum
2129 5640 2491 5699 admiratione
2542 5642 2865 5695 discessere.
2915 5641 2981 5694 Et
3024 5642 3294 5694 Constans
3327 5640 3539 5691 civrbus

1955 5716 2070 5769 suis
2107 5716 2393 5785 pecuniam
2428 5729 2548 5768 eam
2586 5727 2805 5785 onmem
2845 5714 3109 5785 restituit.

2030 5777 2286 5854 (δεἈρυᾱ
2340 5786 2478 5839 alios
2534 5780 2808 5851 reperitur
2855 5782 3118 5853 olympias
3169 5778 3295 5845 972,
3329 5786 3386 5833 et
3436 5777 3539 5832 hoc

1961 5866 2180 5910 l'CCllUS.
