4220 6438
211 403 346 464 1253

1129 399 1732 462 ECCLESIAS'l‘lC/F.
1773 398 2163 460 HISTORLE
2204 400 2346 460 LIB.
2393 399 2523 458 VII.

3309 395 3451 461 1254

209 530 331 564 οῖον
368 512 575 566 ἐκείνου
609 512 788 585 ψυχήν
833 514 974 567 κατὰ
1015 514 1212 584 κράτος
1255 515 1565 586 νικήσασαο
1613 514 1678 584 ἢν
1711 513 1777 582 δὴ
1809 519 1848 573 Α

1809 519 1848 573 Α
1882 512 2155 566 adulteria
2199 513 2338 582 ejus,
2372 513 2496 581 quis
2529 523 2714 581 quaeso
2742 524 3018 580 exponere
3056 509 3270 576 possit?
3299 511 3449 564 Civi-

209 608 417 658 κτιῖναι
479 607 821 676 δεομένην,ἣ
882 607 972 659 τὸν
1024 607 1277 676 σώφρονα
1333 607 1594 674 λογισμὸν
1649 624 1782 675 προ·-

206 696 409 757 δοῦναι,
439 697 537 766 τῆς
570 696 861 765 ιπιθυμίας
916 697 1176 769 μᾶλλονῆ
1220 697 1314 750 τοῦ
1362 698 1538 767 θυμοῦ
1582 715 1782 767 τυραν-

209 790 426 858 νούσης,
477 790 570 844 καὶ
603 791 726 850 ταῖς
775 789 954 842 ἐλπίσι
997 791 1460 860 μετεωριζούσης,
1501 791 1561 843 οὐ
1598 790 1782 858 "xam-

213 883 427 945 ξίωσεν.
475 884 762 953 Ἀειφυγίᾳ
801 882 854 934 δὲ
898 882 1202 950 ζημιώσας,
1243 883 1432 950 κύριον
1462 882 1654 936 ἑαυτὸν
1682 883 1781 950 τῆς

212 975 532 1042 περιουσίας
562 975 813 1026 καθίστα.
849 975 1048 1026 Πολλοὶ
1082 976 1182 1043 μὲν
1211 973 1304 1025 οὖν
1331 976 1422 1026 καὶ
1452 974 1609 1028 ἄλλαι
1643 973 1782 1026 κατὰ

211 1069 411 1129 τόπους
446 1067 566 1138 μηδ’
598 1067 789 1136 ἄκροις
819 1067 954 1120 ὠσὶν
994 1069 1362 1137 ἀνασχόμεναι
1393 1069 1778 1138 πορνευθῆναι,

214 1161 395 1212 πάντα
451 1160 644 1213 παθεῖν
683 1162 810 1230 ἄχρι
847 1162 912 1230 δὴ
946 1160 1179 1214 Θανάτου
1232 1162 1539 1230 ἠνέσχοντο.
1581 1163 1686 1213 Καί
1718 1178 1781 1228 γε

212 1255 516 1322 θαυμάσιαι
551 1255 648 1324 μὲν
679 1256 907 1318 ἐκεῖναι,
937 1254 1118 1322 πολλῷ
1158 1254 1215 1307 δὲ
1248 1253 1668 1323 ὑπερσάλλουσα
1703 1252 1781 1322 τῷ

211 1343 360 1412 μέσῳ
387 1346 420 1414 ἡ
455 1346 547 1396 ἐπὶ
589 1343 807 1413 Ῥώμης
854 1346 1032 1412 ἐκείνη
1077 1344 1304 1414 εὐγενὴς
1345 1344 1420 1413 τῷ
1449 1346 1560 1396 ὄντι
1591 1345 1736 1413 ψυχή
1764 1359 1778 1374 ·

207 1438 274 1489 τὰ
306 1437 416 1503 γὰρ
446 1437 605 1504 ὅμοια
631 1437 762 1506 δρᾷν
800 1435 999 1488 ἐθέλων
1029 1437 1318 1506 Μαξιμίνῳ
1340 1435 1664 1500 Μαξέντιος,
1695 1430 1782 1488 οἶα

210 1529 281 1580 τά
315 1529 553 1595 συγγενῆ
589 1529 684 1578 καὶ
714 1528 918 1596 ἀδελφὰ
954 1527 1039 1596 ἐφ’
1069 1528 1238 1580 ἅπασι
1288 1527 1382 1578 καὶ
1431 1527 1646 1597 φρονῶν
1688 1527 1783 1578 καὶ

215 1621 472 1690 πράττων
502 1621 716 1690 ἐκείνῳ,
753 1621 988 1688 ἐπείπερ
1029 1621 1209 1689 ἐκείνη
1236 1622 1361 1682 τοὺς
1393 1620 1487 1688 τῆς
1527 1620 1778 1686 πράξεως

213 1712 523 1781 ὑπουργοὺς
550 1711 628 1782 τῷ
664 1712 906 1781 σφετέρῳ
943 1713 1078 1782 οἴκῳ
1125 1713 1450 1773 ἐπιστάντας
1500 1712 1659 1779 ἔγνω,
1691 1713 1783 1762 καὶ

205 1804 380 1855 ταῦτα
428 1803 518 1856 τοῦ
575 1804 766 1874 ἀνδρὸς
826 1806 995 1870 αὐτῆς
1039 1803 1136 1872 τὴν
1190 1803 1284 1856 τεῦ
1339 1805 1582 1872 ὲπάρχου
1627 1804 1782 1868 ἀξίαν

207 1896 657 1964 διαχειρίζοντος,
690 1894 1143 1957 κατασεισθὲντος
1172 1894 1249 1964 τῷ
1279 1896 1388 1948 δέει
1423 1896 1517 1948 καὶ
1548 1895 1785 1960 ἀπάγειν

208 1987 548 2053 κελεύοντος,
580 1989 699 2041 ἐπεὶ
733 1987 950 2052 ἐξιοῦσα
985 1988 1045 2040 οὐ
1099 1989 1238 2042 πάνυ
1284 1988 1418 2041 πολὺ
1466 1988 1657 2058 προῄει
1691 1988 1783 2040 τοῦ

206 2078 386 2143 οἴκου,
413 2079 978 2149 ὑποπαραιτησαμένη
1004 2078 1164 2147 δῆθεν
1194 2080 1317 2138 τοὺς
1346 2080 1578 2145 ἄγοντας
1611 2080 1683 2140 ὼς
1722 2078 1786 2130 ἂν

208 2172 350 2240 πρὸς
382 2171 787 2240 εὐσχημότερον
829 2170 1067 2224 διάθοιτο
1109 2172 1305 2239 ἑαυτήν
1327 2185 1342 2202 ⁶
1381 2170 1681 2238 μονωθεῖσα
1708 2170 1784 2236 δὲ,

208 2261 309 2329 τὴν
353 2261 631 2329 μάχαιραν
675 2258 818 2312 κατὰ
849 2258 956 2311 τῶν
987 2259 1239 2326 ὲγκάτων
1271 2258 1471 2328 ήλαυνε
1498 2275 1514 2290 ο
1552 2260 1642 2310 τὸν
1685 2260 1786 2326 μὲν

207 2352 386 2420 αὐτῆς
435 2354 629 2419 νεκρὸν
680 2353 908 2416 ἐκείνοις
960 2353 1216 2416 λιποῦσα,
1251 2351 1436 2422 ἔργοις
1487 2353 1543 2405 δὲ
1601 2353 1786 2414 αὐτοῖς

209 2444 649 2512 παραδεικνῦσα,
692 2445 771 2497 ὅτι
818 2445 980 2514 μόνον
1015 2446 1317 2515 χρημάτων
1353 2445 1613 2499 ἁπάντων
1643 2443 1783 2498 ἀνώ-

210 2535 402 2603 λεθρον
445 2536 538 2586 καὶ
583 2536 851 2604 ἀήττητον
881 2537 911 2607 η
941 2538 1094 2606 παρὰ
1146 2539 1498 2607 Χριστιανοῖς
1544 2538 1788 2606 πέφυκεν

211 2625 404 2695 ἀρετὴ.
441 2627 533 2678 καὶ
586 2627 740 2679 οὐδὲν
779 2629 1094 2698 ἐρρωμένου
1141 2629 1409 2700 λογισμοῦ
1461 2631 1787 2703 βιαιότερον.

213 2713 468 2783 Τοσαύτη
497 2717 694 2777 κακίας
721 2719 864 2786 φορά
892 2719 995 2770 ὑπὸ
1023 2720 1114 2772 τὸν
1141 2722 1303 2774 αὐτὸν
1341 2723 1436 2774 καὶ
1471 2723 1565 2776 ἕνα
1595 2725 1788 2793 χρόνον

212 2808 314 2874 τήν
352 2823 414 2858 τε
440 2806 514 2858 ἓω
550 2810 644 2859 καὶ
677 2809 916 2878 ἑσπέραν
941 2810 1215 2880 διείληφεν
1261 2814 1367 2866 ὑπὸ
1399 2815 1507 2868 τῶν
1539 2815 1633 2867 δύο
1665 2818 1790 2866 τού-

212 2916 326 2949 των
354 2899 634 2967 τυράννων
666 2902 869 2971 ἀδελφὰ
900 2905 1245 2974 φρονούντων
1276 2907 1362 2974 ἐφ’
1389 2905 1610 2961 ἅπασιν·
1645 2906 1787 2960 ὥστε

213 2988 558 3052 άδιστάκτως
583 2993 992 3062 ἀποφηναμένῳ
1021 2995 1196 3047 εἰπεῖν
1229 2993 1438 3061 ἔξεστιν
1488 2996 1660 3050 αἴτιον
1690 3000 1789 3067 τῆς

217 3081 403 3132 αὐτῶν
456 3085 726 3154 τοσαύτης
762 3085 1203 3154 ἐγκαταλείψεως
1253 3087 1372 3156 μετ’
1405 3089 1584 3156 ὀλίγον
1622 3091 1789 3160 μηδὲν

1887 611 2050 656 tatem
2115 598 2638 672 pra-lerire'potuit
2699 601 2923 664 nullam,
2986 602 3118 669 quin
3173 601 3451 670 pleraeque

1885 695 2148 749 mulieres
2185 694 2512 748 vitiarentur
2538 707 2702 763 atque
2733 702 3080 761 raperentur.
3115 694 3226 748 Nec
3254 694 3307 747 in
3351 710 3451 748 nos

1885 784 2054 848 solos,
2090 785 2184 838 sed
2229 786 2283 838 in
2333 801 2526 838 omnes
2559 786 2724 839 etiam
2759 786 3014 839 subditos
3046 801 3178 839 suos
3209 801 3300 839 res
3339 797 3448 839 tam

1883 890 2077 943 graves
2129 878 2397 930 exercuit.
2459 877 2616 946 Apud
2676 893 2777 932 nos
2833 878 3057 947 quidem
3112 877 3166 931 in
3225 878 3450 932 Oriente

1880 970 2032 1037 juxta
2066 979 2119 1022 et
2149 969 2468 1033 Occidente,
2491 985 2600 1023 non
2629 971 2735 1024 viri
2765 981 2973 1024 tantum
3006 981 3231 1041 pr0pter
3264 987 3448 1025 veram

1885 1060 1940 1112 in
1974 1059 2143 1112 Deum
2177 1062 2457 1128 pietatem,
2513 1062 2783 1117 adversus
2832 1063 3035 1130 ignem,
3070 1063 3300 1126 ferrum,
3335 1065 3452 1132 gla-

1885 1153 2025 1211 dios.
2064 1155 2233 1207 maris
2280 1154 2477 1218 undas,
2513 1156 2736 1219 famem,
2772 1168 2963 1209 aestum
2994 1163 3050 1208 et
3089 1157 3352 1225 algoretn.
3399 1166 3454 1209 ct

1885 1253 2078 1297 contra
2113 1244 2339 1306 bestias,
2384 1247 2876 1316 membrorumque
2908 1248 3254 1300 concisiones
3286 1249 3454 1316 depu-

1884 1347 2125 1404 gnarunt
2170 1356 2181 1390 :
2244 1338 2340 1392 sed
2392 1349 2448 1392 et
2500 1340 2840 1395 mulierculae
2899 1341 3087 1395 divino
3135 1341 3454 1394 confortataa

1886 1428 2075 1491 verbo,
2122 1429 2314 1482 eadem
2372 1430 2490 1484 lia-c
2534 1431 2780 1499 perferre
2835 1434 3223 1486 sustinuerunt
3272 1450 3285 1486 :
3339 1448 3457 1500 Quae

1884 1535 2008 1573 cum
2043 1520 2108 1572 ad
2145 1523 2590 1586 corruptionem,
2622 1532 2875 1591 stuprum
2907 1531 2961 1576 et
3004 1523 3288 1591 pudicitia:
3320 1539 3456 1576 con-

1890 1614 2306 1666 taminationem
2344 1614 2704 1678 ducerentur,
2737 1615 2904 1668 vitam
2938 1616 3105 1669 citius
3139 1632 3302 1683 quam
3336 1631 3458 1669 car-

1888 1721 1988 1774 ptts
2021 1707 2400 1774 prodiderunt.
2437 1707 2494 1760 ld
2523 1708 2668 1776 quod
2698 1709 2917 1777 egregie
2950 1709 3194 1762 ostendit
3226 1711 3458 1762 Alexan-

1888 1799 2048 1852 drina
2085 1798 2173 1852 illa
2204 1799 2402 1851 mulier
2423 1800 2521 1868 tl),
2547 1801 2768 1868 opibus,
2793 1803 2919 1853 vitm
2951 1801 3225 1860 instituto,
3251 1801 3457 1854 virtute

1893 1901 1948 1944 ct
1993 1893 2046 1945 in
2076 1893 2271 1961 primis
2301 1894 2574 1947 castitatis
2603 1894 2775 1962 gloria
2811 1894 3069 1958 celebris,
3107 1910 3229 1962 qua
3274 1893 3458 1946 libidi-

1894 2000 2090 2037 nosum
2141 1985 2262 2055 ejus
2317 1986 2561 2038 animum
2611 1987 2910 2040 fortissime
2961 1986 3265 2053 superavit.
3319 1984 3457 2038 Cum

1891 2085 2130 2145 namque
2157 2093 2281 2130 eum
2316 2078 2404 2130 illa
2436 2078 2826 2141 obtestaretttr,
2859 2087 2917 2131 ut
2944 2079 3106 2131 vitam
3141 2078 3245 2131 sibi
3276 2079 3460 2145 potius

1890 2183 2053 2236 quam
2086 2168 2408 2236 pudicitiam
2446 2169 2733 2232 adimeret,
2759 2169 2903 2236 quod
2930 2168 3231 2237 cupiditate
3265 2170 3457 2237 magis,

1891 2275 2012 2328 quae
2044 2276 2169 2313 eum
2207 2260 2262 2313 itt
2291 2276 2540 2330 magnam
2576 2277 2726 2328 spem
2763 2270 2890 2313 voto
2925 2275 3025 2313 suo
3066 2261 3311 2329 potiendi
3340 2275 3456 2311 sus-

1894 2353 2119 2416 tulerat,
2181 2369 2344 2422 quatit
2390 2354 2467 2406 ira
2501 2365 2880 2422 grassaretur,
2916 2352 3172 2421 precibus
3203 2352 3322 2420 ejus
3350 2366 3457 2402 non

1893 2445 2190 2513 acquievit,
2240 2445 2336 2498 sed
2383 2447 2502 2514 ejus
2555 2445 2609 2498 in
2653 2457 2982 2513 perpetuuut
3033 2454 3166 2498 acta:
3205 2444 3457 2498 exsilium

1892 2539 2260 2591 substantiam
2303 2552 2522 2590 omnem
2565 2536 2851 2598 involavit.
2884 2537 3101 2605 sibique
3137 2536 3459 2590 vindicavit.

1892 2627 2076 2680 Mttltte
2111 2627 2374 2696 praeterea
2407 2627 2527 2680 alia:
2552 2627 2605 2680 iit
2638 2628 2917 2696 plerisque
2941 2627 3099 2692 locis,
3129 2641 3198 2679 ne
3231 2628 3462 2680 summis

1894 2718 2117 2786 quidem
2152 2719 2382 2772 auribus
2415 2717 2481 2773 de
2506 2730 2702 2788 stupro
2729 2734 2785 2774 se
2812 2719 3130 2782 compellari
3165 2720 3458 2788 patientes,

1894 2810 2190 2864 durissima
2223 2825 2458 2879 quaeque
2488 2811 2554 2865 ad
2581 2819 2810 2866 mortem
2842 2828 3014 2876 usque
3043 2813 3319 2881 pertulere
3345 2828 3458 2866 ma-

1893 2905 1966 2958 la.
2004 2904 2132 2968 Qua:
2171 2905 2391 2972 quidem
2442 2905 2782 2959 admirandae
2817 2916 2948 2959 sunt
2983 2921 3195 2970 omnes,
3244 2907 3335 2960 illa
3375 2914 3460 2960 ta-

1895 3011 2020 3050 men
2057 2997 2315 3066 prazclara
2347 2998 2582 3050 maxime
2608 2998 2946 3052 nobilissima
2971 2999 3025 3052 in
3052 2999 3188 3054 urbe
3216 2998 3461 3053 Romana

1897 3087 2099 3139 anima.
2139 3085 2445 3141 Maxentius
2479 3103 2737 3156 namque,
2775 3088 2869 3157 qui
2923 3089 3154 3144 libidine
3212 3090 3459 3143 Maximi-

214 3173 350 3224 ἄλλο
373 3191 434 3241 γι
467 3173 606 3228 εἶναι
637 3177 669 3245 ἢ
717 3177 806 3229 τὸν
838 3179 958 3231 καθ’
999 3179 1158 3247 ἡμῶν
1182 3180 1423 3249 διωγμόν
1448 3199 1461 3212 ’
1504 3184 1560 3244 ὃς
1601 3181 1666 3252 δὴ
1701 3184 1790 3234 καὶ
1817 3190 1862 3254 c

1817 3190 1862 3254 ο
1898 3193 2027 3232 num
2055 3178 2302 3231 aemulari
2336 3179 2392 3232 iu
2421 3181 2662 3233 animum
2701 3180 3012 3242 induxerat.
3049 3182 3243 3236 eadem
3285 3183 3338 3236 in
3373 3199 3461 3236 re-

219 3261 413 3314 στάσιν
445 3263 672 3333 εἱλήχει,
706 3265 866 3336 ήμῶν
893 3266 990 3337 τὴν
1032 3267 1239 3337 συνήθη
1276 3271 1587 3340 παρρησίαν
1630 3268 1788 3334 αὖθις

215 3354 248 3402 ἀ
264 3352 622 3408 πολαϐόντων.

1902 3272 2006 3325 bus
2059 3272 2320 3325 omnibus
2367 3287 2488 3340 qua:
2523 3271 2634 3335 ille,
2681 3272 2850 3326 veluti
2901 3276 3245 3343 propinquus
3296 3287 3460 3344 atque

1902 3363 2074 3417 frater
2111 3373 2164 3416 et
2195 3365 2440 3417 sentiens
2471 3373 2525 3417 et
2562 3362 2786 3431 faciens,
2823 3367 2878 3419 in
2909 3368 3054 3422 ardes
3084 3369 3203 3436 ejus
3247 3367 3463 3422 femina:

219 3444 582 3500 administros
610 3447 784 3515 stupri
828 3447 1053 3503 miserat
1083 3448 1158 3518 (2)
1194 3467 1205 3502 :
1248 3448 1406 3521 47],
1445 3451 1792 3518 maritusque
1833 3453 1959 3522 ejus
2022 3455 2406 3523 praefecturam
2444 3454 2596 3508 urbis
2625 3471 2844 3523 gerens,
2886 3457 3084 3511 timore
3153 3460 3461 3528 perculsus,

217 3539 420 3590 abduci
451 3552 570 3591 eam
600 3538 860 3608 jusserat.
897 3541 1016 3611 Ipsa
1043 3553 1226 3595 autem
1254 3545 1418 3597 domo
1479 3558 1697 3613 egressa
1762 3546 1863 3616 (5),
1910 3562 2033 3600 cum
2102 3546 2387 3616 paululum
2449 3548 2744 3602 admodum
2803 3550 3197 3618 processisset,
3259 3550 3464 3604 dolosis

220 3633 511 3688 blanditiis
545 3651 574 3688 a
608 3638 1037 3705 productoribus
1070 3641 1184 3693 suis
1212 3641 1553 3708 impetravit,
1625 3651 1683 3696 ut
1751 3645 1859 3699 sibi
1906 3644 1959 3697 itt
2011 3648 2157 3699 aedes
2209 3645 2276 3699 ad
2329 3646 2574 3699 habitum
2620 3645 2990 3714 vestitumque
3036 3645 3320 3699 cultiorem
3371 3660 3474 3698 su-

220 3725 486 3779 mendum
528 3727 710 3780 redire
740 3727 953 3782 liceret.
987 3728 1164 3797 Atque
1193 3730 1267 3782 ibi
1311 3747 1432 3784 cum
1510 3732 1628 3786 sola
1695 3746 1863 3801 esset,
1905 3737 2086 3790 cultro
2115 3737 2351 3806 seipsam
2387 3737 2656 3791 confodit.
2691 3736 2781 3791 Sic
2813 3737 2902 3790 illa
2933 3737 3168 3791 cadaver
3195 3737 3278 3792 eis
3301 3753 3460 3793 suum

222 3819 457 3886 reliquit
491 3837 504 3873 :
548 3819 691 3872 facto
729 3833 912 3873 autem
952 3820 1044 3873 tali
1078 3823 1214 3874 satis
1247 3822 1569 3888 declaravit,
1641 3840 1827 3880 rerum
1866 3830 2114 3881 omnium
2165 3831 2398 3883 maxime
2470 3829 2728 3883 invictam
2772 3837 2936 3897 atque
2979 3829 3460 3900 inexpugnabilem

216 3914 671 3969 Christianorum
697 3911 1255 3982 virtutem,nibilque
1279 3929 1404 3968 esse
1465 3915 1650 3969 animo
1714 3915 1873 3970 lirmo
1911 3927 1964 3971 et
2000 3921 2273 3972 constanti
2309 3919 2626 3972 violentius.
2678 3917 2887 3972 Tantus
2931 3919 3189 3974 vitiorum
3231 3921 3471 3990 ﬂagitio-

221 4020 465 4074 rumque
515 4006 762 4057 omuium
828 4019 940 4059 uno
1007 4005 1314 4074 eodemque
1376 4015 1627 4076 tempore
1692 4024 1791 4077 per
1827 4009 2109 4064 Orientem
2176 4009 2646 4079 Occidentemque
2681 4011 2867 4074 simul,
2922 4013 3086 4067 simul
3119 4016 3222 4070 sub
3243 4016 3464 4072 duobus

219 4103 380 4154 hisce
434 4099 699 4167 tyrannis,
731 4112 1017 4167 germanos
1084 4099 1138 4152 itt
1205 4099 1508 4154 sceleribus
1558 4102 1817 4155 omnibus
1877 4103 2090 4157 animos
2167 4102 2588 4165 obtinentibus,
2638 4115 2938 4172 proventus
2995 4106 3117 4160 fuit.
3173 4093 3468 4166 Adﬂirmare

219 4193 613 4250 mediusﬁdius
645 4202 796 4245 certe
833 4206 1078 4261 possum,
1115 4192 1261 4260 quod
1294 4192 1370 4246 illi
1399 4193 1551 4247 brevi
1590 4203 1779 4263 postea
1818 4195 1871 4250 in
1945 4203 2152 4248 tantum
2189 4204 2318 4249 sunt
2387 4196 2624 4264 conjecti
2671 4196 2990 4261 discrimen,
3031 4200 3168 4253 nihil
3216 4201 3364 4254 aliud
3404 4203 3464 4258 in

218 4302 392 4339 causa
435 4285 630 4350 fuisse,
666 4301 828 4354 quam
857 4301 1000 4350 eam,
1033 4302 1155 4354 qua:
1218 4298 1409 4342 contra
1448 4303 1549 4341 nos
1589 4291 1827 4344 excitata
1907 4304 2012 4352 est,
2056 4292 2522 4360 persecutionem.
2574 4294 2649 4348 Ea
2692 4308 2824 4346 vero
2861 4295 3103 4364 vigorem
3149 4302 3467 4366 statumque

221 4394 390 4433 suum
457 4379 760 4433 ﬁrmiorem
814 4389 897 4433 est
951 4389 1278 4446 consecuta,
1325 4398 1450 4436 cum
1504 4397 1605 4437 nos
1660 4393 1982 4439 consuetam
2056 4386 2369 4440 libertatem
2436 4397 2493 4441 et
2565 4387 2930 4441 constantiam
3003 4397 3251 4443 nostram
3308 4404 3464 4444 rece—

221 4488 434 4542 pimus.

2472 4597 2697 4653 CAPUT
2739 4595 2905 4652 XXII.

1899 4709 1975 4763 De
2005 4709 2240 4763 cladibus
2275 4725 2391 4777 qua:
2418 4711 2826 4776 persecutionem
2845 4709 2979 4761 hanc
3001 4719 3123 4761 sunt
3155 4712 3461 4775 subsecuta.

1970 4789 2017 4831 et
2047 4783 2108 4859 de
2134 4782 2508 4846 imperatorum
2549 4779 2844 4848 palinodia,
2889 4795 2978 4831 seu
3008 4784 3369 4836 recordatione
3417 4793 3465 4835 et

1971 4855 2292 4918 paenitentia.

805 4595 1057 4647 ΚΕΦΑΛ.
1091 4591 1220 4650 KB’.
1828 4608 1875 4664 ο

221 4709 369 4778 Περὶ
412 4708 531 4762 τῶν
590 4709 1062 4774 ὲπισκηψάντων
1096 4707 1327 4772 δεινῶν,
1372 4709 1471 4762 καὶ
1526 4709 1635 4778 τῆς
1675 4708 1794 4762 τῶν

611 4781 990 4845 κρατούντων
1013 4778 1407 4844 παλινῳδίας.

301 4959 508 5028 Χρόνου
539 4959 646 5026 γὰρ
678 4956 904 5009 δεκάτου
932 4957 1220 5026 ἐξήκοντος
1248 4957 1324 5026 τῷ
1359 4957 1605 5026 διωγμῷ,
1643 4958 1796 5011 οὐδὲν

219 5055 252 5107 ὃ
300 5069 355 5102 τι
405 5051 510 5103 τῶν
561 5053 640 5110 είς
692 5049 980 5119 ἐπιϐουλὴν
1035 5049 1128 5100 καὶ
1187 5049 1421 5117 πόλεμον
1465 5052 1556 5102 καὶ
1615 5052 1798 5113 αὐτοῖς

221 5145 636 5214 παραλέλειπτο
658 5158 671 5172 °
704 5141 885 5211 μάχης
913 5142 1022 5210 γὰρ
1053 5143 1110 5192 ἐν
1139 5142 1215 5210 τῷ
1251 5141 1455 5211 μεταξὺ
1501 5145 1614 5195 τοῖν
1654 5144 1799 5194 δυοῖν

217 5239 518 5307 τυράννοιν
547 5235 932 5304 γεγενημένης,
958 5234 1205 5296 ᾶπλωτος
1239 5235 1336 5302 μὲν
1369 5235 1401 5303 ἡ
1430 5235 1666 5288 θάλαττα
1692 5232 1760 5305 ἢν
1784 5251 1798 5266 ο

223 5339 279 5387 εἰ
326 5334 384 5385 δέ
438 5349 546 5384 που
581 5332 674 5382 καὶ
711 5329 876 5392 πλοῦς
909 5327 1001 5399 ἦν,
1044 5329 1298 5397 στρέὸλαι
1344 5332 1437 5381 καί
1474 5328 1668 5392 ξέσεες,
1707 5328 1801 5397 βά-

223 5428 388 5480 σανοὶ
437 5442 496 5475 τε
555 5425 807 5475 παντοῖαι
867 5423 973 5474 τῶν
1031 5419 1371 5489 ἑκατέρωθεν
1421 5421 1798 5490 ἁλισκομένων

305 5605 384 5671 (l)
415 5603 643 5656 Ruﬁnus
675 5617 793 5656 eam
835 5602 1166 5656 Dorotlteam
1211 5601 1474 5655 nominat.

303 5676 384 5742 (2)
417 5674 780 5742 Sopltroniam
814 5673 1043 5725 Rutinus
1073 5681 1248 5725 vocat.

303 5740 381 5812 (ὅ)
416 5740 843 5812 υεδυμίιτοηίω
891 5743 1225 5812 bujus,casu
1277 5741 1608 5796 Prudentius
1657 5740 1798 5795 scri-

220 5833 408 5889 psisse
445 5814 658 5867 videtur
691 5833 706 5868 :

1973 4963 2109 5017 Cum
2135 4965 2247 5032 jatn
2279 4963 2528 5017 decimus
2550 4964 2952 5033 persecutionis
2975 4975 3234 5034 ageretur
3263 4983 3471 5034 annus,

1907 5058 2046 5113 nihil
2089 5057 2164 5112 illi
2211 5071 2433 5126 quoque
2477 5056 2622 5125 quod
2676 5058 2761 5111 vel
2800 5058 2868 5110 ad
2918 5059 3162 5113 occultas
3213 5061 3464 5126 insidias,

1905 5149 1992 5202 vel
2025 5149 2092 5200 ad
2119 5157 2368 5215 apertum
2404 5147 2548 5201 inter
2587 5163 2645 5201 se
2672 5155 2872 5205 bellum
2907 5151 3230 5218 pertineret,
3263 5152 3468 5205 omiseo

1906 5250 2057 5295 runt.
2093 5241 2300 5295 Bellum
2335 5241 2483 5297 enim
2535 5243 2680 5296 inter
2719 5244 2860 5297 duos
2909 5243 3044 5297 istos
3078 5254 3338 5313 tyrannos
3374 5261 3466 5315 ge-

1902 5342 2048 5388 stum
2090 5343 2196 5397 est,
2249 5341 2305 5387 et
2358 5349 2509 5388 mare
2559 5335 2817 5388 infestum
2866 5344 3032 5403 atque
3092 5336 3474 5405 innavigabilo

1903 5424 2029 5479 fuit.
2067 5423 2225 5489 Quod
2246 5425 2291 5479 si
2327 5424 2379 5478 id
2405 5441 2434 5479 a
2469 5426 2728 5495 qu0piam
2763 5427 3136 5496 navigare-tur,
3165 5442 3290 5481 eum
3318 5439 3465 5496 quod

2012 5612 2110 5661 Aut
2138 5610 2183 5660 si
2218 5619 2383 5676 nupta
2407 5619 2592 5667 torum
2621 5609 2755 5676 regis
2780 5608 3121 5660 conscendere
3143 5608 3322 5676 jussu,

2009 5679 2249 5747 δωρέεται
2287 5681 2552 5747 impurum
2589 5679 2788 5730 domini
2814 5678 3077 5729 oblectare
3103 5677 3369 5745 furorem,

2009 5749 2178 5801 Morte
2207 5749 2468 5802 maritalis
2513 5748 2671 5801 dabat
2695 5749 2989 5819 indignatio
3021 5763 3222 5817 nanus.
