4220 6438
190 367 330 430 1257
1121 312 1725 421 ECCLESIASTICT.
1770 360 2159 421 IllS'l‘Olll/E
2192 362 2341 422 Lm.
2385 361 2513 422 ιιι.
3300 357 3433 424 tsss

186 496 356 554 atque
383 480 652 537 szt'itiam
690 476 961 549 agnoscit,
990 491 1055 531 ae
1082 490 1360 533 resecem
1398 477 1517 546 ipse
1547 476 1874 539 deliberata.
1946 476 2183 545 primum
2248 492 2431 532 rerum
2493 476 2737 532 omnium
2772 478 2885 533 Deo
2906 476 3112 548 flagitia
3143 492 3240 531 sua
3305 492 3438 532 con-

186 576 427 629 litetur:
472 589 595 627 mox
650 574 940 643 praefectos
991 573 1407 643 familiaresque
1442 589 1574 630 suos
1647 574 1715 627 ad
1785 588 1844 627 se
1886 582 2046 626 vocat
2096 589 2109 625 ε
2164 572 2372 644 quibus
2427 574 2683 630 celeriter
2736 572 3177 629 advenientibus.
3220 574 3435 635 suadet,

181 671 350 743 473
388 683 447 727 ut
497 673 942 729 Christianorum
1020 673 1413 742 persecutione
1465 671 1687 726 tandem
1737 670 2184 739 supersedeatur,
2255 671 2759 742 eonstitutioneque
2822 683 2877 727 et
2920 671 3107 726 edicto
3164 670 3438 741 imperiali

184 769 350 822 nobis
406 766 781 836 permittatur,
843 765 1113 821 ecclesias
1180 772 1534 819 construere.
1590 764 1759 817 Addit
1798 774 2063 832 praeterea
2133 765 2475 830 mandatum,
2540 774 2602 819 ιιι
2633 774 2804 820 statas
2834 765 3140 835 solitasque
3188 779 3286 833 pro
3334 766 3440 821 im-

190 874 447 933 peratore
503 877 697 933 preces
744 864 811 917 ad
872 864 1048 917 Deum
1106 860 1489 915 funderemus.
1534 859 1763 913 Talibus
1798 860 1970 929 jussis
2009 862 2160 916 illico
2190 860 2259 914 ad
2322 876 2439 916 rem
2483 861 2724 924 collatis,
2758 876 2855 929 per
2883 861 3052 916 urbes
3082 859 3287 930 passim
3323 876 3443 916 om-

183 974 284 1013 nes
321 958 629 1027 imperialia
672 957 928 1012 mandata
965 955 1251 1027 proposita
1297 964 1449 1021 sunt,
1518 970 1641 1023 qua:
1719 954 2050 1024 palinodiam
2106 966 2335 1026 patrata:
2384 957 2438 1012 in
2486 971 2587 1012 nos
2636 957 3039 1029 persecutionis
3101 957 3442 1028 ejuscemodi

183 1056 371 1110 verbis
398 1055 783 1109 continebant.
830 1072 849 1106 ι

756 1177 1011 1232 ΚΕΨΔΛ.
1054 1179 1184 1233 KI".

233 1270 373 1341 Περὶ
412 1270 531 1323 τῶν
556 1269 710 1338 ὑπὲρ
731 1270 903 1339 ἡμῶν
929 1271 1366 1341 ψηφισθέντων
1395 1267 1699 1338 ἐγγράφως

713 1342 842 1407 τοῖς
862 1340 1231 1403 βασιλεῦσι.

254 1475 275 1506 r
304 1456 676 1527 Αὐτοκράτωρ
705 1457 925 1525 Καῖσαρ
947 1456 1245 1527 Γαλλίριος
1273 1454 1584 1524 Μαειμῖνος
1620 1454 1763 1508 Ἀνί-

176 1568 367 1619 κητος.
433 1552 732 1616 Σεῦαστὸς,
786 1552 1109 1620 Ἀρχιερευς
1149 1550 1445 1617 Μέγιστος,
1484 1548 1761 1618 Θηϐαῖκὸς

179 1641 483 1705 Μέγιστος,
514 1641 869 1709 Σαρματικὸς
897 1642 1175 1709 Μέγιστος
1198 1643 1488 1704 πεντακις,
1532 1641 1763 1709 Περσῶν

179 1734 479 1799 Μέγιστος,
525 1734 867 1801 Γερμανικὸς
902 1734 1200 1801 Μέγιστος,
1239 1733 1619 1800 Αίγυπτιακδς
1648 1730 1765 1788 Μέ-

178 1842 368 1891 γιστος
400 1826 504 1887 δὶς,
564 1826 809 1895 Καρπῶν
853 1826 1133 1893 Μέγιστος
1185 1824 1411 1890 ἑξάκις,
1455 1825 1764 1895 Ἀρμενίων

182 1917 478 1982 Μέγιστος,
503 1915 703 1984 Μήδων
758 1918 1056 1982 Μέγιστος,
1089 1916 1434 1986 ’Δδιαὸηνῶν
1463 1918 1761 1984 Μέγιστος,

176 2008 537 2077 δημαρχικῆς
593 2006 848 2071 ἐξουσίας
877 2009 937 2061 τὺ
971 2009 1243 2075 είκοστὸν,
1300 2009 1672 2081 Αὐτοκράτωρ
1704 2010 1766 2062 το

182 2100 273 2164 ιθ⁶,
316 2100 561 2161 Ὕπατος
589 2104 653 2151 τὸ
699 2101 909 2168 ὃγδοον,
949 2102 1143 2172 Πατὴρ
1175 2103 1457 2166 πατρίδος,
1489 2102 1766 2156 Ἀνθύπα-

178 2208 297 2255 τος,
342 2193 435 2243 καὶ
471 2194 844 2261 Αὐτοκράτωρ
896 2196 1119 2263 Καῖσαρ
1150 2195 1384 2257 Φλαύῖος
1430 2195 1765 2265 Οὐαλλέριος

180 2286 595 2345 Κωνσταντίνος
621 2286 887 2355 Εὐσεϐὴς,
915 2287 1168 2358 Εὑτυχῆς
1187 2303 1199 2314 ⁸
1226 2288 1589 2357 Δημαρχικῆς
1612 2287 1765 2353 ἐξου-

182 2379 310 2441 σίας
342 2380 404 2431 τὸ
440 2384 727 2447 πέμπτονο
785 2383 882 2433 καὶ
911 2380 1290 2450 Αὐτοκράτωρ
1346 2381 1567 2449 Καῖσαρ
1593 2381 1767 2432 οὐαὶ-

2434 1174 2660 1232 CAI’UT
2689 1176 2881 1235 XXIII.

1870 1265 1945 1319 De
2000 1270 2301 1322 earumdem
2358 1270 2536 1325 edictis
2597 1274 2654 1326 in
2722 1275 2919 1343 scripto
2981 1286 3078 1342 pro
3128 1270 3448 1327 Christianis

2562 1344 2737 1396 editis.

1938 1453 2243 1523 Imperator
2272 1455 2456 1511 Caesar
2479 1456 2754 1513 Gallerius
2784 1453 3142 1519 Maximinus,
3175 1457 3443 1519 Invictus,

1865 1542 2166 1613 Augustus,
2196 1546 2446 1602 Pontifex
2504 1549 2798 1612 Maximus,
2817 1550 3128 1603 Thebaicns
3154 1548 3444 1613 Maximus,

1866 1636 2206 1694 Sarmaticus
2230 1642 2501 1697 Maximus
2525 1660 2579 1705 ν.
2631 1644 2922 1698 Persarum
2970 1644 3258 1707 Maximus,
3312 1644 3449 1699 Ger-

1866 1731 2117 1785 manicus
2145 1732 2434 1800 Maximus,
2466 1734 2823 1808 Egyptiacus
2851 1736 3122 1792 Maximus
3155 1754 3213 1799 ll,
3242 1736 3451 1806 Carpo-

1866 1836 1989 1875 rum
2019 1822 2287 1880 Maximus
2307 1842 2385 1891 vn,
2422 1828 2812 1881 Armeniorum
2846 1828 3133 1893 Maximus,
3162 1826 3446 1882 Medorum

1869 1914 2155 1979 Maximus.
2189 1918 2598 1975 Adiabenorum
2652 1921 2942 1983 Maximus,
2986 1923 3141 1977 Trib.
3189 1930 3305 1992 pot.
3354 1936 3448 1982 xx.

1868 2013 2170 2083 imperator
2203 2033 2313 2079 xix,
2343 2015 2468 2072 Cos.
2504 2033 2624 2082 vnt,
2660 2017 2823 2073 Pater
2868 2018 3078 2087 patriae,
3110 2018 3448 2083 Proconsul;

1867 2118 1923 2161 et
1956 2110 2257 2178 imperator
2284 2109 2467 2164 Caesar
2495 2110 2715 2165 Flavius
2742 2111 2992 2165 Valerius
3022 2110 3444 2173 Constantinus,

1869 2202 2018 2267 Pius,
2052 2202 2227 2266 Felix,
2256 2203 2409 2257 'I‘rib.
2443 2213 2556 2271 pot.
2593 2221 2645 2267 v,
2686 2215 2741 2259 et
2797 2205 3096 2275 Imperator
3128 2203 3263 2259 Crs.
3291 2202 3451 2258 Vale-

1872 2298 1987 2352 rius
2012 2296 2257 2350 Licinius
2291 2296 2367 2367 (ί)
2392 2298 2548 2352 Trib.
2583 2307 2699 2367 pot.
2743 2314 2816 2361 Iv,
2878 2298 3199 2367 imperator,
3231 2314 3289 2352 ιιι
3318 2297 3445 2352 Cos.

1872 2390 2031 2446 Pater
2054 2392 2265 2461 patriae,
2307 2391 2634 2455 Proconsul,
2661 2392 3095 2462 provincialibus
3144 2394 3259 2446 suis
3298 2392 3414 2445 salu
3437 2422 3451 2434 -

179 2473 363 2541 λέριος
419 2473 687 2535 Λικίνιος,
722 2474 1089 2543 Δημαρχικῆς
1116 2474 1375 2540 ἐξουσίας
1407 2476 1468 2526 re
1507 2474 1763 2543 τέταρτον

1874 2492 2004 2539 tem.
2031 2485 2178 2538 Inter
2212 2485 2316 2539 alia
2352 2500 2475 2555 qua:
2507 2500 2571 2539 ex
2605 2501 2708 2539 usu
2759 2496 2813 2540 et
2838 2486 3075 2540 utilitate
3127 2486 3449 2555 reipublil-a:

180 2567 579 2633 Αὐτοκράτωρ,
615 2566 675 2617 τὸ
715 2565 901 2635 τρίτον
937 2566 1205 2628 Ὕπατος,
1252 2565 1444 2637 Πατὴρ
1477 2566 1763 2634 πατρίδος,

196 2657 557 2719 Ἀνθύπατος,
612 2658 993 2725 ὲπαρχιώταις
1046 2656 1198 2719 ίδίοις
1248 2656 1489 2727 χαίρειν.
1540 2658 1763 2721 Μεταξὺ

178 2747 293 2800 τῶν
326 2747 533 2799 λοιπῶν
597 2746 633 2799 ἃ
666 2747 795 2815 περὶ
862 2745 957 2798 τού
1013 2744 1269 2817 χρησμοῦ
1306 2748 1401 2798 καὶ
1435 2746 1768 2809 πολυτελοῦς

179 2841 300 2903 τοῖς
330 2838 621 2906 δημοσίοις
646 2838 1091 2908 διατυπούμεθα,
1145 2840 1307 2908 ἡμεῖς
1339 2837 1441 2908 μὶν
1482 2837 1769 2909 βεϐουλεύ-

184 2932 333 3001 μεθα
364 2932 633 3003 πρότερον
665 2932 815 2985 κατὰ
838 2931 967 2994 τοὺς
996 2932 1266 3001 ἀρχαίους
1296 2931 1499 3000 νόμους
1529 2931 1625 2985 καὶ
1665 2931 1765 3003 τὴν

178 3026 456 3096 δημοσίαν
494 3026 813 3094 ἐπιστήμην
843 3024 944 3095 τὴν
979 3024 1090 3077 τῶν
1155 3022 1477 3093 Ῥωμαίων,
1511 3023 1765 3087 ἅπαντας

182 3117 704 3187 ἐπανορθώσασθαι,
738 3119 835 3171 καὶ
859 3116 1055 3170 τούτου
1084 3115 1347 3186 πρόνοιαν
1383 3115 1721 3185 ποιήσασθαι
1747 3131 1763 3146 '

182 3213 274 3264 ῖνα
306 3212 400 3263 καὶ
426 3212 475 3263 οί
507 3211 830 3280 Χριστιανοὶ
868 3209 1068 3273 οῑτινες
1118 3209 1228 3261 τῶν
1262 3207 1469 3276 γονέων
1496 3208 1610 3262 τῶν
1634 3210 1765 3263 έαυ-

180 3304 296 3356 τῶν
323 3302 755 3357 καταλελοίπασι
794 3303 895 3371 τὴν
923 3302 1167 3373 αἵρεσιν,
1212 3302 1292 3365 είς
1324 3299 1538 3372 ἀγαθὴν
1564 3300 1766 3371 πρόθε-

184 3413 277 3449 σιν
328 3394 719 3448 ἐπανέλθοιεν·
784 3392 1021 3464 ἐπείπερ
1075 3394 1185 3445 τιν)⁸
1230 3391 1481 3463 λογισμῷ
1524 3391 1763 3458 τοσαύτη

182 3509 209 3541 ο
226 3488 392 3550 ὑτοὺς
416 3486 702 3550 πλεονεξία
735 3488 1091 3554 κατεσχήκει,
1124 3485 1220 3537 καὶ
1244 3483 1399 3537 ἄνοια
1421 3484 1761 3554 κατειλήφει,

181 3581 263 3640 ὡς
302 3580 381 3649 μὴ
413 3578 645 3631 ἕπεσθαι
670 3580 788 3642 τοῖς
825 3578 932 3631 ὑπὸ
959 3578 1066 3631 τῶν
1098 3578 1268 3630 πάλαι
1300 3578 1761 3646 καταδειχθεῖσιν,

184 3671 335 3739 ἅπερ
361 3670 488 3730 ίσως
513 3669 779 3739 πρότερον
812 3673 904 3721 καὶ
927 3670 976 3721 οί
1004 3670 1187 3736 γονεῖς
1210 3666 1393 3720 αὐτῶν
1425 3664 1566 3738 ἦσαν
1594 3686 1764 3721 κατα-

186 3764 499 3834 στήσαντες
524 3779 538 3793 ·
572 3763 709 3816 ἀλλὰ
742 3764 887 3816 κατά
919 3762 1014 3833 τὴν
1050 3763 1233 3815 αὐτῶν
1274 3764 1530 3832 πρόθεσιν
1566 3764 1658 3815 καὶ
1690 3763 1764 3825 ὡς

1879 2579 2369 2649 promulgavimus,
2401 2580 2692 2633 consilium
2717 2594 2827 2648 quo
2850 2595 2939 2646 lue
2987 2580 3121 2634 illud
3152 2591 3311 2635 antea
3352 2596 3446 2635 cc-

1880 2670 2081 2740 pimus,
2114 2682 2169 2722 nt
2197 2670 2501 2725 secundum
2535 2678 2750 2726 veteres
2779 2672 2925 2741 leges
2949 2683 3002 2726 ct
3030 2673 3305 2741 publicam
3340 2672 3446 2727 Ro-

1880 2777 2165 2816 manorum
2192 2761 2536 2831 disciplinam
2564 2765 2666 2818 rite
2685 2764 2868 2818 omnia
2901 2765 3334 2835 corrigerentur,
3387 2774 3442 2819 et

1875 2855 2219 2925 providentia
2280 2870 2520 2927 curaque
2574 2858 2972 2928 susciperetur,
3040 2867 3099 2913 ut
3146 2857 3444 2913 Christiani

1874 2946 1967 3015 qni
2036 2962 2067 3001 a
2112 2947 2383 3014 majorum
2453 2962 2681 3002 suorum
2738 2950 3007 3004 institutis
3056 2950 3445 3012 descivissent.

1876 3049 2115 3094 mentem
2148 3039 2434 3094 meliorem
2467 3041 2799 3111 reciperent.
2829 3041 3003 3096 Tanta
3044 3058 3281 3112 namque
3313 3058 3447 3098 cou-

1874 3132 1995 3185 silia
2028 3134 2216 3188 nescio
2240 3150 2353 3205 quo
2388 3149 2483 3191 eos
2528 3136 2801 3205 cupiditas
2863 3136 3161 3201 invaserat,
3194 3146 3250 3193 et
3298 3146 3446 3193 tanta

1874 3223 2151 3279 dementia
2182 3236 2432 3296 ceperat,
2479 3237 2537 3281 ut
2565 3243 2627 3282 ea
2664 3242 2785 3296 qua:
2809 3228 3015 3283 dudum
3064 3245 3091 3282 a
3134 3228 3442 3297 majoribus

1874 3317 2212 3388 promulgata
2245 3329 2299 3373 et
2330 3319 2559 3373 fortasse
2619 3321 2772 3390 prius
2806 3322 2968 3374 etiam
2998 3336 3026 3375 a
3060 3322 3312 3391 patribus
3357 3338 3449 3376 eo-

1876 3425 1997 3463 rum
2026 3410 2275 3465 instituta
2299 3420 2446 3477 sunt,
2479 3414 2796 3483 rejieerent,
2841 3423 2895 3466 et
2928 3428 2994 3467 ex
3020 3416 3290 3468 sententia
3324 3431 3445 3479 sua,

1876 3501 2255 3571 proutcuique
2280 3502 2457 3555 visum
2478 3514 2643 3565 esset,
2678 3504 2827 3571 leges
2859 3505 2960 3573 ipsi
2981 3505 3083 3559 sibi
3110 3505 3436 3574 conderent,

1874 3594 2092 3648 easdem
2121 3606 2426 3658 servarent,
2455 3608 2509 3649 et
2533 3598 2701 3649 variis
2730 3598 2782 3651 in
2820 3598 2952 3652 locis
2975 3598 3154 3651 varios
3185 3610 3447 3669 cogerent

1874 3701 2199 3744 conventus.
2235 3689 2451 3744 Etcum
2482 3690 2725 3745 edictum
2760 3692 3031 3763 ejusmodi
3082 3694 3160 3764 (2)
3187 3710 3215 3747 a
3282 3695 3446 3749 nobis

1873 3792 2017 3838 esset
2049 3785 2410 3852 propositum,
2435 3794 2495 3837 ut
2522 3782 2590 3837 ad
2623 3783 2876 3839 instituta
2915 3786 3183 3855 majorum
3213 3789 3442 3842 colenda

180 3859 421 3918 ἕκαστος
456 3855 734 3919 ἔδούλετο,
765 3854 941 3917 οὕτως
992 3857 1206 3917 ἑαυτοῖς
1251 3860 1348 3907 καὶ
1370 3858 1573 3924 νόμους
1601 3855 1761 3924 ποιῆ-

1874 3889 1931 3929 sc
1957 3875 2339 3937 transferrent,
2363 3891 2526 3945 quam
2551 3876 2769 3945 plurimi
2802 3892 2992 3932 eorum
3022 3888 3270 3934 extremo
3293 3879 3443 3933 adito

183 3968 306 4014 σαι,
341 3950 438 4002 καὶ⁵
486 3948 711 4011 τούτους
741 3948 1216 4018 παραφυλάττειν,
1258 3947 1351 3998 καὶ
1400 3946 1764 4014 ἐνδιαφόροος

178 4047 425 4113 διαφορεῖ,
458 4042 638 4111 πλήθη
670 4040 952 4107 συνάγειν.
984 4037 1289 4106 τοιγαροῦν
1335 4037 1579 4088 τοιούτου
1606 4035 1765 4105 ἡμῶν

181 4132 621 4202 προστάγματος
686 4128 1294 4200 παρακολουθήσαντος,
1356 4127 1497 4179 ὥστε
1548 4128 1639 4177 ἐπὶ
1694 4128 1764 4178 τα

178 4228 294 4277 :Jm
331 4224 579 4293 ἀρχαίων
609 4220 1023 4275 κατασταθέντα
1058 4222 1285 4281 ἑαυτοὺς
1331 4218 1763 4287 μεταστήσειαν,

183 4319 433 4368 πλ-ἰστοι
491 4317 589 4382 μὲν
643 4312 874 4379 κινδύνῳ
933 4309 1363 4379 ὑποϐληθέντες,
1426 4310 1672 4361 πλεῖστοι
1703 4309 1761 4359 δὲ

178 4411 576 4481 ταραχθέντες,
623 4408 917 4471 παντοίους
970 4406 1236 4469 θανάτους
1297 4405 1595 4475 ὑπέφερον.
1654 4405 1764 4458 Καὶ

181 4505 403 4575 ἐπειδὴ,
430 4506 539 4557 τῶν
560 4503 776 4556 πολλῶν
808 4506 873 4572 τῇ
915 4503 1053 4572 αὐτῇ
1105 4502 1335 4571 ἀπονοία
1370 4500 1760 4570 διαμενόντων,

178 4596 454 4667 ἑωρῶμεν
476 4596 617 4664 μήτε
646 4599 755 4656 τοῖς
791 4594 932 4655 θεοῖς
956 4596 1069 4655 τοῖς
1100 4593 1452 4661 ἐπουρανίοις
1480 4590 1580 4660 τὴν
1610 4591 1763 4660 ὀφει-

176 4690 423 4757 λομένην
444 4687 745 4756 θρησκείαν
787 4685 1089 4753 προσάγειν
1132 4687 1352 4749 αὐτοὺς,
1389 4686 1529 4752 μήτε
1563 4686 1627 4751 τῇ
1653 4684 1761 4735 τῶν

208 4780 530 4852 ’ριστιανῶν
554 4780 847 4848 προσέχειν
869 4793 881 4807 ο
909 4776 1224 4847 ἀφορῶντες
1253 4778 1332 4836 είς
1358 4778 1458 4846 την
1484 4777 1761 4845 ἡμετέραν

190 4871 606 4943 φιλανθρωπίαν
663 4872 757 4921 καὶ
798 4870 899 4938 τὴν
958 4868 1188 4938 διηνεκῆ
1245 4869 1559 4935 συνήθειαν,
1596 4863 1759 4939 δι’ἦς

176 4968 460 5035 ειώθαμεν
492 4965 660 5017 πᾶσιν
716 4961 1033 5032 ἀνθρώποις
1096 4963 1430 5032 συγγνώμην
1459 4963 1760 5031 ἀπονέμειν

180 5059 603 5131 προθυμότατα,
669 5060 764 5109 καὶ
806 5058 865 5109 ιν
898 5056 1069 5126 τούτῳ
1120 5055 1219 5126 τὴν
1281 5053 1633 5125 συγχώρησιν
1660 5056 1761 5122 τὴν

178 5150 459 5222 ἡμετέραν
515 5151 831 5203 ἐπεκτεῖναι
890 5149 1002 5201 δεῖν
1054 5148 1419 5217 ἐνομίσαμεν,
1472 5146 1558 5199 ἵνα
1596 5143 1755 5208 αὖθις

174 5241 283 5296 ὦσι
328 5243 675 5311 Χριστιανοὶ,
736 5244 830 5294 καὶ
879 5241 1006 5302 τοὺς
1054 5240 1237 5303 οἴκους
1266 5242 1324 5291 ἐν
1353 5235 1433 5301 οἷς
1460 5240 1759 5311 συνήγοντο

174 5340 432 5408 συνήθως
456 5338 651 5404 οὕτως,
679 5341 816 5392 ὥστε
850 5338 1020 5407 μηδὲν
1053 5336 1378 5389 ὑπεναντίον
1406 5337 1503 5405 τῆς
1531 5338 1761 5406 επιστή-

171 5452 289 5506 μης
313 5436 512 5496 αὐτοὺς
562 5431 846 5501 πράττειν.
891 5430 971 5483 Δι’
1000 5429 1191 5499 ἑτέρας
1225 5430 1283 5482 δὲ
1310 5429 1603 5497 ἐπιστολῆς
1644 5434 1758 5489 τοῖς

162 5530 459 5591 δικασταῖς
492 5524 829 5596 δηλώσομεν,
892 5527 944 5577 τί
993 5526 1189 5586 αὐτοὺς
1248 5524 1744 5593 παραφυλάξασθαι

246 5672 329 5739 (I)
364 5670 535 5724 Aliter
560 5670 675 5723 haec
701 5667 1051 5735 reperiuntur
1083 5669 1224 5738 apud
1254 5668 1455 5727 Euseb.
1494 5668 1590 5721 lib.
1624 5685 1739 5735 vni,

160 5741 541 5820 capLILubi
578 5740 820 5820 Licinius
852 5739 1223 5820 nortadllitur:
1263 5811 1293 5820 __
1416 5809 1459 5820 η
1539 5811 1549 5820 υ

244 5808 325 5881 λεί)
370 5811 559 5864 Edicto
609 5810 713 5863 hoc
758 5810 1104 5878 promulgata)
1128 5848 1144 5871 ,
1179 5808 1379 5866 Caller,
1414 5809 1744 5865 Maximinus

461 5915 739 5975 Pa'rttos.
790 5913 907 5973 Gn.
944 5908 1169 5973 CXLV.

1873 3969 2136 4037 periculo,
2163 3969 2537 4039 :erumnisque
2564 3978 2620 4023 et
2657 3970 2999 4025 cruciatibus
3024 3972 3288 4037 toleratis,
3319 3988 3438 4025 oni-

1872 4057 1959 4110 nis
1982 4058 2200 4126 generis
2228 4057 2499 4126 supplicia
2546 4059 2850 4127 pertulere.
2909 4060 3077 4131 [‘75
3133 4061 3243 4116 Nos
3292 4078 3441 4121 vero.

1868 4148 2011 4217 quod
2042 4148 2241 4202 multos
2275 4150 2630 4204 videamusin
2662 4161 2924 4221 concepta
2950 4152 3230 4207 dementia
3268 4158 3442 4224 persi-

1868 4252 2096 4305 stentes,
2132 4257 2309 4311 neque
2346 4243 2667 4297 caelestibus
2710 4243 2817 4297 diis
2873 4243 3122 4299 debitum
3182 4258 3442 4316 prmstare

1870 4332 2158 4397 honorem,
2217 4350 2394 4403 neque
2425 4335 2592 4388 etiam
2620 4334 2735 4403 ipsa
2787 4334 3224 4391 Christianorum
3286 4354 3440 4392 sacra

1868 4424 2073 4486 colere,
2105 4426 2502 4480 humanitatem
2540 4428 2701 4482 nobis
2735 4438 3166 4499 perpetuamque
3205 4445 3442 4485 consue-

1868 4517 2113 4571 tudinem
2152 4527 2395 4573 nostram
2422 4521 2855 4575 conservandam
2889 4536 3010 4576 esse
3039 4521 3317 4583 duximus.
3344 4540 3441 4593 per

1864 4624 2027 4676 quam
2112 4609 2393 4679 ignoscere
2437 4614 2764 4681 veniamque
2820 4613 3123 4666 concedere
3182 4614 3442 4668 omnibus

1863 4701 2181 4756 nominibus
2202 4702 2563 4756 libentissime
2583 4704 2845 4756 solemus.
2863 4702 3050 4771 Itaque
3069 4706 3300 4773 gratiam
3318 4720 3436 4758 eam

1867 4802 2109 4847 nostram
2149 4792 2214 4846 ad
2251 4793 2302 4846 id
2344 4808 2517 4860 genus
2544 4795 2830 4847 hominum
2860 4810 3080 4864 quoque
3140 4805 3436 4849 extendere

1862 4896 1947 4940 est
1979 4886 2180 4950 visum,
2212 4896 2271 4937 ut
2306 4884 2521 4939 scilicet
2543 4899 2763 4937 rursum
2791 4884 3096 4938 Christiani
3126 4886 3260 4950 sint,
3302 4898 3358 4941 et
3383 4888 3435 4940 in

1864 4978 2119 5033 domibus
2147 4978 2262 5032 suis
2299 4986 2604 5032 conventus
2637 4979 2832 5032 solitos
2862 4978 2937 5031 ita
2994 4988 3177 5048 agant,
3207 4989 3267 5032 ut
3299 4980 3435 5033 nihil

1863 5082 2055 5127 contra
2086 5069 2431 5138 disciplinam
2464 5069 2742 5139 publicam
2766 5077 3135 5125 committant.
3170 5072 3277 5125 Per
3300 5072 3438 5127 alias

1862 5178 2047 5221 autem
2083 5165 2297 5220 litteras
2318 5164 2621 5234 judicibus,
2651 5166 2781 5233 quid
2835 5180 2931 5219 eos
2955 5165 3254 5219 observare
3275 5179 3437 5234 opor-

1869 5266 2004 5320 teat,
2039 5254 2429 5310 indicabimus.
2452 5254 2798 5324 Quapropter
2824 5270 2947 5309 cum
2989 5255 3093 5309 hoc
3149 5254 3258 5308 illis
3314 5269 3438 5322 per-

1870 5350 2173 5413 mittamus,
2232 5348 2428 5403 merito
2472 5347 2549 5401 illi
2584 5347 2692 5401 Deo
2724 5362 2824 5401 suo
2885 5347 3190 5417 supplicare
3233 5346 3437 5401 debent

1869 5458 1969 5511 pro
2005 5439 2550 5510 nostra,reipublic:e
2585 5450 2639 5493 et
2671 5454 2767 5492 sua
2827 5439 3070 5507 ipsorum
3118 5438 3316 5499 salute,
3375 5445 3435 5491 ut

1860 5532 2038 5585 modis
2074 5529 2331 5585 omnibus
2359 5539 2411 5583 et
2438 5530 2667 5598 publicae
2720 5544 2805 5581 res
2837 5530 3139 5581 incolumes
3193 5528 3323 5587 sint,
3376 5536 3435 5581 et

1853 5671 2066 5794 grisere‘
2106 5671 2250 5725 diem
2305 5671 2501 5726 clausit
2575 5682 2904 5727 extremum.
2980 5670 3184 5741 (Eutr.,
3242 5668 3427 5733 0ros.,

1896 5757 2061 5794 omn..

1896 5757 2062 5811 υιιιν.)

3026 5914 3097 5969 ἔδυ
