  <div class='ocr_page' id='page_1' title='image "/cluster/home/n/w/nwhite01/storage/ocr_20150623/145/nnc1.0046980679/696.png"; bbox 0 0 4220 6438; ppageno 0'>
   <div class='ocr_carea' id='block_1_1' title="bbox 231 386 1897 467">
    <p class='ocr_par' dir='ltr' id='par_1_1' title="bbox 231 395 1897 467">
     <span class='ocr_line' id='line_1_1' title="bbox 231 395 1897 467; baseline -0.008 -2"><span class='ocrx_word' id='word_1_1' title='bbox 231 404 362 467; x_wconf 72' lang='grc'><strong>1261</strong></span> <span class='ocrx_word' id='word_1_2' title='bbox 1153 395 1760 459; x_wconf 72' lang='lat' dir='ltr'><strong>ECCLESIASTlCzE</strong></span> <span class='ocrx_word' id='word_1_3' title='bbox 1800 395 1897 456; x_wconf 76' lang='lat' dir='ltr'><strong>HI;</strong></span> 
     </span>
    </p>
   </div>
   <div class='ocr_carea' id='block_1_2' title="bbox 1798 386 3464 467">
    <p class='ocr_par' dir='ltr' id='par_1_2' title="bbox 1800 386 3464 457">
     <span class='ocr_line' id='line_1_2' title="bbox 1800 386 3464 457; baseline -0.005 -1"><span class='ocrx_word' id='word_1_4' title='bbox 1800 395 2191 457; x_wconf 80' lang='lat' dir='ltr'><strong>HISTORI.‘E</strong></span> <span class='ocrx_word' id='word_1_5' title='bbox 2232 396 2371 455; x_wconf 82' lang='lat' dir='ltr'><strong>LIB.</strong></span> <span class='ocrx_word' id='word_1_6' title='bbox 2419 395 2546 454; x_wconf 74' lang='lat' dir='ltr'><strong>V&#39;Ii.</strong></span> <span class='ocrx_word' id='word_1_7' title='bbox 3332 386 3464 452; x_wconf 67' lang='grc'><strong>1262</strong></span> 
     </span>
    </p>
   </div>
   <div class='ocr_carea' id='block_1_3' title="bbox 222 506 1888 588">
    <p class='ocr_par' dir='ltr' id='par_1_3' title="bbox 222 509 1869 588">
     <span class='ocr_line' id='line_1_3' title="bbox 222 509 1869 588; baseline -0.009 -14"><span class='ocrx_word' id='word_1_8' title='bbox 222 522 427 585; x_wconf 74' lang='grc' dir='ltr'><strong>ξόντων</strong></span> <span class='ocrx_word' id='word_1_9' title='bbox 462 520 528 588; x_wconf 74' lang='grc' dir='ltr'><strong>τῇ</strong></span> <span class='ocrx_word' id='word_1_10' title='bbox 587 514 737 584; x_wconf 70' lang='grc' dir='ltr'><strong>παρὰ</strong></span> <span class='ocrx_word' id='word_1_11' title='bbox 769 512 930 579; x_wconf 78' lang='grc' dir='ltr'><strong>δόξαν</strong></span> <span class='ocrx_word' id='word_1_12' title='bbox 962 510 1251 580; x_wconf 76' lang='grc' dir='ltr'><strong>ἐλευθερίᾳ</strong></span> <span class='ocrx_word' id='word_1_13' title='bbox 1273 528 1285 540; x_wconf 90' lang='grc'><strong>·</strong></span> <span class='ocrx_word' id='word_1_14' title='bbox 1343 511 1438 563; x_wconf 73' lang='grc' dir='ltr'><strong>καὶ</strong></span> <span class='ocrx_word' id='word_1_15' title='bbox 1466 510 1596 571; x_wconf 67' lang='grc' dir='ltr'><strong>τοὺς</strong></span> <span class='ocrx_word' id='word_1_16' title='bbox 1625 509 1792 579; x_wconf 82' lang='grc' dir='ltr'><strong>ὀλίγῳ</strong></span> <span class='ocrx_word' id='word_1_17' title='bbox 1827 522 1869 574; x_wconf 73' lang='grc' dir='ltr'><strong>Α</strong></span> 
     </span>
    </p>
   </div>
   <div class='ocr_carea' id='block_1_4' title="bbox 1800 506 3466 588">
    <p class='ocr_par' dir='ltr' id='par_1_4' title="bbox 1827 506 3466 580">
     <span class='ocr_line' id='line_1_4' title="bbox 1827 506 3466 580; baseline -0.001 -16"><span class='ocrx_word' id='word_1_18' title='bbox 1827 522 1869 574; x_wconf 76' lang='grc' dir='ltr'><strong>Α</strong></span> <span class='ocrx_word' id='word_1_19' title='bbox 1899 523 2007 580; x_wconf 88' lang='lat' dir='ltr'><strong>que</strong></span> <span class='ocrx_word' id='word_1_20' title='bbox 2040 509 2317 565; x_wconf 89' lang='lat' dir='ltr'><strong>submisso</strong></span> <span class='ocrx_word' id='word_1_21' title='bbox 2363 519 2417 563; x_wconf 88' lang='lat' dir='ltr'><strong>et</strong></span> <span class='ocrx_word' id='word_1_22' title='bbox 2452 508 2733 563; x_wconf 78' lang='lat' dir='ltr'><strong>sordidata</strong></span> <span class='ocrx_word' id='word_1_23' title='bbox 2756 507 2954 563; x_wconf 69' lang='lat' dir='ltr'><strong>habitu</strong></span> <span class='ocrx_word' id='word_1_24' title='bbox 2987 516 3039 563; x_wconf 90' lang='lat' dir='ltr'><strong>et</strong></span> <span class='ocrx_word' id='word_1_25' title='bbox 3079 506 3276 576; x_wconf 85' lang='lat' dir='ltr'><strong>spiritu</strong></span> <span class='ocrx_word' id='word_1_26' title='bbox 3330 524 3466 563; x_wconf 87' lang='lat' dir='ltr'><strong>con—</strong></span> 
     </span>
    </p>
   </div>
   <div class='ocr_carea' id='block_1_5' title="bbox 222 596 1888 680">
    <p class='ocr_par' dir='ltr' id='par_1_5' title="bbox 222 596 1797 680">
     <span class='ocr_line' id='line_1_5' title="bbox 222 596 1797 680; baseline 0.011 -32"><span class='ocrx_word' id='word_1_27' title='bbox 222 611 492 680; x_wconf 66' lang='grc' dir='ltr'><strong>πρότερον</strong></span> <span class='ocrx_word' id='word_1_28' title='bbox 521 605 765 676; x_wconf 77' lang='grc' dir='ltr'>σφοδρῶς</span> <span class='ocrx_word' id='word_1_29' title='bbox 789 604 895 656; x_wconf 85' lang='grc' dir='ltr'><strong>τῶν</strong></span> <span class='ocrx_word' id='word_1_30' title='bbox 923 601 1202 671; x_wconf 73' lang='grc' dir='ltr'><strong>πατρίδων</strong></span> <span class='ocrx_word' id='word_1_31' title='bbox 1252 599 1628 669; x_wconf 66' lang='grc' dir='ltr'><strong>ἐληλαμένους</strong></span> <span class='ocrx_word' id='word_1_32' title='bbox 1657 596 1797 663; x_wconf 71' lang='grc' dir='ltr'><strong>εἶδε-ἲ</strong></span> 
     </span>
    </p>
   </div>
   <div class='ocr_carea' id='block_1_6' title="bbox 1802 596 3468 680">
    <p class='ocr_par' dir='ltr' id='par_1_6' title="bbox 1892 599 3468 670">
     <span class='ocr_line' id='line_1_6' title="bbox 1892 599 3468 670; baseline -0.001 -14"><span class='ocrx_word' id='word_1_33' title='bbox 1892 603 2043 663; x_wconf 90' lang='lat' dir='ltr'><strong>trito,</strong></span> <span class='ocrx_word' id='word_1_34' title='bbox 2070 613 2127 655; x_wconf 87' lang='lat' dir='ltr'><strong>ut</strong></span> <span class='ocrx_word' id='word_1_35' title='bbox 2158 602 2327 655; x_wconf 83' lang='lat' dir='ltr'><strong>Deum</strong></span> <span class='ocrx_word' id='word_1_36' title='bbox 2354 601 2611 669; x_wconf 87' lang='lat' dir='ltr'><strong>precibus</strong></span> <span class='ocrx_word' id='word_1_37' title='bbox 2642 600 2756 656; x_wconf 80' lang='lat' dir='ltr'><strong>suis</strong></span> <span class='ocrx_word' id='word_1_38' title='bbox 2778 599 3079 670; x_wconf 83' lang='lat' dir='ltr'><strong>propitium</strong></span> <span class='ocrx_word' id='word_1_39' title='bbox 3133 600 3235 655; x_wconf 85' lang='lat' dir='ltr'><strong>sibi</strong></span> <span class='ocrx_word' id='word_1_40' title='bbox 3264 599 3468 654; x_wconf 86' lang='lat' dir='ltr'><strong>redde—</strong></span> 
     </span>
    </p>
   </div>
   <div class='ocr_carea' id='block_1_7' title="bbox 220 690 1886 770">
    <p class='ocr_par' dir='ltr' id='par_1_7' title="bbox 220 691 1790 770">
     <span class='ocr_line' id='line_1_7' title="bbox 220 691 1790 770; baseline -0.008 -16"><span class='ocrx_word' id='word_1_41' title='bbox 220 702 291 754; x_wconf 74' lang='grc' dir='ltr'><strong>ἂν</strong></span> <span class='ocrx_word' id='word_1_42' title='bbox 320 698 532 770; x_wconf 77' lang='grc' dir='ltr'><strong>φαιδρῷ</strong></span> <span class='ocrx_word' id='word_1_43' title='bbox 564 697 841 768; x_wconf 79' lang='grc' dir='ltr'><strong>προσώπῳ</strong></span> <span class='ocrx_word' id='word_1_44' title='bbox 889 694 987 756; x_wconf 83' lang='grc' dir='ltr'><strong>τάς</strong></span> <span class='ocrx_word' id='word_1_45' title='bbox 1038 692 1222 753; x_wconf 76' lang='grc' dir='ltr'><strong>ἑστίας</strong></span> <span class='ocrx_word' id='word_1_46' title='bbox 1260 691 1751 759; x_wconf 73' lang='grc' dir='ltr'><strong>ἀπολαμϐάνοντας</strong></span> <span class='ocrx_word' id='word_1_47' title='bbox 1778 708 1790 722; x_wconf 87' lang='grc'><strong>·</strong></span> 
     </span>
    </p>
   </div>
   <div class='ocr_carea' id='block_1_8' title="bbox 1799 690 3465 770">
    <p class='ocr_par' dir='ltr' id='par_1_8' title="bbox 1894 690 3465 749">
     <span class='ocr_line' id='line_1_8' title="bbox 1894 690 3465 749; baseline -0.001 -3"><span class='ocrx_word' id='word_1_48' title='bbox 1894 702 2017 746; x_wconf 85' lang='lat' dir='ltr'><strong>rent</strong></span> <span class='ocrx_word' id='word_1_49' title='bbox 2044 702 2281 749; x_wconf 87' lang='lat' dir='ltr'><strong>orantes.</strong></span> <span class='ocrx_word' id='word_1_50' title='bbox 2314 690 2394 748; x_wconf 81' lang='lat' dir='ltr'><strong>Ad</strong></span> <span class='ocrx_word' id='word_1_51' title='bbox 2443 693 2721 747; x_wconf 77' lang='lat' dir='ltr'><strong>metallum</strong></span> <span class='ocrx_word' id='word_1_52' title='bbox 2752 693 2995 747; x_wconf 90' lang='lat' dir='ltr'><strong>damnati</strong></span> <span class='ocrx_word' id='word_1_53' title='bbox 3044 693 3465 747; x_wconf 76' lang='lat' dir='ltr'><strong>liberabantur:</strong></span> 
     </span>
    </p>
   </div>
   <div class='ocr_carea' id='block_1_9' title="bbox 220 782 1886 859">
    <p class='ocr_par' dir='ltr' id='par_1_9' title="bbox 220 783 1797 859">
     <span class='ocr_line' id='line_1_9' title="bbox 220 783 1797 859; baseline -0.006 -14"><span class='ocrx_word' id='word_1_54' title='bbox 220 795 366 845; x_wconf 72' lang='grc' dir='ltr'><strong>ὣστε</strong></span> <span class='ocrx_word' id='word_1_55' title='bbox 416 798 513 846; x_wconf 79' lang='grc' dir='ltr'><strong>καὶ</strong></span> <span class='ocrx_word' id='word_1_56' title='bbox 555 794 681 853; x_wconf 80' lang='grc' dir='ltr'><strong>τοὺς</strong></span> <span class='ocrx_word' id='word_1_57' title='bbox 731 793 864 859; x_wconf 66' lang='grc' dir='ltr'><strong>πρὶν</strong></span> <span class='ocrx_word' id='word_1_58' title='bbox 919 785 1224 855; x_wconf 80' lang='grc' dir='ltr'><strong>καθ’ἡμῶν</strong></span> <span class='ocrx_word' id='word_1_59' title='bbox 1283 783 1632 853; x_wconf 77' lang='grc' dir='ltr'><strong>ὠρυομένους</strong></span> <span class='ocrx_word' id='word_1_60' title='bbox 1683 785 1797 844; x_wconf 83' lang='grc' dir='ltr'><strong>τοῖς</strong></span> 
     </span>
    </p>
   </div>
   <div class='ocr_carea' id='block_1_10' title="bbox 1801 782 3467 859">
    <p class='ocr_par' dir='ltr' id='par_1_10' title="bbox 1892 782 3467 854">
     <span class='ocr_line' id='line_1_10' title="bbox 1892 782 3467 854; baseline -0.001 -17"><span class='ocrx_word' id='word_1_61' title='bbox 1892 784 2109 854; x_wconf 65' lang='lat' dir='ltr'><strong>laetique</strong></span> <span class='ocrx_word' id='word_1_62' title='bbox 2135 793 2301 854; x_wconf 87' lang='lat' dir='ltr'><strong>atque</strong></span> <span class='ocrx_word' id='word_1_63' title='bbox 2329 786 2536 839; x_wconf 85' lang='lat' dir='ltr'><strong>hilares</strong></span> <span class='ocrx_word' id='word_1_64' title='bbox 2558 800 2683 840; x_wconf 89' lang='lat' dir='ltr'><strong>cum</strong></span> <span class='ocrx_word' id='word_1_65' title='bbox 2713 786 2969 839; x_wconf 88' lang='lat' dir='ltr'><strong>libertate</strong></span> <span class='ocrx_word' id='word_1_66' title='bbox 2996 784 3188 849; x_wconf 90' lang='lat' dir='ltr'><strong>multa,</strong></span> <span class='ocrx_word' id='word_1_67' title='bbox 3220 782 3467 838; x_wconf 88' lang='lat' dir='ltr'><strong>incredi-</strong></span> 
     </span>
    </p>
   </div>
   <div class='ocr_carea' id='block_1_11' title="bbox 222 872 1888 954">
    <p class='ocr_par' dir='ltr' id='par_1_11' title="bbox 222 872 1791 954">
     <span class='ocr_line' id='line_1_11' title="bbox 222 872 1791 954; baseline -0.006 -20"><span class='ocrx_word' id='word_1_68' title='bbox 222 883 358 954; x_wconf 72' lang='grc' dir='ltr'><strong>παρ⁹</strong></span> <span class='ocrx_word' id='word_1_69' title='bbox 380 882 573 935; x_wconf 77' lang='grc' dir='ltr'><strong>ἐλπίδα</strong></span> <span class='ocrx_word' id='word_1_70' title='bbox 596 878 996 952; x_wconf 81' lang='grc' dir='ltr'><strong>πραττομένοις</strong></span> <span class='ocrx_word' id='word_1_71' title='bbox 1025 875 1269 947; x_wconf 80' lang='grc' dir='ltr'><strong>ὁρῶντας</strong></span> <span class='ocrx_word' id='word_1_72' title='bbox 1303 876 1436 944; x_wconf 76' lang='grc' dir='ltr'><strong>ἡμῖν</strong></span> <span class='ocrx_word' id='word_1_73' title='bbox 1481 872 1791 940; x_wconf 63' lang='grc' dir='ltr'><strong>ἑπαγάλλε-</strong></span> 
     </span>
    </p>
   </div>
   <div class='ocr_carea' id='block_1_12' title="bbox 1801 872 3467 954">
    <p class='ocr_par' dir='ltr' id='par_1_12' title="bbox 1891 877 3467 948">
     <span class='ocr_line' id='line_1_12' title="bbox 1891 877 3467 948; baseline -0.002 -16"><span class='ocrx_word' id='word_1_74' title='bbox 1891 878 1986 932; x_wconf 90' lang='lat' dir='ltr'><strong>bili</strong></span> <span class='ocrx_word' id='word_1_75' title='bbox 2024 886 2186 947; x_wconf 89' lang='lat' dir='ltr'><strong>atque</strong></span> <span class='ocrx_word' id='word_1_76' title='bbox 2215 878 2479 934; x_wconf 81' lang='lat' dir='ltr'><strong>inellabili</strong></span> <span class='ocrx_word' id='word_1_77' title='bbox 2509 878 2708 947; x_wconf 74' lang='lat' dir='ltr'><strong>gaudio</strong></span> <span class='ocrx_word' id='word_1_78' title='bbox 2732 879 2901 948; x_wconf 83' lang='lat' dir='ltr'><strong>pleni,</strong></span> <span class='ocrx_word' id='word_1_79' title='bbox 2946 879 2998 933; x_wconf 92' lang='lat' dir='ltr'><strong>iu</strong></span> <span class='ocrx_word' id='word_1_80' title='bbox 3038 877 3269 947; x_wconf 88' lang='lat' dir='ltr'><strong>patriam</strong></span> <span class='ocrx_word' id='word_1_81' title='bbox 3312 892 3467 931; x_wconf 87' lang='lat' dir='ltr'><strong>suam</strong></span> 
     </span>
    </p>
   </div>
   <div class='ocr_carea' id='block_1_13' title="bbox 222 967 3468 1040">
    <p class='ocr_par' dir='ltr' id='par_1_13' title="bbox 222 967 3468 1040">
     <span class='ocr_line' id='line_1_13' title="bbox 222 967 3468 1040; baseline -0.001 -15"><span class='ocrx_word' id='word_1_82' title='bbox 222 975 374 1027; x_wconf 81' lang='grc' dir='ltr'><strong>σθαι.</strong></span> <span class='ocrx_word' id='word_1_83' title='bbox 1892 967 2168 1022; x_wconf 85' lang='lat' dir='ltr'><strong>redibant.</strong></span> <span class='ocrx_word' id='word_1_84' title='bbox 2230 968 2431 1024; x_wconf 89' lang='lat' dir='ltr'><strong>ltincra</strong></span> <span class='ocrx_word' id='word_1_85' title='bbox 2484 970 2825 1040; x_wconf 65' lang='lat' dir='ltr'><strong>publicaeque</strong></span> <span class='ocrx_word' id='word_1_86' title='bbox 2872 970 2970 1023; x_wconf 74' lang='lat' dir='ltr'><strong>viae</strong></span> <span class='ocrx_word' id='word_1_87' title='bbox 3033 968 3468 1038; x_wconf 80' lang='lat' dir='ltr'><strong>triumphalibus</strong></span> 
     </span>
    </p>
   </div>
   <div class='ocr_carea' id='block_1_14' title="bbox 221 1058 3468 1136">
    <p class='ocr_par' dir='ltr' id='par_1_14' title="bbox 221 1058 3468 1136">
     <span class='ocr_line' id='line_1_14' title="bbox 221 1058 3468 1136; baseline -0 -17"><span class='ocrx_word' id='word_1_88' title='bbox 221 1068 444 1136; x_wconf 78' lang='lat' dir='ltr'><strong>hymnis</strong></span> <span class='ocrx_word' id='word_1_89' title='bbox 471 1075 529 1122; x_wconf 85' lang='lat' dir='ltr'><strong>et</strong></span> <span class='ocrx_word' id='word_1_90' title='bbox 559 1064 920 1127; x_wconf 88' lang='lat' dir='ltr'><strong>carminibus,</strong></span> <span class='ocrx_word' id='word_1_91' title='bbox 957 1060 1261 1116; x_wconf 79' lang='lat' dir='ltr'><strong>viatoribus</strong></span> <span class='ocrx_word' id='word_1_92' title='bbox 1312 1059 1485 1114; x_wconf 86' lang='lat' dir='ltr'><strong>Deum</strong></span> <span class='ocrx_word' id='word_1_93' title='bbox 1557 1058 1626 1113; x_wconf 86' lang='lat' dir='ltr'><strong>de</strong></span> <span class='ocrx_word' id='word_1_94' title='bbox 1686 1058 1965 1128; x_wconf 81' lang='lat' dir='ltr'><strong>inopinata</strong></span> <span class='ocrx_word' id='word_1_95' title='bbox 2033 1061 2288 1117; x_wconf 78' lang='lat' dir='ltr'><strong>libertate</strong></span> <span class='ocrx_word' id='word_1_96' title='bbox 2324 1063 2781 1133; x_wconf 77' lang='lat' dir='ltr'><strong>gloriﬁcantibus,</strong></span> <span class='ocrx_word' id='word_1_97' title='bbox 2840 1065 3194 1119; x_wconf 82' lang='lat' dir='ltr'><strong>resonabant.</strong></span> <span class='ocrx_word' id='word_1_98' title='bbox 3248 1063 3313 1117; x_wconf 80' lang='lat' dir='ltr'><strong>Et</strong></span> <span class='ocrx_word' id='word_1_99' title='bbox 3372 1065 3468 1133; x_wconf 91' lang='lat' dir='ltr'><strong>qui</strong></span> 
     </span>
    </p>
   </div>
   <div class='ocr_carea' id='block_1_15' title="bbox 221 1142 3468 1231">
    <p class='ocr_par' dir='ltr' id='par_1_15' title="bbox 221 1142 3468 1231">
     <span class='ocr_line' id='line_1_15' title="bbox 221 1142 3468 1231; baseline -0.001 -15"><span class='ocrx_word' id='word_1_100' title='bbox 221 1163 389 1231; x_wconf 88' lang='lat' dir='ltr'><strong>paulo</strong></span> <span class='ocrx_word' id='word_1_101' title='bbox 417 1171 543 1216; x_wconf 81' lang='lat' dir='ltr'><strong>ante</strong></span> <span class='ocrx_word' id='word_1_102' title='bbox 568 1142 835 1217; x_wconf 77' lang='lat' dir='ltr'><strong>violenter</strong></span> <span class='ocrx_word' id='word_1_103' title='bbox 880 1158 1055 1231; x_wconf 84' lang='lat' dir='ltr'><strong>patria</strong></span> <span class='ocrx_word' id='word_1_104' title='bbox 1112 1172 1209 1211; x_wconf 83' lang='lat' dir='ltr'><strong>sna</strong></span> <span class='ocrx_word' id='word_1_105' title='bbox 1239 1155 1416 1211; x_wconf 80' lang='lat' dir='ltr'><strong>exacti</strong></span> <span class='ocrx_word' id='word_1_106' title='bbox 1474 1166 1652 1219; x_wconf 87' lang='lat' dir='ltr'><strong>erant,</strong></span> <span class='ocrx_word' id='word_1_107' title='bbox 1728 1170 1822 1210; x_wconf 83' lang='lat' dir='ltr'><strong>eos</strong></span> <span class='ocrx_word' id='word_1_108' title='bbox 1861 1157 2015 1211; x_wconf 89' lang='lat' dir='ltr'><strong>vultu</strong></span> <span class='ocrx_word' id='word_1_109' title='bbox 2080 1158 2327 1230; x_wconf 83' lang='lat' dir='ltr'><strong>jucunde</strong></span> <span class='ocrx_word' id='word_1_110' title='bbox 2385 1159 2453 1214; x_wconf 88' lang='lat' dir='ltr'><strong>ad</strong></span> <span class='ocrx_word' id='word_1_111' title='bbox 2500 1160 2651 1217; x_wconf 82' lang='lat' dir='ltr'><strong>focos</strong></span> <span class='ocrx_word' id='word_1_112' title='bbox 2691 1170 3025 1231; x_wconf 74' lang='lat' dir='ltr'><strong>penatesque</strong></span> <span class='ocrx_word' id='word_1_113' title='bbox 3071 1176 3200 1216; x_wconf 89' lang='lat' dir='ltr'><strong>suos</strong></span> <span class='ocrx_word' id='word_1_114' title='bbox 3258 1164 3468 1216; x_wconf 79' lang='lat' dir='ltr'><strong>reverti</strong></span> 
     </span>
    </p>
   </div>
   <div class='ocr_carea' id='block_1_16' title="bbox 220 1237 3469 1328">
    <p class='ocr_par' dir='ltr' id='par_1_16' title="bbox 220 1237 3469 1328">
     <span class='ocr_line' id='line_1_16' title="bbox 220 1237 3469 1328; baseline 0 -17"><span class='ocrx_word' id='word_1_115' title='bbox 220 1258 480 1313; x_wconf 85' lang='lat' dir='ltr'><strong>vidisses:</strong></span> <span class='ocrx_word' id='word_1_116' title='bbox 503 1269 558 1313; x_wconf 89' lang='lat' dir='ltr'><strong>et</strong></span> <span class='ocrx_word' id='word_1_117' title='bbox 590 1259 683 1328; x_wconf 88' lang='lat' dir='ltr'><strong>qui</strong></span> <span class='ocrx_word' id='word_1_118' title='bbox 717 1257 951 1312; x_wconf 85' lang='lat' dir='ltr'><strong>antehac</strong></span> <span class='ocrx_word' id='word_1_119' title='bbox 984 1264 1173 1309; x_wconf 87' lang='lat' dir='ltr'><strong>contra</strong></span> <span class='ocrx_word' id='word_1_120' title='bbox 1210 1267 1314 1308; x_wconf 85' lang='lat' dir='ltr'><strong>nos</strong></span> <span class='ocrx_word' id='word_1_121' title='bbox 1337 1253 1635 1322; x_wconf 84' lang='lat' dir='ltr'><strong>rugierant,</strong></span> <span class='ocrx_word' id='word_1_122' title='bbox 1679 1253 2007 1321; x_wconf 79' lang='lat' dir='ltr'><strong>insperatam</strong></span> <span class='ocrx_word' id='word_1_123' title='bbox 2050 1270 2234 1309; x_wconf 86' lang='lat' dir='ltr'><strong>rerum</strong></span> <span class='ocrx_word' id='word_1_124' title='bbox 2265 1258 2625 1311; x_wconf 89' lang='lat' dir='ltr'><strong>mutationem</strong></span> <span class='ocrx_word' id='word_1_125' title='bbox 2668 1237 2985 1321; x_wconf 73' lang='lat' dir='ltr'><strong>cernentes,</strong></span> <span class='ocrx_word' id='word_1_126' title='bbox 3006 1259 3292 1313; x_wconf 88' lang='lat' dir='ltr'><strong>nobiscum</strong></span> <span class='ocrx_word' id='word_1_127' title='bbox 3338 1274 3469 1312; x_wconf 84' lang='lat' dir='ltr'><strong>con-</strong></span> 
     </span>
    </p>
   </div>
   <div class='ocr_carea' id='block_1_17' title="bbox 216 1350 949 1421">
    <p class='ocr_par' dir='ltr' id='par_1_17' title="bbox 216 1350 949 1421">
     <span class='ocr_line' id='line_1_17' title="bbox 216 1350 949 1421; baseline 0 -18"><span class='ocrx_word' id='word_1_128' title='bbox 216 1351 556 1421; x_wconf 73' lang='lat' dir='ltr'><strong>gratulantes</strong></span> <span class='ocrx_word' id='word_1_129' title='bbox 580 1350 949 1406; x_wconf 76' lang='lat' dir='ltr'><strong>exsultabant.</strong></span> 
     </span>
    </p>
   </div>
   <div class='ocr_carea' id='block_1_18' title="bbox 783 1450 1211 1507">
    <p class='ocr_par' dir='ltr' id='par_1_18' title="bbox 783 1450 1211 1507">
     <span class='ocr_line' id='line_1_18' title="bbox 783 1450 1211 1507; baseline -0.002 -1"><span class='ocrx_word' id='word_1_130' title='bbox 783 1454 1038 1507; x_wconf 69' lang='grc' dir='ltr'><strong>ΚΕΦΔΛ.</strong></span> <span class='ocrx_word' id='word_1_131' title='bbox 1083 1450 1211 1505; x_wconf 72' lang='grc' dir='ltr'><strong>κε’.</strong></span> 
     </span>
    </p>
   </div>
   <div class='ocr_carea' id='block_1_19' title="bbox 221 1542 1793 1615">
    <p class='ocr_par' dir='ltr' id='par_1_19' title="bbox 221 1542 1793 1615">
     <span class='ocr_line' id='line_1_19' title="bbox 221 1542 1793 1615; baseline -0.003 -13"><span class='ocrx_word' id='word_1_132' title='bbox 221 1549 360 1615; x_wconf 70' lang='grc' dir='ltr'><strong>Περὶ</strong></span> <span class='ocrx_word' id='word_1_133' title='bbox 396 1549 506 1603; x_wconf 85' lang='grc' dir='ltr'><strong>τοῦ</strong></span> <span class='ocrx_word' id='word_1_134' title='bbox 540 1548 668 1601; x_wconf 81' lang='grc' dir='ltr'><strong>κατ’</strong></span> <span class='ocrx_word' id='word_1_135' title='bbox 698 1547 1065 1615; x_wconf 76' lang='grc' dir='ltr'><strong>Ἀντιόχειαν</strong></span> <span class='ocrx_word' id='word_1_136' title='bbox 1098 1545 1437 1613; x_wconf 77' lang='grc' dir='ltr'><strong>νεοπαγοῦς</strong></span> <span class='ocrx_word' id='word_1_137' title='bbox 1482 1542 1726 1607; x_wconf 63' lang='grc' dir='ltr'><strong>ξοάνου),</strong></span> <span class='ocrx_word' id='word_1_138' title='bbox 1761 1544 1793 1598; x_wconf 82' lang='grc' dir='ltr'>ὃ</span> 
     </span>
    </p>
   </div>
   <div class='ocr_carea' id='block_1_20' title="bbox 596 1617 1412 1685">
    <p class='ocr_par' dir='ltr' id='par_1_20' title="bbox 596 1617 1412 1685">
     <span class='ocr_line' id='line_1_20' title="bbox 596 1617 1412 1685; baseline -0.001 -14"><span class='ocrx_word' id='word_1_139' title='bbox 596 1619 921 1682; x_wconf 82' lang='grc' dir='ltr'><strong>Θεότειινος</strong></span> <span class='ocrx_word' id='word_1_140' title='bbox 950 1617 1412 1685; x_wconf 58' lang='lat' dir='ltr'><strong>exuti-mimae.</strong></span> 
     </span>
    </p>
   </div>
   <div class='ocr_carea' id='block_1_21' title="bbox 294 1706 1797 1777">
    <p class='ocr_par' dir='ltr' id='par_1_21' title="bbox 294 1706 1797 1777">
     <span class='ocr_line' id='line_1_21' title="bbox 294 1706 1797 1777; baseline -0.003 -16"><span class='ocrx_word' id='word_1_141' title='bbox 294 1707 480 1761; x_wconf 79' lang='grc' dir='ltr'><strong>Ταῦτα</strong></span> <span class='ocrx_word' id='word_1_142' title='bbox 518 1708 563 1760; x_wconf 84' lang='grc' dir='ltr'><strong>δ’</strong></span> <span class='ocrx_word' id='word_1_143' title='bbox 617 1710 675 1759; x_wconf 70' lang='grc' dir='ltr'><strong>ιν</strong></span> <span class='ocrx_word' id='word_1_144' title='bbox 702 1707 778 1777; x_wconf 86' lang='grc' dir='ltr'>νῷ</span> <span class='ocrx_word' id='word_1_145' title='bbox 814 1707 993 1777; x_wconf 79' lang='grc' dir='ltr'><strong>βαλὼν</strong></span> <span class='ocrx_word' id='word_1_146' title='bbox 1034 1707 1345 1777; x_wconf 78' lang='grc' dir='ltr'><strong>Μιειμῖνος</strong></span> <span class='ocrx_word' id='word_1_147' title='bbox 1401 1711 1429 1760; x_wconf 84' lang='grc' dir='ltr'><em>ὁ</em></span> <span class='ocrx_word' id='word_1_148' title='bbox 1474 1709 1576 1775; x_wconf 84' lang='grc' dir='ltr'><strong>τῆς</strong></span> <span class='ocrx_word' id='word_1_149' title='bbox 1618 1706 1797 1776; x_wconf 80' lang='grc' dir='ltr'><strong>Ἐῴας</strong></span> 
     </span>
    </p>
   </div>
   <div class='ocr_carea' id='block_1_22' title="bbox 216 1799 1796 1869">
    <p class='ocr_par' dir='ltr' id='par_1_22' title="bbox 216 1799 1796 1869">
     <span class='ocr_line' id='line_1_22' title="bbox 216 1799 1796 1869; baseline -0.001 -18"><span class='ocrx_word' id='word_1_150' title='bbox 216 1802 503 1868; x_wconf 65' lang='grc' dir='ltr'><strong>τύραννος,</strong></span> <span class='ocrx_word' id='word_1_151' title='bbox 559 1800 671 1853; x_wconf 75' lang='grc' dir='ltr'><strong>οὐδ’</strong></span> <span class='ocrx_word' id='word_1_152' title='bbox 723 1800 814 1852; x_wconf 66' lang='grc' dir='ltr'><strong>ἀπ’</strong></span> <span class='ocrx_word' id='word_1_153' title='bbox 869 1799 1124 1854; x_wconf 70' lang='grc' dir='ltr'><strong>ἐνιαυτοῦ</strong></span> <span class='ocrx_word' id='word_1_154' title='bbox 1162 1802 1223 1852; x_wconf 72' lang='grc' dir='ltr'><strong>τὸ</strong></span> <span class='ocrx_word' id='word_1_155' title='bbox 1270 1802 1447 1869; x_wconf 74' lang='grc' dir='ltr'><strong>ἥμισυ</strong></span> <span class='ocrx_word' id='word_1_156' title='bbox 1502 1799 1796 1865; x_wconf 80' lang='grc' dir='ltr'><strong>καρτερῶν</strong></span> 
     </span>
    </p>
   </div>
   <div class='ocr_carea' id='block_1_23' title="bbox 218 1885 1793 1959">
    <p class='ocr_par' dir='ltr' id='par_1_23' title="bbox 218 1885 1793 1959">
     <span class='ocr_line' id='line_1_23' title="bbox 218 1885 1793 1959; baseline -0.003 -17"><span class='ocrx_word' id='word_1_157' title='bbox 218 1890 527 1957; x_wconf 74' lang='grc' dir='ltr'><strong>διαγέγονε.</strong></span> <span class='ocrx_word' id='word_1_158' title='bbox 562 1889 685 1953; x_wconf 75' lang='grc' dir='ltr'><strong>Πῶς</strong></span> <span class='ocrx_word' id='word_1_159' title='bbox 703 1892 816 1957; x_wconf 77' lang='grc' dir='ltr'><strong>γάρ</strong></span> <span class='ocrx_word' id='word_1_160' title='bbox 843 1890 1028 1959; x_wconf 82' lang='grc' dir='ltr'><strong>φέρειν</strong></span> <span class='ocrx_word' id='word_1_161' title='bbox 1055 1885 1227 1958; x_wconf 71' lang='grc' dir='ltr'><strong>εἶχεν,</strong></span> <span class='ocrx_word' id='word_1_162' title='bbox 1256 1891 1400 1942; x_wconf 76' lang='grc' dir='ltr'><strong>οὕτω</strong></span> <span class='ocrx_word' id='word_1_163' title='bbox 1425 1890 1523 1956; x_wconf 82' lang='grc' dir='ltr'><strong>τὴν</strong></span> <span class='ocrx_word' id='word_1_164' title='bbox 1548 1888 1642 1941; x_wconf 73' lang='grc' dir='ltr'><strong>τοῦ</strong></span> <span class='ocrx_word' id='word_1_165' title='bbox 1665 1889 1793 1954; x_wconf 83' lang='grc' dir='ltr'><strong>Χρι-</strong></span> 
     </span>
    </p>
   </div>
   <div class='ocr_carea' id='block_1_24' title="bbox 218 1978 1794 2053">
    <p class='ocr_par' dir='ltr' id='par_1_24' title="bbox 218 1978 1794 2053">
     <span class='ocr_line' id='line_1_24' title="bbox 218 1978 1794 2053; baseline -0.003 -17"><span class='ocrx_word' id='word_1_166' title='bbox 218 1984 351 2037; x_wconf 76' lang='grc' dir='ltr'><strong>στοῦ</strong></span> <span class='ocrx_word' id='word_1_167' title='bbox 389 1983 625 2053; x_wconf 73' lang='grc' dir='ltr'><strong>ποίμνην</strong></span> <span class='ocrx_word' id='word_1_168' title='bbox 657 1982 1081 2052; x_wconf 79' lang='grc' dir='ltr'><strong>πληθυνομὲνην</strong></span> <span class='ocrx_word' id='word_1_169' title='bbox 1127 1984 1292 2051; x_wconf 84' lang='grc' dir='ltr'><strong>ὁρῶν,</strong></span> <span class='ocrx_word' id='word_1_170' title='bbox 1326 1980 1625 2050; x_wconf 79' lang='grc' dir='ltr'><strong>μισὸκαλος</strong></span> <span class='ocrx_word' id='word_1_171' title='bbox 1658 1978 1735 2031; x_wconf 84' lang='grc' dir='ltr'><strong>ῶν</strong></span> <span class='ocrx_word' id='word_1_172' title='bbox 1768 1983 1794 2032; x_wconf 80' lang='grc' dir='ltr'>ὁ</span> 
     </span>
    </p>
   </div>
   <div class='ocr_carea' id='block_1_25' title="bbox 216 2071 1795 2145">
    <p class='ocr_par' dir='ltr' id='par_1_25' title="bbox 216 2071 1795 2145">
     <span class='ocr_line' id='line_1_25' title="bbox 216 2071 1795 2145; baseline -0.003 -18"><span class='ocrx_word' id='word_1_173' title='bbox 216 2074 493 2143; x_wconf 78' lang='grc' dir='ltr'><strong>δυσμενὴς</strong></span> <span class='ocrx_word' id='word_1_174' title='bbox 525 2074 621 2126; x_wconf 85' lang='grc' dir='ltr'><strong>καὶ</strong></span> <span class='ocrx_word' id='word_1_175' title='bbox 655 2076 1009 2145; x_wconf 78' lang='grc' dir='ltr'><strong>μισοχριστος</strong></span> <span class='ocrx_word' id='word_1_176' title='bbox 1037 2091 1053 2138; x_wconf 85' lang='grc'><strong>;</strong></span> <span class='ocrx_word' id='word_1_177' title='bbox 1107 2074 1326 2141; x_wconf 79' lang='grc' dir='ltr'><strong>Ἀμέλει</strong></span> <span class='ocrx_word' id='word_1_178' title='bbox 1358 2090 1439 2125; x_wconf 85' lang='grc' dir='ltr'><strong>τοι</strong></span> <span class='ocrx_word' id='word_1_179' title='bbox 1467 2077 1562 2126; x_wconf 75' lang='grc' dir='ltr'><strong>καὶ</strong></span> <span class='ocrx_word' id='word_1_180' title='bbox 1588 2073 1687 2139; x_wconf 69' lang='grc' dir='ltr'><strong>τὴν</strong></span> <span class='ocrx_word' id='word_1_181' title='bbox 1707 2071 1795 2122; x_wconf 83' lang='grc' dir='ltr'><strong>δο-</strong></span> 
     </span>
    </p>
   </div>
   <div class='ocr_carea' id='block_1_26' title="bbox 218 2164 1795 2235">
    <p class='ocr_par' dir='ltr' id='par_1_26' title="bbox 218 2164 1795 2235">
     <span class='ocr_line' id='line_1_26' title="bbox 218 2164 1795 2235; baseline -0.001 -18"><span class='ocrx_word' id='word_1_182' title='bbox 218 2165 429 2218; x_wconf 74' lang='grc' dir='ltr'><strong>κοῦσαν</strong></span> <span class='ocrx_word' id='word_1_183' title='bbox 461 2166 687 2233; x_wconf 79' lang='grc' dir='ltr'><strong>είρήνην</strong></span> <span class='ocrx_word' id='word_1_184' title='bbox 724 2166 862 2226; x_wconf 82' lang='grc' dir='ltr'><strong>τέως</strong></span> <span class='ocrx_word' id='word_1_185' title='bbox 887 2164 1126 2235; x_wconf 78' lang='grc' dir='ltr'><strong>διασπᾷν</strong></span> <span class='ocrx_word' id='word_1_186' title='bbox 1162 2165 1385 2225; x_wconf 82' lang='grc' dir='ltr'><strong>ἐθέλων,</strong></span> <span class='ocrx_word' id='word_1_187' title='bbox 1425 2165 1641 2233; x_wconf 83' lang='grc' dir='ltr'><strong>πρῶτον</strong></span> <span class='ocrx_word' id='word_1_188' title='bbox 1694 2164 1795 2229; x_wconf 83' lang='grc' dir='ltr'><strong>μὲν</strong></span> 
     </span>
    </p>
   </div>
   <div class='ocr_carea' id='block_1_27' title="bbox 217 2253 1788 2324">
    <p class='ocr_par' dir='ltr' id='par_1_27' title="bbox 217 2253 1788 2324">
     <span class='ocr_line' id='line_1_27' title="bbox 217 2253 1788 2324; baseline -0.006 -16"><span class='ocrx_word' id='word_1_189' title='bbox 217 2259 323 2318; x_wconf 79' lang='grc' dir='ltr'><strong>τάς</strong></span> <span class='ocrx_word' id='word_1_190' title='bbox 356 2256 415 2308; x_wconf 68' lang='grc' dir='ltr'><strong>ὲν</strong></span> <span class='ocrx_word' id='word_1_191' title='bbox 441 2258 552 2317; x_wconf 89' lang='grc' dir='ltr'><strong>τοῖς</strong></span> <span class='ocrx_word' id='word_1_192' title='bbox 589 2255 977 2324; x_wconf 83' lang='grc' dir='ltr'><strong>κοιμητηρίοις</strong></span> <span class='ocrx_word' id='word_1_193' title='bbox 1007 2254 1172 2322; x_wconf 71' lang='grc' dir='ltr'><strong>ἡμῶν</strong></span> <span class='ocrx_word' id='word_1_194' title='bbox 1209 2253 1459 2315; x_wconf 73' lang='grc' dir='ltr'><strong>συνόδους</strong></span> <span class='ocrx_word' id='word_1_195' title='bbox 1490 2253 1788 2317; x_wconf 74' lang='grc' dir='ltr'><strong>ἁπέλεγεν·</strong></span> 
     </span>
    </p>
   </div>
   <div class='ocr_carea' id='block_1_28' title="bbox 216 2342 1792 2418">
    <p class='ocr_par' dir='ltr' id='par_1_28' title="bbox 216 2342 1792 2418">
     <span class='ocr_line' id='line_1_28' title="bbox 216 2342 1792 2418; baseline -0.004 -19"><span class='ocrx_word' id='word_1_196' title='bbox 216 2345 339 2399; x_wconf 77' lang='grc' dir='ltr'><strong>εἶτα</strong></span> <span class='ocrx_word' id='word_1_197' title='bbox 369 2346 535 2418; x_wconf 78' lang='grc' dir='ltr'><strong>τέχνῃ</strong></span> <span class='ocrx_word' id='word_1_198' title='bbox 584 2345 648 2416; x_wconf 83' lang='grc' dir='ltr'><strong>δή</strong></span> <span class='ocrx_word' id='word_1_199' title='bbox 679 2362 784 2399; x_wconf 87' lang='grc' dir='ltr'><strong>τινι</strong></span> <span class='ocrx_word' id='word_1_200' title='bbox 816 2346 976 2408; x_wconf 68' lang='grc' dir='ltr'><strong>αὐτὸς</strong></span> <span class='ocrx_word' id='word_1_201' title='bbox 1023 2344 1206 2412; x_wconf 75' lang='grc' dir='ltr'><strong>ἑαυτῷ</strong></span> <span class='ocrx_word' id='word_1_202' title='bbox 1238 2346 1352 2403; x_wconf 83' lang='grc' dir='ltr'><strong>τοῖς</strong></span> <span class='ocrx_word' id='word_1_203' title='bbox 1388 2342 1481 2410; x_wconf 76' lang='grc' dir='ltr'><strong>τῆς</strong></span> <span class='ocrx_word' id='word_1_204' title='bbox 1510 2342 1792 2411; x_wconf 76' lang='grc' dir='ltr'><strong>Ἀντιόχου</strong></span> 
     </span>
    </p>
   </div>
   <div class='ocr_carea' id='block_1_29' title="bbox 218 2435 1793 2508">
    <p class='ocr_par' dir='ltr' id='par_1_29' title="bbox 218 2435 1793 2508">
     <span class='ocr_line' id='line_1_29' title="bbox 218 2435 1793 2508; baseline -0.002 -18"><span class='ocrx_word' id='word_1_205' title='bbox 218 2436 466 2501; x_wconf 74' lang='grc' dir='ltr'><strong>πολίταις</strong></span> <span class='ocrx_word' id='word_1_206' title='bbox 509 2437 950 2508; x_wconf 79' lang='grc' dir='ltr'><strong>διεπρεσϐεύετο,</strong></span> <span class='ocrx_word' id='word_1_207' title='bbox 1004 2438 1079 2505; x_wconf 88' lang='grc' dir='ltr'><strong>μή</strong></span> <span class='ocrx_word' id='word_1_208' title='bbox 1130 2454 1252 2489; x_wconf 87' lang='grc' dir='ltr'><strong>τινα</strong></span> <span class='ocrx_word' id='word_1_209' title='bbox 1297 2436 1407 2487; x_wconf 89' lang='grc' dir='ltr'><strong>τῶν</strong></span> <span class='ocrx_word' id='word_1_210' title='bbox 1446 2435 1793 2503; x_wconf 75' lang='grc' dir='ltr'><strong>Χριστιανῶν</strong></span> 
     </span>
    </p>
   </div>
   <div class='ocr_carea' id='block_1_30' title="bbox 220 2529 1792 2599">
    <p class='ocr_par' dir='ltr' id='par_1_30' title="bbox 220 2529 1792 2599">
     <span class='ocr_line' id='line_1_30' title="bbox 220 2529 1792 2599; baseline 0.001 -21"><span class='ocrx_word' id='word_1_211' title='bbox 220 2531 405 2598; x_wconf 73' lang='grc' dir='ltr'><strong>ζητῶν</strong></span> <span class='ocrx_word' id='word_1_212' title='bbox 435 2530 535 2597; x_wconf 79' lang='grc' dir='ltr'><strong>τὴν</strong></span> <span class='ocrx_word' id='word_1_213' title='bbox 568 2530 848 2599; x_wconf 75' lang='grc' dir='ltr'><strong>Ἀντιόχου</strong></span> <span class='ocrx_word' id='word_1_214' title='bbox 881 2532 1054 2582; x_wconf 88' lang='grc' dir='ltr'><strong>οίκεῖν</strong></span> <span class='ocrx_word' id='word_1_215' title='bbox 1082 2530 1414 2599; x_wconf 72' lang='grc' dir='ltr'><strong>ἐπιτρέψαι·</strong></span> <span class='ocrx_word' id='word_1_216' title='bbox 1462 2530 1523 2579; x_wconf 79' lang='grc' dir='ltr'><strong>ὲν</strong></span> <span class='ocrx_word' id='word_1_217' title='bbox 1559 2529 1792 2597; x_wconf 79' lang='grc' dir='ltr'><strong>μεγίστῃ</strong></span> 
     </span>
    </p>
   </div>
   <div class='ocr_carea' id='block_1_31' title="bbox 218 2616 1794 2689">
    <p class='ocr_par' dir='ltr' id='par_1_31' title="bbox 218 2616 1794 2689">
     <span class='ocr_line' id='line_1_31' title="bbox 218 2616 1794 2689; baseline 0 -19"><span class='ocrx_word' id='word_1_218' title='bbox 218 2618 277 2671; x_wconf 78' lang='grc' dir='ltr'><strong>δὲ</strong></span> <span class='ocrx_word' id='word_1_219' title='bbox 330 2617 555 2687; x_wconf 83' lang='grc' dir='ltr'><strong>χάριτος</strong></span> <span class='ocrx_word' id='word_1_220' title='bbox 607 2618 777 2689; x_wconf 66' lang='grc' dir='ltr'><strong>μοίρᾳ</strong></span> <span class='ocrx_word' id='word_1_221' title='bbox 834 2618 975 2685; x_wconf 72' lang='grc' dir='ltr'><strong>σφᾶς</strong></span> <span class='ocrx_word' id='word_1_222' title='bbox 1015 2616 1167 2671; x_wconf 80' lang='grc' dir='ltr'><strong>τοῦτ’</strong></span> <span class='ocrx_word' id='word_1_223' title='bbox 1217 2616 1432 2669; x_wconf 75' lang='grc' dir='ltr'><strong>οἴεσθαι</strong></span> <span class='ocrx_word' id='word_1_224' title='bbox 1486 2617 1794 2685; x_wconf 81' lang='grc' dir='ltr'><strong>δράσαντας</strong></span> 
     </span>
    </p>
   </div>
   <div class='ocr_carea' id='block_1_32' title="bbox 219 2702 1793 2778">
    <p class='ocr_par' dir='ltr' id='par_1_32' title="bbox 219 2702 1793 2778">
     <span class='ocr_line' id='line_1_32' title="bbox 219 2702 1793 2778; baseline -0.001 -17"><span class='ocrx_word' id='word_1_225' title='bbox 219 2711 391 2778; x_wconf 61' lang='grc' dir='ltr'><strong>ἔχειν.</strong></span> <span class='ocrx_word' id='word_1_226' title='bbox 429 2711 535 2762; x_wconf 77' lang='grc' dir='ltr'><strong>Καὶ</strong></span> <span class='ocrx_word' id='word_1_227' title='bbox 560 2710 742 2772; x_wconf 76' lang='grc' dir='ltr'><strong>ἀλλοις</strong></span> <span class='ocrx_word' id='word_1_228' title='bbox 766 2710 811 2761; x_wconf 79' lang='grc' dir='ltr'><strong>δ’</strong></span> <span class='ocrx_word' id='word_1_229' title='bbox 846 2710 1116 2764; x_wconf 61' lang='lat' dir='ltr'><strong>autem:</strong></span> <span class='ocrx_word' id='word_1_230' title='bbox 1144 2709 1212 2762; x_wconf 78' lang='grc' dir='ltr'><strong>τά</strong></span> <span class='ocrx_word' id='word_1_231' title='bbox 1237 2708 1325 2760; x_wconf 77' lang='grc' dir='ltr'><strong>ἴσα</strong></span> <span class='ocrx_word' id='word_1_232' title='bbox 1355 2710 1653 2775; x_wconf 78' lang='grc' dir='ltr'><strong>διενεργεῖν</strong></span> <span class='ocrx_word' id='word_1_233' title='bbox 1675 2726 1687 2741; x_wconf 69' lang='grc' dir='ltr'><strong>ι</strong></span> <span class='ocrx_word' id='word_1_234' title='bbox 1718 2702 1793 2762; x_wconf 84' lang='grc' dir='ltr'><strong>ῶν</strong></span> 
     </span>
    </p>
   </div>
   <div class='ocr_carea' id='block_1_33' title="bbox 220 2797 1794 2871">
    <p class='ocr_par' dir='ltr' id='par_1_33' title="bbox 220 2797 1794 2871">
     <span class='ocr_line' id='line_1_33' title="bbox 220 2797 1794 2871; baseline 0.008 -21"><span class='ocrx_word' id='word_1_235' title='bbox 220 2801 440 2870; x_wconf 84' lang='grc' dir='ltr'><strong>πρῶτος</strong></span> <span class='ocrx_word' id='word_1_236' title='bbox 473 2801 766 2865; x_wconf 78' lang='grc' dir='ltr'><strong>Θεότεκνος</strong></span> <span class='ocrx_word' id='word_1_237' title='bbox 802 2797 892 2871; x_wconf 83' lang='grc' dir='ltr'><strong>ἧν,</strong></span> <span class='ocrx_word' id='word_1_238' title='bbox 940 2802 1081 2871; x_wconf 79' lang='grc' dir='ltr'><strong>ἀνὴρ</strong></span> <span class='ocrx_word' id='word_1_239' title='bbox 1110 2803 1242 2870; x_wconf 83' lang='grc' dir='ltr'><strong>γόης</strong></span> <span class='ocrx_word' id='word_1_240' title='bbox 1284 2802 1378 2852; x_wconf 65' lang='grc' dir='ltr'><strong>καὶ</strong></span> <span class='ocrx_word' id='word_1_241' title='bbox 1404 2801 1794 2869; x_wconf 73' lang='grc' dir='ltr'><strong>πονηρότατος.</strong></span> 
     </span>
    </p>
   </div>
   <div class='ocr_carea' id='block_1_34' title="bbox 220 2892 1796 2963">
    <p class='ocr_par' dir='ltr' id='par_1_34' title="bbox 220 2892 1796 2963">
     <span class='ocr_line' id='line_1_34' title="bbox 220 2892 1796 2963; baseline 0.001 -20"><span class='ocrx_word' id='word_1_242' title='bbox 220 2910 318 2944; x_wconf 78' lang='grc' dir='ltr'><strong>κα.</strong></span> <span class='ocrx_word' id='word_1_243' title='bbox 337 2892 589 2960; x_wconf 74' lang='grc' dir='ltr'><strong>οὐδαμῶς</strong></span> <span class='ocrx_word' id='word_1_244' title='bbox 608 2894 707 2963; x_wconf 73' lang='grc' dir='ltr'><strong>τῆς</strong></span> <span class='ocrx_word' id='word_1_245' title='bbox 730 2894 1120 2962; x_wconf 83' lang='grc' dir='ltr'><strong>προσωνυμίας</strong></span> <span class='ocrx_word' id='word_1_246' title='bbox 1150 2893 1395 2961; x_wconf 72' lang='grc' dir='ltr'><strong>μετέχων</strong></span> <span class='ocrx_word' id='word_1_247' title='bbox 1419 2908 1432 2921; x_wconf 89' lang='grc'><strong>·</strong></span> <span class='ocrx_word' id='word_1_248' title='bbox 1459 2894 1796 2960; x_wconf 84' lang='grc' dir='ltr'><strong>λογιστεύειν</strong></span> 
     </span>
    </p>
   </div>
   <div class='ocr_carea' id='block_1_35' title="bbox 219 2982 1795 3053">
    <p class='ocr_par' dir='ltr' id='par_1_35' title="bbox 219 2982 1795 3053">
     <span class='ocr_line' id='line_1_35' title="bbox 219 2982 1795 3053; baseline 0.001 -20"><span class='ocrx_word' id='word_1_249' title='bbox 219 2983 265 3033; x_wconf 82' lang='grc' dir='ltr'><strong>δ’</strong></span> <span class='ocrx_word' id='word_1_250' title='bbox 300 2982 477 3035; x_wconf 72' lang='grc' dir='ltr'><strong>ἐδόκει</strong></span> <span class='ocrx_word' id='word_1_251' title='bbox 510 2984 631 3036; x_wconf 87' lang='grc' dir='ltr'><strong>κατ’</strong></span> <span class='ocrx_word' id='word_1_252' title='bbox 690 2985 901 3036; x_wconf 75' lang='grc' dir='ltr'><strong>ἐκεῖνον</strong></span> <span class='ocrx_word' id='word_1_253' title='bbox 930 2985 1069 3051; x_wconf 80' lang='grc' dir='ltr'><strong>δῆτα</strong></span> <span class='ocrx_word' id='word_1_254' title='bbox 1116 2984 1208 3035; x_wconf 85' lang='grc' dir='ltr'><strong>τὸν</strong></span> <span class='ocrx_word' id='word_1_255' title='bbox 1250 2983 1451 3053; x_wconf 86' lang='grc' dir='ltr'><strong>χῶρον.</strong></span> <span class='ocrx_word' id='word_1_256' title='bbox 1492 2984 1795 3053; x_wconf 84' lang='grc' dir='ltr'><strong>Πάμπολλα</strong></span> 
     </span>
    </p>
   </div>
   <div class='ocr_carea' id='block_1_36' title="bbox 218 3074 1792 3150">
    <p class='ocr_par' dir='ltr' id='par_1_36' title="bbox 218 3074 1792 3150">
     <span class='ocr_line' id='line_1_36' title="bbox 218 3074 1792 3150; baseline -0.001 -18"><span class='ocrx_word' id='word_1_257' title='bbox 218 3080 279 3132; x_wconf 77' lang='grc' dir='ltr'><strong>δὲ</strong></span> <span class='ocrx_word' id='word_1_258' title='bbox 322 3081 439 3132; x_wconf 78' lang='grc' dir='ltr'><strong>καθ’</strong></span> <span class='ocrx_word' id='word_1_259' title='bbox 472 3080 628 3150; x_wconf 74' lang='grc' dir='ltr'><strong>ἡμῶν</strong></span> <span class='ocrx_word' id='word_1_260' title='bbox 663 3081 1054 3150; x_wconf 74' lang='grc' dir='ltr'><strong>στρατηγήσας</strong></span> <span class='ocrx_word' id='word_1_261' title='bbox 1094 3074 1272 3143; x_wconf 79' lang='grc' dir='ltr'><strong>οὗτος,</strong></span> <span class='ocrx_word' id='word_1_262' title='bbox 1325 3080 1420 3133; x_wconf 77' lang='grc' dir='ltr'><strong>καὶ</strong></span> <span class='ocrx_word' id='word_1_263' title='bbox 1451 3080 1699 3148; x_wconf 76' lang='grc' dir='ltr'><strong>σφοδρῶς</strong></span> <span class='ocrx_word' id='word_1_264' title='bbox 1728 3083 1792 3149; x_wconf 81' lang='grc' dir='ltr'><strong>τῇ</strong></span> 
     </span>
    </p>
   </div>
   <div class='ocr_carea' id='block_1_37' title="bbox 2349 1445 3006 1526">
    <p class='ocr_par' dir='ltr' id='par_1_37' title="bbox 2349 1445 3006 1526">
     <span class='ocr_line' id='line_1_37' title="bbox 2349 1445 3006 1526; baseline -0.011 -21"><span class='ocrx_word' id='word_1_265' title='bbox 2349 1454 2516 1526; x_wconf 66' lang='lat'><strong>473</strong></span> <span class='ocrx_word' id='word_1_266' title='bbox 2573 1448 2800 1507; x_wconf 74' lang='lat' dir='ltr'><strong>CAPUT</strong></span> <span class='ocrx_word' id='word_1_267' title='bbox 2843 1445 3006 1501; x_wconf 79' lang='lat' dir='ltr'><strong>xxv.</strong></span> 
     </span>
    </p>
   </div>
   <div class='ocr_carea' id='block_1_38' title="bbox 1900 1540 3474 1626">
    <p class='ocr_par' dir='ltr' id='par_1_38' title="bbox 1900 1540 3474 1626">
     <span class='ocr_line' id='line_1_38' title="bbox 1900 1540 3474 1626; baseline -0.004 -28"><span class='ocrx_word' id='word_1_268' title='bbox 1900 1545 1972 1598; x_wconf 81' lang='lat' dir='ltr'><strong>De</strong></span> <span class='ocrx_word' id='word_1_269' title='bbox 1998 1556 2179 1600; x_wconf 73' lang='lat' dir='ltr'><strong>statua</strong></span> <span class='ocrx_word' id='word_1_270' title='bbox 2224 1565 2356 1601; x_wconf 80' lang='lat' dir='ltr'><strong>nova</strong></span> <span class='ocrx_word' id='word_1_271' title='bbox 2391 1547 2704 1609; x_wconf 64' lang='lat' dir='ltr'><strong>Antiochiet,</strong></span> <span class='ocrx_word' id='word_1_272' title='bbox 2734 1559 2896 1626; x_wconf 64' lang='lat' dir='ltr'><strong>quam</strong></span> <span class='ocrx_word' id='word_1_273' title='bbox 2950 1540 3265 1597; x_wconf 75' lang='lat' dir='ltr'><strong>Theotccnus</strong></span> <span class='ocrx_word' id='word_1_274' title='bbox 3299 1556 3474 1593; x_wconf 72' lang='lat' dir='ltr'><strong>recens</strong></span> 
     </span>
    </p>
   </div>
   <div class='ocr_carea' id='block_1_39' title="bbox 2607 1625 2798 1669">
    <p class='ocr_par' dir='ltr' id='par_1_39' title="bbox 2607 1625 2798 1669">
     <span class='ocr_line' id='line_1_39' title="bbox 2607 1625 2798 1669; baseline -0.005 0"><span class='ocrx_word' id='word_1_275' title='bbox 2607 1625 2798 1669; x_wconf 76' lang='lat' dir='ltr'><strong>erexit.</strong></span> 
     </span>
    </p>
   </div>
   <div class='ocr_carea' id='block_1_40' title="bbox 1969 1702 3473 1775">
    <p class='ocr_par' dir='ltr' id='par_1_40' title="bbox 1969 1702 3473 1775">
     <span class='ocr_line' id='line_1_40' title="bbox 1969 1702 3473 1775; baseline -0.005 -14"><span class='ocrx_word' id='word_1_276' title='bbox 1969 1707 2025 1761; x_wconf 90' lang='lat' dir='ltr'><strong>In</strong></span> <span class='ocrx_word' id='word_1_277' title='bbox 2059 1707 2159 1761; x_wconf 89' lang='lat' dir='ltr'><strong>hac</strong></span> <span class='ocrx_word' id='word_1_278' title='bbox 2189 1722 2354 1775; x_wconf 91' lang='lat' dir='ltr'><strong>porro</strong></span> <span class='ocrx_word' id='word_1_279' title='bbox 2378 1707 2649 1761; x_wconf 87' lang='lat' dir='ltr'><strong>sententia</strong></span> <span class='ocrx_word' id='word_1_280' title='bbox 2671 1705 3000 1760; x_wconf 77' lang='lat' dir='ltr'><strong>Maximinus</strong></span> <span class='ocrx_word' id='word_1_281' title='bbox 3024 1702 3265 1759; x_wconf 77' lang='lat' dir='ltr'><strong>Orientis</strong></span> <span class='ocrx_word' id='word_1_282' title='bbox 3292 1713 3473 1772; x_wconf 86' lang='lat' dir='ltr'><strong>tyran-</strong></span> 
     </span>
    </p>
   </div>
   <div class='ocr_carea' id='block_1_41' title="bbox 1902 1795 3473 1868">
    <p class='ocr_par' dir='ltr' id='par_1_41' title="bbox 1902 1795 3473 1868">
     <span class='ocr_line' id='line_1_41' title="bbox 1902 1795 3473 1868; baseline -0.004 -17"><span class='ocrx_word' id='word_1_283' title='bbox 1902 1813 2006 1852; x_wconf 88' lang='lat' dir='ltr'><strong>nus</strong></span> <span class='ocrx_word' id='word_1_284' title='bbox 2035 1815 2145 1853; x_wconf 87' lang='lat' dir='ltr'><strong>non</strong></span> <span class='ocrx_word' id='word_1_285' title='bbox 2180 1801 2320 1853; x_wconf 89' lang='lat' dir='ltr'><strong>bene</strong></span> <span class='ocrx_word' id='word_1_286' title='bbox 2351 1814 2442 1854; x_wconf 77' lang='lat' dir='ltr'><strong>sex</strong></span> <span class='ocrx_word' id='word_1_287' title='bbox 2512 1814 2733 1854; x_wconf 89' lang='lat' dir='ltr'><strong>menses</strong></span> <span class='ocrx_word' id='word_1_288' title='bbox 2790 1797 3133 1868; x_wconf 78' lang='lat' dir='ltr'><strong>perduravit.</strong></span> <span class='ocrx_word' id='word_1_289' title='bbox 3187 1795 3473 1861; x_wconf 77' lang='lat' dir='ltr'><strong>Quomodo</strong></span> 
     </span>
    </p>
   </div>
   <div class='ocr_carea' id='block_1_42' title="bbox 1893 1888 3476 1960">
    <p class='ocr_par' dir='ltr' id='par_1_42' title="bbox 1893 1888 3476 1960">
     <span class='ocr_line' id='line_1_42' title="bbox 1893 1888 3476 1960; baseline -0.004 -15"><span class='ocrx_word' id='word_1_290' title='bbox 1893 1893 2039 1945; x_wconf 80' lang='lat' dir='ltr'><strong>enim</strong></span> <span class='ocrx_word' id='word_1_291' title='bbox 2067 1890 2157 1944; x_wconf 89' lang='lat' dir='ltr'><strong>ille</strong></span> <span class='ocrx_word' id='word_1_292' title='bbox 2182 1893 2272 1960; x_wconf 89' lang='lat' dir='ltr'><strong>qui</strong></span> <span class='ocrx_word' id='word_1_293' title='bbox 2303 1891 2612 1946; x_wconf 85' lang='lat' dir='ltr'><strong>honestatis</strong></span> <span class='ocrx_word' id='word_1_294' title='bbox 2638 1892 2818 1945; x_wconf 87' lang='lat' dir='ltr'><strong>omnis</strong></span> <span class='ocrx_word' id='word_1_295' title='bbox 2868 1888 3162 1951; x_wconf 83' lang='lat' dir='ltr'><strong>inimicus,</strong></span> <span class='ocrx_word' id='word_1_296' title='bbox 3186 1901 3363 1940; x_wconf 72' lang='lat' dir='ltr'><strong>saevus</strong></span> <span class='ocrx_word' id='word_1_297' title='bbox 3421 1893 3476 1939; x_wconf 75' lang='lat' dir='ltr'><strong>et</strong></span> 
     </span>
    </p>
   </div>
   <div class='ocr_carea' id='block_1_43' title="bbox 1897 1978 3475 2050">
    <p class='ocr_par' dir='ltr' id='par_1_43' title="bbox 1897 1978 3475 2050">
     <span class='ocr_line' id='line_1_43' title="bbox 1897 1978 3475 2050; baseline -0.004 -14"><span class='ocrx_word' id='word_1_298' title='bbox 1897 1985 2243 2039; x_wconf 87' lang='lat' dir='ltr'><strong>adversarius</strong></span> <span class='ocrx_word' id='word_1_299' title='bbox 2266 1983 2469 2038; x_wconf 85' lang='lat' dir='ltr'><strong>Christi</strong></span> <span class='ocrx_word' id='word_1_300' title='bbox 2506 1992 2672 2049; x_wconf 87' lang='lat' dir='ltr'><strong>esset,</strong></span> <span class='ocrx_word' id='word_1_301' title='bbox 2702 1990 2992 2050; x_wconf 87' lang='lat' dir='ltr'><strong>tantopere</strong></span> <span class='ocrx_word' id='word_1_302' title='bbox 3044 1980 3231 2049; x_wconf 77' lang='lat' dir='ltr'><strong>augeri</strong></span> <span class='ocrx_word' id='word_1_303' title='bbox 3270 1978 3475 2031; x_wconf 77' lang='lat' dir='ltr'><strong>la-tari-</strong></span> 
     </span>
    </p>
   </div>
   <div class='ocr_carea' id='block_1_44' title="bbox 1895 2074 3474 2147">
    <p class='ocr_par' dir='ltr' id='par_1_44' title="bbox 1895 2074 3474 2147">
     <span class='ocr_line' id='line_1_44' title="bbox 1895 2074 3474 2147; baseline -0.004 -17"><span class='ocrx_word' id='word_1_304' title='bbox 1895 2092 2001 2145; x_wconf 90' lang='lat' dir='ltr'><strong>que</strong></span> <span class='ocrx_word' id='word_1_305' title='bbox 2029 2077 2232 2132; x_wconf 72' lang='lat' dir='ltr'><strong>Chrisﬁ</strong></span> <span class='ocrx_word' id='word_1_306' title='bbox 2262 2092 2477 2147; x_wconf 79' lang='lat' dir='ltr'><strong>gregem</strong></span> <span class='ocrx_word' id='word_1_307' title='bbox 2506 2074 2826 2144; x_wconf 76' lang='lat' dir='ltr'><strong>pateretur?</strong></span> <span class='ocrx_word' id='word_1_308' title='bbox 2858 2074 3031 2128; x_wconf 91' lang='lat' dir='ltr'><strong>lllicet</strong></span> <span class='ocrx_word' id='word_1_309' title='bbox 3058 2088 3178 2142; x_wconf 62' lang='lat' dir='ltr'><strong>quae</strong></span> <span class='ocrx_word' id='word_1_310' title='bbox 3200 2080 3315 2125; x_wconf 91' lang='lat' dir='ltr'><strong>tum</strong></span> <span class='ocrx_word' id='word_1_311' title='bbox 3351 2083 3474 2123; x_wconf 86' lang='lat' dir='ltr'><strong>esse</strong></span> 
     </span>
    </p>
   </div>
   <div class='ocr_carea' id='block_1_45' title="bbox 1896 2160 3470 2239">
    <p class='ocr_par' dir='ltr' id='par_1_45' title="bbox 1896 2160 3470 2239">
     <span class='ocr_line' id='line_1_45' title="bbox 1896 2160 3470 2239; baseline -0.005 -19"><span class='ocrx_word' id='word_1_312' title='bbox 1896 2170 2189 2222; x_wconf 79' lang='lat' dir='ltr'><strong>videbatur</strong></span> <span class='ocrx_word' id='word_1_313' title='bbox 2249 2184 2437 2239; x_wconf 89' lang='lat' dir='ltr'><strong>pacem</strong></span> <span class='ocrx_word' id='word_1_314' title='bbox 2502 2168 2894 2229; x_wconf 88' lang='lat' dir='ltr'><strong>dissoluturus,</strong></span> <span class='ocrx_word' id='word_1_315' title='bbox 2949 2165 3186 2234; x_wconf 91' lang='lat' dir='ltr'><strong>primum</strong></span> <span class='ocrx_word' id='word_1_316' title='bbox 3248 2160 3470 2229; x_wconf 77' lang='lat' dir='ltr'><strong>quidem</strong></span> 
     </span>
    </p>
   </div>
   <div class='ocr_carea' id='block_1_46' title="bbox 1896 2255 3472 2327">
    <p class='ocr_par' dir='ltr' id='par_1_46' title="bbox 1896 2255 3472 2327">
     <span class='ocr_line' id='line_1_46' title="bbox 1896 2255 3472 2327; baseline -0.006 -11"><span class='ocrx_word' id='word_1_317' title='bbox 1896 2274 2204 2327; x_wconf 86' lang='lat' dir='ltr'><strong>conventus</strong></span> <span class='ocrx_word' id='word_1_318' title='bbox 2226 2271 2451 2314; x_wconf 90' lang='lat' dir='ltr'><strong>nostros</strong></span> <span class='ocrx_word' id='word_1_319' title='bbox 2477 2259 2530 2313; x_wconf 91' lang='lat' dir='ltr'><strong>iu</strong></span> <span class='ocrx_word' id='word_1_320' title='bbox 2559 2257 2892 2314; x_wconf 77' lang='lat' dir='ltr'><strong>cmmeteriis</strong></span> <span class='ocrx_word' id='word_1_321' title='bbox 2916 2255 3242 2326; x_wconf 91' lang='lat' dir='ltr'><strong>prohibuit:</strong></span> <span class='ocrx_word' id='word_1_322' title='bbox 3271 2255 3472 2307; x_wconf 87' lang='lat' dir='ltr'><strong>deinde</strong></span> 
     </span>
    </p>
   </div>
   <div class='ocr_carea' id='block_1_47' title="bbox 1896 2347 3473 2423">
    <p class='ocr_par' dir='ltr' id='par_1_47' title="bbox 1896 2347 3473 2423">
     <span class='ocr_line' id='line_1_47' title="bbox 1896 2347 3473 2423; baseline -0.004 -16"><span class='ocrx_word' id='word_1_323' title='bbox 1896 2368 2027 2408; x_wconf 84' lang='lat' dir='ltr'><strong>vero</strong></span> <span class='ocrx_word' id='word_1_324' title='bbox 2061 2353 2259 2408; x_wconf 87' lang='lat' dir='ltr'><strong>techna</strong></span> <span class='ocrx_word' id='word_1_325' title='bbox 2285 2352 2519 2423; x_wconf 88' lang='lat' dir='ltr'><strong>quadam</strong></span> <span class='ocrx_word' id='word_1_326' title='bbox 2556 2352 2673 2422; x_wconf 89' lang='lat' dir='ltr'><strong>ipse</strong></span> <span class='ocrx_word' id='word_1_327' title='bbox 2726 2351 2794 2405; x_wconf 90' lang='lat' dir='ltr'><strong>ad</strong></span> <span class='ocrx_word' id='word_1_328' title='bbox 2827 2350 3069 2419; x_wconf 89' lang='lat' dir='ltr'><strong>seipsum</strong></span> <span class='ocrx_word' id='word_1_329' title='bbox 3096 2347 3473 2402; x_wconf 79' lang='lat' dir='ltr'><strong>Antiochena-</strong></span> 
     </span>
    </p>
   </div>
   <div class='ocr_carea' id='block_1_48' title="bbox 1897 2440 3471 2516">
    <p class='ocr_par' dir='ltr' id='par_1_48' title="bbox 1897 2440 3471 2516">
     <span class='ocr_line' id='line_1_48' title="bbox 1897 2440 3471 2516; baseline -0.004 -17"><span class='ocrx_word' id='word_1_330' title='bbox 1897 2462 2018 2500; x_wconf 89' lang='lat' dir='ltr'><strong>rum</strong></span> <span class='ocrx_word' id='word_1_331' title='bbox 2048 2447 2268 2501; x_wconf 77' lang='lat' dir='ltr'><strong>nomine</strong></span> <span class='ocrx_word' id='word_1_332' title='bbox 2301 2463 2396 2516; x_wconf 90' lang='lat' dir='ltr'><strong>per</strong></span> <span class='ocrx_word' id='word_1_333' title='bbox 2422 2446 2572 2500; x_wconf 85' lang='lat' dir='ltr'><strong>cives</strong></span> <span class='ocrx_word' id='word_1_334' title='bbox 2604 2459 2797 2500; x_wconf 91' lang='lat' dir='ltr'><strong>eorum</strong></span> <span class='ocrx_word' id='word_1_335' title='bbox 2830 2443 3159 2514; x_wconf 79' lang='lat' dir='ltr'><strong>legationem</strong></span> <span class='ocrx_word' id='word_1_336' title='bbox 3214 2441 3384 2503; x_wconf 84' lang='lat' dir='ltr'><strong>misit,</strong></span> <span class='ocrx_word' id='word_1_337' title='bbox 3418 2440 3471 2493; x_wconf 89' lang='lat' dir='ltr'><strong>id</strong></span> 
     </span>
    </p>
   </div>
   <div class='ocr_carea' id='block_1_49' title="bbox 1898 2534 3474 2611">
    <p class='ocr_par' dir='ltr' id='par_1_49' title="bbox 1898 2534 3474 2611">
     <span class='ocr_line' id='line_1_49' title="bbox 1898 2534 3474 2611; baseline -0.005 -15"><span class='ocrx_word' id='word_1_338' title='bbox 1898 2555 2085 2611; x_wconf 80' lang='lat' dir='ltr'><strong>agens,</strong></span> <span class='ocrx_word' id='word_1_339' title='bbox 2114 2550 2174 2596; x_wconf 87' lang='lat' dir='ltr'><strong>ut</strong></span> <span class='ocrx_word' id='word_1_340' title='bbox 2188 2555 2258 2595; x_wconf 89' lang='lat' dir='ltr'><strong>ne</strong></span> <span class='ocrx_word' id='word_1_341' title='bbox 2285 2539 2375 2595; x_wconf 89' lang='lat' dir='ltr'><strong>cui</strong></span> <span class='ocrx_word' id='word_1_342' title='bbox 2402 2538 2841 2594; x_wconf 88' lang='lat' dir='ltr'><strong>Christianorum</strong></span> <span class='ocrx_word' id='word_1_343' title='bbox 2868 2552 2986 2590; x_wconf 85' lang='lat' dir='ltr'><strong>eam</strong></span> <span class='ocrx_word' id='word_1_344' title='bbox 3013 2536 3205 2590; x_wconf 86' lang='lat' dir='ltr'><strong>urbem</strong></span> <span class='ocrx_word' id='word_1_345' title='bbox 3231 2534 3474 2588; x_wconf 85' lang='lat' dir='ltr'><strong>incolere</strong></span> 
     </span>
    </p>
   </div>
   <div class='ocr_carea' id='block_1_50' title="bbox 1898 2627 3473 2702">
    <p class='ocr_par' dir='ltr' id='par_1_50' title="bbox 1898 2627 3473 2702">
     <span class='ocr_line' id='line_1_50' title="bbox 1898 2627 3473 2702; baseline -0.003 -16"><span class='ocrx_word' id='word_1_346' title='bbox 1898 2634 2341 2702; x_wconf 86' lang='lat' dir='ltr'><strong>permitteretur:</strong></span> <span class='ocrx_word' id='word_1_347' title='bbox 2375 2632 2777 2700; x_wconf 77' lang='lat' dir='ltr'><strong>maximamque</strong></span> <span class='ocrx_word' id='word_1_348' title='bbox 2807 2630 2930 2684; x_wconf 90' lang='lat' dir='ltr'><strong>illos</strong></span> <span class='ocrx_word' id='word_1_349' title='bbox 2952 2644 2980 2681; x_wconf 89' lang='lat' dir='ltr'><strong>a</strong></span> <span class='ocrx_word' id='word_1_350' title='bbox 3012 2644 3071 2683; x_wconf 88' lang='lat' dir='ltr'><strong>se</strong></span> <span class='ocrx_word' id='word_1_351' title='bbox 3101 2627 3331 2699; x_wconf 87' lang='lat' dir='ltr'><strong>gratiam</strong></span> <span class='ocrx_word' id='word_1_352' title='bbox 3365 2627 3473 2682; x_wconf 89' lang='lat' dir='ltr'><strong>iui-</strong></span> 
     </span>
    </p>
   </div>
   <div class='ocr_carea' id='block_1_51' title="bbox 1901 2720 3475 2792">
    <p class='ocr_par' dir='ltr' id='par_1_51' title="bbox 1901 2720 3475 2792">
     <span class='ocr_line' id='line_1_51' title="bbox 1901 2720 3475 2792; baseline -0.004 -14"><span class='ocrx_word' id='word_1_353' title='bbox 1901 2736 2055 2778; x_wconf 88' lang='lat' dir='ltr'><strong>turos</strong></span> <span class='ocrx_word' id='word_1_354' title='bbox 2092 2720 2200 2778; x_wconf 85' lang='lat' dir='ltr'><strong>illis</strong></span> <span class='ocrx_word' id='word_1_355' title='bbox 2219 2723 2572 2792; x_wconf 75' lang='lat' dir='ltr'><strong>signiﬁcavit,</strong></span> <span class='ocrx_word' id='word_1_356' title='bbox 2604 2723 2648 2777; x_wconf 89' lang='lat' dir='ltr'><strong>si</strong></span> <span class='ocrx_word' id='word_1_357' title='bbox 2703 2724 2807 2776; x_wconf 87' lang='lat' dir='ltr'><strong>hoc</strong></span> <span class='ocrx_word' id='word_1_358' title='bbox 2861 2721 2963 2791; x_wconf 91' lang='lat' dir='ltr'><strong>ipsi</strong></span> <span class='ocrx_word' id='word_1_359' title='bbox 3015 2720 3280 2774; x_wconf 74' lang='lat' dir='ltr'><strong>adversus</strong></span> <span class='ocrx_word' id='word_1_360' title='bbox 3315 2720 3475 2774; x_wconf 84' lang='lat' dir='ltr'><strong>Chri-</strong></span> 
     </span>
    </p>
   </div>
   <div class='ocr_carea' id='block_1_52' title="bbox 1898 2809 3473 2884">
    <p class='ocr_par' dir='ltr' id='par_1_52' title="bbox 1898 2809 3473 2884">
     <span class='ocr_line' id='line_1_52' title="bbox 1898 2809 3473 2884; baseline -0.004 -16"><span class='ocrx_word' id='word_1_361' title='bbox 1898 2817 2106 2868; x_wconf 81' lang='lat' dir='ltr'><strong>stianos</strong></span> <span class='ocrx_word' id='word_1_362' title='bbox 2133 2830 2233 2884; x_wconf 87' lang='lat' dir='ltr'><strong>per</strong></span> <span class='ocrx_word' id='word_1_363' title='bbox 2259 2814 2726 2868; x_wconf 86' lang='lat' dir='ltr'><strong>assimulationem</strong></span> <span class='ocrx_word' id='word_1_364' title='bbox 2759 2813 2937 2866; x_wconf 79' lang='lat' dir='ltr'><strong>facere</strong></span> <span class='ocrx_word' id='word_1_365' title='bbox 2974 2811 3316 2865; x_wconf 85' lang='lat' dir='ltr'><strong>viderentur.</strong></span> <span class='ocrx_word' id='word_1_366' title='bbox 3366 2809 3473 2863; x_wconf 53' lang='lat' dir='ltr'><strong>Sed</strong></span> 
     </span>
    </p>
   </div>
   <div class='ocr_carea' id='block_1_53' title="bbox 1901 2901 3475 2977">
    <p class='ocr_par' dir='ltr' id='par_1_53' title="bbox 1901 2901 3475 2977">
     <span class='ocr_line' id='line_1_53' title="bbox 1901 2901 3475 2977; baseline -0.003 -16"><span class='ocrx_word' id='word_1_367' title='bbox 1901 2908 2024 2962; x_wconf 88' lang='lat' dir='ltr'><strong>aliis</strong></span> <span class='ocrx_word' id='word_1_368' title='bbox 2052 2923 2272 2977; x_wconf 87' lang='lat' dir='ltr'><strong>quoque</strong></span> <span class='ocrx_word' id='word_1_369' title='bbox 2306 2907 2435 2961; x_wconf 86' lang='lat' dir='ltr'><strong>item</strong></span> <span class='ocrx_word' id='word_1_370' title='bbox 2491 2917 2551 2961; x_wconf 86' lang='lat' dir='ltr'><strong>ut</strong></span> <span class='ocrx_word' id='word_1_371' title='bbox 2582 2910 2845 2967; x_wconf 80' lang='lat' dir='ltr'><strong>facerent,</strong></span> <span class='ocrx_word' id='word_1_372' title='bbox 2895 2904 3185 2973; x_wconf 80' lang='lat' dir='ltr'><strong>suggessit.</strong></span> <span class='ocrx_word' id='word_1_373' title='bbox 3223 2901 3475 2966; x_wconf 82' lang='lat' dir='ltr'><strong>Quorum</strong></span> 
     </span>
    </p>
   </div>
   <div class='ocr_carea' id='block_1_54' title="bbox 1900 2995 3474 3073">
    <p class='ocr_par' dir='ltr' id='par_1_54' title="bbox 1900 2995 3474 3073">
     <span class='ocr_line' id='line_1_54' title="bbox 1900 2995 3474 3073; baseline -0.006 -17"><span class='ocrx_word' id='word_1_374' title='bbox 1900 3003 2217 3073; x_wconf 73' lang='lat' dir='ltr'><strong>praecipuus</strong></span> <span class='ocrx_word' id='word_1_375' title='bbox 2239 3001 2589 3056; x_wconf 85' lang='lat' dir='ltr'><strong>Theotecnus</strong></span> <span class='ocrx_word' id='word_1_376' title='bbox 2618 3009 2757 3061; x_wconf 86' lang='lat' dir='ltr'><strong>erat.</strong></span> <span class='ocrx_word' id='word_1_377' title='bbox 2793 2998 2879 3051; x_wconf 91' lang='lat' dir='ltr'><strong>vir</strong></span> <span class='ocrx_word' id='word_1_378' title='bbox 2910 3001 3200 3066; x_wconf 83' lang='lat' dir='ltr'><strong>impostor,</strong></span> <span class='ocrx_word' id='word_1_379' title='bbox 3235 3006 3287 3050; x_wconf 86' lang='lat' dir='ltr'><strong>et</strong></span> <span class='ocrx_word' id='word_1_380' title='bbox 3320 2995 3474 3063; x_wconf 85' lang='lat' dir='ltr'><strong>inge-</strong></span> 
     </span>
    </p>
   </div>
   <div class='ocr_carea' id='block_1_55' title="bbox 1902 3087 3471 3160">
    <p class='ocr_par' dir='ltr' id='par_1_55' title="bbox 1902 3087 3471 3160">
     <span class='ocr_line' id='line_1_55' title="bbox 1902 3087 3471 3160; baseline -0.004 -14"><span class='ocrx_word' id='word_1_381' title='bbox 1902 3095 1995 3147; x_wconf 90' lang='lat' dir='ltr'><strong>nio</strong></span> <span class='ocrx_word' id='word_1_382' title='bbox 2018 3093 2475 3160; x_wconf 87' lang='lat' dir='ltr'><strong>depravatissimo</strong></span> <span class='ocrx_word' id='word_1_383' title='bbox 2507 3090 2789 3160; x_wconf 69' lang='lat' dir='ltr'><strong>praeditus,</strong></span> <span class='ocrx_word' id='word_1_384' title='bbox 2819 3089 3154 3157; x_wconf 88' lang='lat' dir='ltr'><strong>nomineque</strong></span> <span class='ocrx_word' id='word_1_385' title='bbox 3195 3102 3297 3141; x_wconf 89' lang='lat' dir='ltr'><strong>suo</strong></span> <span class='ocrx_word' id='word_1_386' title='bbox 3330 3087 3471 3141; x_wconf 87' lang='lat' dir='ltr'><strong>indi-</strong></span> 
     </span>
    </p>
   </div>
   <div class='ocr_carea' id='block_1_56' title="bbox 223 3167 1889 3253">
    <p class='ocr_par' dir='ltr' id='par_1_56' title="bbox 223 3167 1867 3248">
     <span class='ocr_line' id='line_1_56' title="bbox 223 3167 1867 3248; baseline 0 -25"><span class='ocrx_word' id='word_1_387' title='bbox 223 3171 351 3223; x_wconf 74' lang='lat' dir='ltr'><strong>an‘</strong></span> <span class='ocrx_word' id='word_1_388' title='bbox 389 3173 545 3241; x_wconf 76' lang='grc' dir='ltr'><strong>ἡμῶν</strong></span> <span class='ocrx_word' id='word_1_389' title='bbox 573 3173 909 3242; x_wconf 61' lang='grc' dir='ltr'><strong>συκοεραντίᾳ</strong></span> <span class='ocrx_word' id='word_1_390' title='bbox 946 3171 1093 3242; x_wconf 76' lang='grc' dir='ltr'><strong>μάλα</strong></span> <span class='ocrx_word' id='word_1_391' title='bbox 1140 3174 1507 3242; x_wconf 81' lang='grc' dir='ltr'><strong>χρησάμενος,</strong></span> <span class='ocrx_word' id='word_1_392' title='bbox 1531 3167 1621 3226; x_wconf 78' lang='grc' dir='ltr'><strong>οἷά</strong></span> <span class='ocrx_word' id='word_1_393' title='bbox 1646 3190 1797 3235; x_wconf 87' lang='grc' dir='ltr'><strong>τινας</strong></span> <span class='ocrx_word' id='word_1_394' title='bbox 1825 3191 1867 3248; x_wconf 75' lang='lat' dir='ltr'><strong><em>C</em></strong></span> 
     </span>
    </p>
   </div>
   <div class='ocr_carea' id='block_1_57' title="bbox 1809 3167 3475 3253">
    <p class='ocr_par' dir='ltr' id='par_1_57' title="bbox 1825 3179 3475 3253">
     <span class='ocr_line' id='line_1_57' title="bbox 1825 3179 3475 3253; baseline -0.004 -16"><span class='ocrx_word' id='word_1_395' title='bbox 1825 3191 1867 3248; x_wconf 74' lang='grc' dir='ltr'><strong>ο</strong></span> <span class='ocrx_word' id='word_1_396' title='bbox 1903 3184 2219 3252; x_wconf 88' lang='lat' dir='ltr'><strong>gnissimus,</strong></span> <span class='ocrx_word' id='word_1_397' title='bbox 2261 3184 2465 3253; x_wconf 70' lang='lat' dir='ltr'><strong>logistm</strong></span> <span class='ocrx_word' id='word_1_398' title='bbox 2499 3184 2614 3237; x_wconf 89' lang='lat' dir='ltr'><strong>sive</strong></span> <span class='ocrx_word' id='word_1_399' title='bbox 2647 3182 2921 3235; x_wconf 81' lang='lat' dir='ltr'><strong>curatoris</strong></span> <span class='ocrx_word' id='word_1_400' title='bbox 2949 3181 3025 3249; x_wconf 79' lang='lat' dir='ltr'><strong>(i)</strong></span> <span class='ocrx_word' id='word_1_401' title='bbox 3080 3190 3136 3234; x_wconf 90' lang='lat' dir='ltr'><strong>et</strong></span> <span class='ocrx_word' id='word_1_402' title='bbox 3193 3179 3475 3234; x_wconf 85' lang='lat' dir='ltr'><strong>rationalis</strong></span> 
     </span>
    </p>
   </div>
   <div class='ocr_carea' id='block_1_58' title="bbox 223 3264 1796 3334">
    <p class='ocr_par' dir='ltr' id='par_1_58' title="bbox 223 3264 1796 3334">
     <span class='ocr_line' id='line_1_58' title="bbox 223 3264 1796 3334; baseline -0.002 -15"><span class='ocrx_word' id='word_1_403' title='bbox 223 3265 417 3334; x_wconf 64' lang='grc' dir='ltr'><strong>ςῶρας</strong></span> <span class='ocrx_word' id='word_1_404' title='bbox 450 3265 782 3317; x_wconf 77' lang='grc' dir='ltr'><strong>ἀπελαύνειν</strong></span> <span class='ocrx_word' id='word_1_405' title='bbox 809 3265 956 3333; x_wconf 74' lang='grc' dir='ltr'><strong>ημᾶς</strong></span> <span class='ocrx_word' id='word_1_406' title='bbox 984 3264 1220 3334; x_wconf 85' lang='grc' dir='ltr'><strong>σπουδὴν</strong></span> <span class='ocrx_word' id='word_1_407' title='bbox 1242 3266 1482 3316; x_wconf 76' lang='grc' dir='ltr'><strong>ἐποιεῖτο</strong></span> <span class='ocrx_word' id='word_1_408' title='bbox 1507 3281 1522 3294; x_wconf 76' lang='grc' dir='ltr'><strong>ο</strong></span> <span class='ocrx_word' id='word_1_409' title='bbox 1551 3265 1674 3318; x_wconf 79' lang='grc' dir='ltr'><strong>ὅθεν</strong></span> <span class='ocrx_word' id='word_1_410' title='bbox 1703 3269 1796 3317; x_wconf 79' lang='grc' dir='ltr'><strong>καὶ</strong></span> 
     </span>
    </p>
   </div>
   <div class='ocr_carea' id='block_1_59' title="bbox 224 3355 1798 3424">
    <p class='ocr_par' dir='ltr' id='par_1_59' title="bbox 224 3355 1798 3424">
     <span class='ocr_line' id='line_1_59' title="bbox 224 3355 1798 3424; baseline 0 -16"><span class='ocrx_word' id='word_1_411' title='bbox 224 3357 445 3417; x_wconf 76' lang='grc' dir='ltr'><strong>πολλοῖς</strong></span> <span class='ocrx_word' id='word_1_412' title='bbox 480 3356 714 3408; x_wconf 79' lang='grc' dir='ltr'><strong>θανάτου</strong></span> <span class='ocrx_word' id='word_1_413' title='bbox 776 3356 1027 3418; x_wconf 84' lang='grc' dir='ltr'><strong>διάκονος</strong></span> <span class='ocrx_word' id='word_1_414' title='bbox 1065 3355 1326 3424; x_wconf 82' lang='grc' dir='ltr'><strong>γεγονὼς,</strong></span> <span class='ocrx_word' id='word_1_415' title='bbox 1385 3356 1539 3418; x_wconf 80' lang='grc' dir='ltr'><strong>τέλος</strong></span> <span class='ocrx_word' id='word_1_416' title='bbox 1577 3356 1798 3409; x_wconf 82' lang='grc' dir='ltr'><strong>εἴδωλόν</strong></span> 
     </span>
    </p>
   </div>
   <div class='ocr_carea' id='block_1_60' title="bbox 222 3446 1795 3519">
    <p class='ocr_par' dir='ltr' id='par_1_60' title="bbox 222 3446 1795 3519">
     <span class='ocr_line' id='line_1_60' title="bbox 222 3446 1795 3519; baseline 0.001 -21"><span class='ocrx_word' id='word_1_417' title='bbox 222 3466 278 3501; x_wconf 81' lang='grc' dir='ltr'><strong>τι</strong></span> <span class='ocrx_word' id='word_1_418' title='bbox 320 3448 442 3510; x_wconf 73' lang='grc' dir='ltr'><strong>Διὸς</strong></span> <span class='ocrx_word' id='word_1_419' title='bbox 496 3446 673 3513; x_wconf 79' lang='grc' dir='ltr'><strong>φιλίου</strong></span> <span class='ocrx_word' id='word_1_420' title='bbox 707 3446 1015 3509; x_wconf 82' lang='grc' dir='ltr'><strong>ὲπαοιδίαις</strong></span> <span class='ocrx_word' id='word_1_421' title='bbox 1046 3447 1143 3498; x_wconf 75' lang='grc' dir='ltr'><strong>καὶ</strong></span> <span class='ocrx_word' id='word_1_422' title='bbox 1199 3447 1480 3516; x_wconf 79' lang='grc' dir='ltr'><strong>γοητείαις</strong></span> <span class='ocrx_word' id='word_1_423' title='bbox 1510 3448 1795 3519; x_wconf 80' lang='grc' dir='ltr'><strong>ἀνήγειρε,</strong></span> 
     </span>
    </p>
   </div>
   <div class='ocr_carea' id='block_1_61' title="bbox 220 3538 1797 3608">
    <p class='ocr_par' dir='ltr' id='par_1_61' title="bbox 220 3538 1797 3608">
     <span class='ocr_line' id='line_1_61' title="bbox 220 3538 1797 3608; baseline 0.002 -18"><span class='ocrx_word' id='word_1_424' title='bbox 220 3539 419 3600; x_wconf 74' lang='grc' dir='ltr'><strong>θυσίας</strong></span> <span class='ocrx_word' id='word_1_425' title='bbox 449 3554 508 3590; x_wconf 90' lang='grc' dir='ltr'><strong>τε</strong></span> <span class='ocrx_word' id='word_1_426' title='bbox 540 3539 636 3590; x_wconf 82' lang='grc' dir='ltr'><strong>καὶ</strong></span> <span class='ocrx_word' id='word_1_427' title='bbox 662 3540 915 3608; x_wconf 74' lang='grc' dir='ltr'><strong>μυήσεις,</strong></span> <span class='ocrx_word' id='word_1_428' title='bbox 950 3538 1045 3590; x_wconf 64' lang='grc' dir='ltr'><strong>καὶ⁸</strong></span> <span class='ocrx_word' id='word_1_429' title='bbox 1097 3538 1216 3593; x_wconf 80' lang='grc' dir='ltr'><strong>ἀλλ’</strong></span> <span class='ocrx_word' id='word_1_430' title='bbox 1245 3538 1382 3591; x_wconf 86' lang='grc' dir='ltr'><strong>ἀττα</strong></span> <span class='ocrx_word' id='word_1_431' title='bbox 1411 3538 1675 3605; x_wconf 71' lang='grc' dir='ltr'><strong>ιξάγιστα</strong></span> <span class='ocrx_word' id='word_1_432' title='bbox 1701 3543 1797 3593; x_wconf 76' lang='grc' dir='ltr'><strong>καὶ</strong></span> 
     </span>
    </p>
   </div>
   <div class='ocr_carea' id='block_1_62' title="bbox 222 3630 1795 3704">
    <p class='ocr_par' dir='ltr' id='par_1_62' title="bbox 222 3630 1795 3704">
     <span class='ocr_line' id='line_1_62' title="bbox 222 3630 1795 3704; baseline 0.002 -20"><span class='ocrx_word' id='word_1_433' title='bbox 222 3631 569 3699; x_wconf 66' lang='grc' dir='ltr'><strong>ἀκαθάρτους</strong></span> <span class='ocrx_word' id='word_1_434' title='bbox 601 3631 665 3699; x_wconf 85' lang='grc' dir='ltr'><strong>δή</strong></span> <span class='ocrx_word' id='word_1_435' title='bbox 716 3647 873 3692; x_wconf 87' lang='grc' dir='ltr'><strong>τινας</strong></span> <span class='ocrx_word' id='word_1_436' title='bbox 920 3630 1223 3701; x_wconf 72' lang='grc' dir='ltr'><strong>καθάρσεις</strong></span> <span class='ocrx_word' id='word_1_437' title='bbox 1280 3633 1540 3695; x_wconf 75' lang='grc' dir='ltr'><strong>ἐπινοῶν,</strong></span> <span class='ocrx_word' id='word_1_438' title='bbox 1570 3632 1697 3702; x_wconf 80' lang='grc' dir='ltr'><strong>ἄχρι</strong></span> <span class='ocrx_word' id='word_1_439' title='bbox 1730 3636 1795 3704; x_wconf 82' lang='grc' dir='ltr'><strong>δὴ</strong></span> 
     </span>
    </p>
   </div>
   <div class='ocr_carea' id='block_1_63' title="bbox 216 3724 1792 3795">
    <p class='ocr_par' dir='ltr' id='par_1_63' title="bbox 216 3724 1792 3795">
     <span class='ocr_line' id='line_1_63' title="bbox 216 3724 1792 3795; baseline 0.002 -17"><span class='ocrx_word' id='word_1_440' title='bbox 216 3727 319 3778; x_wconf 83' lang='grc' dir='ltr'><strong>καὶ</strong></span> <span class='ocrx_word' id='word_1_441' title='bbox 348 3727 402 3785; x_wconf 68' lang='grc' dir='ltr'><strong>ἐς</strong></span> <span class='ocrx_word' id='word_1_442' title='bbox 437 3724 662 3793; x_wconf 81' lang='grc' dir='ltr'><strong>βασιλέα</strong></span> <span class='ocrx_word' id='word_1_443' title='bbox 686 3727 784 3785; x_wconf 78' lang='grc' dir='ltr'><strong>τάς</strong></span> <span class='ocrx_word' id='word_1_444' title='bbox 810 3726 919 3777; x_wconf 89' lang='grc' dir='ltr'><strong>τῶν</strong></span> <span class='ocrx_word' id='word_1_445' title='bbox 947 3727 1200 3795; x_wconf 82' lang='grc' dir='ltr'><strong>χρηστῶν</strong></span> <span class='ocrx_word' id='word_1_446' title='bbox 1226 3726 1517 3795; x_wconf 87' lang='grc' dir='ltr'><strong>τερατείας</strong></span> <span class='ocrx_word' id='word_1_447' title='bbox 1546 3727 1792 3790; x_wconf 73' lang='grc' dir='ltr'><strong>διέσωζε.</strong></span> 
     </span>
    </p>
   </div>
   <div class='ocr_carea' id='block_1_64' title="bbox 222 3816 1798 3886">
    <p class='ocr_par' dir='ltr' id='par_1_64' title="bbox 222 3816 1798 3886">
     <span class='ocr_line' id='line_1_64' title="bbox 222 3816 1798 3886; baseline -0.001 -17"><span class='ocrx_word' id='word_1_448' title='bbox 222 3818 382 3869; x_wconf 67' lang='grc' dir='ltr'><strong>Κατά</strong></span> <span class='ocrx_word' id='word_1_449' title='bbox 441 3818 649 3869; x_wconf 84' lang='grc' dir='ltr'><strong>σκοπὸν</strong></span> <span class='ocrx_word' id='word_1_450' title='bbox 692 3818 749 3868; x_wconf 81' lang='grc' dir='ltr'><strong>δὲ</strong></span> <span class='ocrx_word' id='word_1_451' title='bbox 790 3816 887 3868; x_wconf 85' lang='grc' dir='ltr'><strong>τοῦ</strong></span> <span class='ocrx_word' id='word_1_452' title='bbox 949 3816 1283 3883; x_wconf 81' lang='grc' dir='ltr'><strong>κρατοῦντος</strong></span> <span class='ocrx_word' id='word_1_453' title='bbox 1315 3817 1594 3886; x_wconf 70' lang='grc' dir='ltr'><strong>ᾑρημένος</strong></span> <span class='ocrx_word' id='word_1_454' title='bbox 1625 3819 1798 3886; x_wconf 82' lang='grc' dir='ltr'><strong>πράτ-</strong></span> 
     </span>
    </p>
   </div>
   <div class='ocr_carea' id='block_1_65' title="bbox 217 3908 1795 3977">
    <p class='ocr_par' dir='ltr' id='par_1_65' title="bbox 217 3908 1795 3977">
     <span class='ocr_line' id='line_1_65' title="bbox 217 3908 1795 3977; baseline 0.001 -17"><span class='ocrx_word' id='word_1_455' title='bbox 217 3927 359 3971; x_wconf 78' lang='grc' dir='ltr'><strong>τειν,</strong></span> <span class='ocrx_word' id='word_1_456' title='bbox 407 3910 502 3960; x_wconf 80' lang='grc' dir='ltr'><strong>καὶ</strong></span> <span class='ocrx_word' id='word_1_457' title='bbox 561 3908 767 3977; x_wconf 80' lang='grc' dir='ltr'><strong>ἀγεννῆ</strong></span> <span class='ocrx_word' id='word_1_458' title='bbox 799 3908 1094 3960; x_wconf 81' lang='grc' dir='ltr'><strong>κολακείαν</strong></span> <span class='ocrx_word' id='word_1_459' title='bbox 1132 3908 1597 3977; x_wconf 64' lang='grc' dir='ltr'><strong>ἐπιδεδειγμένος,</strong></span> <span class='ocrx_word' id='word_1_460' title='bbox 1651 3909 1795 3961; x_wconf 85' lang='grc' dir='ltr'><strong>κατά</strong></span> 
     </span>
    </p>
   </div>
   <div class='ocr_carea' id='block_1_66' title="bbox 218 3998 1795 4071">
    <p class='ocr_par' dir='ltr' id='par_1_66' title="bbox 218 3998 1795 4071">
     <span class='ocr_line' id='line_1_66' title="bbox 218 3998 1795 4071; baseline 0.001 -19"><span class='ocrx_word' id='word_1_461' title='bbox 218 4001 570 4069; x_wconf 80' lang='grc' dir='ltr'><strong>Χριστιανῶν</strong></span> <span class='ocrx_word' id='word_1_462' title='bbox 624 4002 793 4052; x_wconf 69' lang='grc' dir='ltr'><strong>ἐκίνει</strong></span> <span class='ocrx_word' id='word_1_463' title='bbox 844 4001 905 4052; x_wconf 83' lang='grc' dir='ltr'><strong>τὸ</strong></span> <span class='ocrx_word' id='word_1_464' title='bbox 939 3998 1159 4063; x_wconf 78' lang='grc' dir='ltr'><strong>ξόανον·</strong></span> <span class='ocrx_word' id='word_1_465' title='bbox 1201 3999 1356 4065; x_wconf 74' lang='grc' dir='ltr'><strong>ελεγι</strong></span> <span class='ocrx_word' id='word_1_466' title='bbox 1386 4002 1496 4071; x_wconf 83' lang='grc' dir='ltr'><strong>γὰρ</strong></span> <span class='ocrx_word' id='word_1_467' title='bbox 1536 4001 1627 4052; x_wconf 82' lang='grc' dir='ltr'><strong>τὸν</strong></span> <span class='ocrx_word' id='word_1_468' title='bbox 1663 3999 1795 4053; x_wconf 79' lang='grc' dir='ltr'><strong>Θεὸν</strong></span> 
     </span>
    </p>
   </div>
   <div class='ocr_carea' id='block_1_67' title="bbox 218 4080 1795 4163">
    <p class='ocr_par' dir='ltr' id='par_1_67' title="bbox 218 4080 1795 4163">
     <span class='ocr_line' id='line_1_67' title="bbox 218 4080 1795 4163; baseline -0.001 -18"><span class='ocrx_word' id='word_1_469' title='bbox 218 4093 561 4163; x_wconf 76' lang='grc' dir='ltr'><strong>ἀσχάλλοντα</strong></span> <span class='ocrx_word' id='word_1_470' title='bbox 607 4080 851 4145; x_wconf 73' lang='grc' dir='ltr'><strong>κελεύειν</strong></span> <span class='ocrx_word' id='word_1_471' title='bbox 898 4090 1005 4154; x_wconf 73' lang='grc' dir='ltr'><strong>ἔξω</strong></span> <span class='ocrx_word' id='word_1_472' title='bbox 1057 4089 1242 4143; x_wconf 83' lang='grc' dir='ltr'><strong>πυλῶν</strong></span> <span class='ocrx_word' id='word_1_473' title='bbox 1291 4090 1537 4144; x_wconf 76' lang='grc' dir='ltr'><strong>ἐλαύνειν</strong></span> <span class='ocrx_word' id='word_1_474' title='bbox 1560 4092 1654 4145; x_wconf 71' lang='grc' dir='ltr'><strong>καὶ</strong></span> <span class='ocrx_word' id='word_1_475' title='bbox 1685 4091 1795 4145; x_wconf 85' lang='grc' dir='ltr'><strong>τῶν</strong></span> 
     </span>
    </p>
   </div>
   <div class='ocr_carea' id='block_1_68' title="bbox 218 4175 1791 4251">
    <p class='ocr_par' dir='ltr' id='par_1_68' title="bbox 218 4175 1791 4251">
     <span class='ocr_line' id='line_1_68' title="bbox 218 4175 1791 4251; baseline -0.003 -15"><span class='ocrx_word' id='word_1_476' title='bbox 218 4184 518 4251; x_wconf 78' lang='grc' dir='ltr'><strong>περιοίκων</strong></span> <span class='ocrx_word' id='word_1_477' title='bbox 569 4182 757 4250; x_wconf 81' lang='grc' dir='ltr'><strong>ἀγρῶν</strong></span> <span class='ocrx_word' id='word_1_478' title='bbox 787 4183 862 4244; x_wconf 82' lang='grc' dir='ltr'><strong>ὡς</strong></span> <span class='ocrx_word' id='word_1_479' title='bbox 915 4181 1256 4251; x_wconf 73' lang='grc' dir='ltr'><strong>πορρωτέρω</strong></span> <span class='ocrx_word' id='word_1_480' title='bbox 1289 4181 1483 4242; x_wconf 86' lang='grc' dir='ltr'><strong>ποιεῖν,</strong></span> <span class='ocrx_word' id='word_1_481' title='bbox 1515 4175 1603 4234; x_wconf 80' lang='grc' dir='ltr'><strong>οἷά</strong></span> <span class='ocrx_word' id='word_1_482' title='bbox 1642 4198 1791 4242; x_wconf 87' lang='grc' dir='ltr'><strong>τινας</strong></span> 
     </span>
    </p>
   </div>
   <div class='ocr_carea' id='block_1_69' title="bbox 216 4270 1791 4343">
    <p class='ocr_par' dir='ltr' id='par_1_69' title="bbox 216 4270 1791 4343">
     <span class='ocr_line' id='line_1_69' title="bbox 216 4270 1791 4343; baseline -0.001 -17"><span class='ocrx_word' id='word_1_483' title='bbox 216 4274 521 4335; x_wconf 70' lang='grc' dir='ltr'><strong>ἀσπόνδους</strong></span> <span class='ocrx_word' id='word_1_484' title='bbox 540 4273 767 4343; x_wconf 65' lang='grc' dir='ltr'><strong>ἐχθροὺς</strong></span> <span class='ocrx_word' id='word_1_485' title='bbox 790 4274 915 4336; x_wconf 78' lang='grc' dir='ltr'><strong>τοὺς</strong></span> <span class='ocrx_word' id='word_1_486' title='bbox 939 4272 1328 4342; x_wconf 80' lang='grc' dir='ltr'><strong>Χριστιανούς.</strong></span> <span class='ocrx_word' id='word_1_487' title='bbox 1361 4272 1514 4324; x_wconf 84' lang='grc' dir='ltr'><strong>Ἐπεὶ</strong></span> <span class='ocrx_word' id='word_1_488' title='bbox 1540 4271 1597 4323; x_wconf 78' lang='grc' dir='ltr'><strong>δι</strong></span> <span class='ocrx_word' id='word_1_489' title='bbox 1621 4270 1791 4324; x_wconf 84' lang='grc' dir='ltr'><strong>ταῦτα</strong></span> 
     </span>
    </p>
   </div>
   <div class='ocr_carea' id='block_1_70' title="bbox 216 4362 1792 4436">
    <p class='ocr_par' dir='ltr' id='par_1_70' title="bbox 216 4362 1792 4436">
     <span class='ocr_line' id='line_1_70' title="bbox 216 4362 1792 4436; baseline -0.001 -17"><span class='ocrx_word' id='word_1_490' title='bbox 216 4367 315 4419; x_wconf 83' lang='grc' dir='ltr'><strong>καὶ</strong></span> <span class='ocrx_word' id='word_1_491' title='bbox 345 4367 486 4418; x_wconf 73' lang='grc' dir='ltr'><strong>κατὰ</strong></span> <span class='ocrx_word' id='word_1_492' title='bbox 512 4366 736 4436; x_wconf 77' lang='grc' dir='ltr'><strong>γνώμην</strong></span> <span class='ocrx_word' id='word_1_493' title='bbox 765 4362 907 4435; x_wconf 73' lang='grc' dir='ltr'><strong>ἦσαν</strong></span> <span class='ocrx_word' id='word_1_494' title='bbox 930 4367 1007 4435; x_wconf 83' lang='grc' dir='ltr'><strong>τῷ</strong></span> <span class='ocrx_word' id='word_1_495' title='bbox 1032 4364 1262 4433; x_wconf 79' lang='grc' dir='ltr'><strong>βασιλεῖ,</strong></span> <span class='ocrx_word' id='word_1_496' title='bbox 1296 4365 1673 4435; x_wconf 79' lang='grc' dir='ltr'><strong>κεχαρισμένα</strong></span> <span class='ocrx_word' id='word_1_497' title='bbox 1697 4366 1792 4418; x_wconf 82' lang='grc' dir='ltr'><strong>καὶ</strong></span> 
     </span>
    </p>
   </div>
   <div class='ocr_carea' id='block_1_71' title="bbox 215 4455 1789 4527">
    <p class='ocr_par' dir='ltr' id='par_1_71' title="bbox 215 4455 1789 4527">
     <span class='ocr_line' id='line_1_71' title="bbox 215 4455 1789 4527; baseline 0 -19"><span class='ocrx_word' id='word_1_498' title='bbox 215 4461 268 4509; x_wconf 79' lang='grc' dir='ltr'><strong>οἱ</strong></span> <span class='ocrx_word' id='word_1_499' title='bbox 304 4458 484 4508; x_wconf 50' lang='grc' dir='ltr'><strong>λοιποὶ</strong></span> <span class='ocrx_word' id='word_1_500' title='bbox 533 4458 639 4509; x_wconf 82' lang='grc' dir='ltr'><strong>τῶν</strong></span> <span class='ocrx_word' id='word_1_501' title='bbox 696 4457 905 4509; x_wconf 79' lang='grc' dir='ltr'><strong>πόλεων</strong></span> <span class='ocrx_word' id='word_1_502' title='bbox 933 4458 1168 4527; x_wconf 75' lang='grc' dir='ltr'><strong>ἀρχηγοὶ</strong></span> <span class='ocrx_word' id='word_1_503' title='bbox 1206 4455 1338 4525; x_wconf 73' lang='grc' dir='ltr'><strong>δρᾷν</strong></span> <span class='ocrx_word' id='word_1_504' title='bbox 1389 4456 1688 4521; x_wconf 70' lang='grc' dir='ltr'><strong>ἐθέλοντες,</strong></span> <span class='ocrx_word' id='word_1_505' title='bbox 1722 4458 1789 4508; x_wconf 78' lang='grc' dir='ltr'><strong>τά</strong></span> 
     </span>
    </p>
   </div>
   <div class='ocr_carea' id='block_1_72' title="bbox 1901 3265 3473 3345">
    <p class='ocr_par' dir='ltr' id='par_1_72' title="bbox 1901 3265 3473 3345">
     <span class='ocr_line' id='line_1_72' title="bbox 1901 3265 3473 3345; baseline -0.006 -13"><span class='ocrx_word' id='word_1_506' title='bbox 1901 3292 2105 3332; x_wconf 88' lang='lat' dir='ltr'><strong>munus</strong></span> <span class='ocrx_word' id='word_1_507' title='bbox 2125 3292 2190 3331; x_wconf 88' lang='lat' dir='ltr'><strong>ea</strong></span> <span class='ocrx_word' id='word_1_508' title='bbox 2231 3278 2287 3330; x_wconf 92' lang='lat' dir='ltr'><strong>in</strong></span> <span class='ocrx_word' id='word_1_509' title='bbox 2312 3276 2535 3344; x_wconf 85' lang='lat' dir='ltr'><strong>regione</strong></span> <span class='ocrx_word' id='word_1_510' title='bbox 2562 3290 2780 3345; x_wconf 88' lang='lat' dir='ltr'><strong>gerens.</strong></span> <span class='ocrx_word' id='word_1_511' title='bbox 2838 3272 3001 3327; x_wconf 78' lang='lat' dir='ltr'><strong>Multa</strong></span> <span class='ocrx_word' id='word_1_512' title='bbox 3061 3278 3247 3326; x_wconf 91' lang='lat' dir='ltr'><strong>autem</strong></span> <span class='ocrx_word' id='word_1_513' title='bbox 3296 3265 3473 3324; x_wconf 82' lang='lat' dir='ltr'><strong>veluti</strong></span> 
     </span>
    </p>
   </div>
   <div class='ocr_carea' id='block_1_73' title="bbox 1899 3361 3470 3438">
    <p class='ocr_par' dir='ltr' id='par_1_73' title="bbox 1899 3361 3470 3438">
     <span class='ocr_line' id='line_1_73' title="bbox 1899 3361 3470 3438; baseline -0.004 -16"><span class='ocrx_word' id='word_1_514' title='bbox 1899 3369 2007 3423; x_wconf 75' lang='lat' dir='ltr'><strong>dux</strong></span> <span class='ocrx_word' id='word_1_515' title='bbox 2041 3368 2270 3438; x_wconf 88' lang='lat' dir='ltr'><strong>quidam</strong></span> <span class='ocrx_word' id='word_1_516' title='bbox 2307 3377 2498 3423; x_wconf 88' lang='lat' dir='ltr'><strong>contra</strong></span> <span class='ocrx_word' id='word_1_517' title='bbox 2531 3381 2633 3420; x_wconf 91' lang='lat' dir='ltr'><strong>nos</strong></span> <span class='ocrx_word' id='word_1_518' title='bbox 2678 3366 2928 3429; x_wconf 86' lang='lat' dir='ltr'><strong>molitus,</strong></span> <span class='ocrx_word' id='word_1_519' title='bbox 2981 3361 3470 3434; x_wconf 80' lang='lat' dir='ltr'><strong>syenphantiisque</strong></span> 
     </span>
    </p>
   </div>
   <div class='ocr_carea' id='block_1_74' title="bbox 1900 3456 3469 3528">
    <p class='ocr_par' dir='ltr' id='par_1_74' title="bbox 1900 3456 3469 3528">
     <span class='ocr_line' id='line_1_74' title="bbox 1900 3456 3469 3528; baseline -0.005 -15"><span class='ocrx_word' id='word_1_520' title='bbox 1900 3460 2198 3528; x_wconf 89' lang='lat' dir='ltr'><strong>plurimum</strong></span> <span class='ocrx_word' id='word_1_521' title='bbox 2231 3475 2387 3521; x_wconf 81' lang='lat' dir='ltr'><strong>usus,</strong></span> <span class='ocrx_word' id='word_1_522' title='bbox 2413 3458 2467 3513; x_wconf 89' lang='lat' dir='ltr'><strong>id</strong></span> <span class='ocrx_word' id='word_1_523' title='bbox 2495 3458 2681 3513; x_wconf 85' lang='lat' dir='ltr'><strong>studio</strong></span> <span class='ocrx_word' id='word_1_524' title='bbox 2717 3456 2930 3516; x_wconf 82' lang='lat' dir='ltr'><strong>habuit,</strong></span> <span class='ocrx_word' id='word_1_525' title='bbox 2972 3465 3034 3509; x_wconf 89' lang='lat' dir='ltr'><strong>ut</strong></span> <span class='ocrx_word' id='word_1_526' title='bbox 3076 3470 3178 3510; x_wconf 90' lang='lat' dir='ltr'><strong>nos</strong></span> <span class='ocrx_word' id='word_1_527' title='bbox 3211 3466 3469 3523; x_wconf 80' lang='lat' dir='ltr'><strong>tanquam</strong></span> 
     </span>
    </p>
   </div>
   <div class='ocr_carea' id='block_1_75' title="bbox 1899 3548 3474 3624">
    <p class='ocr_par' dir='ltr' id='par_1_75' title="bbox 1899 3548 3474 3624">
     <span class='ocr_line' id='line_1_75' title="bbox 1899 3548 3474 3624; baseline -0.007 -14"><span class='ocrx_word' id='word_1_528' title='bbox 1899 3557 2050 3610; x_wconf 76' lang='lat' dir='ltr'><strong>iures</strong></span> <span class='ocrx_word' id='word_1_529' title='bbox 2075 3564 2132 3610; x_wconf 90' lang='lat' dir='ltr'><strong>et</strong></span> <span class='ocrx_word' id='word_1_530' title='bbox 2160 3555 2445 3624; x_wconf 73' lang='lat' dir='ltr'><strong>praedones</strong></span> <span class='ocrx_word' id='word_1_531' title='bbox 2477 3553 2745 3623; x_wconf 74' lang='lat' dir='ltr'><strong>abigeret.</strong></span> <span class='ocrx_word' id='word_1_532' title='bbox 2776 3551 3128 3620; x_wconf 86' lang='lat' dir='ltr'><strong>Quapropter</strong></span> <span class='ocrx_word' id='word_1_533' title='bbox 3152 3564 3279 3604; x_wconf 87' lang='lat' dir='ltr'><strong>cum</strong></span> <span class='ocrx_word' id='word_1_534' title='bbox 3331 3548 3474 3602; x_wconf 80' lang='lat' dir='ltr'><strong>mul~</strong></span> 
     </span>
    </p>
   </div>
   <div class='ocr_carea' id='block_1_76' title="bbox 1900 3642 3471 3709">
    <p class='ocr_par' dir='ltr' id='par_1_76' title="bbox 1900 3642 3471 3709">
     <span class='ocr_line' id='line_1_76' title="bbox 1900 3642 3471 3709; baseline -0.004 -9"><span class='ocrx_word' id='word_1_535' title='bbox 1900 3647 1970 3703; x_wconf 89' lang='lat' dir='ltr'><strong>tis</strong></span> <span class='ocrx_word' id='word_1_536' title='bbox 2000 3654 2193 3701; x_wconf 92' lang='lat' dir='ltr'><strong>auctor</strong></span> <span class='ocrx_word' id='word_1_537' title='bbox 2217 3655 2273 3699; x_wconf 87' lang='lat' dir='ltr'><strong>et</strong></span> <span class='ocrx_word' id='word_1_538' title='bbox 2302 3644 2551 3699; x_wconf 86' lang='lat' dir='ltr'><strong>minister</strong></span> <span class='ocrx_word' id='word_1_539' title='bbox 2585 3644 2749 3697; x_wconf 69' lang='lat' dir='ltr'><strong>caedis</strong></span> <span class='ocrx_word' id='word_1_540' title='bbox 2784 3642 2999 3701; x_wconf 80' lang='lat' dir='ltr'><strong>fuisset.</strong></span> <span class='ocrx_word' id='word_1_541' title='bbox 3060 3651 3340 3709; x_wconf 88' lang='lat' dir='ltr'><strong>postremo</strong></span> <span class='ocrx_word' id='word_1_542' title='bbox 3393 3642 3471 3694; x_wconf 83' lang='lat' dir='ltr'><strong>si-</strong></span> 
     </span>
    </p>
   </div>
   <div class='ocr_carea' id='block_1_77' title="bbox 1899 3730 3472 3802">
    <p class='ocr_par' dir='ltr' id='par_1_77' title="bbox 1899 3730 3472 3802">
     <span class='ocr_line' id='line_1_77' title="bbox 1899 3730 3472 3802; baseline -0.001 -17"><span class='ocrx_word' id='word_1_543' title='bbox 1899 3733 2199 3786; x_wconf 87' lang='lat' dir='ltr'><strong>mulacrum</strong></span> <span class='ocrx_word' id='word_1_544' title='bbox 2218 3732 2493 3802; x_wconf 85' lang='lat' dir='ltr'><strong>quoddam</strong></span> <span class='ocrx_word' id='word_1_545' title='bbox 2517 3730 2666 3786; x_wconf 78' lang='lat' dir='ltr'><strong>Jovis</strong></span> <span class='ocrx_word' id='word_1_546' title='bbox 2682 3731 2776 3801; x_wconf 88' lang='lat' dir='ltr'><strong>qui</strong></span> <span class='ocrx_word' id='word_1_547' title='bbox 2800 3730 3064 3787; x_wconf 83' lang='lat' dir='ltr'><strong>amicitiis</strong></span> <span class='ocrx_word' id='word_1_548' title='bbox 3079 3730 3472 3785; x_wconf 81' lang='lat' dir='ltr'><strong>contrahendis</strong></span> 
     </span>
    </p>
   </div>
   <div class='ocr_carea' id='block_1_78' title="bbox 1898 3822 3469 3892">
    <p class='ocr_par' dir='ltr' id='par_1_78' title="bbox 1898 3822 3469 3892">
     <span class='ocr_line' id='line_1_78' title="bbox 1898 3822 3469 3892; baseline -0.001 -16"><span class='ocrx_word' id='word_1_549' title='bbox 1898 3832 2117 3892; x_wconf 68' lang='lat' dir='ltr'><strong>praeest,</strong></span> <span class='ocrx_word' id='word_1_550' title='bbox 2152 3822 2583 3877; x_wconf 85' lang='lat' dir='ltr'><strong>incantationum</strong></span> <span class='ocrx_word' id='word_1_551' title='bbox 2614 3829 2669 3875; x_wconf 87' lang='lat' dir='ltr'><strong>et</strong></span> <span class='ocrx_word' id='word_1_552' title='bbox 2700 3822 3125 3891; x_wconf 86' lang='lat' dir='ltr'><strong>impostnrarum</strong></span> <span class='ocrx_word' id='word_1_553' title='bbox 3158 3835 3293 3892; x_wconf 87' lang='lat' dir='ltr'><strong>ergo</strong></span> <span class='ocrx_word' id='word_1_554' title='bbox 3350 3837 3469 3875; x_wconf 89' lang='lat' dir='ltr'><strong>ere-</strong></span> 
     </span>
    </p>
   </div>
   <div class='ocr_carea' id='block_1_79' title="bbox 1899 3910 3473 3981">
    <p class='ocr_par' dir='ltr' id='par_1_79' title="bbox 1899 3910 3473 3981">
     <span class='ocr_line' id='line_1_79' title="bbox 1899 3910 3473 3981; baseline -0.003 -15"><span class='ocrx_word' id='word_1_555' title='bbox 1899 3912 1995 3977; x_wconf 77' lang='lat' dir='ltr'><strong>xit,</strong></span> <span class='ocrx_word' id='word_1_556' title='bbox 2020 3922 2076 3965; x_wconf 93' lang='lat' dir='ltr'><strong>et</strong></span> <span class='ocrx_word' id='word_1_557' title='bbox 2111 3912 2399 3973; x_wconf 78' lang='lat' dir='ltr'><strong>sacriﬁcia,</strong></span> <span class='ocrx_word' id='word_1_558' title='bbox 2426 3912 2767 3967; x_wconf 86' lang='lat' dir='ltr'><strong>initiationes</strong></span> <span class='ocrx_word' id='word_1_559' title='bbox 2796 3910 3014 3981; x_wconf 86' lang='lat' dir='ltr'><strong>aliaque</strong></span> <span class='ocrx_word' id='word_1_560' title='bbox 3045 3910 3388 3973; x_wconf 84' lang='lat' dir='ltr'><strong>detestanda,</strong></span> <span class='ocrx_word' id='word_1_561' title='bbox 3416 3919 3473 3963; x_wconf 92' lang='lat' dir='ltr'><strong>et</strong></span> 
     </span>
    </p>
   </div>
   <div class='ocr_carea' id='block_1_80' title="bbox 1897 4002 3469 4072">
    <p class='ocr_par' dir='ltr' id='par_1_80' title="bbox 1897 4002 3469 4072">
     <span class='ocr_line' id='line_1_80' title="bbox 1897 4002 3469 4072; baseline -0.001 -15"><span class='ocrx_word' id='word_1_562' title='bbox 1897 4004 2146 4071; x_wconf 84' lang='lat' dir='ltr'><strong>impuras</strong></span> <span class='ocrx_word' id='word_1_563' title='bbox 2176 4004 2480 4072; x_wconf 77' lang='lat' dir='ltr'><strong>impiasque</strong></span> <span class='ocrx_word' id='word_1_564' title='bbox 2519 4004 2877 4071; x_wconf 77' lang='lat' dir='ltr'><strong>expiationes</strong></span> <span class='ocrx_word' id='word_1_565' title='bbox 2932 4012 2988 4057; x_wconf 85' lang='lat' dir='ltr'><strong>et</strong></span> <span class='ocrx_word' id='word_1_566' title='bbox 3048 4002 3469 4072; x_wconf 81' lang='lat' dir='ltr'><strong>puriﬁcatioues</strong></span> 
     </span>
    </p>
   </div>
   <div class='ocr_carea' id='block_1_81' title="bbox 1898 4092 3467 4160">
    <p class='ocr_par' dir='ltr' id='par_1_81' title="bbox 1898 4092 3467 4160">
     <span class='ocr_line' id='line_1_81' title="bbox 1898 4092 3467 4160; baseline -0.001 -13"><span class='ocrx_word' id='word_1_567' title='bbox 1898 4095 2157 4149; x_wconf 82' lang='lat' dir='ltr'><strong>instituit.</strong></span> <span class='ocrx_word' id='word_1_568' title='bbox 2192 4092 2326 4159; x_wconf 79' lang='lat' dir='ltr'><strong>Qua:</strong></span> <span class='ocrx_word' id='word_1_569' title='bbox 2354 4109 2441 4148; x_wconf 86' lang='lat' dir='ltr'><strong>res</strong></span> <span class='ocrx_word' id='word_1_570' title='bbox 2473 4108 2578 4147; x_wconf 87' lang='lat' dir='ltr'><strong>una</strong></span> <span class='ocrx_word' id='word_1_571' title='bbox 2607 4107 2732 4147; x_wconf 89' lang='lat' dir='ltr'><strong>cum</strong></span> <span class='ocrx_word' id='word_1_572' title='bbox 2760 4092 2882 4160; x_wconf 89' lang='lat' dir='ltr'><strong>ejus</strong></span> <span class='ocrx_word' id='word_1_573' title='bbox 2917 4092 3045 4146; x_wconf 91' lang='lat' dir='ltr'><strong>idoli</strong></span> <span class='ocrx_word' id='word_1_574' title='bbox 3072 4092 3352 4159; x_wconf 81' lang='lat' dir='ltr'><strong>responsis</strong></span> <span class='ocrx_word' id='word_1_575' title='bbox 3402 4094 3467 4145; x_wconf 85' lang='lat' dir='ltr'><strong>ad</strong></span> 
     </span>
    </p>
   </div>
   <div class='ocr_carea' id='block_1_82' title="bbox 1895 4182 3470 4255">
    <p class='ocr_par' dir='ltr' id='par_1_82' title="bbox 1895 4182 3470 4255">
     <span class='ocr_line' id='line_1_82' title="bbox 1895 4182 3470 4255; baseline -0.003 -16"><span class='ocrx_word' id='word_1_576' title='bbox 1895 4186 2196 4255; x_wconf 81' lang='lat' dir='ltr'><strong>principem</strong></span> <span class='ocrx_word' id='word_1_577' title='bbox 2217 4187 2379 4238; x_wconf 91' lang='lat' dir='ltr'><strong>etiam</strong></span> <span class='ocrx_word' id='word_1_578' title='bbox 2411 4188 2591 4252; x_wconf 80' lang='lat' dir='ltr'><strong>ipsum</strong></span> <span class='ocrx_word' id='word_1_579' title='bbox 2624 4183 2894 4252; x_wconf 83' lang='lat' dir='ltr'><strong>pervertit.</strong></span> <span class='ocrx_word' id='word_1_580' title='bbox 2924 4182 3279 4237; x_wconf 83' lang='lat' dir='ltr'><strong>Theotecnus</strong></span> <span class='ocrx_word' id='word_1_581' title='bbox 3306 4197 3470 4251; x_wconf 90' lang='lat' dir='ltr'><strong>porro</strong></span> 
     </span>
    </p>
   </div>
   <div class='ocr_carea' id='block_1_83' title="bbox 1896 4274 3470 4344">
    <p class='ocr_par' dir='ltr' id='par_1_83' title="bbox 1896 4274 3470 4344">
     <span class='ocr_line' id='line_1_83' title="bbox 1896 4274 3470 4344; baseline 0 -17"><span class='ocrx_word' id='word_1_582' title='bbox 1896 4291 1992 4344; x_wconf 80' lang='lat' dir='ltr'><strong>per</strong></span> <span class='ocrx_word' id='word_1_583' title='bbox 2048 4276 2369 4329; x_wconf 73' lang='lat' dir='ltr'><strong>illiberalem</strong></span> <span class='ocrx_word' id='word_1_584' title='bbox 2428 4275 2743 4344; x_wconf 66' lang='lat' dir='ltr'><strong>{cedamque</strong></span> <span class='ocrx_word' id='word_1_585' title='bbox 2810 4274 3238 4329; x_wconf 80' lang='lat' dir='ltr'><strong>assentationem</strong></span> <span class='ocrx_word' id='word_1_586' title='bbox 3302 4274 3470 4327; x_wconf 85' lang='lat' dir='ltr'><strong>veluti</strong></span> 
     </span>
    </p>
   </div>
   <div class='ocr_carea' id='block_1_84' title="bbox 1891 4366 3472 4437">
    <p class='ocr_par' dir='ltr' id='par_1_84' title="bbox 1891 4366 3472 4437">
     <span class='ocr_line' id='line_1_84' title="bbox 1891 4366 3472 4437; baseline -0.004 -14"><span class='ocrx_word' id='word_1_587' title='bbox 1891 4370 2291 4436; x_wconf 66' lang='lat' dir='ltr'><strong>ipsc-uiatorem</strong></span> <span class='ocrx_word' id='word_1_588' title='bbox 2323 4368 2671 4437; x_wconf 82' lang='lat' dir='ltr'><strong>imperatoris</strong></span> <span class='ocrx_word' id='word_1_589' title='bbox 2692 4368 3033 4423; x_wconf 89' lang='lat' dir='ltr'><strong>constituere</strong></span> <span class='ocrx_word' id='word_1_590' title='bbox 3059 4366 3271 4429; x_wconf 87' lang='lat' dir='ltr'><strong>volens,</strong></span> <span class='ocrx_word' id='word_1_591' title='bbox 3301 4367 3472 4418; x_wconf 79' lang='lat' dir='ltr'><strong>sium—</strong></span> 
     </span>
    </p>
   </div>
   <div class='ocr_carea' id='block_1_85' title="bbox 1897 4456 3465 4528">
    <p class='ocr_par' dir='ltr' id='par_1_85' title="bbox 1897 4456 3465 4528">
     <span class='ocr_line' id='line_1_85' title="bbox 1897 4456 3465 4528; baseline -0.001 -15"><span class='ocrx_word' id='word_1_592' title='bbox 1897 4462 2109 4514; x_wconf 90' lang='lat' dir='ltr'><strong>laerum</strong></span> <span class='ocrx_word' id='word_1_593' title='bbox 2175 4460 2355 4528; x_wconf 85' lang='lat' dir='ltr'><strong>ipsum</strong></span> <span class='ocrx_word' id='word_1_594' title='bbox 2412 4458 2673 4512; x_wconf 84' lang='lat' dir='ltr'><strong>adversus</strong></span> <span class='ocrx_word' id='word_1_595' title='bbox 2732 4457 3078 4511; x_wconf 87' lang='lat' dir='ltr'><strong>Christianos</strong></span> <span class='ocrx_word' id='word_1_596' title='bbox 3144 4456 3465 4511; x_wconf 83' lang='lat' dir='ltr'><strong>concitavit.</strong></span> 
     </span>
    </p>
   </div>
   <div class='ocr_carea' id='block_1_86' title="bbox 216 4519 1882 4618">
    <p class='ocr_par' dir='ltr' id='par_1_86' title="bbox 216 4519 1867 4618">
     <span class='ocr_line' id='line_1_86' title="bbox 216 4519 1867 4618; baseline -0.003 -14"><span class='ocrx_word' id='word_1_597' title='bbox 216 4552 311 4604; x_wconf 82' lang='grc' dir='ltr'><strong>ῑσα</strong></span> <span class='ocrx_word' id='word_1_598' title='bbox 336 4550 458 4602; x_wconf 77' lang='grc' dir='ltr'><strong>καθ’</strong></span> <span class='ocrx_word' id='word_1_599' title='bbox 484 4550 638 4617; x_wconf 78' lang='grc' dir='ltr'><strong>ἡμῶν</strong></span> <span class='ocrx_word' id='word_1_600' title='bbox 669 4549 1016 4617; x_wconf 68' lang='grc' dir='ltr'><strong>ἐψηφίζοντο,</strong></span> <span class='ocrx_word' id='word_1_601' title='bbox 1039 4550 1135 4603; x_wconf 59' lang='grc' dir='ltr'><strong>καὶ⁸</strong></span> <span class='ocrx_word' id='word_1_602' title='bbox 1159 4551 1271 4607; x_wconf 85' lang='grc' dir='ltr'><strong>τοῖς</strong></span> <span class='ocrx_word' id='word_1_603' title='bbox 1299 4548 1391 4599; x_wconf 77' lang='grc' dir='ltr'><strong>ὑπ’</strong></span> <span class='ocrx_word' id='word_1_604' title='bbox 1416 4550 1616 4609; x_wconf 85' lang='grc' dir='ltr'><strong>αὐτους</strong></span> <span class='ocrx_word' id='word_1_605' title='bbox 1650 4550 1789 4618; x_wconf 78' lang='grc' dir='ltr'><strong>ὑπη-</strong></span> <span class='ocrx_word' id='word_1_606' title='bbox 1828 4519 1867 4571; x_wconf 79' lang='lat' dir='ltr'>D</span> 
     </span>
    </p>
   </div>
   <div class='ocr_carea' id='block_1_87' title="bbox 1799 4519 3465 4618">
    <p class='ocr_par' dir='ltr' id='par_1_87' title="bbox 1828 4519 3465 4614">
     <span class='ocr_line' id='line_1_87' title="bbox 1828 4519 3465 4614; baseline -0.002 -10"><span class='ocrx_word' id='word_1_607' title='bbox 1828 4519 1867 4571; x_wconf 71' lang='grc' dir='ltr'>υ</span> <span class='ocrx_word' id='word_1_608' title='bbox 1896 4550 2040 4604; x_wconf 73' lang='lat' dir='ltr'><strong>Dixit</strong></span> <span class='ocrx_word' id='word_1_609' title='bbox 2071 4519 2241 4613; x_wconf 77' lang='lat' dir='ltr'><strong>enim,</strong></span> <span class='ocrx_word' id='word_1_610' title='bbox 2270 4562 2397 4602; x_wconf 88' lang='lat' dir='ltr'><strong>eum</strong></span> <span class='ocrx_word' id='word_1_611' title='bbox 2429 4547 2601 4602; x_wconf 88' lang='lat' dir='ltr'><strong>Deum</strong></span> <span class='ocrx_word' id='word_1_612' title='bbox 2624 4548 2845 4609; x_wconf 88' lang='lat' dir='ltr'><strong>iratum,</strong></span> <span class='ocrx_word' id='word_1_613' title='bbox 2868 4546 3215 4601; x_wconf 87' lang='lat' dir='ltr'><strong>Christianos</strong></span> <span class='ocrx_word' id='word_1_614' title='bbox 3240 4548 3465 4614; x_wconf 87' lang='lat' dir='ltr'><strong>perinde</strong></span> 
     </span>
    </p>
   </div>
   <div class='ocr_carea' id='block_1_88' title="bbox 212 4636 1789 4707">
    <p class='ocr_par' dir='ltr' id='par_1_88' title="bbox 212 4636 1789 4707">
     <span class='ocr_line' id='line_1_88' title="bbox 212 4636 1789 4707; baseline -0.001 -18"><span class='ocrx_word' id='word_1_615' title='bbox 212 4642 363 4699; x_wconf 80' lang='grc' dir='ltr'><strong>κὸοις</strong></span> <span class='ocrx_word' id='word_1_616' title='bbox 397 4638 733 4707; x_wconf 73' lang='grc' dir='ltr'><strong>διήγγελλον.</strong></span> <span class='ocrx_word' id='word_1_617' title='bbox 791 4638 880 4691; x_wconf 73' lang='grc' dir='ltr'><strong>Ἑν</strong></span> <span class='ocrx_word' id='word_1_618' title='bbox 910 4640 969 4690; x_wconf 83' lang='grc' dir='ltr'><strong>οὐ</strong></span> <span class='ocrx_word' id='word_1_619' title='bbox 1015 4637 1196 4706; x_wconf 83' lang='grc' dir='ltr'><strong>πολλῷ</strong></span> <span class='ocrx_word' id='word_1_620' title='bbox 1253 4636 1309 4688; x_wconf 86' lang='grc' dir='ltr'>δὲ</span> <span class='ocrx_word' id='word_1_621' title='bbox 1344 4639 1437 4688; x_wconf 77' lang='grc' dir='ltr'><strong>καὶ</strong></span> <span class='ocrx_word' id='word_1_622' title='bbox 1468 4636 1634 4689; x_wconf 81' lang='grc' dir='ltr'><strong>αὑτοῦ</strong></span> <span class='ocrx_word' id='word_1_623' title='bbox 1667 4653 1789 4689; x_wconf 88' lang='grc' dir='ltr'><strong>συν-</strong></span> 
     </span>
    </p>
   </div>
   <div class='ocr_carea' id='block_1_89' title="bbox 215 4727 1788 4798">
    <p class='ocr_par' dir='ltr' id='par_1_89' title="bbox 215 4727 1788 4798">
     <span class='ocr_line' id='line_1_89' title="bbox 215 4727 1788 4798; baseline 0.001 -19"><span class='ocrx_word' id='word_1_624' title='bbox 215 4727 700 4796; x_wconf 0' lang='grc' dir='ltr'><strong>επικφισαμὲνου</strong></span> <span class='ocrx_word' id='word_1_625' title='bbox 757 4730 848 4781; x_wconf 68' lang='grc' dir='ltr'><strong>τοῦ</strong></span> <span class='ocrx_word' id='word_1_626' title='bbox 887 4728 1178 4798; x_wconf 83' lang='grc' dir='ltr'><strong>τυράννου,</strong></span> <span class='ocrx_word' id='word_1_627' title='bbox 1227 4727 1384 4790; x_wconf 76' lang='grc' dir='ltr'><strong>αὖθις</strong></span> <span class='ocrx_word' id='word_1_628' title='bbox 1418 4729 1446 4780; x_wconf 88' lang='grc' dir='ltr'>ὁ</span> <span class='ocrx_word' id='word_1_629' title='bbox 1473 4728 1596 4780; x_wconf 85' lang='grc' dir='ltr'><strong>καθ’</strong></span> <span class='ocrx_word' id='word_1_630' title='bbox 1627 4729 1788 4797; x_wconf 80' lang='grc' dir='ltr'><strong>ἡμῶν</strong></span> 
     </span>
    </p>
   </div>
   <div class='ocr_carea' id='block_1_90' title="bbox 212 4818 1785 4888">
    <p class='ocr_par' dir='ltr' id='par_1_90' title="bbox 212 4818 1785 4888">
     <span class='ocr_line' id='line_1_90' title="bbox 212 4818 1785 4888; baseline 0 -20"><span class='ocrx_word' id='word_1_631' title='bbox 212 4818 602 4888; x_wconf 68' lang='grc' dir='ltr'><strong>ἀνερριπίζετο</strong></span> <span class='ocrx_word' id='word_1_632' title='bbox 626 4820 893 4886; x_wconf 72' lang='grc' dir='ltr'><strong>διωγμός.</strong></span> <span class='ocrx_word' id='word_1_633' title='bbox 931 4821 1041 4872; x_wconf 73' lang='grc' dir='ltr'><strong>Καὶ</strong></span> <span class='ocrx_word' id='word_1_634' title='bbox 1073 4821 1243 4886; x_wconf 84' lang='grc' dir='ltr'><strong>ίερεῑς</strong></span> <span class='ocrx_word' id='word_1_635' title='bbox 1277 4820 1377 4886; x_wconf 72' lang='grc' dir='ltr'><strong>μὲν</strong></span> <span class='ocrx_word' id='word_1_636' title='bbox 1407 4820 1549 4871; x_wconf 77' lang='grc' dir='ltr'><strong>κατὰ</strong></span> <span class='ocrx_word' id='word_1_637' title='bbox 1579 4818 1785 4880; x_wconf 74' lang='grc' dir='ltr'><strong>πόλεις,</strong></span> 
     </span>
    </p>
   </div>
   <div class='ocr_carea' id='block_1_91' title="bbox 208 4905 1787 4981">
    <p class='ocr_par' dir='ltr' id='par_1_91' title="bbox 208 4905 1787 4981">
     <span class='ocr_line' id='line_1_91' title="bbox 208 4905 1787 4981; baseline -0.001 -20"><span class='ocrx_word' id='word_1_638' title='bbox 208 4911 263 4961; x_wconf 76' lang='grc' dir='ltr'><strong>οἵ</strong></span> <span class='ocrx_word' id='word_1_639' title='bbox 293 4910 401 4961; x_wconf 84' lang='grc' dir='ltr'><strong>τῶν</strong></span> <span class='ocrx_word' id='word_1_640' title='bbox 434 4909 738 4980; x_wconf 84' lang='grc' dir='ltr'><strong>ἀνθρώπων</strong></span> <span class='ocrx_word' id='word_1_641' title='bbox 760 4905 902 4981; x_wconf 83' lang='grc' dir='ltr'><strong>ἦσαν</strong></span> <span class='ocrx_word' id='word_1_642' title='bbox 924 4912 1204 4979; x_wconf 79' lang='grc' dir='ltr'><strong>διάσημοι,</strong></span> <span class='ocrx_word' id='word_1_643' title='bbox 1254 4911 1533 4980; x_wconf 79' lang='grc' dir='ltr'><strong>ἀρχιερεῖς</strong></span> <span class='ocrx_word' id='word_1_644' title='bbox 1554 4926 1614 4961; x_wconf 84' lang='grc' dir='ltr'><strong>τε</strong></span> <span class='ocrx_word' id='word_1_645' title='bbox 1647 4913 1787 4976; x_wconf 67' lang='grc' dir='ltr'><strong>προς</strong></span> 
     </span>
    </p>
   </div>
   <div class='ocr_carea' id='block_1_92' title="bbox 209 5002 1781 5075">
    <p class='ocr_par' dir='ltr' id='par_1_92' title="bbox 209 5002 1781 5075">
     <span class='ocr_line' id='line_1_92' title="bbox 209 5002 1781 5075; baseline -0.002 -21"><span class='ocrx_word' id='word_1_646' title='bbox 209 5004 449 5065; x_wconf 69' lang='grc' dir='ltr'><strong>τούτοις.</strong></span> <span class='ocrx_word' id='word_1_647' title='bbox 502 5004 550 5056; x_wconf 80' lang='grc' dir='ltr'><strong>οἳ</strong></span> <span class='ocrx_word' id='word_1_648' title='bbox 579 5004 734 5072; x_wconf 80' lang='grc' dir='ltr'><strong>δόξης</strong></span> <span class='ocrx_word' id='word_1_649' title='bbox 772 5004 1037 5072; x_wconf 74' lang='grc' dir='ltr'><strong>πρότερον</strong></span> <span class='ocrx_word' id='word_1_650' title='bbox 1064 5020 1201 5075; x_wconf 83' lang='grc' dir='ltr'><strong>ηκον</strong></span> <span class='ocrx_word' id='word_1_651' title='bbox 1227 5004 1306 5064; x_wconf 83' lang='grc' dir='ltr'><strong>είς</strong></span> <span class='ocrx_word' id='word_1_652' title='bbox 1350 5002 1411 5054; x_wconf 75' lang='grc' dir='ltr'><strong>τὸ</strong></span> <span class='ocrx_word' id='word_1_653' title='bbox 1444 5002 1781 5070; x_wconf 60' lang='grc' dir='ltr'><strong>ἀκρότατον*</strong></span> 
     </span>
    </p>
   </div>
   <div class='ocr_carea' id='block_1_93' title="bbox 208 5091 1785 5165">
    <p class='ocr_par' dir='ltr' id='par_1_93' title="bbox 208 5091 1785 5165">
     <span class='ocr_line' id='line_1_93' title="bbox 208 5091 1785 5165; baseline -0.003 -18"><span class='ocrx_word' id='word_1_654' title='bbox 208 5091 293 5155; x_wconf 61' lang='grc' dir='ltr'><strong>οἷς</strong></span> <span class='ocrx_word' id='word_1_655' title='bbox 321 5096 385 5163; x_wconf 80' lang='grc' dir='ltr'><strong>δὴ</strong></span> <span class='ocrx_word' id='word_1_656' title='bbox 447 5100 538 5147; x_wconf 82' lang='grc' dir='ltr'><strong>καὶ</strong></span> <span class='ocrx_word' id='word_1_657' title='bbox 576 5095 746 5165; x_wconf 82' lang='grc' dir='ltr'><strong>πολλή</strong></span> <span class='ocrx_word' id='word_1_658' title='bbox 803 5111 885 5157; x_wconf 89' lang='grc' dir='ltr'><strong>τις</strong></span> <span class='ocrx_word' id='word_1_659' title='bbox 939 5091 1008 5163; x_wconf 78' lang='grc' dir='ltr'><strong>ἦν</strong></span> <span class='ocrx_word' id='word_1_660' title='bbox 1039 5097 1072 5164; x_wconf 77' lang='grc' dir='ltr'>ἡ</span> <span class='ocrx_word' id='word_1_661' title='bbox 1130 5093 1336 5162; x_wconf 78' lang='grc' dir='ltr'><strong>σπουδὴ</strong></span> <span class='ocrx_word' id='word_1_662' title='bbox 1368 5095 1497 5161; x_wconf 78' lang='grc' dir='ltr'><strong>περὶ</strong></span> <span class='ocrx_word' id='word_1_663' title='bbox 1521 5094 1619 5162; x_wconf 74' lang='grc' dir='ltr'><strong>τὴν</strong></span> <span class='ocrx_word' id='word_1_664' title='bbox 1651 5092 1785 5161; x_wconf 84' lang='grc' dir='ltr'><strong>θρη-</strong></span> 
     </span>
    </p>
   </div>
   <div class='ocr_carea' id='block_1_94' title="bbox 216 5183 1785 5253">
    <p class='ocr_par' dir='ltr' id='par_1_94' title="bbox 216 5183 1785 5253">
     <span class='ocr_line' id='line_1_94' title="bbox 216 5183 1785 5253; baseline -0.001 -18"><span class='ocrx_word' id='word_1_665' title='bbox 216 5184 429 5235; x_wconf 80' lang='grc' dir='ltr'><strong>σκείαν.</strong></span> <span class='ocrx_word' id='word_1_666' title='bbox 465 5185 574 5236; x_wconf 72' lang='grc' dir='ltr'><strong>Καὶ</strong></span> <span class='ocrx_word' id='word_1_667' title='bbox 613 5184 794 5237; x_wconf 84' lang='grc' dir='ltr'><strong>τοίνυν</strong></span> <span class='ocrx_word' id='word_1_668' title='bbox 825 5187 856 5253; x_wconf 82' lang='grc' dir='ltr'>ὴ</span> <span class='ocrx_word' id='word_1_669' title='bbox 896 5187 953 5245; x_wconf 84' lang='grc' dir='ltr'><strong>ὲς</strong></span> <span class='ocrx_word' id='word_1_670' title='bbox 991 5185 1158 5253; x_wconf 83' lang='grc' dir='ltr'><strong>ἀκρον</strong></span> <span class='ocrx_word' id='word_1_671' title='bbox 1197 5183 1290 5234; x_wconf 82' lang='grc' dir='ltr'><strong>τοῦ</strong></span> <span class='ocrx_word' id='word_1_672' title='bbox 1323 5184 1586 5251; x_wconf 75' lang='grc' dir='ltr'><strong>ἄρχοντος</strong></span> <span class='ocrx_word' id='word_1_673' title='bbox 1616 5183 1785 5233; x_wconf 81' lang='grc' dir='ltr'><strong>δεισι-</strong></span> 
     </span>
    </p>
   </div>
   <div class='ocr_carea' id='block_1_95' title="bbox 211 5274 1785 5344">
    <p class='ocr_par' dir='ltr' id='par_1_95' title="bbox 211 5274 1785 5344">
     <span class='ocr_line' id='line_1_95' title="bbox 211 5274 1785 5344; baseline -0.003 -16"><span class='ocrx_word' id='word_1_674' title='bbox 211 5279 470 5344; x_wconf 80' lang='grc' dir='ltr'><strong>δαιμονία</strong></span> <span class='ocrx_word' id='word_1_675' title='bbox 500 5277 625 5339; x_wconf 79' lang='grc' dir='ltr'><strong>τοὺς</strong></span> <span class='ocrx_word' id='word_1_676' title='bbox 663 5277 753 5331; x_wconf 78' lang='grc' dir='ltr'><strong>ὑπ’</strong></span> <span class='ocrx_word' id='word_1_677' title='bbox 806 5279 970 5329; x_wconf 67' lang='grc' dir='ltr'><strong>αὐτὸν</strong></span> <span class='ocrx_word' id='word_1_678' title='bbox 1002 5278 1272 5338; x_wconf 72' lang='grc' dir='ltr'><strong>ἅπαντας,</strong></span> <span class='ocrx_word' id='word_1_679' title='bbox 1325 5275 1422 5328; x_wconf 71' lang='grc' dir='ltr'><strong>ἅτε</strong></span> <span class='ocrx_word' id='word_1_680' title='bbox 1451 5274 1566 5343; x_wconf 76' lang='grc' dir='ltr'><strong>δῆτ’</strong></span> <span class='ocrx_word' id='word_1_681' title='bbox 1591 5276 1785 5344; x_wconf 69' lang='grc' dir='ltr'><strong>ἐκείνῳ</strong></span> 
     </span>
    </p>
   </div>
   <div class='ocr_carea' id='block_1_96' title="bbox 213 5367 1784 5438">
    <p class='ocr_par' dir='ltr' id='par_1_96' title="bbox 213 5367 1784 5438">
     <span class='ocr_line' id='line_1_96' title="bbox 213 5367 1784 5438; baseline 0.001 -20"><span class='ocrx_word' id='word_1_682' title='bbox 213 5367 471 5424; x_wconf 63' lang='grc' dir='ltr'><strong>(θέλοντας</strong></span> <span class='ocrx_word' id='word_1_683' title='bbox 504 5369 664 5435; x_wconf 82' lang='grc' dir='ltr'><strong>χάριν</strong></span> <span class='ocrx_word' id='word_1_684' title='bbox 688 5369 971 5435; x_wconf 64' lang='grc' dir='ltr'><strong>ἀφοσιοῦν,</strong></span> <span class='ocrx_word' id='word_1_685' title='bbox 1000 5369 1119 5421; x_wconf 77' lang='grc' dir='ltr'><strong>καθ’</strong></span> <span class='ocrx_word' id='word_1_686' title='bbox 1146 5369 1306 5438; x_wconf 75' lang='grc' dir='ltr'><strong>ἡμῶν</strong></span> <span class='ocrx_word' id='word_1_687' title='bbox 1351 5368 1518 5421; x_wconf 73' lang='grc' dir='ltr'><strong>ἐκίνει</strong></span> <span class='ocrx_word' id='word_1_688' title='bbox 1548 5367 1615 5420; x_wconf 81' lang='grc' dir='ltr'><strong>τὰ</strong></span> <span class='ocrx_word' id='word_1_689' title='bbox 1650 5369 1784 5438; x_wconf 80' lang='grc' dir='ltr'><strong>μηδὲ</strong></span> 
     </span>
    </p>
   </div>
   <div class='ocr_carea' id='block_1_97' title="bbox 211 5460 1786 5531">
    <p class='ocr_par' dir='ltr' id='par_1_97' title="bbox 211 5460 1786 5531">
     <span class='ocr_line' id='line_1_97' title="bbox 211 5460 1786 5531; baseline 0.001 -22"><span class='ocrx_word' id='word_1_690' title='bbox 211 5461 360 5526; x_wconf 68' lang='grc' dir='ltr'><strong>λόγῳ</strong></span> <span class='ocrx_word' id='word_1_691' title='bbox 391 5462 651 5527; x_wconf 79' lang='grc' dir='ltr'><strong>πράττειν</strong></span> <span class='ocrx_word' id='word_1_692' title='bbox 683 5461 842 5531; x_wconf 78' lang='grc' dir='ltr'><strong>ῥητὰ,</strong></span> <span class='ocrx_word' id='word_1_693' title='bbox 898 5467 1167 5529; x_wconf 87' lang='grc' dir='ltr'><strong>μεγίστων</strong></span> <span class='ocrx_word' id='word_1_694' title='bbox 1200 5462 1438 5528; x_wconf 70' lang='grc' dir='ltr'><strong>οἰόμενοι</strong></span> <span class='ocrx_word' id='word_1_695' title='bbox 1481 5460 1613 5526; x_wconf 81' lang='grc' dir='ltr'><strong>παρ’</strong></span> <span class='ocrx_word' id='word_1_696' title='bbox 1638 5460 1786 5511; x_wconf 81' lang='grc' dir='ltr'><strong>ἐκεί-</strong></span> 
     </span>
    </p>
   </div>
   <div class='ocr_carea' id='block_1_98' title="bbox 209 5548 1781 5622">
    <p class='ocr_par' dir='ltr' id='par_1_98' title="bbox 209 5548 1781 5622">
     <span class='ocr_line' id='line_1_98' title="bbox 209 5548 1781 5622; baseline 0.019 -21"><span class='ocrx_word' id='word_1_697' title='bbox 209 5568 307 5601; x_wconf 81' lang='grc' dir='ltr'><strong>νου</strong></span> <span class='ocrx_word' id='word_1_698' title='bbox 374 5557 805 5622; x_wconf 83' lang='grc' dir='ltr'><strong>κατατυγχάνειν</strong></span> <span class='ocrx_word' id='word_1_699' title='bbox 852 5554 1129 5621; x_wconf 76' lang='grc' dir='ltr'><strong>χρηστῶν.</strong></span> <span class='ocrx_word' id='word_1_700' title='bbox 1201 5552 1256 5603; x_wconf 69' lang='grc' dir='ltr'><strong>ετ</strong></span> <span class='ocrx_word' id='word_1_701' title='bbox 1310 5569 1373 5618; x_wconf 83' lang='grc' dir='ltr'><strong>γε</strong></span> <span class='ocrx_word' id='word_1_702' title='bbox 1442 5548 1566 5605; x_wconf 62' lang='grc' dir='ltr'><strong>καθ’</strong></span> <span class='ocrx_word' id='word_1_703' title='bbox 1621 5551 1781 5620; x_wconf 59' lang='grc' dir='ltr'><strong>ἡμῶν</strong></span> 
     </span>
    </p>
   </div>
   <div class='ocr_carea' id='block_1_99' title="bbox 206 5645 1783 5713">
    <p class='ocr_par' dir='ltr' id='par_1_99' title="bbox 206 5645 1783 5713">
     <span class='ocr_line' id='line_1_99' title="bbox 206 5645 1783 5713; baseline 0.003 -21"><span class='ocrx_word' id='word_1_704' title='bbox 206 5646 545 5713; x_wconf 78' lang='grc' dir='ltr'><strong>καινοτέρων</strong></span> <span class='ocrx_word' id='word_1_705' title='bbox 581 5646 921 5707; x_wconf 72' lang='grc' dir='ltr'><strong>κακοηοειὼν</strong></span> <span class='ocrx_word' id='word_1_706' title='bbox 958 5646 1253 5713; x_wconf 69' lang='grc' dir='ltr'><strong>ἐφευρεταὶ</strong></span> <span class='ocrx_word' id='word_1_707' title='bbox 1284 5645 1377 5697; x_wconf 67' lang='grc' dir='ltr'><strong>καὶ</strong></span> <span class='ocrx_word' id='word_1_708' title='bbox 1404 5645 1656 5713; x_wconf 71' lang='grc' dir='ltr'><strong>πορισταὶ</strong></span> <span class='ocrx_word' id='word_1_709' title='bbox 1692 5646 1783 5713; x_wconf 85' lang='grc' dir='ltr'><strong>γέ-</strong></span> 
     </span>
    </p>
   </div>
   <div class='ocr_carea' id='block_1_100' title="bbox 202 5748 407 5785">
    <p class='ocr_par' dir='ltr' id='par_1_100' title="bbox 202 5748 407 5785">
     <span class='ocr_line' id='line_1_100' title="bbox 202 5748 407 5785; baseline 0 0"><span class='ocrx_word' id='word_1_710' title='bbox 202 5748 407 5785; x_wconf 79' lang='grc' dir='ltr'><strong>νυιντο.</strong></span> 
     </span>
    </p>
   </div>
   <div class='ocr_carea' id='block_1_101' title="bbox 285 5828 1323 5895">
    <p class='ocr_par' dir='ltr' id='par_1_101' title="bbox 285 5828 1323 5895">
     <span class='ocr_line' id='line_1_101' title="bbox 285 5828 1323 5895; baseline -0.01 -5"><span class='ocrx_word' id='word_1_711' title='bbox 285 5829 362 5895; x_wconf 69' lang='grc' dir='ltr'><strong>(ἴ)</strong></span> <span class='ocrx_word' id='word_1_712' title='bbox 392 5828 451 5880; x_wconf 82' lang='lat' dir='ltr'><strong>L.</strong></span> <span class='ocrx_word' id='word_1_713' title='bbox 485 5828 733 5883; x_wconf 69' lang='lat' dir='ltr'><strong>Curator.</strong></span> <span class='ocrx_word' id='word_1_714' title='bbox 755 5830 816 5885; x_wconf 82' lang='lat' dir='ltr'><strong>C.</strong></span> <span class='ocrx_word' id='word_1_715' title='bbox 850 5831 924 5885; x_wconf 81' lang='lat' dir='ltr'><strong>De</strong></span> <span class='ocrx_word' id='word_1_716' title='bbox 963 5837 1105 5884; x_wconf 81' lang='lat' dir='ltr'><strong>mod.</strong></span> <span class='ocrx_word' id='word_1_717' title='bbox 1137 5833 1323 5883; x_wconf 68' lang='lat' dir='ltr'><strong>undet.</strong></span> 
     </span>
    </p>
   </div>
   <div class='ocr_carea' id='block_1_102' title="bbox 1892 4637 3469 4708">
    <p class='ocr_par' dir='ltr' id='par_1_102' title="bbox 1892 4637 3469 4708">
     <span class='ocr_line' id='line_1_102' title="bbox 1892 4637 3469 4708; baseline -0.003 -15"><span class='ocrx_word' id='word_1_718' title='bbox 1892 4651 2057 4707; x_wconf 85' lang='lat' dir='ltr'><strong>atque</strong></span> <span class='ocrx_word' id='word_1_719' title='bbox 2088 4648 2382 4708; x_wconf 83' lang='lat' dir='ltr'><strong>perpetuos</strong></span> <span class='ocrx_word' id='word_1_720' title='bbox 2410 4648 2466 4692; x_wconf 90' lang='lat' dir='ltr'><strong>et</strong></span> <span class='ocrx_word' id='word_1_721' title='bbox 2494 4637 2991 4691; x_wconf 84' lang='lat' dir='ltr'><strong>irreconciliabiles</strong></span> <span class='ocrx_word' id='word_1_722' title='bbox 3021 4638 3208 4691; x_wconf 86' lang='lat' dir='ltr'><strong>hostes</strong></span> <span class='ocrx_word' id='word_1_723' title='bbox 3240 4650 3307 4689; x_wconf 78' lang='lat' dir='ltr'><strong>ex</strong></span> <span class='ocrx_word' id='word_1_724' title='bbox 3333 4639 3469 4689; x_wconf 85' lang='lat' dir='ltr'><strong>urbe</strong></span> 
     </span>
    </p>
   </div>
   <div class='ocr_carea' id='block_1_103' title="bbox 1890 4728 3465 4801">
    <p class='ocr_par' dir='ltr' id='par_1_103' title="bbox 1890 4728 3465 4801">
     <span class='ocr_line' id='line_1_103' title="bbox 1890 4728 3465 4801; baseline -0.003 -14"><span class='ocrx_word' id='word_1_725' title='bbox 1890 4744 1946 4787; x_wconf 85' lang='lat' dir='ltr'><strong>et</strong></span> <span class='ocrx_word' id='word_1_726' title='bbox 1978 4733 2125 4801; x_wconf 83' lang='lat' dir='ltr'><strong>agris</strong></span> <span class='ocrx_word' id='word_1_727' title='bbox 2140 4731 2667 4800; x_wconf 83' lang='lat' dir='ltr'><strong>circumjacentibus</strong></span> <span class='ocrx_word' id='word_1_728' title='bbox 2701 4743 2865 4798; x_wconf 90' lang='lat' dir='ltr'><strong>quam</strong></span> <span class='ocrx_word' id='word_1_729' title='bbox 2896 4728 3215 4797; x_wconf 78' lang='lat' dir='ltr'><strong>longissime</strong></span> <span class='ocrx_word' id='word_1_730' title='bbox 3267 4730 3465 4797; x_wconf 78' lang='lat' dir='ltr'><strong>expelli</strong></span> 
     </span>
    </p>
   </div>
   <div class='ocr_carea' id='block_1_104' title="bbox 1887 4818 3462 4894">
    <p class='ocr_par' dir='ltr' id='par_1_104' title="bbox 1887 4818 3462 4894">
     <span class='ocr_line' id='line_1_104' title="bbox 1887 4818 3462 4894; baseline -0.004 -17"><span class='ocrx_word' id='word_1_731' title='bbox 1887 4825 2108 4894; x_wconf 83' lang='lat' dir='ltr'><strong>jubere.</strong></span> <span class='ocrx_word' id='word_1_732' title='bbox 2138 4824 2502 4891; x_wconf 86' lang='lat' dir='ltr'><strong>Posteaquam</strong></span> <span class='ocrx_word' id='word_1_733' title='bbox 2539 4821 2653 4875; x_wconf 67' lang='lat' dir='ltr'><strong>haec</strong></span> <span class='ocrx_word' id='word_1_734' title='bbox 2713 4819 3032 4889; x_wconf 88' lang='lat' dir='ltr'><strong>imperatori</strong></span> <span class='ocrx_word' id='word_1_735' title='bbox 3083 4818 3462 4887; x_wconf 83' lang='lat' dir='ltr'><strong>perplacuere.</strong></span> 
     </span>
    </p>
   </div>
   <div class='ocr_carea' id='block_1_105' title="bbox 1890 4911 3465 4984">
    <p class='ocr_par' dir='ltr' id='par_1_105' title="bbox 1890 4911 3465 4984">
     <span class='ocr_line' id='line_1_105' title="bbox 1890 4911 3465 4984; baseline -0.003 -16"><span class='ocrx_word' id='word_1_736' title='bbox 1890 4917 2118 4968; x_wconf 83' lang='lat' dir='ltr'><strong>aliarum</strong></span> <span class='ocrx_word' id='word_1_737' title='bbox 2150 4928 2373 4984; x_wconf 83' lang='lat' dir='ltr'><strong>quoque</strong></span> <span class='ocrx_word' id='word_1_738' title='bbox 2402 4913 2623 4966; x_wconf 84' lang='lat' dir='ltr'><strong>urbium</strong></span> <span class='ocrx_word' id='word_1_739' title='bbox 2658 4912 2830 4966; x_wconf 90' lang='lat' dir='ltr'><strong>duces</strong></span> <span class='ocrx_word' id='word_1_740' title='bbox 2891 4919 2947 4965; x_wconf 85' lang='lat' dir='ltr'><strong>et</strong></span> <span class='ocrx_word' id='word_1_741' title='bbox 2981 4911 3220 4980; x_wconf 69' lang='lat' dir='ltr'><strong>prmfecti</strong></span> <span class='ocrx_word' id='word_1_742' title='bbox 3261 4912 3465 4979; x_wconf 87' lang='lat' dir='ltr'><strong>gratiti-</strong></span> 
     </span>
    </p>
   </div>
   <div class='ocr_carea' id='block_1_106' title="bbox 1889 5004 3458 5065">
    <p class='ocr_par' dir='ltr' id='par_1_106' title="bbox 1889 5004 3458 5065">
     <span class='ocr_line' id='line_1_106' title="bbox 1889 5004 3458 5065; baseline -0.002 -6"><span class='ocrx_word' id='word_1_743' title='bbox 1889 5008 2001 5059; x_wconf 83' lang='lat' dir='ltr'><strong>cari</strong></span> <span class='ocrx_word' id='word_1_744' title='bbox 2035 5007 2113 5060; x_wconf 91' lang='lat' dir='ltr'><strong>illi</strong></span> <span class='ocrx_word' id='word_1_745' title='bbox 2141 5007 2452 5065; x_wconf 89' lang='lat' dir='ltr'><strong>studentes,</strong></span> <span class='ocrx_word' id='word_1_746' title='bbox 2476 5004 2668 5057; x_wconf 84' lang='lat' dir='ltr'><strong>eadem</strong></span> <span class='ocrx_word' id='word_1_747' title='bbox 2697 5014 2886 5057; x_wconf 89' lang='lat' dir='ltr'><strong>contra</strong></span> <span class='ocrx_word' id='word_1_748' title='bbox 2908 5018 3009 5056; x_wconf 90' lang='lat' dir='ltr'><strong>nos</strong></span> <span class='ocrx_word' id='word_1_749' title='bbox 3031 5004 3458 5064; x_wconf 85' lang='lat' dir='ltr'><strong>constituerunt,</strong></span> 
     </span>
    </p>
   </div>
   <div class='ocr_carea' id='block_1_107' title="bbox 1889 5096 3457 5168">
    <p class='ocr_par' dir='ltr' id='par_1_107' title="bbox 1889 5096 3457 5168">
     <span class='ocr_line' id='line_1_107' title="bbox 1889 5096 3457 5168; baseline -0.002 -17"><span class='ocrx_word' id='word_1_750' title='bbox 1889 5100 2213 5168; x_wconf 83' lang='lat' dir='ltr'><strong>populisque</strong></span> <span class='ocrx_word' id='word_1_751' title='bbox 2250 5109 2305 5152; x_wconf 85' lang='lat' dir='ltr'><strong>et</strong></span> <span class='ocrx_word' id='word_1_752' title='bbox 2335 5097 2556 5152; x_wconf 81' lang='lat' dir='ltr'><strong>civibus</strong></span> <span class='ocrx_word' id='word_1_753' title='bbox 2593 5097 2709 5150; x_wconf 90' lang='lat' dir='ltr'><strong>suis</strong></span> <span class='ocrx_word' id='word_1_754' title='bbox 2749 5096 3172 5150; x_wconf 89' lang='lat' dir='ltr'><strong>denuntiarunt.</strong></span> <span class='ocrx_word' id='word_1_755' title='bbox 3216 5096 3328 5149; x_wconf 84' lang='lat' dir='ltr'><strong>Nec</strong></span> <span class='ocrx_word' id='word_1_756' title='bbox 3384 5096 3457 5149; x_wconf 85' lang='lat' dir='ltr'><strong>ita</strong></span> 
     </span>
    </p>
   </div>
   <div class='ocr_carea' id='block_1_108' title="bbox 1891 5188 3463 5258">
    <p class='ocr_par' dir='ltr' id='par_1_108' title="bbox 1891 5188 3463 5258">
     <span class='ocr_line' id='line_1_108' title="bbox 1891 5188 3463 5258; baseline -0.002 -15"><span class='ocrx_word' id='word_1_757' title='bbox 1891 5192 2123 5244; x_wconf 88' lang='lat' dir='ltr'><strong>multum</strong></span> <span class='ocrx_word' id='word_1_758' title='bbox 2160 5189 2425 5258; x_wconf 88' lang='lat' dir='ltr'><strong>temporis</strong></span> <span class='ocrx_word' id='word_1_759' title='bbox 2453 5188 2792 5247; x_wconf 85' lang='lat' dir='ltr'><strong>intercessit.</strong></span> <span class='ocrx_word' id='word_1_760' title='bbox 2829 5196 2884 5242; x_wconf 89' lang='lat' dir='ltr'><strong>et</strong></span> <span class='ocrx_word' id='word_1_761' title='bbox 2915 5198 3181 5255; x_wconf 81' lang='lat' dir='ltr'><strong>tyrannus</strong></span> <span class='ocrx_word' id='word_1_762' title='bbox 3210 5189 3324 5256; x_wconf 85' lang='lat' dir='ltr'><strong>ipse</strong></span> <span class='ocrx_word' id='word_1_763' title='bbox 3354 5190 3463 5242; x_wconf 51' lang='lat' dir='ltr'><strong>cal-</strong></span> 
     </span>
    </p>
   </div>
   <div class='ocr_carea' id='block_1_109' title="bbox 1890 5279 3461 5348">
    <p class='ocr_par' dir='ltr' id='par_1_109' title="bbox 1890 5279 3461 5348">
     <span class='ocr_line' id='line_1_109' title="bbox 1890 5279 3461 5348; baseline -0.002 -13"><span class='ocrx_word' id='word_1_764' title='bbox 1890 5283 2077 5335; x_wconf 88' lang='lat' dir='ltr'><strong>culum</strong></span> <span class='ocrx_word' id='word_1_765' title='bbox 2126 5291 2182 5333; x_wconf 91' lang='lat' dir='ltr'><strong>et</strong></span> <span class='ocrx_word' id='word_1_766' title='bbox 2230 5281 2558 5335; x_wconf 78' lang='lat' dir='ltr'><strong>sententiam</strong></span> <span class='ocrx_word' id='word_1_767' title='bbox 2592 5295 2811 5348; x_wconf 86' lang='lat' dir='ltr'><strong>quoque</strong></span> <span class='ocrx_word' id='word_1_768' title='bbox 2866 5293 3021 5332; x_wconf 85' lang='lat' dir='ltr'><strong>suam.</strong></span> <span class='ocrx_word' id='word_1_769' title='bbox 3079 5279 3145 5331; x_wconf 89' lang='lat' dir='ltr'><strong>ad</strong></span> <span class='ocrx_word' id='word_1_770' title='bbox 3180 5279 3461 5332; x_wconf 85' lang='lat' dir='ltr'><strong>decretum</strong></span> 
     </span>
    </p>
   </div>
   <div class='ocr_carea' id='block_1_110' title="bbox 1892 5372 3464 5444">
    <p class='ocr_par' dir='ltr' id='par_1_110' title="bbox 1892 5372 3464 5444">
     <span class='ocr_line' id='line_1_110' title="bbox 1892 5372 3464 5444; baseline -0.003 -15"><span class='ocrx_word' id='word_1_771' title='bbox 1892 5374 2207 5444; x_wconf 87' lang='lat' dir='ltr'><strong>hujusmodi</strong></span> <span class='ocrx_word' id='word_1_772' title='bbox 2238 5373 2461 5442; x_wconf 86' lang='lat' dir='ltr'><strong>adjecit.</strong></span> <span class='ocrx_word' id='word_1_773' title='bbox 2493 5373 2679 5441; x_wconf 86' lang='lat' dir='ltr'><strong>itaque</strong></span> <span class='ocrx_word' id='word_1_774' title='bbox 2712 5372 2851 5427; x_wconf 74' lang='lat' dir='ltr'><strong>acris</strong></span> <span class='ocrx_word' id='word_1_775' title='bbox 2888 5372 3152 5425; x_wconf 85' lang='lat' dir='ltr'><strong>adversus</strong></span> <span class='ocrx_word' id='word_1_776' title='bbox 3184 5386 3283 5424; x_wconf 88' lang='lat' dir='ltr'><strong>nos</strong></span> <span class='ocrx_word' id='word_1_777' title='bbox 3316 5374 3464 5425; x_wconf 80' lang='lat' dir='ltr'><strong>exci-</strong></span> 
     </span>
    </p>
   </div>
   <div class='ocr_carea' id='block_1_111' title="bbox 1891 5460 3460 5532">
    <p class='ocr_par' dir='ltr' id='par_1_111' title="bbox 1891 5460 3460 5532">
     <span class='ocr_line' id='line_1_111' title="bbox 1891 5460 3460 5532; baseline -0.001 -16"><span class='ocrx_word' id='word_1_778' title='bbox 1891 5474 1995 5517; x_wconf 84' lang='lat' dir='ltr'><strong>tata</strong></span> <span class='ocrx_word' id='word_1_779' title='bbox 2027 5476 2113 5517; x_wconf 87' lang='lat' dir='ltr'><strong>est</strong></span> <span class='ocrx_word' id='word_1_780' title='bbox 2139 5464 2475 5532; x_wconf 85' lang='lat' dir='ltr'><strong>persecutio.</strong></span> <span class='ocrx_word' id='word_1_781' title='bbox 2513 5462 2578 5516; x_wconf 82' lang='lat' dir='ltr'><strong>Et</strong></span> <span class='ocrx_word' id='word_1_782' title='bbox 2614 5464 2934 5515; x_wconf 87' lang='lat' dir='ltr'><strong>sacerdotes</strong></span> <span class='ocrx_word' id='word_1_783' title='bbox 2969 5460 3092 5512; x_wconf 75' lang='lat' dir='ltr'><strong>aliis</strong></span> <span class='ocrx_word' id='word_1_784' title='bbox 3142 5461 3460 5515; x_wconf 87' lang='lat' dir='ltr'><strong>hominibus</strong></span> 
     </span>
    </p>
   </div>
   <div class='ocr_carea' id='block_1_112' title="bbox 1886 5533 3459 5622">
    <p class='ocr_par' dir='ltr' id='par_1_112' title="bbox 1886 5533 3459 5622">
     <span class='ocr_line' id='line_1_112' title="bbox 1886 5533 3459 5622; baseline -0.001 -15"><span class='ocrx_word' id='word_1_785' title='bbox 1886 5555 2222 5608; x_wconf 87' lang='lat' dir='ltr'><strong>celebriores</strong></span> <span class='ocrx_word' id='word_1_786' title='bbox 2254 5568 2352 5622; x_wconf 87' lang='lat' dir='ltr'><strong>per</strong></span> <span class='ocrx_word' id='word_1_787' title='bbox 2386 5554 2551 5607; x_wconf 91' lang='lat' dir='ltr'><strong>urbes</strong></span> <span class='ocrx_word' id='word_1_788' title='bbox 2579 5555 2807 5621; x_wconf 86' lang='lat' dir='ltr'><strong>passim,</strong></span> <span class='ocrx_word' id='word_1_789' title='bbox 2846 5553 3133 5621; x_wconf 87' lang='lat' dir='ltr'><strong>pontitices</strong></span> <span class='ocrx_word' id='word_1_790' title='bbox 3174 5533 3459 5620; x_wconf 71' lang='lat' dir='ltr'><strong>przeterea,</strong></span> 
     </span>
    </p>
   </div>
   <div class='ocr_carea' id='block_1_113' title="bbox 1887 5643 3459 5714">
    <p class='ocr_par' dir='ltr' id='par_1_113' title="bbox 1887 5643 3459 5714">
     <span class='ocr_line' id='line_1_113' title="bbox 1887 5643 3459 5714; baseline -0.002 -17"><span class='ocrx_word' id='word_1_791' title='bbox 1887 5646 1980 5714; x_wconf 81' lang='lat' dir='ltr'><strong>qui</strong></span> <span class='ocrx_word' id='word_1_792' title='bbox 2013 5646 2476 5698; x_wconf 73' lang='lat' dir='ltr'><strong>existimationem</strong></span> <span class='ocrx_word' id='word_1_793' title='bbox 2512 5654 2568 5699; x_wconf 88' lang='lat' dir='ltr'><strong>et</strong></span> <span class='ocrx_word' id='word_1_794' title='bbox 2598 5645 2824 5712; x_wconf 89' lang='lat' dir='ltr'><strong>gloriam</strong></span> <span class='ocrx_word' id='word_1_795' title='bbox 2854 5658 3122 5696; x_wconf 83' lang='lat' dir='ltr'><strong>summam</strong></span> <span class='ocrx_word' id='word_1_796' title='bbox 3176 5643 3459 5696; x_wconf 83' lang='lat' dir='ltr'><strong>consecuti</strong></span> 
     </span>
    </p>
   </div>
   <div class='ocr_carea' id='block_1_114' title="bbox 1888 5730 3461 5803">
    <p class='ocr_par' dir='ltr' id='par_1_114' title="bbox 1888 5730 3461 5803">
     <span class='ocr_line' id='line_1_114' title="bbox 1888 5730 3461 5803; baseline -0.001 -15"><span class='ocrx_word' id='word_1_797' title='bbox 1888 5743 2125 5796; x_wconf 72' lang='lat' dir='ltr'><strong>luet-ant,</strong></span> <span class='ocrx_word' id='word_1_798' title='bbox 2159 5730 2499 5803; x_wconf 80' lang='lat' dir='ltr'><strong>deorumque</strong></span> <span class='ocrx_word' id='word_1_799' title='bbox 2533 5736 2705 5788; x_wconf 88' lang='lat' dir='ltr'><strong>cultui</strong></span> <span class='ocrx_word' id='word_1_800' title='bbox 2735 5735 2967 5787; x_wconf 75' lang='lat' dir='ltr'><strong>maxime</strong></span> <span class='ocrx_word' id='word_1_801' title='bbox 3003 5735 3318 5791; x_wconf 79' lang='lat' dir='ltr'><strong>studebant.</strong></span> <span class='ocrx_word' id='word_1_802' title='bbox 3351 5735 3461 5788; x_wconf 79' lang='lat' dir='ltr'><strong>Ma-</strong></span> 
     </span>
    </p>
   </div>
  </div>
