4220 6438
767 387 900 449 1262

1993 399 2409 463 NICEPIIORI
2450 407 2797 470 CALLISTI

3899 411 4035 479 1264

759 499 1000 552 ximinus
1057 502 1374 558 constituit:
1416 505 1579 576 477
1612 516 1776 577 atque
1833 508 2061 579 insuper
2115 527 2328 565 summa
2371 515 2543 582 ipsius
2599 519 2923 587 superstitio
2982 519 3232 579 subditos
3264 538 3394 579 suos
3433 526 3666 595 papulas
3686 541 3900 592 omnes,
3935 531 4030 598 qui

759 594 1048 663 gratiﬁcari
1095 597 1167 651 illi
1203 602 1634 669 contendebant,
1676 605 1751 658 ita
1781 616 1969 661 contra
2003 622 2103 662 nos
2151 609 2471 674 commovit,
2543 623 2601 666 ut
2636 616 2900 671 saevitiam
2963 632 3156 672 eorum
3195 633 3356 687 quam
3416 594 3471 673 in
3503 594 3605 674 nos
3632 633 4030 683 exercuerunt,

759 689 942 743 verbis
963 694 1216 762 persequi
1248 711 1356 748 non
1393 697 1571 752 liceat.
1603 699 1864 756 Maximas
1897 705 2100 772 quippe
2145 718 2204 758 se
2258 707 2326 758 ab
2366 720 2433 759 eo
2490 709 2756 766 utilitates
2797 726 3196 768 consecuturos
3223 715 3660 778 arbitrabantur,
3683 717 3727 771 si
3760 734 4028 772 novarum

758 794 949 838 contra
977 803 1075 840 nos
1111 805 1294 844 rerum
1352 793 1822 867 iusolentiumque
1873 799 2204 869 injuriarum
2253 801 2570 858 inventores
2634 809 2971 865 exstitissent
3028 820 3083 866 et
3144 812 3483 869 administri.
3517 813 3634 881 Quo
3692 817 3906 886 majore
3958 818 4034 871 di-

755 877 978 944 ligentia
1008 880 1061 933 in
1091 881 1143 935 id
1171 884 1437 951 studium,
1468 896 1527 940 ut
1559 890 1720 946 nobis
1748 891 2251 959 incommodarent,
2279 898 2606 954 incubuere.

1324 1025 1550 1083 CAPUT
1593 1028 1783 1085 XXVI.

755 1114 830 1166 De
863 1115 1098 1182 con/ictis
1148 1131 1193 1173 ct
1253 1121 1403 1192 falsis
1458 1128 1704 1207 adversus
1746 1123 2012 1180 Christum
2060 1144 2325 1182 commen-

1473 1204 1649 1249 tortis.

822 1310 1162 1379 Compositis
1193 1323 1324 1361 sane
1364 1307 1591 1376 quidem
1621 1318 1673 1363 et
1709 1309 1986 1374 conﬁctis,
2018 1311 2110 1380 qui
2142 1327 2327 1365 rerum

752 1405 942 1458 talium
998 1403 1304 1456 architecto
1364 1410 1421 1454 et
1482 1404 1694 1456 auctori
1761 1419 1870 1458 non
1927 1404 2323 1474 displicerent,

747 1494 1152 1560 blasphemiam
1202 1503 1257 1545 et
1312 1492 1763 1547 maledicentiam
1819 1511 2037 1548 omnem
2092 1510 2328 1564 exsupe-

746 1587 1001 1640 rantibus
1063 1585 1518 1649 commentariis,
1590 1587 2060 1654 interrogationes
2112 1591 2326 1646 scilicet

743 1679 906 1732 Pilati
942 1687 995 1731 et
1025 1677 1342 1731 Servaloris
1380 1679 1552 1731 nostri
1590 1680 2034 1745 continentilms,
2071 1682 2123 1733 in
2163 1683 2327 1735 ditio-

750 1785 846 1822 ncs
915 1783 1009 1821 eos
1071 1782 1198 1820 suas
1259 1769 1590 1820 miserunt:
1655 1769 1888 1832 cpistola
1947 1771 2203 1838 quadam.
2269 1781 2325 1827 ut

745 1860 1012 1928 scriptum
1078 1858 1131 1910 id
1222 1858 1480 1911 omnibus
1553 1858 1960 1926 publicaretur,
2039 1864 2320 1928 praeﬁxa:

745 1949 1066 2002 mandatum
1125 1948 1292 2001 etiam
1326 1948 1600 2009 additum,
1643 1960 1701 2002 ut
1741 1949 2090 2005 litteratores
2118 1952 2322 2007 librum

748 2043 908 2094 talem
956 2041 1144 2108 pueris
1175 2040 1461 2098 omnibus,
1495 2041 1548 2092 in
1589 2056 1700 2108 quo
1735 2043 1930 2109 primis
1985 2043 2320 2099 rudimentis

743 2148 800 2185 se
830 2140 1188 2194 exercerent,
1221 2140 1573 2198 tenerumque
1625 2132 1946 2184 memoriam
1985 2148 2195 2187 veneno
2230 2136 2322 2188 tali

744 2224 1074 2284 imbuerent,
1118 2222 1410 2291 legendum
1458 2232 1848 2291 proponerent.
1899 2226 2024 2278 llzec
2073 2241 2197 2278 cum
2252 2229 2322 2281 ita

743 2319 955 2380 ﬁerent,
991 2316 1131 2367 alius
1170 2315 1395 2383 quidam
1425 2329 1586 2383 quem
1623 2315 1854 2369 Romani
1891 2317 2086 2371 ducem
2124 2335 2323 2373 vocare

742 2410 940 2471 solent,
964 2409 1106 2460 circa
1139 2409 1458 2460 Damascum
1497 2408 1814 2474 Phoenicim,
1848 2411 2185 2464 mulierculis
2202 2415 2325 2480 qui-

743 2503 970 2555 busdam
1006 2500 1460 2555 circumforaneis
1503 2510 1558 2555 et
1602 2501 1884 2571 ﬂagitiosis
1907 2504 2326 2572 comprehensis

742 2593 849 2645 vim
883 2594 1158 2655 all'crcns,
1200 2593 1384 2660 plagas
1413 2593 1699 2646 minitatus
1729 2608 1830 2655 est,
1866 2594 1969 2647 nisi
2007 2597 2324 2649 testimonio

740 2683 946 2751 scripto
981 2683 1405 2746 conﬁterentur,
1444 2700 1501 2738 se
1545 2685 1842 2753 aliquando
1881 2685 2324 2742 Christianorum

740 2776 913 2829 sacris
941 2774 1182 2828 initiatus
1206 2779 1456 2829 conscias
1487 2791 1607 2830 esse
1642 2778 1902 2831 obscaena
1933 2779 2182 2847 quaedam
2211 2795 2328 2833 sce-

741 2868 850 2919 lera
874 2866 1142 2920 committi
1165 2867 1233 2919 ab
1258 2867 1324 2921 iis
1346 2868 1438 2936 qui
1467 2868 1655 2935 prima:
1687 2877 1814 2922 sunt
1842 2870 1986 2922 inter
2018 2885 2114 2923 eos
2142 2871 2326 2940 digni-

740 2959 888 3021 tatis,
914 2958 1232 3027 nel‘ariaque
1261 2957 1460 3027 ﬂagitia
1489 2960 1540 3012 in
1569 2961 1742 3014 sacris
1763 2960 1974 3015 aedibus
2002 2962 2116 3016 ﬁeri
2140 2965 2322 3019 solita.

739 3052 915 3120 Atque
950 3052 1077 3104 item
1111 3051 1215 3104 alia
1247 3051 1402 3118 plura
1436 3052 1588 3107 hisce
1619 3053 1843 3116 similia.
1879 3057 2082 3124 quibus
2113 3056 2323 3111 doctri-

739 3158 863 3196 nam
891 3143 1399 3213 professionemque
1426 3153 1672 3198 nostram
1711 3146 2201 3210 calumniarentur,
2235 3164 2327 3201 ex-

740 3234 1076 3304 cogitarunt.
1135 3235 1310 3290 Voces
1357 3236 1522 3290 etiam
1568 3239 1907 3307 ejuscemodi
1942 3238 1995 3292 in
2054 3241 2322 3308 scriptum

741 3328 944 3383 relatas
994 3328 1085 3382 ille
1122 3328 1188 3382 ad
1235 3329 1571 3398 principem,
1603 3329 1773 3392 misit,
1831 3346 1953 3399 qua:
2005 3330 2204 3384 deinde
2257 3334 2325 3386 de

740 3421 973 3474 consilio
1029 3421 1150 3489 ejus
1205 3423 1260 3475 in
1300 3421 1618 3476 civitatibus
1646 3431 1702 3476 et
1734 3422 1873 3476 locis
1920 3423 2178 3477 omnibus
2228 3439 2324 3492 pu-

739 3513 878 3567 blice
930 3523 1060 3567 sunt
1094 3514 1410 3583 proposita).
1443 3515 1512 3566 At
1547 3529 1656 3568 non
1701 3515 1875 3568 multo
1921 3515 2323 3570 interveniente

741 3618 1006 3675 tempore,
1044 3607 1444 3661 calumniarum
1485 3608 1673 3661 talium
1713 3608 1908 3662 artifex
1943 3608 2051 3662 dux
2094 3609 2206 3672 ille,
2241 3609 2323 3661 di-

2364 1021 2413 1076 Α

3009 1025 3262 1079 ΚΕΦΑΛ.
3321 1029 3469 1094 Kq'.

2431 1111 2573 1178 Περὶ
2605 1109 2722 1164 τῶν
2762 1116 2914 1168 κατὰ
2939 1117 3198 1185 Χριστοῦ
3237 1120 3635 1176 ἐπιπλάστων
3667 1125 4028 1192 ὑπομνημά-

3145 1206 3288 1244 των.

2502 1292 2603 1351 Οἷα
2635 1299 2679 1352 δ’
2709 1301 2890 1352 αὐτῶν
2921 1305 3018 1355 καὶ
3052 1306 3119 1356 τὰ
3155 1307 3570 1378 ἐπιτηδεύματα
3599 1327 3612 1342 ·
3645 1311 4024 1382 ὑπομνήματι

2431 1391 2540 1459 γάρ
2558 1409 2677 1443 τινα
2701 1393 3042 1462 πλασάμενοι
3071 1397 3170 1450 οὐκ
3198 1399 3305 1452 ἄπο
3329 1404 3559 1472 γνώμης
3583 1404 3678 1456 τοῦ
3700 1407 3767 1457 τὰ
3795 1405 4024 1458 τοιαῦτα

2428 1487 2809 1550 τεκταίνοντος
2837 1490 3019 1560 πάσης
3073 1491 3429 1563 βλασφημίας
3496 1498 3779 1562 ἐπέκεινα,
3817 1502 4025 1568 ἐρωτή-

2431 1593 2548 1638 σεις
2579 1577 2745 1646 δῆθεν
2808 1581 3044 1635 Πιλάτου
3077 1584 3289 1636 καὶτοῦ
3319 1589 3573 1657 Σωτῆρος
3606 1590 3766 1658 ἡμῶν
3795 1592 4017 1659 ἔχοντα,

2429 1669 2521 1721 ἐπὶ
2553 1673 2652 1735 τήν
2682 1671 2786 1721 ὑπὸ
2845 1675 3002 1742 χεῖρα
3055 1675 3206 1744 σφῶν
3237 1677 3663 1747 διαπέμπονται.
3713 1683 3821 1734 Καί
3860 1701 4023 1735 τινων

2429 1765 2893 1830 προγραμμὰτων
2933 1770 3382 1834 προηγουμένων,
3432 1770 3561 1822 ὥστ’
3607 1774 3810 1839 ἔκδηλα
3848 1774 4023 1826 ταίτα

2429 1852 2692 1924 καθιστᾷν
2726 1855 2923 1922 ἅπασι,
2974 1861 3064 1911 καὶ
3108 1864 3266 1913 παισὶ
3305 1865 3462 1928 πᾶσι,
3504 1869 3830 1934 προκεῖσθαι
3869 1870 4025 1921 ταῦτ’

2427 1949 2505 2007 εἰς
2545 1947 2786 2017 μελέτην
2803 1951 2914 2023 τοῖς
2946 1960 3410 2022 γραμματισταῖς
3442 1959 3775 2027 πρόσταγμα
3811 1958 3900 2030 ἦν,
3931 1965 4024 2014 καὶ

2428 2037 2533 2106 πρὸ
2566 2039 2746 2106 πάσης
2779 2045 3003 2110 μνήμης
3024 2044 3197 2096 ταῦτα
3230 2049 3510 2115 κατέχειν.
3557 2052 3778 2104 Τούτων
3812 2055 3855 2105 δ’
3879 2056 4025 2107 οὓτω

2427 2131 2756 2198 γενομένων,
2782 2133 2969 2202 ⁵ἐτερός
2996 2152 3082 2198 τις
3119 2137 3180 2188 ὃν
3215 2138 3384 2192 δοῦκα
3420 2145 3853 2213 προσαγορεύειν
3890 2147 4022 2199 Ῥωο

2431 2223 2608 2290 μαιοις
2637 2224 2846 2293 ἔθιμον,
2879 2229 3009 2295 περὶ
3062 2234 3357 2299 Δαμασκὸν
3397 2236 3493 2302 τῆς
3525 2237 3780 2307 Φοινίκης
3817 2241 4021 2306 γύναια

2358 2363 2399 2417 Β
2428 2332 2548 2367 τινα
2578 2318 2812 2388 ἀγοραῖα
2832 2323 2926 2373 καὶ
2950 2324 3249 2391 ὲπὶτριπτα
3284 2327 3590 2394 συλλαϐὼν,
3615 2332 3830 2400 πληγὰς
3861 2335 4022 2402 ἡπεεο

2431 2408 2512 2460 λει
2540 2412 2738 2474 πολλὰς
2772 2415 3043 2470 ἐπιθεῖναι
3098 2420 3222 2488 βίαν
3276 2423 3522 2490 ἐπάγων,
3559 2428 3855 2494 ἐγγράφως
3887 2431 4022 2496 ὀμο-

2430 2504 2630 2570 λογεῖν,
2659 2505 2736 2568 ὡς
2769 2509 2837 2560 τὰ
2869 2511 3217 2580 Χριστιανῶν
3272 2519 3373 2584 μὲν
3411 2520 3582 2573 παλαι
3629 2523 3980 2576 ἀσπασαιντο
4005 2539 4018 2553 ·

2429 2595 2716 2650 ἀκόλαστα
2751 2601 2804 2651 δέ
2847 2619 2968 2656 τινα
3009 2609 3414 2674 συνεγνωκέναι
3461 2613 3586 2676 τοὺς
3622 2617 3678 2666 ὲν
3723 2619 3837 2679 τοῖς
3867 2621 4023 2687 πρώ-

2429 2705 2543 2749 τοις
2579 2693 2764 2754 αὺτοῖς
2813 2698 3210 2766 τεταγμένους,
3256 2703 3348 2754 καὶ
3386 2703 3624 2773 ἀθέμιτα
3657 2711 3769 2771 τοῖς
3822 2726 4026 2779 κυρια-

2428 2786 2543 2842 κοῐς
2575 2784 2820 2853 ἐνεργεῖν
2845 2803 2857 2816 ’
2909 2791 3002 2842 καὶ
3035 2792 3150 2844 ἄλλ’
3179 2794 3316 2846 ἄττα
3373 2799 3611 2867 συγγενῆ
3646 2803 3757 2863 τοῖς
3789 2804 4024 2872 εἰρημέ-

2428 2889 2560 2937 νοις,
2609 2877 2684 2938 ὡς
2710 2879 2776 2931 ἄν
2815 2897 2876 2946 γε
2904 2881 2964 2933 τὸ
2995 2885 3118 2936 καθ’
3141 2887 3289 2953 ἡμᾶς
3324 2887 3635 2944 διαϐάλλειν
3666 2895 3868 2961 δόγμα,
3905 2896 4019 2958 Τὰς

2426 2964 2488 3034 δὴ
2521 2967 2776 3032 τοιαύτας
2799 2975 2984 3037 φωνὰς
3016 2978 3112 3028 καὶ
3137 2980 3301 3042 αὐτὸς
3326 2985 3656 3053 γράμμασιν
3688 2990 4018 3052 Evr-mulsa;

2427 3055 2715 3126 ἀνέπεμπε
2769 3061 3018 3128 βασιλεῖ’
3054 3068 3088 3119 ἃ
3142 3069 3205 3141 δή
3243 3074 3337 3124 καὶ
3375 3073 3593 3142 βουλαῖς
3628 3079 3840 3132 ἐκείνου
3879 3083 4020 3134 κατα

2427 3148 2612 3199 πᾶσαν
2661 3153 2816 3204 πόλιν
2873 3158 2965 3208 καὶ
2996 3158 3180 3228 χώραν
3235 3162 3475 3236 δημοσία
3527 3171 3904 3237 προύτίθεντο.
3945 3176 4018 3227 Οὖ

2429 3239 2563 3292 πολὺ
2598 3243 2662 3293 τὸ
2699 3247 2756 3295 ἐν
2791 3247 2960 3315 μέσῳ,
3007 3253 3102 3304 καὶ
3130 3254 3158 3306 ὀ
3193 3257 3293 3324 μὲν
3340 3260 3448 3311 τῶν
3480 3263 3742 3314 τοιούτων
3775 3268 4021 3335 αὐτουρ-

2427 3333 2522 3400 γὸς
2560 3335 2690 3400 ἄξια
2729 3338 2838 3390 τῶν
2862 3343 3004 3396 κατὰ
3041 3344 3281 3414 Χριστοῦ
3316 3349 3532 3419 ὕϐρεων
3560 3356 3624 3406 τὰ
3655 3357 3794 3424 γέρα
3857 3371 4023 3424 κομι-

2426 3423 2602 3518 ςεται,
2659 3428 2914 3500 αὐτόχειρ
2982 3436 3277 3504 γενόμενος
3307 3441 3504 3495 ἑαυτοῦ
3529 3462 3540 3474 ·
3601 3423 3735 3497 καθί
3761 3450 3925 3518 ήμῶν
3963 3453 4019 3504 δὲ

2423 3516 2680 3586 διωγμοὶ,
2715 3525 2810 3574 καὶ
2843 3527 3039 3593 φυγαὶ,
3079 3532 3172 3583 καὶ
3207 3532 3394 3602 δήμων
3427 3516 3857 3604 ἐπαναστάσεις,
3927 3549 4020 3597 καὶ

2426 3609 2525 3661 ὅσα
2554 3615 2667 3675 τοῖς
2699 3619 2988 3687 προτέροις
3014 3623 3292 3690 ἐφάμιλλα
3319 3647 3331 3657 ·
3355 3629 3430 3692 ὡς
3463 3635 3558 3684 καί
3591 3651 3743 3698 τινας
3783 3640 3894 3689 τῶν
3923 3647 4018 3706 γέ-

738 3715 840 3768 gna
868 3699 1196 3768 injuriarum
1220 3701 1437 3754 Christo
1460 3701 1859 3756 contumeliose
1885 3701 2187 3764 illatarum,
2213 3703 2319 3755 sibi

2429 3717 2507 3751 νει
2544 3705 2850 3772 περιδὸξων
2901 3726 2958 3760 τε
3017 3711 3112 3764 καὶ
3163 3713 3436 3784 λαμπρῶν
3499 3723 3630 3774 εἵσω
3681 3731 4019 3793 γενομένους

737 3790 840 3857 ipsi
877 3805 1071 3843 manus
1102 3789 1403 3855 atl‘erendo,
1426 3792 1647 3859 praemia
1685 3789 1834 3844 tulit.
1858 3790 2029 3844 Nobis
2059 3806 2191 3845 vero
2221 3793 2322 3846 sub

737 3895 802 3933 eo
833 3889 1033 3947 parata:
1063 3881 1497 3948 persecutiones,
1526 3881 1664 3949 fuga:
1693 3883 2323 3952 p0pulorumqueinsul-

739 3973 994 4039 tatioues,
1026 3983 1079 4029 ct
1136 3975 1239 4029 alia
1273 3977 1554 4044 prioribus
1588 3976 1695 4030 illis
1748 3990 2142 4042 consentanea,
2180 3979 2318 4032 adeo

741 4068 1141 4121 recusationem
1167 4082 1275 4121 non
1295 4078 1513 4137 gravate
1543 4069 1736 4121 ultima
1767 4069 1961 4124 mortis
1988 4071 2318 4139 pertulerint

1162 4180 1331 4252 478
1387 4181 1624 4238 CAPUT
1683 4181 1894 4237 XXVII.

741 4271 812 4323 De
836 4272 949 4342 ejus
984 4274 1232 4343 temporis
1275 4276 1613 4343 martyribus,
1656 4283 1702 4326 ct
1739 4275 1918 4328 edictis
1948 4276 2001 4327 in
2044 4278 2194 4329 cereis
2237 4293 2325 4331 co-

1054 4341 1248 4394 lumnis
1283 4341 1466 4394 contra
1501 4359 1593 4394 nos
1632 4345 2010 4414 promulgatis.

807 4455 948 4510 Tum
993 4455 1217 4524 quidem
1256 4455 1329 4525 (l)
1373 4457 1601 4520 Emesae,
1636 4473 1758 4526 qua:
1796 4456 2094 4514 Phoenicia:
2128 4460 2324 4519 civitas

733 4557 844 4614 est,
871 4559 981 4601 tres
1011 4547 1291 4602 Christum
1331 4548 1652 4616 proﬁtentes
1680 4551 1871 4604 bestiis
1909 4561 2037 4604 sunt
2067 4552 2268 4623 objecti
2304 4572 2318 4608 :

736 4656 974 4709 quorum
1012 4657 1158 4695 unus
1189 4640 1457 4710 Sylvanus
1497 4644 1791 4712 episcopus
1827 4643 1952 4707 fuit,
1979 4646 2092 4714 jam
2127 4644 2321 4701 decre-

737 4733 903 4799 pitus,
932 4739 993 4784 ut
1045 4731 1138 4800 qui
1193 4731 1553 4801 quadraginta
1588 4747 1762 4786 annos
1817 4735 2086 4803 pastorale
2118 4751 2323 4791 munus

736 4827 986 4878 obiisset.
1023 4823 1229 4877 Eodem
1274 4834 1519 4894 tempore
1567 4837 1624 4880 et
1672 4825 1865 4881 Petrus
1918 4830 2321 4886 Alexandrinus
2362 4874 2365 4877 .

735 4919 986 4983 antistes,
1015 4916 1264 4970 ditinum
1291 4932 1518 4988 prorsus
1544 4920 1876 4988 episcopalis
1911 4920 2212 4976 [unctionis
2227 4939 2323 4978 ex-

734 5010 965 5077 cntplar,
991 5008 1211 5063 virtutis
1239 5023 1420 5070 causa.
1454 5021 1510 5064 et
1539 5011 1684 5079 quod
1713 5011 1782 5065 ab
1814 5011 2037 5068 ineunte
2070 5023 2232 5068 aetate
2259 5016 2316 5069 in

2426 5036 2550 5083 ποις
2587 4997 2732 5075 θεῖον
2775 4997 2946 5090 ὅντως
3003 4997 3139 5101 ἀρχέ

735 5103 1048 5156 divinorum
1096 5103 1444 5156 oraculorum
1487 5102 1689 5158 litteris
1739 5105 2076 5161 exercitatus
2127 5107 2323 5172 fuerat,

733 5204 1045 5262 correptus,
1079 5195 1227 5248 nulla
1251 5195 1300 5247 ei
1329 5196 1474 5264 justa
1499 5195 1712 5264 objecta
1740 5211 1906 5251 causa
1932 5199 2080 5267 (nam
2118 5198 2170 5251 id
2208 5200 2324 5253 Ma-

736 5289 975 5339 ximinus
1007 5288 1080 5340 ita
1115 5287 1402 5353 statuerat)
1435 5289 1630 5356 capitis
1662 5290 1995 5358 supplicium
2026 5292 2194 5345 subiit
2227 5308 2243 5344 :
2267 5303 2324 5347 et

735 5394 857 5430 cum
906 5393 972 5430 eo
1003 5377 1094 5432 alii
1125 5389 1390 5447 praeterea
1425 5377 1665 5448 .Egyptii
1709 5381 1954 5450 episcopi
1991 5383 2170 5437 multi.
2207 5384 2316 5438 Lu-

733 5472 923 5522 cianus
955 5486 1174 5539 quoque
1214 5474 1519 5543 presbyter,
1558 5475 1650 5542 qui
1700 5485 1926 5544 propter
1978 5477 2104 5529 vita-
2142 5479 2322 5530 conti—

734 5565 998 5627 nentiam,
1020 5573 1074 5617 et
1093 5578 1371 5619 sacrarum
1398 5567 1732 5620 Litterarum
1761 5568 2039 5635 peritiam,
2063 5569 2318 5624 Nicome-

733 5655 877 5706 diam
906 5655 1105 5708 ductus
1141 5655 1339 5708 fuerat.
1383 5657 1462 5710 lbi
1506 5659 1618 5721 ille,
1654 5673 1812 5729 prout
1851 5673 2118 5729 praesente
2155 5663 2320 5731 impe-

808 5834 878 5902 ι1)
914 5833 996 5888 ει.
1039 5848 1204 5902 supra
1238 5851 1358 5904 Cap.
1399 5836 1485 5888 16.

2432 3795 2654 3863 χειρῶν,
2693 3798 3085 3870 ἀπαραιτήτως
3139 3807 3400 3878 ὑποσχεῖν
3455 3814 3691 3884 ἐσχάτην
3737 3825 4016 3890 τιμωρίαν

2431 3886 2523 3938 τὸν
2559 3887 2808 3943 θάνατον.

2360 3989 2421 4033 ut
2488 3986 2740 4040 nonnulli
2776 3988 2927 4043 claro
2959 3991 3078 4048 loco
3106 3998 3274 4063 geniti
3307 4005 3487 4070 magni
3521 4005 3618 4058 viri
3650 4010 3818 4076 capti,
3882 4011 4017 4067 citra

2356 4076 2647 4145 supplicia.

3015 4199 3266 4257 ΚΕΦΑΛ.
3301 4205 3427 4259 ΚΖ’.

2423 4278 3464 4378 Περὶ’τῇ-.ἷόξε-Αιέαρτιὶρηρνάῖτων,
3499 4299 3594 4352 καὶ
3622 4303 3742 4378 τῶιζ
3774 4307 3846 4359 ἑν
3869 4311 4016 4378 στή-

2561 4355 2698 4416 λαις
2724 4357 2982 4422 χαλκαῖς
3011 4355 3141 4411 καθ’
3177 4364 3341 4430 ἡμῶν·
3376 4355 3883 4441 προσταγμάτων,

2492 4465 2602 4516 Καὶ
2634 4468 2697 4536 δή
2745 4486 2893 4532 τινες
2945 4472 3003 4523 ἐν
3061 4475 3289 4549 Ἐμέσῃ,
3350 4481 3450 4550 τῆς
3501 4486 3760 4558 Φοινίκης
3787 4493 3832 4544 δ’
3869 4496 4006 4567 αὓτη

2426 4556 2602 4621 πόλις,
2655 4563 2804 4627 τρεῖς
2867 4565 2957 4614 τὸν
3004 4565 3238 4636 Χριστὸν
3285 4576 3742 4648 ὁμολογήσαντες,
3807 4587 4007 4656 θηρσὶν

2425 4647 2844 4720 ἀπερῤίφησων
2906 4649 2981 4709 ὧν
3039 4656 3120 4723 εἷς
3182 4664 3486 4730 ὲπὲσκοπος
3547 4671 3807 4739 Σιλίεινδὶ
3835 4683 4009 4739 δνῦμι

2422 4735 2511 4842 ᾖν,
2574 4744 2630 4806 ἐς
2693 4746 2827 4814 βαθὺ
2860 4752 3048 4819 γήρως
3093 4755 3397 4824 ἐληλακὼς,
3459 4763 3530 4825 ὡς
3566 4768 3660 4819 καὶ
3715 4734 3896 4842 μ’έτη

2424 4834 2859 4909 λειτουργήματι
2916 4845 3186 4902 διανύσαι.
3234 4851 3360 4904 Ἐπὶ
3394 4855 3457 4925 δὴ
3487 4857 3661 4929 τούτῳ
3696 4862 3776 4930 τῷ
3831 4870 4014 4938 χρόνῳ

2426 4929 2520 4980 καὶ
2555 4930 2762 5001 Πέτρος
2791 4934 2819 4986 ὁ
2845 4935 2942 5004 τῆς
2970 4938 3389 5011 Ἀλεξανδρείας
3445 4951 3650 5022 ποιμήν
3687 4957 3745 5006 ὲν
3784 4929 4011 5014 ἐπισκὲζ

3148 5050 3317 5087 τυπον
3368 5041 3570 5110 ἀρετῆς
3619 5063 3675 5096 τε
3713 5051 3885 5118 χάριν
3917 5065 4008 5107 καὶ

2422 5111 2519 5180 τῆς
2549 5113 2658 5166 τῶν
2683 5113 2845 5168 θείων
2868 5118 3042 5188 λόγων
3070 5126 3134 5175 ὲκ
3163 5127 3286 5178 νέου
3313 5131 3625 5200 ἀσκήσεως,
3653 5137 4010 5208 ἀνάρπαστος

2419 5205 2684 5271 γεγονὼς,
2723 5211 2798 5276 μή
2833 5227 2976 5275 τινος
3020 5215 3241 5283 εὐλόγου
3296 5205 3777 5297 προηγησαμένης
3804 5205 4007 5298 αἰτίας,

2418 5297 2574 5348 τοῦτο
2604 5297 2668 5368 δὴ
2699 5300 3010 5370 Μαξιμένου
3048 5313 3479 5377 προστάξαντος,
3514 5318 3656 5382 ξίφει
3695 5323 3796 5392 τὴν
3836 5343 4008 5390 assa-

2416 5384 2514 5453 λήν
2539 5387 2944 5456 ἀποτέμνεται·
3016 5400 3111 5447 σὺν
3159 5399 3308 5468 αὐτῷ
3339 5403 3395 5452 δὲ
3439 5407 3531 5456 καὶ
3565 5407 3713 5461 ἄλλοι
3753 5414 3817 5461 τί
3843 5438 3860 5462 ν
3892 5418 4010 5465 κατ’

2421 5478 2702 5540 Αἴγυπτον
2740 5484 3063 5539 ἐπισκόπων
3095 5491 3321 5544 πολλοί·
3365 5499 3458 5548 καὶ
3497 5501 3799 5565 Λουκιανὸς
3871 5523 4004 5575 πρε-

2422 5571 2682 5641 σὸύτερος
2707 5575 2766 5628 ὲν
2793 5578 3054 5648 ἐγκρατεῖ
3079 5581 3180 5652 βίῳ
3205 5587 3297 5638 καὶ
3324 5586 3497 5654 λόγων
3529 5591 3688 5660 ιερῶν
3719 5571 4007 5668 ἐπιστήμῃ

2417 5664 2509 5713 ἐπὶ
2548 5665 2635 5734 τὴν
2674 5665 3025 5738 Νικομήδους
3055 5675 3265 5743 ἀχθεὶς,
3296 5681 3387 5730 καὶ
3419 5679 3685 5748 βασιλέα»,
3726 5664 4003 5760 παρουσία
