4220 6438
222 383 369 446 1265

1157 393 1760 456 ECCLESIASTICE
1801 397 2193 458 ΠΙΞΤΟΠΜΞ
2232 401 2381 462 LIB.
2415 398 2541 461 VII.

3364 398 3506 464 1266

217 505 327 574 τὴν
356 505 670 576 ἀνήκουσαν
691 507 833 578 ὑπὲρ
863 504 930 577 ἦς
979 511 1282 579 ἠγωνίζετο
1322 515 1559 577 πίστεως
1610 515 1812 567 ἀπολο-

1928 529 2098 572 ratore
2120 520 2506 581 conveniebat,
2533 517 2697 575 tidem
2727 533 2827 590 pro
2847 534 2954 590 qua
2986 519 3332 584 decertabat,
3362 520 3501 573 mira

215 601 353 664 τίαν
384 599 710 667 παρασχὼν,
732 599 926 654 ἔπειτα
949 603 1316 675 δεσμωτηρίῳ
1351 607 1566 677 σχεθείς
1598 606 1813 660 κτίννυ-

213 705 334 742 ται.
369 689 614 744 Τοιαῦτα
661 691 901 758 ἐξάπινα
934 695 1012 763 τῷ
1061 697 1322 752 δυτσεσεί
1357 700 1655 772 Μαξιμίνῳ
1689 700 1812 754 καθ’

214 781 387 851 ἡμῶν
412 782 721 854 διεπράχθη
747 800 764 816 ο
793 785 870 850 ὡς
902 789 999 840 καὶ
1031 788 1210 843 δοκεῐν
1235 791 1329 844 τοῦ
1379 793 1652 863 προτέρου
1682 793 1812 847 διω-

215 874 367 944 γμοῦ
401 877 620 948 χείρονα
675 879 868 934 τοῦτον
902 882 1038 952 ήμῖν
1094 883 1511 956 ἐπεγείρεσθαι.
1560 887 1812 957 Τοσαύτη

216 965 266 1019 δ’
294 963 365 1036 ἦν
399 970 432 1039 ή
472 970 664 1038 μανία,
722 972 799 1036 ὼς
827 975 967 1044 ὅπερ
1018 976 1128 1030 οὐδ’
1158 978 1350 1032 ἀλλοτέ
1417 997 1548 1032 ποτε
1591 982 1811 1048 γεγονὸς

222 1062 660 1131 μνημονεύεται,
715 1065 838 1118 τότε
889 1066 1252 1138 πραχθῆναι·
1304 1071 1647 1140 ψηφίσματα
1705 1074 1813 1143 γάρ

217 1153 438 1206 πόλεων
477 1157 570 1206 καὶ
606 1154 906 1222 βασιλικῶν
957 1158 1274 1229 ἀντίγραφα
1327 1160 1654 1227 διατάξεων,
1687 1164 1816 1232 χαλ-

221 1246 354 1306 καῖς
377 1261 492 1298 τισι
516 1246 742 1316 στήλαις
795 1249 1251 1321 ἐγχαραττόμενα
1303 1255 1446 1321 κατὰ
1510 1256 1684 1324 μέσας
1712 1258 1812 1319 τὰς

225 1338 422 1402 πόλεις
449 1343 533 1404 είς
562 1341 835 1413 ήμέτερον
868 1345 1130 1409 ἐξανίστα
1156 1346 1300 1408 δέος.
1348 1348 1473 1411 Τοῖς
1509 1347 1555 1400 δ’
1579 1350 1636 1411 ἐς
1667 1347 1812 1401 διδα-

223 1431 432 1483 σκάλου
483 1431 745 1498 φοιτῶσιν
801 1433 1008 1488 ἀπασιν
1071 1437 1176 1490 ἀνά
1232 1439 1415 1490 πᾶσαν
1470 1438 1685 1508 ήμέραν
1713 1441 1816 1492 οὐκ

225 1522 361 1574 ἀλλο
393 1539 455 1590 γε
478 1519 547 1594 ἦν
579 1524 668 1577 διά
699 1526 974 1595 στόματος
1002 1527 1035 1597 ἢ
1069 1529 1302 1593 Πιλᾶτος
1331 1531 1428 1582 καὶ
1459 1530 1694 1599 Ἰησοῦς,
1724 1533 1816 1583 καὶ

225 1617 296 1667 τά
321 1616 405 1678 είς
434 1615 596 1686 ῦδριν
623 1619 784 1686 ήμῶν
815 1621 1218 1691 νεουργηθέντα
1250 1621 1578 1692 πλάσματα·
1615 1624 1684 1676 δι’
1742 1618 1818 1677 ὧν

225 1709 290 1759 τὸ
329 1707 590 1777 θεομισὲς
646 1710 742 1762 καὶ
804 1712 1094 1783 ὑπέροφρυ
1130 1713 1228 1783 τῆς
1271 1714 1583 1783 Μαξιμίνου
1614 1717 1816 1785 μιαρᾶς

1916 621 2044 661 cum
2073 606 2329 664 libertate
2348 607 2616 672 defendit.
2639 607 2695 664 in
2718 623 2993 664 carcerem
3020 610 3307 679 coniectus
3336 620 3503 679 atque

1921 708 2154 754 necatus
2196 709 2306 755 est.
2349 701 2484 755 Tam
2517 701 2701 771 gravia
2731 701 2786 754 in
2815 715 2915 756 nos
2949 702 3150 770 impius
3176 702 3505 758 Maximinus

1916 791 2160 846 facinora
2202 792 2401 855 edidit,
2437 801 2494 846 ut
2529 794 2681 848 visus
2725 793 2797 848 sit
2827 795 3089 865 majorem
3120 795 3285 849 etiam
3317 796 3504 865 priore

1915 884 2297 950 persecutione
2330 893 2522 938 contra
2564 900 2664 940 nos
2702 886 3018 941 concitasse
3064 895 3294 940 motum.
3331 886 3504 957 Cujus

1917 975 2083 1028 etiam
2118 983 2265 1028 tanta
2295 975 2397 1029 fuit
2432 975 2634 1030 mentis
2668 977 2952 1041 vecordia,
2981 985 3188 1046 quanta
3220 993 3502 1046 nunquam

1917 1077 2078 1120 antea
2104 1065 2382 1135 exstitisse
2407 1067 2688 1122 memoria
2720 1067 2934 1138 prodita
2965 1078 3070 1123 est.
3103 1069 3330 1124 Decreta
3357 1070 3503 1123 enim

1920 1159 2161 1219 urbium,
2195 1166 2250 1212 et
2306 1157 2678 1229 imperialium
2720 1159 3183 1215 constitutionum
3239 1161 3505 1230 rescripta

1917 1250 2073 1304 aereis
2110 1249 2382 1319 insculpta
2407 1251 2702 1316 columnis,
2748 1251 3131 1306 terrendorum
3161 1250 3508 1307 Christiano-

1919 1357 2040 1395 rum
2075 1357 2238 1396 causa
2272 1342 2328 1396 in
2363 1343 2560 1398 mediis
2594 1343 2826 1398 urbibus
2855 1343 3132 1414 publicata
3171 1359 3185 1397 :
3223 1355 3279 1399 et
3316 1345 3506 1414 pueris

1918 1434 1976 1488 in
2007 1435 2197 1489 ludum
2239 1434 2570 1489 litterarium
2613 1435 2681 1489 ad
2714 1435 3003 1505 magistros
3053 1435 3337 1499 euntibus,
3370 1434 3508 1489 nihil

1919 1527 2066 1580 aliud
2103 1537 2216 1581 toto
2250 1526 2340 1582 die
2391 1527 2446 1580 in
2481 1540 2579 1581 ore
2629 1534 2750 1580 erat
2779 1541 2942 1595 quam
2987 1527 3196 1581 Pilatus
3239 1536 3295 1582 et
3321 1526 3508 1590 Jesus,

1920 1618 2137 1688 aliaque
2166 1621 2286 1687 ejus
2318 1618 2539 1688 generis
2567 1618 2634 1672 ad
2669 1619 3063 1674 contumeliam
3110 1630 3353 1674 nostram
3390 1629 3506 1672 tum

1921 1712 2160 1781 primum
2211 1711 2444 1767 conficta
2485 1723 2541 1768 et
2591 1717 2899 1785 excogitata
2956 1727 3104 1781 :per
3156 1728 3281 1782 qua:
3325 1712 3510 1766 omnia

224 1799 414 1869 ψυχῆς
438 1799 619 1865 ἔξεστι
649 1801 972 1872 διαγνῶναι,
1017 1807 1116 1858 καὶ
1147 1807 1246 1875 τὴν
1281 1806 1436 1876 ίεράν
1468 1807 1820 1876 ἐκπλαγῆναι

1928 1819 2200 1858 summum
2244 1803 2523 1860 Maximini
2571 1805 2627 1859 in
2661 1806 2831 1860 Deum
2873 1804 3085 1870 odium,
3123 1803 3513 1873 arrogantissi-

225 1890 389 1961 δίκην
435 1893 719 1962 ἄγρυπνον
754 1888 926 1948 οὖσαν
954 1897 1073 1959 ταῖς
1103 1896 1212 1948 τῶν
1238 1895 1456 1948 ἀσεϐῶν
1506 1897 1818 1966 πονηρίαις,

229 1983 329 2036 καὶ
356 1986 503 2037 κατά
527 1986 694 2045 πόδας
724 1985 1055 2051 ἐπεξιοῦσαν
1079 2004 1092 2018 ·
1124 1987 1215 2056 ὑφ’
1248 1983 1314 2060 ἦς
1347 1989 1730 2059 ἐλαυνόμενος,
1755 1990 1812 2042 οὐ

229 2077 379 2127 πάνυ
429 2078 616 2148 πόρρω
657 2079 756 2131 καὶ
817 2079 984 2141 αὐτὸς
1027 2080 1293 2134 τάναντία
1344 2081 1613 2150 ἐγγράφῳ
1668 2082 1820 2150 νόμῳ

233 2169 377 2239 ὑπὲρ
416 2170 572 2238 ήμῶν
603 2169 944 2225 ἐϐουλεύετο.
1000 2170 1147 2240 Ἐγὼ
1176 2173 1235 2227 δὲ
1265 2175 1344 2236 είς
1382 2173 1612 2237 ἔνδειξιν
1643 2175 1739 2228 καί
1766 2193 1817 2226 τι

233 2263 403 2330 μέρος
428 2261 537 2314 τῶν
564 2264 621 2315 ἐν
655 2265 881 2334 στήλαις
915 2265 1110 2336 ἐκείνῳ
1160 2268 1570 2336 γεγραμμένων
1603 2267 1818 2337 ἐνθήσω

230 2359 302 2426 τῇ
337 2355 572 2425 ίστορία.
615 2350 744 2424 Εἶχε
786 2356 842 2408 δὲ
875 2354 1071 2420 οὕτως.
1136 2375 1155 2410 t
1190 2357 1330 2428 Ἤδη
1364 2360 1491 2411 ποτὲ
1523 2361 1554 2428 ή
1588 2359 1819 2429 ἀσθενὴς

234 2445 518 2518 θρασύτης
579 2448 682 2517 τῆς
737 2449 1091 2518 ἀνθρωπίνης
1138 2449 1381 2514 διανοίας
1414 2451 1603 2520 ἴσχυσε
1639 2453 1818 2505 πᾶσαν

232 2541 453 2610 πλάνης
512 2540 878 2609 ἀμαυρότητα
937 2542 1031 2593 καὶ
1088 2541 1325 2612 ὀμίχλην
1381 2544 1820 2614 ἀποστησαμένη

238 2635 338 2686 καὶ
361 2634 732 2685 ἀνισκεῦάσαι
753 2651 767 2662 ·
799 2634 922 2702 ἣτις
949 2634 1058 2698 πρὸ
1084 2635 1273 2688 τούτου
1317 2635 1378 2688 οὐ
1433 2636 1688 2689 τοσοῦτον
1714 2637 1820 2689 τῶν

239 2718 478 2783 ἀσεϐῶν,
509 2721 634 2772 ὅσον
663 2720 775 2773 τῶν
807 2721 1010 2774 ἀθλίων
1041 2721 1350 2792 ἀνθρώπων
1397 2725 1498 2786 τάς
1535 2723 1822 2794 αἰσθήσεις

236 2811 470 2880 ὀλεθρίῳ
496 2813 722 2878 ἀγνοίας
746 2800 926 2882 σκότῳ
948 2813 1324 2884 ἐνειληθείσας
1354 2815 1670 2886 ἐπολιόρκει
1697 2817 1820 2869 ἐπι-

239 2903 483 2971 γνῶναι·
515 2903 655 2957 ὥστε
687 2904 795 2957 τῶν
827 2906 1119 2959 ἀθανάτων
1177 2903 1319 2958 θεῶν
1361 2906 1652 2978 φιλαγάθῳ
1687 2924 1821 2977 προ-

244 2997 365 3066 νοίᾳ
401 2997 686 3050 διοικεῖται
723 2998 818 3050 καὶ
878 2997 1356 3067 σταθεροποιεῖται
1404 3000 1544 3069 ὅπερ
1578 2999 1822 3069 γράμμα

239 3087 478 3140 ἄπιστόν
511 3089 660 3140 ἐστιν
691 3089 870 3141 εἰπεῖν
890 3106 902 3119 ·
929 3090 1080 3152 ὅπως
1118 3093 1546 3160 κεχαρισμένον,
1578 3092 1728 3155 ὅπως
1761 3107 1823 3144 τι

235 3182 464 3251 ἥδιστον
493 3184 587 3236 καὶ
619 3183 921 3253 προσφιλὲς
951 3186 1082 3254 ἡμῖν
1111 3186 1340 3253 γέγονεν
1360 3201 1375 3217 ·
1429 3183 1504 3248 ὡς
1563 3183 1824 3254 μέγιστον
1854 3217 1900 3278 c

240 3275 448 3344 δεῖγμα
480 3277 578 3344 τῆς
603 3275 890 3342 θεοφιλοῦς
917 3279 950 3346 ἡ
961 3277 1080 3346 μῶν
1113 3278 1500 3346 προαιρέσεως
1523 3276 1828 3346 δεδηλωκέ-

241 3382 374 3420 ναι·
410 3367 544 3420 ὅπου
605 3383 666 3418 τε
703 3367 801 3420 καὶ
838 3368 948 3435 πρὸ
1000 3367 1193 3422 τούτου
1235 3369 1417 3422 οὐδενὶ
1445 3370 1729 3437 ἄγνωστον
1758 3364 1826 3440 ἦν

244 3459 436 3520 ὁποίας
493 3460 935 3528 παρατηρήσεως
982 3460 1074 3510 καὶ
1123 3460 1440 3523 θεοσεϐείας
1499 3461 1637 3530 πρὸς
1699 3463 1827 3523 τοὺς

246 3549 557 3612 ἀθανάτους
589 3550 920 3620 ἐτυγχάνετε
945 3552 1100 3614 ὄντες
1123 3567 1134 3580 ’
1165 3551 1260 3616 οὒς
1285 3554 1346 3604 οὑ
1374 3553 1548 3621 ψιλῶν
1567 3554 1664 3607 καὶ
1692 3555 1826 3606 ὐπο-

247 3645 426 3695 κένων
455 3645 722 3714 ῥημάτων
741 3645 950 3709 πίστις,
982 3645 1120 3698 ἀλλὰ
1149 3647 1247 3719 καὶ,
1281 3647 1483 3715 συνεχῆ
1521 3649 1615 3698 καὶ
1651 3648 1831 3716 παρά-

246 3737 378 3800 δοξα
406 3737 583 3805 ἔργων
629 3739 921 3807 ἐπισήμων
970 3738 1325 3810 γνωρίζεται.
1355 3741 1560 3809 Διόπερ
1587 3741 1829 3804 ἐπαξίως

249 3830 284 3897 ἡ
317 3827 560 3898 ὑμετέρα
613 3830 769 3891 πόλις
799 3829 940 3883 θεῶν
968 3831 1253 3884 ἀθανάτων
1301 3831 1468 3898 φόϐον
1523 3832 1728 3900 ίδρυμά
1768 3848 1830 3884 τε

250 3921 351 3971 καὶ
383 3921 702 3988 οἰκητήριον
743 3922 1082 3974 ἐπικαλοῖτο.
1117 3921 1343 3984 Πολλοῖς
1375 3921 1507 3988 γοῦν
1533 3923 1831 3992 παραδείγ-

254 4026 392 4078 μασι
440 4011 844 4078 καταφαίνεται
897 4015 966 4081 τῇ
1001 4014 1112 4064 τῶν
1166 4013 1436 4082 οὐρανίων
1480 4013 1620 4066 θεῶν
1661 4014 1832 4084 αὐτὴν

251 4104 525 4173 ἐπιδημίᾳ,
586 4105 793 4158 ἀνθεῖν.
863 4105 997 4158 Ἰδοὺ
1037 4107 1221 4157 τοίνυν
1279 4106 1594 4176 ήὺμετέρα
1649 4107 1830 4172 πόλις,

255 4192 478 4243 πάντων
510 4191 623 4243 τῶν
666 4191 772 4262 ἰδίᾳ
820 4192 1198 4262 διαφερόντων
1245 4193 1419 4262 αὐτῆς
1481 4194 1831 4263 ἀμελήσασα,

254 4284 353 4337 καὶ
381 4286 484 4347 τὰς
507 4285 779 4354 πρότερον
802 4285 912 4337 τῶν
952 4285 1096 4353 ὑπὲρ
1124 4286 1296 4353 αὐτῆς
1331 4287 1680 4355 πραγμάτοιν
1707 4286 1835 4355 δεή-

256 4392 376 4439 σεις
397 4374 728 4445 παριδοῦσα,
767 4379 857 4430 ὅτε
886 4377 1052 4430 πάλιν
1083 4376 1282 4446 ᾔσθετο
1303 4379 1402 4445 τῆς
1429 4377 1526 4430 τοῦ
1553 4377 1835 4445 ἐπαράτου

259 4472 626 4538 ματαιότητος
670 4468 966 4535 γεγονότας
1009 4468 1204 4538 ἕρπειν
1246 4470 1344 4522 καὶ
1392 4468 1676 4537 ἔρχεσθαι,
1739 4465 1835 4519 καὶ

1927 1910 2187 1964 unumque
2216 1896 2504 1951 scelerosae
2532 1897 2653 1964 ejus
2684 1897 2881 1952 animae
2907 1897 3265 1967 supercilium
3296 1895 3512 1964 perspi-

1924 2001 2050 2042 cere
2085 1987 2263 2051 licuit,
2313 1997 2369 2042 et
2397 1985 2640 2041 divinam
2673 1988 2862 2042 mirari
2912 1987 3234 2051 vindictam,
3265 2001 3388 2054 quae
3415 2000 3513 2040 ex-

1926 2081 2132 2135 cubare
2183 2080 2445 2135 continua
2495 2081 2733 2149 quadam
2781 2081 2967 2149 vigilia
3004 2095 3173 2149 super
3216 2079 3511 2143 impiorum

1930 2173 2154 2233 malitia.
2188 2173 2524 2242 eosdemque
2571 2173 2627 2226 in
2659 2172 2895 2242 vestigio
2927 2173 3189 2242 consequi
3231 2172 3389 2227 solet.
3431 2171 3515 2224 Ab

1929 2266 2033 2319 hac
2076 2267 2166 2320 ille
2215 2266 2524 2336 perculsus,
2570 2282 2682 2322 non
2731 2267 2904 2321 multo
2949 2275 3073 2336 post
3130 2267 3246 2334 lege
3289 2266 3514 2334 scripta,

1929 2356 2098 2426 priori
2142 2355 2507 2425 paciﬁcationi
2565 2358 2904 2411 contrarium
2956 2372 3187 2426 prorsus
3235 2356 3304 2410 de
3356 2356 3518 2410 nobis

1928 2451 2141 2505 statuit.
2163 2450 2231 2505 Ut
2264 2460 2450 2504 autem
2478 2449 2731 2520 impietas
2752 2451 2872 2520 ejus
2900 2450 3189 2505 manifesto
3226 2449 3515 2519 probetur,

1931 2556 2139 2613 partem
2184 2544 2480 2612 quamdam
2520 2543 2930 2598 constitutionis
2976 2544 3098 2613 ejus
3140 2558 3305 2611 quam
3338 2542 3390 2596 in
3425 2557 3520 2596 co-

1930 2639 2173 2690 lumnam
2219 2635 2387 2689 incidi
2434 2639 2668 2694 curavit.
2719 2633 2967 2688 historiae
2996 2634 3125 2687 huic
3157 2635 3399 2686 inserere
3431 2640 3517 2686 est

1930 2729 2131 2782 visum.
2183 2727 2291 2783 Res
2341 2729 2422 2782 sic
2460 2743 2518 2782 se
2555 2727 2743 2790 habet,
2783 2746 2801 2777 ι
2829 2725 2948 2780 Jam
2990 2726 3210 2780 tandem
3241 2725 3517 2779 imbecilla

1931 2819 2184 2873 humana:
2209 2817 2408 2872 mentis
2444 2817 2672 2873 audacia
2702 2815 3044 2872 seductionis
3067 2817 3387 2885 errorisque
3419 2816 3519 2870 ob-

1929 2913 2248 2967 scuritatem
2273 2920 2438 2980 atque
2461 2912 2750 2981 caliginem
2777 2910 2990 2979 depulit
3011 2922 3067 2964 et
3100 2910 3396 2964 discussit:
3419 2907 3516 2978 qui

1930 3004 2150 3073 quidem
2180 3003 2417 3058 antehac
2439 3003 2766 3073 perniciosis
2787 3002 3111 3072 ignorantiae
3141 3001 3404 3065 tenebris,
3441 3001 3516 3056 ita

1931 3111 2042 3151 non
2077 3105 2184 3150 tam
2223 3096 2518 3166 impiorum
2551 3112 2714 3165 quam
2752 3095 3193 3150 miserandorum
3229 3095 3516 3148 hominum

1929 3203 2126 3242 sensus
2167 3189 2431 3251 involvit,
2464 3187 2631 3260 479
2663 3197 2718 3241 ιιι
2748 3205 2864 3242 rem
2903 3189 3304 3256 veritatemque
3344 3188 3518 3256 ipsam

1931 3297 2272 3351 cognoscere
2322 3298 2430 3335 non
2465 3282 2769 3351 potuerint.
2801 3281 2907 3336 Sed
2945 3281 3212 3350 singulari
3250 3281 3517 3348 benigna-

1929 3387 2038 3441 que
2065 3371 2296 3427 deorum
2340 3372 2732 3426 immortalium
2772 3370 3140 3450 providentia,
3172 3371 3402 3425 infidum
3439 3377 3521 3423 at-

1930 3479 2038 3532 que
2071 3464 2324 3532 iniquum
2373 3467 2454 3532 (ut
2488 3465 2560 3517 ita
2605 3463 2809 3531 dicam)
2857 3464 3010 3517 librae
3047 3473 3411 3526 momentum,
3449 3461 3518 3515 ad

1928 3553 2137 3621 justam
2181 3567 2499 3622 rectamque
2544 3564 2802 3609 stateram
2838 3564 2922 3609 est
2969 3554 3279 3619 reductum,
3313 3566 3372 3606 ut
3431 3567 3519 3607 res

1931 3661 2125 3699 omnes
2161 3647 2320 3700 nobis
2369 3649 2561 3712 gratae,
2597 3662 2794 3700 suaves
2838 3657 2893 3699 et
2927 3645 3188 3714 jucunda-
3237 3646 3517 3706 eveniant,

1933 3745 1988 3789 et
2023 3745 2076 3788 ut
2106 3735 2218 3804 jam
2241 3736 2534 3788 maximum
2567 3736 3052 3803 certissimumque
3080 3744 3285 3790 nostra:
3313 3734 3382 3788 de
3413 3734 3523 3788 diis

1934 3825 2068 3894 ipsis
2089 3825 2366 3892 opinionis
2401 3840 2466 3879 ac
2497 3825 2717 3892 pietatis
2745 3833 2922 3878 exstet
2951 3825 3249 3879 indicium.
3282 3824 3387 3879 Sed
3420 3838 3520 3878 ne-

1934 3933 2044 3986 que
2087 3918 2320 3970 antehac
2379 3918 2634 3985 cuiquam
2682 3917 2929 3986 ignotum
2965 3917 3086 3978 fuit,
3129 3917 3333 3986 quibus
3358 3931 3525 3971 etcre-

1935 4011 2137 4065 moniis
2178 4019 2234 4064 et
2264 4009 2436 4063 sacris
2475 4010 2550 4062 dii
2585 4006 2922 4063 immortales
2961 4025 2990 4062 a
3017 4010 3174 4063 vobis
3204 4010 3316 4063 sint
3349 4009 3523 4074 culti,

1937 4118 2077 4171 quos
2109 4118 2218 4156 non
2249 4102 2414 4156 nudis
2445 4114 2609 4172 atque
2642 4103 2900 4157 inanibus
2929 4103 3056 4156 ﬁdei
3085 4104 3291 4167 verbis,
3329 4118 3525 4156 verum

1938 4192 2282 4247 admirandis
2315 4193 2707 4261 praeclarisque
2748 4193 3014 4261 operibus
3047 4203 3317 4261 perpetuo
3351 4208 3520 4246 vene-

1939 4285 2050 4338 rari
2081 4294 2137 4338 et
2164 4282 2518 4352 magniﬁcare
2549 4285 2828 4338 convenit.
2857 4285 3024 4338 Recte
3049 4285 3298 4352 profecto
3330 4283 3527 4337 civitas

1939 4387 2121 4431 vestra
2155 4377 2386 4430 deorum
2419 4375 2841 4440 immortalium,
2879 4387 3106 4446 propter
3134 4377 3341 4429 cultum
3366 4376 3526 4429 timo—

1944 4484 2170 4536 remque
2222 4484 2440 4530 eorum,
2498 4470 2802 4522 sacrarium
2839 4477 2891 4522 et
2933 4467 3279 4521 domicilium
3336 4465 3522 4520 vocari

257 4561 449 4630 ῶσπερ
500 4561 876 4631 ἀμεληθεῖσαν
916 4568 1012 4614 και
1041 4561 1466 4630 κεκοιμημένην
1500 4560 1676 4628 αὔραν
1705 4560 1822 4611 ἀνα·

1945 4566 2112 4624 queat
2146 4574 2161 4610 :
2215 4567 2272 4611 et
2311 4557 2498 4610 multis
2535 4557 2752 4610 indiciis
2777 4557 2912 4611 satis
2942 4567 3182 4621 constat,
3205 4573 3325 4611 eam
3359 4559 3527 4612 coale—

259 4653 708 4721 ζωπυρουμένων
760 4651 869 4704 τῶν
937 4650 1187 4717 πυρσῶν,
1249 4649 1514 4718 μεγίστην
1558 4649 1822 4717 πυρκαῐάι

1945 4648 2112 4702 stium
2141 4649 2371 4702 deorum
2399 4649 2688 4717 praesentia
2724 4647 2939 4702 ﬂorere.
2974 4651 3164 4718 Itaque
3199 4649 3330 4703 urbs
3349 4659 3526 4704 vestra

260 4745 708 4813 ἀναπληροῦσαν,
765 4743 968 4806 εὐθέως
1027 4744 1165 4812 πρὸς
1223 4742 1324 4808 τὴν
1365 4741 1648 4810 ἡμετέραν
1697 4739 1845 4793 εὐσέο

260 4840 435 4901 ϐειαν,
462 4837 654 4906 ὥσπερ
696 4837 832 4906 πρὸς
879 4835 1218 4906 μητρόπολιν
1254 4833 1445 4886 πασῶν
1495 4831 1844 4892 θεοσεὸειῶν,

1945 4753 2070 4792 cum
2103 4741 2270 4794 rebus
2295 4741 2556 4793 onmibus
2585 4740 2662 4793 illi
2691 4740 3048 4808 peculiariter
3081 4740 3528 4794 conducibilibus

1947 4833 2300 4900 posthabitis,
2333 4842 2448 4886 tum
2485 4834 2652 4886 etiam
2687 4841 2743 4886 et
2779 4833 3141 4901 petitionibus
3190 4834 3394 4902 quibus
3429 4850 3528 4902 pro

259 4929 429 4996 χωρὶς
490 4926 768 4996 μελήσεώς
826 4940 974 4986 τινος
1025 4923 1357 4990 κατέφυγεν,
1414 4923 1558 4974 ίασίν
1603 4938 1723 4974 τινα
1748 4937 1820 4974 κα

1946 4941 2048 4978 suo
2093 4926 2267 4993 ipsius
2305 4936 2447 4980 Statu
2497 4927 2652 4994 prius
2697 4927 2772 4979 uti
2804 4927 3040 4991 solebat,
3087 4929 3329 4993 omBsis,
3363 4943 3526 4997 quam

265 5019 522 5089 βοήθειαν
543 5016 852 5070 ἀπαιτοῦσα
874 5033 888 5047 ·
928 5034 947 5067 ι
987 5017 1082 5068 atat
1115 5016 1184 5067 τά
1210 5015 1338 5082 ἑξῆς
1361 5015 1460 5082 τῆς
1486 5015 1680 5083 ὁμοίας
1707 5015 1838 5066 δυσ-

265 5110 486 5172 σεσείας
514 5109 772 5178 ἐχόμενα.
799 5108 1004 5175 πολλὴν
1029 5107 1377 5176 καταδρομὴν
1410 5101 1554 5175 ἦσαν
1590 5105 1838 5172 λέγοντα·

266 5204 341 5264 ὡς
371 5201 442 5252 δι’
476 5202 622 5267 ἡμᾶς
652 5203 712 5252 τὸ
751 5201 896 5254 θεῖον
928 5198 1212 5269 δυσμενῶς
1255 5197 1400 5269 ἔχον,
1438 5197 1548 5248 πᾶν
1579 5195 1705 5247 εἴτι
1731 5195 1844 5248 δει-

267 5298 358 5350 νδν
399 5300 456 5350 ἐν
486 5298 608 5366 ἀέρι
632 5295 731 5347 καὶ
763 5294 836 5363 γῇ
869 5293 962 5345 καὶ
991 5291 1183 5343 ὕδασιν
1205 5289 1449 5360 ἐμποιεῖ.

269 5410 337 5449 ac
365 5394 593 5448 dilatare
614 5388 810 5454 sensit,
841 5387 985 5441 nulla
1011 5386 1334 5456 interposita
1405 5398 1557 5438 mora

1942 5018 2180 5082 primum
2217 5033 2412 5071 rursus
2441 5015 2697 5070 homines
2723 5018 3074 5071 exsecranda!
3107 5017 3336 5070 vanitati
3374 5018 3528 5072 dedi-

1942 5119 2027 5162 tos
2060 5109 2169 5165 tate
2214 5124 2437 5177 serpere
2467 5118 2525 5162 et
2558 5109 2877 5177 propagari,
2924 5125 2987 5163 ac
3019 5109 3188 5162 veluti
3223 5110 3525 5180 neglectam

1942 5209 2105 5265 atque
2133 5198 2367 5266 sopitam
2410 5213 2602 5250 auram
2646 5197 2857 5251 facibus
2901 5198 3014 5251 vim
3048 5197 3338 5267 ignemque
3366 5213 3527 5252 suum

1943 5304 2041 5358 per
2076 5304 2196 5341 eam
2228 5288 2647 5356 recipientibus,
2693 5299 2905 5341 vastum
2958 5289 3273 5343 incendium
3305 5288 3529 5342 ditlerre

1629 5382 1921 5438 confestim
1961 5383 2027 5437 ad
2071 5384 2330 5451 pietatem
2382 5392 2649 5443 nostram,
2689 5383 2916 5450 perinde
2947 5391 3108 5451 atque
3151 5381 3219 5435 ad
3247 5396 3528 5436 sacrorum

268 5490 566 5557 cultusque
619 5487 847 5540 deorum
906 5483 1087 5537 omnis
1135 5480 1485 5549 metrOpoIim
1549 5479 1848 5546 urbemque
1885 5480 2188 5548 principem
2253 5478 2519 5548 confugit,
2590 5494 2748 5547 opem
2780 5489 2834 5533 ei
2862 5478 3129 5533 auxilium
3159 5479 3526 5547 implorans.)

272 5589 338 5643 Et
390 5597 584 5640 caetera
635 5598 755 5652 quae
807 5589 1137 5651 sequuntur,
1201 5577 1504 5632 consimilis
1549 5577 1845 5644 impietatis
1883 5575 2064 5644 plena.
2125 5577 2898 5645 professionemquenostram
2961 5576 3382 5643 perstringentia
3413 5577 3527 5646 (l):

271 5692 530 5747 tanquam
562 5676 809 5728 divinum
842 5675 1050 5728 Numen
1089 5680 1312 5742 propter
1340 5684 1442 5724 nos
1465 5671 1686 5729 iratum,
1727 5667 1994 5738 quidquid
2025 5678 2109 5721 est
2146 5668 2198 5719 in
2228 5683 2375 5726 aere,
2409 5668 2462 5720 in
2501 5678 2643 5720 terra
2678 5678 2726 5720 et
2769 5669 2819 5719 in
2848 5669 3002 5735 aquis
3029 5669 3174 5730 mali,
3221 5668 3533 5726 hominibus

275 5773 555 5826 immittat.

349 5887 425 5955 (ί)
455 5884 723 5939 Eusebius
765 5881 861 5936 lib.
900 5899 973 5948 ix,
1025 5896 1143 5950 cap.
1193 5883 1240 5942 7,
1288 5881 1378 5950 qui
1429 5880 1694 5946 scriptum
1750 5879 1850 5933 hoc
1893 5876 2016 5946 T}l‘l
2053 5887 2394 5945 projosttum
2439 5875 2588 5927 vidit.
