4220 6438
756 373 885 441 1971

1975 385 2400 449 NlCEPHORl
2450 389 2803 453 CALLlSTl

3876 396 4028 459 1972

748 494 840 547 ubi
866 492 1260 548 Constantinus
1286 492 1622 565 (frequentes
1646 510 1883 567 namque
1907 498 1973 552 ad
1998 515 2124 555 eum
2149 500 2320 557 Roma
2352 552 2358 565 ι

2425 507 2453 559 δ
2479 506 2575 559 τοῦ
2607 505 2962 575 Ἐρκουλλῖου
2994 507 3129 569 υἱός.
3163 505 3225 558 Ἀ
3258 505 3379 574 δῆτ’
3403 505 3620 559 ἀκούων
3652 507 3678 558 ὁ
3710 508 4026 559 Κωνστανσ-

745 585 1040 639 veniebant
1094 594 1365 650 oratores,
1413 602 1483 641 ne
1516 589 1706 644 urbem
1735 606 1855 644 eam
1918 592 2311 663 imperatorum

747 686 979 730 matrem
1036 676 1367 746 despiceret,
1427 694 1564 734 neve
1623 681 1702 736 ita
1758 698 1787 734 a
1850 685 2150 740 saevissima
2203 686 2321 741 fera

744 772 949 825 vastari
1000 781 1326 840 pateretur,
1381 773 1625 843 orantes)
1682 777 1963 846 cognovit,
2018 778 2315 833 admodum

744 872 830 915 est
865 863 943 916 ira
976 877 1306 927 commetus,
1356 865 1705 936 graviterque
1754 875 1917 923 tanta:
1976 868 2321 939 indignitatis

747 951 945 1006 famam
979 954 1123 1008 tulit.
1171 953 1305 1008 Nam
1335 943 1429 1025 qui
1461 971 1528 1011 ex
1578 961 1899 1028 praescripto
1932 970 1989 1015 et
2033 962 2317 1017 voluntate

744 1039 840 1094 Dei
882 1042 1093 1107 vivunt,
1136 1044 1259 1098 aliis
1297 1045 1499 1099 illatam
1534 1062 1689 1102 suam
1735 1063 1859 1104 esse
1888 1058 2148 1119 reputant
2174 1051 2318 1122 inju-

744 1135 900 1185 riam.
939 1135 1016 1187 Ac
1043 1135 1280 1202 primum
1311 1151 1409 1206 per
1438 1139 1655 1194 litteras
1680 1141 1979 1195 admonere
2002 1152 2058 1198 et
2087 1157 2317 1213 persua-

744 1224 875 1278 dere
903 1224 1197 1291 Maxentio,
1226 1239 1284 1282 ut
1313 1245 1343 1283 a
1374 1239 1482 1283 tam
1516 1229 1742 1285 nefariis
1763 1232 2069 1289 sceleribus
2105 1248 2164 1290 se
2192 1233 2317 1289 abs-

745 1316 984 1383 tineret,
1025 1321 1212 1390 erepit.
1250 1321 1318 1377 Ut
1356 1332 1539 1376 autem
1579 1336 1644 1376 ea
1700 1337 1760 1377 re
1813 1323 1951 1378 nihil
1985 1324 2118 1395 egit,
2165 1339 2315 1378 arma

743 1409 848 1463 sibi
881 1412 1145 1465 sumenda
1175 1427 1318 1474 esse.
1370 1423 1425 1468 et
1473 1415 1731 1486 injuriam
1781 1415 2109 1470 afﬂictarum
2137 1418 2316 1487 quoad

742 1514 930 1569 posset
1011 1505 1398 1559 vindicandam
1453 1505 1738 1575 judicavit.
1812 1506 2001 1577 Itaque
2064 1509 2317 1563 exercitu

742 1605 955 1663 parato,
1016 1598 1069 1651 in
1111 1597 1321 1652 ltaliam
1384 1600 1673 1654 contendit
1706 1618 1721 1654 :
1754 1615 1866 1655 non
1906 1611 2012 1656 tam
2049 1610 2317 1672 apparatu

744 1688 873 1742 belli
915 1703 1078 1757 quam
1114 1690 1406 1759 omnigena
1459 1690 1552 1745 Dei
1583 1703 1859 1745 armatura
1897 1692 2224 1746 instructus.
2260 1690 2317 1745 ld

745 1782 835 1835 ubi
865 1781 1170 1836 Maxentius
1214 1782 1503 1845 intellexit,
1555 1783 1806 1837 nefandis
1851 1786 2187 1853 magicarum
2228 1798 2317 1837 ar-

745 1873 879 1927 tium
918 1873 1241 1942 imposturis
1282 1873 1455 1941 magis
1483 1889 1648 1942 quam
1685 1875 1890 1928 civium
1925 1874 2313 1929 benevolentia
2344 1856 2392 1916 Β

744 1962 1006 2026 confisus,
1031 1980 1101 2018 ne
1125 1974 1279 2018 extra
1310 1964 1502 2019 urbem
1532 1965 1755 2035 quidem
1779 1965 2033 2034 progredi
2074 1967 2313 2035 primum

742 2066 823 2111 est
857 2073 1043 2112 ausus.
1095 2058 1318 2114 insidiis
1352 2069 1534 2113 autem
1569 2060 1873 2124 collocatis,
1917 2061 2166 2130 locisque
2215 2062 2316 2116 im-

746 2149 882 2218 perii
924 2150 1198 2219 plerisque
1251 2151 1610 2205 circumcirca
1660 2162 1994 2207 armatorum
2030 2154 2315 2209 hominum

745 2236 1000 2304 pnesidio
1055 2237 1334 2307 imposito,
1373 2242 1561 2308 copias
1587 2242 1722 2295 alias
1751 2242 2018 2297 adversus
2048 2243 2318 2300 Constan-

747 2328 920 2380 tinum
972 2329 1143 2383 misit.
1195 2329 1491 2402 4831118
1523 2348 1689 2403 porro
1752 2349 1863 2388 uno
1924 2346 2089 2405 atque
2140 2338 2317 2392 altero

746 2420 935 2489 praelio
969 2433 1157 2476 contra
1190 2424 1407 2493 tyranni
1441 2425 1743 2479 exercitum
1784 2428 1980 2491 victor,
2012 2428 2068 2482 in
2108 2428 2317 2484 Italiam

746 2513 1064 2582 longissime
1095 2530 1441 2587 progressus,
1487 2517 1552 2571 ad
1586 2519 1778 2574 urbem
1827 2520 2056 2575 Romam
2093 2523 2319 2592 prepius

744 2606 976 2661 accedit.
1012 2606 1091 2661 Ne
1140 2617 1320 2663 autem
1351 2611 1515 2663 unius
1567 2610 1825 2666 Maxentii
1858 2628 2025 2668 causa
2052 2629 2178 2668 cum
2210 2614 2319 2668 Ro-

747 2698 922 2752 manis
974 2700 1235 2754 omnibus
1283 2700 1487 2756 bellum
1530 2718 1720 2772 gerere
1784 2720 2013 2759 necesse
2065 2705 2316 2770 haberet,

748 2787 1098 2842 inenarrabili
1131 2789 1367 2859 quadam
1409 2794 1653 2861 potentia
1704 2794 1860 2848 Deus
1886 2802 2174 2862 tyrannum
2203 2795 2323 2850 lon-

746 2881 869 2951 gius
923 2891 1075 2935 extra
1146 2881 1299 2937 urbis
1358 2892 1547 2953 portas
1597 2884 1876 2953 produxit.
1927 2884 2023 2940 ille
2081 2900 2322 2955 namque

748 2983 911 3042 ponte
971 2988 1036 3027 ex
1090 2974 1321 3028 navibus
1369 2990 1534 3043 super
1589 2990 1656 3029 eo
1703 2975 1931 3031 ﬂumine
1953 2978 2098 3046 quod
2130 2978 2320 3032 urbem

748 3067 1089 3136 praeterﬂuit,
1116 3069 1169 3121 in
1204 3084 1315 3137 quo
1369 3069 1533 3121 etiam
1589 3069 1730 3123 alius
1772 3083 1907 3137 pons
1945 3070 2040 3139 qui
2103 3070 2322 3125 Milvius

748 3159 951 3215 dicitur
979 3170 1328 3216 constructus
1362 3168 1485 3225 est,
1534 3174 1653 3216 arte
1706 3162 1940 3230 quadam
1986 3171 2043 3216 et
2103 3162 2321 3218 fallacia

748 3254 1019 3319 confecto,
1053 3255 1353 3308 exercitum
1386 3253 1597 3319 eduxit,
1630 3264 1687 3309 et
1721 3270 1845 3309 cum
1883 3270 2078 3323 magno
2112 3255 2320 3325 impetu

750 3347 1015 3401 adversus
1047 3344 1464 3400 Constantinum
1510 3353 1595 3400 est
1637 3361 1979 3416 progressus.
2004 3346 2321 3402 Constanti-

751 3452 852 3491 nus
898 3450 1062 3505 porro
1110 3435 1177 3489 de
1221 3444 1421 3488 eventu
1472 3435 1599 3488 belli
1643 3435 1878 3489 sollicite
1926 3436 2222 3505 cogitabat,
2271 3447 2326 3490 et

751 3543 1042 3599 quemnam
1077 3527 1181 3582 sibi
1233 3527 1542 3597 adjutorem
1584 3526 1877 3581 advocaret
1915 3527 2321 3582 considerabat.

753 3618 876 3675 llaec
901 3622 977 3675 illi
1017 3621 1300 3674 meditanti
1334 3621 1387 3672 in
1427 3630 1664 3674 mentem
1697 3619 1884 3683 venit,
1922 3618 2323 3673 Diocletianum

751 3714 997 3783 quidem,
1030 3713 1123 3783 qui
1159 3712 1470 3767 Graecorum
1507 3712 1899 3780 superstitione
1930 3711 2036 3765 diis
2076 3711 2328 3781 plurimis

752 3808 927 3862 fretus
970 3806 1157 3868 fuerit,
1213 3806 1351 3859 nihil
1403 3807 1651 3876 adjutnm
1713 3820 1874 3860 esse:
1932 3815 2143 3875 patrem
2195 3821 2328 3859 vero

754 3915 911 3954 suum
960 3899 1311 3963 Constantem
1355 3899 1512 3966 longe
1545 3896 1761 3952 felicius
1802 3899 1969 3952 vitam
2006 3898 2205 3966 egisse,
2232 3897 2328 3967 qui

755 4002 965 4045 mature
1042 3989 1355 4045 Cra-corum
1410 3988 1662 4059 religioni
1724 3989 1979 4043 nuntium
2036 3988 2326 4045 remiserit.

753 4082 1101 4151 Quapropter
1150 4091 1436 4150 paternttm
1491 4085 1681 4143 Deum,
1737 4080 2057 4148 quicunque
2110 4079 2329 4133 tandem

755 4186 921 4239 esset,
956 4186 1015 4228 ut
1044 4188 1100 4225 se
1133 4175 1453 4240 respiceret,
1489 4172 1847 4242 dextramque
1882 4171 1987 4227 sibi
2018 4172 2071 4226 in
2112 4171 2333 4240 pericu-

757 4268 827 4321 lis
886 4265 1310 4321 innninentibus
1370 4265 1719 4336 porrigeret,
1778 4280 1845 4318 ex
1910 4266 2107 4318 intimo
2162 4262 2332 4318 animi

757 4358 957 4412 affectu
994 4357 1300 4410 humillime
1346 4357 1626 4411 invocavit
1654 4373 1667 4409 :
1715 4356 1766 4409 id
1798 4355 1944 4424 quod
1974 4355 2040 4409 ad
2078 4369 2195 4409 rem
2228 4366 2336 4409 sta-

762 4451 855 4504 tim
885 4460 971 4505 est
1003 4451 1285 4505 collatum.
1326 4450 1632 4505 Meridiano
1686 4451 1834 4503 enim
1872 4459 2117 4519 tempore
2151 4448 2256 4502 iter
2280 4449 2331 4503 ei

2425 597 2593 660 τῖνος,
2624 594 2849 649 πυκνῶν
2880 593 3093 647 ἐκεῖθεν
3126 594 3411 665 πρέσϐεων
3439 594 3516 653 ὡς
3548 596 3710 649 αὐτον
3742 599 4023 663 ἀφικνου-

2429 690 2630 759 μένων,
2673 690 2769 744 καὶ
2812 689 2888 760 μὴ
2927 690 3026 761 τὴν
3066 692 3177 743 τῶν
3220 689 3489 760 βασιλέων
3535 690 3749 761 μητέρα
3783 690 4023 760 Ῥώμην

2425 784 2692 853 περιιδεῖν
2737 783 2844 837 ὑπὸ
2888 784 2984 837 τοῦ
3026 782 3199 853 ιθηρδς
3246 781 3391 836 οὕτω
3439 782 3848 852 λυμαινομένην
3896 786 4019 835 ἱκεο

2424 876 2715 940 τενόντων,
2747 875 2957 947 σφόδρα
2985 871 3053 946 ἦν
3083 875 3390 947 ἀσχάλλων,
3423 876 3517 929 καὶ
3543 878 3599 928 ὲν
3630 875 3791 945 δεινῷ
3820 876 4022 928 ποιού-

2428 983 2588 1036 μενος
2638 966 2866 1021 διετέλει
2915 967 3014 1037 τὴν
3066 968 3298 1037 φήμην·
3345 969 3459 1031 τοῖς
3508 967 3619 1036 γάρ
3668 967 3806 1031 ζῶσι
3862 970 4017 1021 κατὰ

2423 1056 2556 1110 Θεὸν
2586 1059 2768 1113 οἰκεία
2799 1060 2832 1131 ἡ
2864 1059 2973 1112 τῶν
3005 1059 3193 1121 κακῶς
3225 1059 3546 1129 πασχόντων
3574 1059 3759 1112 ἀδικία
3791 1058 4015 1126 λελόγι-

2426 1164 2574 1205 σται.
2602 1150 2805 1220 Πρῶτα
2837 1151 2935 1221 μὲν
2959 1146 3052 1205 οὗν
3078 1150 3381 1220 γράμματα
3411 1152 3672 1214 στέλλων,
3698 1152 4017 1218 ἐπανάγειν

2424 1242 2686 1309 ἐπειρᾶτο
2705 1284 2720 1307 ,
2750 1242 2843 1296 καὶ
2868 1245 2976 1295 τῶν
3005 1244 3228 1312 φαύλων
3257 1243 3438 1316 ἔργων
3470 1244 3718 1298 ἐκποδὼν
3752 1244 4015 1298 ἵστασθαι

2426 1334 2724 1403 παρηγγύα
2750 1351 2764 1366 ⁸
2794 1335 2869 1397 ὡς
2898 1336 2943 1389 δ’
2970 1329 3133 1406 ἦττον
3158 1336 3321 1405 ήνυεν
3343 1374 3360 1400 ,
3389 1335 3569 1389 ὃπλων
3597 1337 3868 1390 ἅπτεσθαι
3897 1338 4013 1389 δεῖν

2426 1422 2700 1490 ἐλογίζετο
2722 1466 2737 1489 ,
2771 1427 2866 1478 καὶ
2894 1429 3003 1489 τοῖς
3040 1427 3340 1497 πάσχουσιν
3366 1426 3442 1491 ὡς
3478 1428 3759 1498 tutam-3v
3792 1428 4013 1496 ἐπαμύ-

2428 1534 2560 1571 νειν.
2593 1517 2702 1569 Καὶ
2727 1518 2793 1587 δὴ
2828 1517 3059 1588 στρατὸν
3086 1519 3348 1588 ἁθροίσας
3376 1524 3440 1589 τῇ
3480 1520 3687 1590 Ἰταλίᾳ
3716 1522 4010 1588 ἐφίστατο,

2426 1612 2487 1663 οὐ
2520 1611 2675 1663 τόσον
2709 1611 2916 1677 ὅπλοις,
2951 1611 3073 1664 ὅσον
3107 1614 3173 1681 τῇ
3211 1612 3277 1663 ὲκ
3309 1610 3447 1664 Θεοῦ
3486 1615 3793 1683 παντευχίᾳ
3832 1613 4016 1666 καθω-

2427 1704 2743 1772 πλισμένος.
2775 1704 2842 1757 Ὃ
2881 1703 3070 1773 μαθὼν
3102 1706 3131 1757 ὀ
3164 1703 3494 1769 Μαξέντιος,
3527 1708 3642 1765 ταῖς
3679 1706 4010 1777 ὲπιῤῥήτοις

2430 1795 2792 1864 μαγγανείαις
2820 1796 2917 1848 καὶ
2946 1796 3225 1878 γοητείαις
3257 1795 3420 1849 πλέον
3450 1797 3482 1865 ἦ
3512 1800 3577 1866 τῇ
3609 1797 3717 1849 τῶν
3747 1796 4014 1865 ὑπηκόων

2420 1886 2605 1955 εὐνοία
2667 1882 2920 1953 θαρῤὦν,
2978 1881 3090 1937 οὐδ’
3123 1883 3247 1936 ὅσον
3302 1883 3394 1936 τοῦ
3458 1883 3653 1946 ἄστεος
3715 1884 4011 1952 προελθεῖν

2422 1976 2645 2045 ἐτόλμα.
2680 1975 2959 2036 Ὀπλίταις
2990 1974 3048 2026 δὲ
3086 1974 3317 2043 μυρίοις,
3355 1973 3530 2042 λόχοις
3566 1992 3623 2026 τε
3658 1976 3753 2026 καὶ⁸
3793 1973 4016 2042 στρατῷ

2420 2066 2528 2120 τῶν
2564 2063 2885 2134 περικύκλῳ
2924 2067 3107 2133 πάσης
3149 2063 3325 2132 ἀρχῆς
3369 2064 3799 2132 πεφραγμένος,
3844 2066 4017 2131 7.905-

2420 2159 2604 2229 πήντα
2631 2157 2711 2228 τῷ
2743 2157 3160 2226 Κωνσταντίνῳ.
3199 2153 3257 2208 '0
3286 2155 3342 2208 δὲ
3374 2157 3472 2223 τὴν
3503 2156 3726 2225 πρώτην
3758 2150 3857 2209 καί
3889 2158 4015 2209 δευ-

2420 2251 2587 2319 τέραν
2616 2245 2924 2318 παράταξιν
2955 2247 3382 2317 τροπωσάμενος
3416 2245 3509 2299 τοῦ
3539 2247 3810 2316 τυράννου
3833 2287 3849 2309 ,
3885 2250 4015 2301 επιο

2423 2342 2676 2396 πλεῖστον
2709 2342 2831 2393 ὅσον
2862 2338 2963 2407 τῆς
3001 2338 3231 2399 Ἰταλίας
3270 2338 3464 2405 ἐπέϐη.
3503 2341 3596 2392 καὶ
3632 2340 3877 2408 ἄγχιστα
3912 2340 4013 2409 τῆς

2434 2436 2653 2506 Ῥώμης
2702 2433 2939 2500 ἐγένετο.
2994 2427 3209 2493 Εἷθ⁹ὠς
3261 2429 3337 2499 μὴ
3384 2428 3479 2482 τοῦ
3525 2431 3791 2499 τυράννου
3848 2432 4017 2499 χάριν

2433 2526 2728 2597 Ῥωμαίοις
2776 2523 3143 2591 ἀναγκάζοιτο
3195 2519 3475 2589 πολεμεῖν,
3525 2521 3658 2582 Θεὸς
3706 2521 4019 2591 ἀπορρήτῳ

2423 2622 2533 2675 τινὶ
2575 2617 2868 2687 δυναστεία
2910 2618 3121 2669 ἐκεῖνον
3166 2613 3504 2684 πορρωτάτω
3546 2612 3730 2666 πυλῶν
3773 2612 4014 2677 ἐξεῖλκε.

2423 2714 2604 2769 Ναυσὶ
2650 2710 2759 2781 γὰρ
2803 2707 3134 2778 γεψυρὼσας
3176 2706 3268 2759 τὸν
3311 2706 3697 2774 παραρρἑντα
3738 2706 3807 2773 τῇ
3852 2706 4016 2757 πόλει

2425 2803 2691 2872 ποταμὸν,
2723 2805 2779 2854 ἐν
2879 2801 2973 2853 καὶ
2998 2800 3029 2867 ἡ
3053 2796 3290 2850 Φουλϐία
3317 2796 3591 2862 λεγομένη
3620 2796 3736 2846 ἐστὶ
3766 2796 4014 2862 γέφυρα,

2426 2897 2691 2966 υπεξάγει
2724 2895 2822 2961 μὲν
2853 2894 2947 2947 τὶν
2981 2891 3235 2961 στρατὸν,
3265 2892 3360 2942 καὶ
3389 2886 3538 2949 ὅλαις
3571 2887 3772 2955 ὁρμαῖς
3802 2886 3881 2954 τῷ
3918 2885 4018 2953 βα-

2428 2994 2567 3046 σιλεῖ
2596 2989 2927 3057 ἀντ-εφέρετο
2955 3003 2967 3016 ·
3004 2984 3417 3042 Κωνσταντῖνος
3446 2979 3515 3033 δι’
3536 2982 3595 3031 ὲν
3628 2979 3879 3047 φροντίδι
3917 2996 4017 3030 κα-

2428 3084 2676 3144 θίστατο,
2708 3079 2822 3142 πῶς
2851 3078 2918 3130 τὰ
2947 3076 3047 3143 τῆς
3081 3076 3264 3145 μάχης
3292 3073 3551 3139 ἁποϐαίη,
3582 3072 3673 3124 καὶ
3699 3072 3784 3143 τίς
3818 3070 4016 3137 βοηθὸς

2352 3187 2397 3249 c
2428 3175 2578 3244 αὐτῷ
2619 3173 2853 3240 γένοιτο.
2899 3169 3012 3223 Καὶ
3048 3163 3591 3235 δῆτ’άνελάμῦανεν,
3631 3163 3707 3224 ὡς
3749 3163 3909 3215 οὐδέν
3954 3178 4017 3228 γε

2426 3269 2476 3320 oi
2504 3266 2633 3337 περὶ
2660 3260 3047 3332 Διοκλητιανὸν
3072 3258 3277 3311 ὤναντο
3303 3259 3412 3317 τοῖς
3443 3254 3715 3323 Ἑλλήνων
3738 3253 4019 3323 τεοαρῤη-

2426 3358 2585 3419 κότες
2616 3355 2757 3416 Θεοῖς
2784 3369 2795 3383 ·
2830 3355 2857 3404 ὁ
2887 3351 2943 3405 δὲ
2975 3349 3164 3418 πατὴρ
3200 3344 3365 3399 αὐτοῦ
3402 3344 3661 3405 Κώνστας
3696 3342 4022 3409 εὐδαιμονέ-

2432 3467 2621 3518 στερον
2672 3448 2763 3500 τδν
2819 3445 2933 3514 βίον
2981 3444 3236 3510 διήνεγκε
3288 3439 3357 3491 τὰ
3402 3437 3509 3488 τῶν
3550 3434 3825 3503 Ἑλλήνων
3878 3434 4020 3501 Θρη-

2431 3542 2650 3595 σκεύειν
2704 3538 2864 3598 εὐθὺς
2923 3534 3344 3602 παρωσάμενος.
3384 3527 3579 3581 Ἔνθεν
3631 3544 3716 3579 τοι
3774 3528 3870 3577 καὶ
3927 3525 4020 3577 τοι

2430 3630 2685 3699 πατρῷον
2730 3627 2863 3680 Θεὸν
2909 3628 3057 3686 εστις
3106 3623 3240 3675 ποτὶ
3285 3615 3375 3690 ἦν,
3427 3617 3673 3686 λιπαρῶς
3723 3617 4020 3669 ἐποτνιᾶτο

2431 3720 2739 3790 ὲποφϐῆναί
2781 3720 2865 3783 οἱ,
2904 3719 3001 3769 καὶ
3039 3716 3218 3778 δεξιὰν
3254 3716 3370 3774 ταῖς
3416 3710 3811 3779 προκειμέναις
3854 3725 4019 3776 1:29:-

2434 3817 2656 3869 στάσεσι
2699 3814 3030 3882 παρασχεῖν.
3062 3812 3128 3860 '0
3168 3808 3303 3874 δῆτα
3346 3807 3439 3859 καὶ
3476 3805 3611 3873 πρὸς
3651 3803 3818 3870 ἔργον
3852 3802 4019 3862 εὐθὺς

2433 3905 2703 3971 ὲξέϐαινε.
2737 3905 2871 3973 Περὶ
2902 3901 3010 3969 γὰρ
3042 3897 3397 3968 μεσημϐρίαν
3426 3895 3662 3948 ὁδεύοντι
3693 3893 3916 3959 σύναμα
3951 3893 4015 3959 τῇ

2438 3998 2567 4064 περὶ
2598 3994 2763 4048 αὐτὸν
2794 3992 3052 4061 στρατιᾷ,
3085 3988 3180 4040 τοῦ
3213 3986 3365 4056 ἡλίου
3399 3985 3534 4054 πρὸς
3562 3983 3775 4051 δυσμὰς
3804 3982 4020 4033 κλίνον-

2434 4105 2558 4151 τος,
2596 4085 2781 4153 θαῦμά
2814 4101 2866 4136 τι
2901 4084 2996 4135 καὶ
3032 4082 3279 4149 κρεῖττον
3313 4080 3344 4147 ἢ
3378 4079 3557 4143 λέγειν
3587 4076 3869 4128 uitiatas.
3906 4076 4017 4127 Πυ-

2442 4182 2532 4249 ρὸς
2566 4179 2675 4248 γὰρ
2711 4174 2897 4236 στῦλος
2932 4174 3024 4226 καὶ
3059 4173 3237 4242 φωτὸς
3271 4172 3431 4238 αἴγλη
3467 4170 3707 4236 διαέριος
3740 4171 3821 4229 εἰς
3856 4183 4018 4219 σταυ·

2443 4268 2539 4340 ρού
2566 4267 2737 4319 τύπον
2767 4260 3207 4333 σχηματισθεῖσα
3240 4260 3531 4326 γράμμασι
3563 4255 3924 4322 Ῥωμαϊκοῖς,
3952 4254 4018 4305 δι’

2439 4357 2688 4425 ἀστέρων
2734 4355 2865 4406 ῖσων
2907 4349 3319 4410 ὶντυπωοτῖσιν,
3360 4349 3458 4399 Ἐν
3498 4348 3687 4407 τούτῳ
3733 4347 3899 4397 νίκα.
3945 4342 4020 4409 τῷ

2444 4449 2845 4519 Κωνσταντίνῳ
2924 4446 3114 4515 σαφῶς
3167 4444 3476 4513 διηγόρευε.
3526 4439 3800 4506 nomen
3854 4434 4019 4507 Epiri

759 4557 883 4597 cum
916 4544 1164 4595 exercitu
1218 4557 1318 4596 suo
1358 4543 1614 4603 facienti,
1669 4543 1785 4595 sole
1831 4542 1942 4610 jam
1990 4539 2333 4595 occidentem

2444 4545 2538 4597 καὶ
2565 4540 2949 4595 οδιαπιστοῦντι
2992 4541 3102 4600 τοῖς
3149 4537 3481 4605 ὁρωμένοις,
3526 4532 3576 4583 οἱ
3631 4528 4019 4598 συμπαρόντες

759 4650 953 4689 versus
986 4644 1265 4704 vergente,
1314 4634 1636 4689 miraculum
1674 4634 1848 4702 majus
1874 4649 2038 4702 quam
2073 4633 2181 4687 dici
2212 4645 2339 4701 pos-

757 4726 849 4788 sit,
886 4726 1129 4780 oblatum
1174 4737 1259 4781 est
1291 4748 1303 4782 :
1335 4727 1493 4796 ignea
1526 4727 1737 4779 scilicet
1784 4726 2062 4787 columna,
2095 4734 2151 4778 et
2196 4722 2339 4777 lucis

760 4817 941 4887 fulgor
972 4818 1025 4871 in
1056 4832 1184 4873 aere
1222 4820 1407 4873 erucis
1436 4817 1669 4870 formam
1707 4816 1979 4877 referens,
2012 4830 2136 4885 qua:
2161 4815 2339 4869 stellis

760 4910 1067 4979 aequalibus
1092 4910 1145 4962 in
1176 4909 1493 4963 Latinarum
1528 4909 1834 4963 litterarum
1858 4910 2086 4978 figuram
2114 4922 2340 4976 expres-

760 5001 860 5065 sis,
891 4999 1254 5053 Constantino
1283 5000 1431 5054 clare
1452 4998 1516 5053 In
1546 5001 1641 5053 hoc
1674 5000 1821 5053 vince
1847 4999 2191 5053 ostendebat.
2220 4999 2337 5062 Qua

761 5107 821 5146 re
878 5101 1293 5157 consternatus,
1328 5092 1473 5159 quod
1527 5091 1594 5145 de
1628 5092 1841 5146 visione
1872 5107 1937 5146 ea
1987 5107 2172 5145 secum
2224 5092 2340 5160 ipse

760 5185 1089 5253 ambigeret,
1124 5184 1331 5237 anticus
1358 5183 1450 5250 qui
1479 5198 1664 5236 secum
1697 5192 1879 5241 erant.
1899 5198 1966 5235 an
1995 5183 2095 5252 ipsi
2118 5196 2338 5251 quoque

763 5272 909 5326 idem
962 5273 1237 5333 viderent,
1296 5281 1687 5340 percunctatus
1736 5282 1821 5324 est
1854 5289 1867 5323 :
1904 5272 2054 5340 quod
2106 5272 2183 5325 illi
2212 5285 2336 5324 cum

764 5363 1147 5429 z-lIirmassent,
1199 5377 1360 5417 noete
1412 5364 1657 5431 proxima
1704 5362 1962 5416 Christus
1985 5363 2032 5417 ei
2069 5378 2174 5415 una
2214 5378 2338 5416 eum

762 5457 1038 5510 horrendo
1069 5456 1161 5510 illo
1187 5455 1343 5524 signo
1370 5457 1760 5525 apparens“),
1798 5455 1904 5508 tale
1934 5454 2195 5522 quiddam
2220 5468 2341 5509 eum

761 5548 967 5606 facere.
996 5556 1160 5614 atque
1180 5546 1252 5599 ιω
1281 5546 1485 5616 ρτωιὶἰδ
1511 5546 1766 5615 ιιι-εἴρετο
1789 5548 1953 5615 jussit
1980 5566 1993 5611 ;
2028 5547 2145 5603 fore
2171 5547 2344 5611 enim,

764 5648 824 5701 ut
855 5654 952 5707 per
980 5638 1034 5692 id
1063 5654 1255 5697 omnes
1289 5641 1537 5698 vinceret
1581 5640 1787 5695 hostes.
1827 5639 1892 5693 Et
1938 5637 2345 5709 quamprimum

836 5823 908 5895 (1)
951 5823 1147 5879 Euseb.
1184 5826 1278 5880 lib.
1309 5840 1345 5878 ι.
1385 5825 1452 5879 L'c
1490 5822 1601 5881 l’im
1637 5822 1915 5883 Constant.

2438 4633 2901 4691 ἀνεπυνθάνοντο,
2939 4633 2989 4684 εἰ
3032 4631 3125 4682 καὶ
3160 4629 3316 4681 αὐτοὶ
3348 4627 3447 4694 τῆς
3485 4625 3603 4692 ἴσης
3641 4622 3774 4681 θέας
3808 4621 4019 4672 ἐπαπο-

2438 4728 2713 4781 λαύουσιν.
2754 4726 2841 4788 Ὠς
2874 4724 2932 4777 δὲ
2969 4724 3213 4776 κάκεῖνοι
3250 4718 3567 4779 συνέθεντο,
3604 4713 3797 4773 νυκτὸς
3837 4714 4021 4774 ἐπηε-

2442 4822 2704 4890 νομένης,
2748 4816 3035 4884 ἐπιφανεὶς
3076 4816 3105 4867 ὁ
3148 4811 3383 4880 Χριστὸς
3427 4810 3641 4876 σύναμα
3682 4804 3763 4874 τῷ
3808 4802 4021 4872 φρικτῴ

2442 4911 2636 4980 ὲκείνῳ
2668 4910 2901 4979 σημείῳ,
2932 4905 3175 4959 τοιοῦτον
3204 4922 3258 4956 τι
3289 4903 3487 4969 δρᾶσαι
3518 4896 3901 4959 ἁνεκελεύετο,
3933 4896 4021 4946 καὶ

2441 5005 2617 5074 τούτῳ
2646 5004 2787 5057 κατὰ
2814 5001 2914 5070 τὴν
2944 4999 3124 5068 μάχην
3153 4996 3556 5066 προηγουμὲνῳ
3586 4990 3848 5059 χρῆσθαι,
3878 4988 3944 5040 δι’
3965 4978 4021 5038 οὗ

2443 5095 2646 5146 ὲσεῖται
2678 5092 2883 5151 πάντας
2914 5086 3254 5157 χειροῦσθαι.
3283 5086 3435 5150 ’Λμα
3464 5081 3521 5133 δὲ
3549 5081 3736 5149 ἡμέρᾳ
3765 5077 4021 5144 πειθόμε-

2443 5204 2533 5249 νος
2554 5186 2630 5254 τῴ
2651 5182 2907 5253 χρησμῷ,
2927 5180 3170 5234 τοιοῦτον
3194 5197 3246 5230 τι
3273 5179 3337 5229 ἐκ
3360 5174 3563 5246 χρυσοῦ
3585 5172 3990 5232 κατεσκεύαζεν
4006 5184 4017 5194 ·

2444 5278 2472 5331 ὃ
2497 5281 2591 5331 καὶ
2629 5279 2796 5345 μέχρι
2829 5274 2924 5327 νῦν
2957 5275 3071 5335 τοῖς
3107 5269 3403 5340 βασιλείοις
3441 5268 3532 5317 τον
3564 5265 3759 5333 χρὸνον
3793 5262 4020 5329 67:39::-

2448 5371 2653 5441 ρῆσαν,
2683 5367 3186 5436 παραφυλάττεται.
3219 5364 3285 5415 ⁸0
3315 5356 3720 5429 διαγράψασθαι
3756 5357 3852 5407 καὶ
3883 5353 4019 5419 λόγῳ

2445 5464 2653 5516 δίκαιον
2675 5463 2909 5530 ἥγημαι.
2942 5457 3177 5526 ’Υψηλδν
3198 5456 3326 5523 δόρυ
3356 5453 3545 5523 χρυσῷ
3574 5446 4021 5514 κατεσκευασμέ-

2446 5571 2535 5606 νον
2567 5553 2736 5622 κέρας
2770 5548 2914 5621 εἶχεν
2943 5548 3273 5617 ἐγκάρσιον,
3304 5546 3381 5607 εἰς
3418 5541 3655 5612 σταυροῦ
3691 5540 3883 5609 σχῆμα.
3912 5539 4016 5589 δια-

2447 5647 2808 5719 τυπούμενον.
2847 5644 2993 5699 Ἀνω
3019 5642 3074 5696 δὲ
3108 5641 3238 5711 πρὸς
3266 5640 3339 5708 τῷ
3366 5637 3458 5690 τοῦ
3490 5638 3692 5697 παντὸς
3723 5636 3879 5702 ἂκρῳ
3910 5628 4019 5684 στέο
