4220 6438
799 362 934 424 2279

2017 379 2442 444 NICEPHURI
2489 390 2843 452 CALLISTI

3924 400 4075 467 1280

793 488 1108 532 nostrorum
1138 483 1497 548 perveniant,
1537 488 1939 548 constitutione
1971 509 2000 548 a
2047 505 2099 550 te
2132 499 2362 566 publici-
2391 506 2435 562 Α

2465 506 2592 568 τοὺς
2649 508 2952 578 ἡμετέρους
3001 511 3354 582 ἐπαρχιῶτας
3406 512 3675 583 προσήκει
3729 517 4066 570 ἀνακαλεῖν.

795 578 883 620 tus
917 571 1198 638 proposita
1229 588 1424 630 curare
1459 579 1708 636 debebis.

1333 867 1558 925 CAPUT
1598 871 1815 930 XXXII.

790 953 865 1005 De
892 955 1146 1023 praecipiti
1192 962 1531 1024 perversitate
1574 974 1621 1015 et
1669 975 1810 1018 motu
1857 967 2136 1024 Maximini
2180 982 2364 1028 contra

1209 1028 1613 1086 Constantinum
1665 1033 1943 1105 Magnum.

863 1191 986 1244 Iitec
1056 1209 1181 1248 cum
1247 1197 1318 1251 ita
1380 1215 1488 1252 non
1548 1216 1615 1255 ex
1680 1207 1977 1272 sententia,
2027 1211 2119 1265 sed
2171 1228 2362 1284 magna

791 1286 1120 1340 necessitate
1155 1289 1433 1345 adductus
1463 1293 1813 1360 mandasset,
1845 1299 2070 1355 minime
2101 1304 2251 1359 visus
2280 1317 2365 1360 est

791 1387 916 1423 vera
955 1374 1140 1428 dicere
1162 1419 1175 1442 ,
1206 1378 1286 1432 eis
1312 1381 1405 1448 qui
1443 1381 1494 1433 in
1532 1384 1728 1438 animis
1764 1388 1878 1441 suis
1908 1392 2360 1461 considerabant,

786 1465 950 1530 paulo
980 1481 1103 1518 eum
1138 1479 1264 1521 ante
1291 1484 1387 1537 per
1412 1471 1607 1540 judicii
1635 1475 1720 1527 sui
1755 1477 2176 1538 inconstantiam
2203 1487 2366 1556 longe

791 1557 895 1607 alia
935 1573 998 1610 ac
1032 1559 1254 1614 diversa
1284 1565 1654 1621 constituisse.
1696 1568 2044 1641 Quapropter
2075 1593 2234 1634 nemo
2263 1597 2362 1651 pu-

792 1646 935 1700 blice
968 1660 1273 1705 conventus
1305 1667 1527 1719 cogere,
1570 1673 1731 1711 nemo
1772 1660 1946 1716 libere
1977 1681 2099 1732 quze
2133 1669 2361 1738 legitimi

789 1738 972 1790 cultus
1000 1742 1175 1793 nostri
1209 1756 1340 1797 sunt
1375 1761 1636 1816 peragere
1671 1753 1926 1808 audebat.
1965 1759 2152 1829 Neque
2186 1765 2236 1816 id
2273 1781 2361 1820 re-

787 1833 1054 1900 scriptum
1083 1838 1261 1904 ipsum
1295 1840 1537 1905 volebat,
1576 1846 1721 1912 quod
1756 1851 2110 1904 securitatem
2148 1864 2357 1910 tantum
2397 1835 2434 1889 θ

787 1925 949 1976 nobis
991 1928 1059 1979 ab
1099 1929 1314 1998 injuriis
1339 1943 1395 1986 et
1429 1939 1783 1990 contumeliis
1831 1943 2171 1999 concedebat
2212 1949 2356 2000 :mi-

787 2014 934 2067 nime
967 2027 1146 2069 autem
1195 2032 1497 2076 conventus
1546 2041 1730 2094 agere,
1780 2028 1996 2084 divinas
2031 2034 2223 2089 domos
2265 2052 2360 2090 ex-

785 2113 1023 2169 struere,
1057 2119 1113 2162 et
1144 2111 1247 2165 alia
1279 2128 1400 2181 quae
1426 2117 1584 2170 solita
1623 2133 1996 2193 consuetaque
2033 2128 2194 2182 nobis
2229 2143 2360 2186 sunt

785 2197 968 2251 facere
1005 2204 1358 2268 permittebat
1406 2225 1416 2257 :
1458 2223 1582 2260 cum
1633 2212 1852 2279 quidem
1901 2231 1963 2268 ea
2004 2221 2185 2272 omnia
2219 2237 2360 2278 verm

786 2287 1007 2354 pietatis
1040 2295 1301 2362 pacisque
1351 2307 1554 2352 nostrae
1590 2301 1698 2352 dux
1734 2311 1788 2356 et
1822 2314 2017 2358 auctor
2062 2309 2362 2379 imperator

785 2379 1202 2450 Constantinus,
1257 2403 1363 2441 una
1417 2405 1542 2442 cum
1598 2391 1836 2458 Licinio,
1893 2397 2093 2455 litteris
2143 2403 2259 2458 suis
2290 2405 2359 2458 ad

783 2485 908 2522 eum
937 2487 1239 2544 omnesque
1270 2477 1468 2533 ditioni
1498 2491 1552 2533 et
1581 2484 1814 2553 imperio
1849 2504 2042 2544 eorum
2077 2493 2360 2564 subjectos

784 2564 1018 2630 populos
1045 2565 1209 2635 datis,
1234 2573 1598 2638 permisisset.
1635 2577 1904 2633 Caeterum
1937 2584 2105 2652 impio
2136 2588 2214 2641 illi
2247 2590 2360 2646 haec

785 2652 1134 2722 displicuere,
1186 2664 1442 2727 quamvis
1489 2676 1677 2731 postea
1728 2670 1913 2724 divina
1946 2677 2187 2731 vindicta
2231 2695 2359 2734 coa-

787 2753 944 2806 ctus,
1005 2748 1088 2800 vel
1132 2751 1340 2804 invitus
1387 2757 1579 2808 eadem
1631 2775 1752 2825 quae
1803 2763 1880 2816 illi
1929 2768 2356 2834 constituerant,

788 2839 1004 2892 sancire
1059 2857 1284 2897 necesse
1348 2847 1620 2906 habuerit.
1675 2853 1958 2923 I’raaeipua
2000 2870 2193 2913 autem
2241 2865 2361 2932 ejus

783 2931 1056 2984 vecordiae
1089 2950 1253 2988 causa
1294 2947 1444 3000 erat,
1479 2942 1623 3009 quod
1669 2947 2104 3015 magnitudinem
2143 2953 2357 3024 imperii

787 3020 938 3085 quod
985 3020 1034 3073 ei
1073 3022 1364 3093 obtigerat,
1398 3028 1542 3084 ferre
1571 3041 1734 3100 atque
1771 3038 2049 3093 sustinere
2086 3057 2192 3096 non
2223 3020 2359 3112 ipos-

788 3123 875 3164 set
908 3129 920 3164 :
952 3116 1310 3181 quamobrem
1341 3122 1773 3189 cogitationibus
1806 3138 1862 3183 et
1896 3133 2147 3188 consiliis
2180 3137 2362 3190 stultis

790 3199 966 3268 actu‘s,
1019 3207 1203 3275 inepte
1253 3221 1308 3266 et
1367 3228 1657 3282 perperam
1715 3235 1802 3274 res
1842 3224 2091 3289 gerebat.
2135 3228 2254 3281 Jam
2305 3240 2360 3282 ct

791 3291 940 3345 inani
983 3295 1036 3348 in
1069 3298 1255 3354 animo
1290 3316 1391 3356 suo
1420 3304 1646 3362 inﬂatus
1685 3315 2024 3381 arrOgantia,
2059 3333 2154 3384 per
2188 3326 2360 3373 teme-

790 3382 1007 3438 ritatem
1068 3399 1120 3441 et
1172 3393 1566 3452 conﬁdentiam
1619 3417 1898 3470 opponere
1942 3422 2000 3462 se
2056 3382 2225 3465 ausus
2275 3423 2361 3466 est

787 3473 1238 3558 imperatoribus,
1271 3485 1367 3552 qui
1417 3503 1540 3542 eum
1591 3494 1782 3547 multis
1823 3505 1986 3564 atque
2020 3499 2363 3570 incompara-

787 3561 990 3620 bilibus
1030 3570 1206 3624 modis
1256 3575 1412 3643 longe
1461 3582 1862 3639 antecellebant
1895 3561 2094 3655 genere
2118 3631 2132 3654 ,
2163 3561 2362 3648 educa-

791 3656 963 3721 tione,
1001 3659 1370 3730 institutione,
1410 3671 1729 3737 prudentia.
1761 3677 2047 3746 dignitate,
2078 3697 2204 3736 vera
2236 3673 2360 3755 erga

789 3745 960 3801 Deuin
1012 3753 1238 3820 pietate,
1283 3767 1445 3828 atque
1486 3763 1539 3815 in
1593 3765 1760 3820 rebus
1798 3771 2058 3824 Omnibus
2101 3745 2359 3843 ollii-ios‘a,

788 3840 1005 3895 decenti
1053 3855 1111 3897 et
1166 3849 1446 3908 moderata
1501 3856 1669 3909 animi
1719 3861 2117 3917 constitutione
2172 3885 2186 3919 :
2240 3883 2361 3936 quas

790 3931 1026 3987 virtutes
1074 3936 1128 3988 in
1169 3938 1250 3991 eis
1297 3948 1356 3994 ut
1388 3945 1681 4014 praecipuae
1728 3957 1784 4000 et
1835 3951 2072 4006 maxime
2121 3955 2363 4011 illustres

789 4032 900 4089 prae
937 4025 1060 4080 aliis
1107 4029 1338 4085 miriﬁce
1371 4035 1685 4093 elucebant.
1733 4041 1809 4094 Ac
1857 4044 2095 4110 primum
2136 4049 2360 4116 quidem

788 4113 846 4166 in
879 4116 1058 4171 solitis
1104 4135 1226 4188 qua:
1261 4125 1480 4191 publice
1529 4128 1734 4184 fiebant
1778 4113 2272 4193 acclamationibus
2307 4149 2364 4195 et

785 4205 954 4270 votis,
996 4211 1176 4276 primo
1224 4214 1344 4268 loco
1391 4232 1449 4270 se
1497 4222 1800 4275 renuntiari
1846 4228 2060 4299 curavit
2109 4245 2122 4280 :
2165 4229 2362 4286 deinde

787 4304 969 4349 autem
999 4305 1294 4356 amentiam
1337 4307 1390 4360 in
1428 4308 1694 4364 insaniam
1726 4327 1967 4379 vertens,
2003 4318 2208 4374 fmdera
2237 4336 2360 4375 cum

788 4385 998 4441 Licinio
1031 4401 1189 4448 antea
1226 4409 1378 4464 pacta
1405 4403 1574 4468 rupit.
1607 4402 1673 4456 Et
1713 4421 1838 4459 cum
1866 4409 1921 4461 in
1951 4411 2138 4464 animo
2174 4427 2360 4467 secum

786 4476 904 4541 Ipse
952 4493 1252 4553 reputaret,
1291 4506 1411 4557 quae
1442 4509 1539 4560 per
1579 4496 1685 4548 vim
1726 4507 1780 4550 et
1831 4499 2129 4556 edicaciam
2178 4507 2362 4560 crucis
2393 4512 2436 4566 ι)

792 4568 1065 4628 Maxentio
1101 4581 1450 4649 accederant,
1485 4585 1654 4657 589
1679 4605 1787 4643 non
1822 4593 1997 4647 Solum
2033 4607 2225 4651 contra
2260 4600 2360 4650 im-

784 4675 1087 4729 peratores,
1121 4685 1310 4726 verum
1345 4677 1510 4730 etiam
1551 4681 1817 4736 adversus
1850 4687 2173 4746 cruciﬁxum
2202 4690 2360 4748 Chri-

785 4762 929 4807 stum
967 4772 1117 4812 arma

787 4845 905 4912 Quo
944 4860 1049 4904 tem
1053 4869 1125 4921 po

1321 4977 1550 5033 CAPUT
1591 4982 1836 5042 XXXIII.

784 5053 1037 5123 Magnum
1083 5059 1487 5150 Constantinum
1545 5073 1722 5150 Romae
1773 5095 1806 5130 a
1866 5080 2132 5150 Sylvestro
2173 5102 2355 5140 sacro-

1087 5144 1270 5189 sancto
1307 5140 1562 5208 baptismo
1607 5146 1876 5201 initiatum
1909 5140 2052 5205 ἐδει

859 5220 986 5277 Hice
1016 5241 1141 5280 cum
1193 5231 1353 5284 divus
1402 5234 1703 5303 imperator
1751 5240 2148 5302 Constantinus
2202 5254 2364 5305 audi-

785 5314 974 5379 visset,
1000 5329 1164 5388 atque
1188 5323 1242 5375 in
1271 5325 1467 5392 primis
1496 5332 1872 5397 cognovisset,
1905 5347 1963 5387 ut
1992 5337 2080 5391 ille
2112 5353 2358 5408 apertam

791 5405 1059 5464 adversus
1123 5413 1474 5473 Christianos
1537 5427 1975 5490 persecutionem
2043 5433 2361 5499 renovarit,

789 5501 935 5567 quod
967 5516 1012 5554 -ιι
1044 5519 1217 5570 puero
1264 5511 1530 5567 malitiam
1563 5524 1620 5569 et
1663 5516 1867 5585 ﬂagitia
1902 5523 2084 5575 omnia
2131 5525 2357 5590 odisset,

789 5599 1037 5652 animum
1076 5602 1390 5672 despondit,
1426 5623 1595 5678 seque
1634 5612 1808 5680 ipsum
1840 5616 1989 5669 curis
2033 5621 2354 5686 maceravit,

790 5692 984 5743 selulo
1031 5696 1275 5762 cogitans
1326 5704 1604 5769 quomodo
1653 5704 1802 5760 hunc
1845 5723 2067 5776 quoque
2115 5727 2143 5763 e
2177 5715 2357 5767 medio

790 5783 984 5838 tollere
1021 5799 1222 5855 posset.
1257 5796 1430 5862 Atque
1465 5810 1591 5848 cum
1643 5798 1766 5852 talia
1816 5801 2194 5870 meditantem,
2229 5820 2355 5860 cum

2465 597 2584 650 Ἵνα
2615 597 2672 652 δὲ
2702 599 2840 670 αὕτη
2875 602 3032 670 ἡμῶν
3061 603 3094 672 η
3127 604 3375 668 κέλευσις
3399 607 3482 669 είς
3511 608 3712 674 γνῶσιν
3735 608 3851 660 τῶν
3883 614 4070 675 ἐπαρ-

2463 692 2676 759 χιωτῶν
2708 696 3002 764 ἡμετέρων
3030 695 3185 767 ἔλθῃ,
3226 698 3562 767 διατάγματι
3595 698 3701 752 ὑπὸ
3731 701 3829 753 σοῦ
3860 716 4070 769 προτε-

2465 781 2614 836 θέντι
2647 785 2709 838 τὸ
2741 785 3178 853 κεκελευσμένον
3206 787 3419 856 ὀφείλει
3457 788 3722 858 δηλῶσαι.
3759 807 3778 839 ι

3027 903 3284 960 ΚΕΦᾹΛ.
3324 901 3451 957 AB'.

2463 993 2602 1059 Περί
2631 991 2750 1079 ξῆς
2777 989 3210 1079 είς-προῦπτον
3257 995 3632 1079 διαστροφῆς
3673 997 3774 1079 καί
3829 999 4066 1077 ἐπανίιί

2534 1063 2808 1201 attigui);-
2842 1064 3185 1132 Μαειμινου
3220 1065 3372 1119 κατὰ
3411 1069 3892 1120 Κωνσταγτὶνου
3959 1067 4065 1120 τοῦ

2533 1134 2622 1185 Ms
2701 1138 2838 1187 λου.

2535 1233 2702 1286 Ταῦτ’
2733 1235 2794 1289 οὐ
2825 1239 2968 1290 κατὰ.
2993 1238 3246 1308 γνώμην,
3279 1238 3417 1291 ἀλλὰ
3443 1240 3539 1292 καὶ
3571 1241 3783 1310 σφόδρα
3813 1234 4065 1309 ἠναγκα·

2466 1325 2680 1393 σμένως
2731 1327 3208 1397 διακελευόμενος,
3242 1330 3522 1398 ὀὐδαμῶς
3573 1332 3810 1416 τάληθες
3877 1334 4066 1395 λέγειν

2465 1418 2668 1485 ἐῴκει,
2701 1419 2762 1471 τὸ
2791 1421 2898 1488 πρὸ
2929 1421 3166 1489 βραχέος
3219 1421 3386 1474 αὐτοῦ
3419 1423 3795 1492 εννοουμένοις
3853 1425 4065 1491 παλίμ-

2465 1508 2620 1562 ϐολον
2654 1512 2753 1580 τῆς
2783 1513 3013 1580 γνώμης
3058 1516 3153 1566 καὶ
3185 1515 3440 1569 ἄστατον.
3473 1514 3667 1566 Τοίνυν
3721 1517 3828 1566 οὐκ
3873 1518 3936 1567 ἐν
3988 1515 4061 1581 ττζι

2465 1604 2684 1672 φανερῷ
2713 1623 2792 1667 τις
2821 1605 3044 1676 ἐθάρρει
3079 1607 3358 1672 συνάγειν.
3391 1607 3486 1659 καί
3511 1624 3563 1659 τι
3595 1607 3706 1660 τῶν
3732 1609 4062 1676 ἀνηκόντων

2464 1697 2528 1763 τῇ
2571 1696 2838 1766 θρησκείᾳ
2863 1698 3190 1765 ἐλευθερίως
3221 1701 3396 1750 ποιεῖν
3419 1715 3434 1728 ·
3463 1700 3587 1751 ἐπεί
3618 1701 3702 1751 τοί
3750 1717 3816 1765 γε
3844 1701 3971 1752 οὑδὲ
4005 1702 4061 1751 το

2467 1791 2700 1858 γράμμα
2726 1790 2879 1843 ταῦτ’
2906 1791 3087 1861 ἧθελε.
3119 1791 3192 1842 Τὸ
3212 1792 3268 1842 δὲ
3302 1793 3716 1861 ἀνεπηρέαστον
3742 1793 3908 1860 ἡμῶν
3937 1795 4060 1844 ἐπι-

2466 1882 2666 1950 τρέπον
2711 1882 2872 1947 δῆθεν
2930 1883 3370 1951 παρεκελεύετοο
3403 1884 3465 1935 οὗ
3524 1883 3631 1952 μὴν
3665 1884 3760 1934 καὶ
3797 1884 4058 1935 cos/15w:

2469 1975 2819 2042 συγκροτεῖνξ
2852 1975 3030 2036 θείους
3085 1992 3143 2026 τε
3190 1977 3376 2036 οἴκους
3430 1975 3702 2040 ἐγείρειν·
3739 1976 3838 2025 καὶ
3883 1975 4057 2026 τᾶλλα

2466 2058 2562 2111 ὅσα
2595 2062 2728 2129 ἡμῖν
2749 2061 2975 2114 είωθότα
2992 2057 3134 2132 ἦσαν
3155 2079 3171 2094 ο
3206 2065 3300 2116 καὶ
3327 2062 3500 2116 ταῦτα
3525 2063 3617 2115 τοῦ
3640 2063 3743 2131 τῆς
3764 2065 4058 2126 εὐσεϐείας

2467 2157 2561 2204 καὶ
2583 2154 2807 2224 εἰρήνης
2841 2156 2977 2222 ἡμῖν
3005 2154 3248 2224 ἀρχηγοῦ
3279 2154 3546 2223 βασιλέως
3589 2155 3814 2223 σύναμα
3843 2157 3926 2223 τῷ
3960 2159 4054 2208 Λι-

2468 2243 2627 2313 κινίῳ
2663 2244 2729 2295 τά
2778 2244 2983 2297 τοιαῦτ’
3013 2248 3406 2310 ἐπιτρέποντος
3439 2249 3553 2308 τοίς
3596 2246 4054 2312 καταπεμφθεῖσι

2471 2333 2706 2403 μάλιστα
2735 2337 3064 2405 γράμμασιν
3093 2337 3242 2406 αὑτῷ
3272 2354 3330 2389 τε
3360 2338 3456 2388 καὶ
3489 2340 3660 2390 πᾶσιν
3693 2333 3778 2399 οἷς
3811 2339 3923 2390 ὑπὸ
3947 2342 4058 2406 lsi-

2468 2442 2537 2494 ρα
2567 2425 2792 2492 γέγονεν
2814 2423 2979 2479 εἶναι.
3002 2430 3075 2482 Οὐ
3112 2431 3218 2500 μήν
3257 2447 3319 2496 γε
3349 2429 3427 2498 τῷ
3463 2429 3719 2481 δυσσεϐεῖ
3737 2428 3903 2482 ταῦτ’
3931 2433 4058 2498 ᾕρεε

2469 2532 2564 2568 σκε
2596 2532 2609 2545 ·
2645 2517 2747 2570 κᾶν
2781 2519 2838 2580 ες
2887 2517 3114 2590 ὓστερον
3147 2523 3212 2588 τῇ
3249 2519 3370 2590 θείᾳ
3409 2521 3884 2587 συνελαυνόμενος
3909 2522 4055 2592 δίκῃ,

2468 2609 2562 2661 καὶ
2587 2610 2738 2662 ἄκων
2769 2611 2839 2661 τὰ
2873 2611 3036 2678 ὃμοια
3065 2614 3156 2663 καὶ
3189 2612 3350 2672 αὐτὸς
3390 2615 3505 2674 τοῖς
3525 2613 3792 2679 κρατοῦσι
3826 2615 4054 2682 νομοθε-

2467 2703 2579 2752 τεῖν
2623 2703 2990 2770 ἠναγκάζετο.
3060 2700 3418 2773 Ἐκπέριῆλθε
3466 2704 3522 2756 δὲ
3573 2704 3724 2772 αὐτῷ
3763 2707 3920 2758 αἰτία
3962 2707 4057 2774 μὲν

2469 2787 2682 2857 πρώτη,
2711 2791 2903 2859 ὅτιπερ
2932 2791 3029 2860 οὐχ
3054 2787 3167 2852 οἷός
3207 2809 3262 2843 τε
3307 2787 3375 2860 ἦν
3408 2793 3598 2859 φέρειν
3631 2794 3691 2845 τὸ
3715 2796 3961 2862 μέγεθος
3992 2791 4056 2864 ἧς

2467 2882 2752 2950 ἐπετράπη
2799 2883 2974 2952 ἀρχῆς
2997 2900 3009 2913 ·
3056 2885 3258 2952 ἥκιστα
3289 2888 3345 2938 δὲ
3380 2888 3619 2954 σώφρονι
3653 2888 3939 2954 ἀγόμενος
3973 2889 4054 2940 λο-

2466 2971 2672 3040 γισμῷ,
2706 2974 3090 3043 ἀπειροκάλως
3121 2977 3386 3045 ἐνεχείρει
3439 2981 3549 3040 τοῖς
3588 2979 3916 3048 πράγμασι.
3950 2983 4052 3033 οι-

2469 3062 2672 3129 σήματι
2701 3062 2756 3113 δὲ
2787 3063 3021 3135 διακένῳ
3052 3066 3153 3136 τὴν
3185 3070 3361 3138 ψυχὴν
3392 3072 3600 3139 ἀρθεὶς,
3633 3074 3734 3142 ἤδη
3774 3076 3874 3126 καὶ
3913 3077 4054 3128 κατά

2392 3183 2434 3244 c
2466 3153 2573 3206 τῶν
2600 3156 2947 3221 κρατούντων
2968 3161 3064 3211 καὶ
3099 3160 3450 3228 ἀσυγκρίτοις
3497 3166 3721 3232 μέτροις
3749 3167 4053 3236 {mapali-e-

2461 3246 2789 3312 των,γένει,
2842 3248 3144 3320 ἀνατροφῇ,
3188 3253 3428 3321 παιδεία,
3489 3255 3701 3306 συνέσει
3755 3259 3852 3308 καὶ
3889 3260 4032 3323 ἀξιῶ

2464 3353 2620 3404 ματι,
2648 3342 2742 3392 καὶ
2769 3341 2835 3409 τῇ
2865 3340 3002 3408 πρὸς
3036 3342 3168 3394 Θεὸν
3198 3345 3469 3414 εὐσεϐείᾳ,
3509 3348 3601 3398 καὶ
3646 3348 3722 3414 τῷ
3753 3349 3846 3415 ἐφ’
3883 3352 4054 3403 Ξττασι

2461 3428 2700 3497 σώφρονι
2730 3434 2825 3484 καὶ
2878 3432 3305 3503 κατεσταλμένῳ
3357 3435 3462 3497 ﬁt;
3513 3435 3694 3504 ψυχῆς
3748 3447 4047 3507 παραστή-

2463 3536 2611 3587 ματι.
2653 3522 2716 3571 ’Δ
2749 3519 2812 3588 δή
2851 3538 2974 3574 τινα
3006 3524 3098 3575 καὶ
3143 3524 3217 3586 ὼς
3247 3529 3515 3591 κορυφαῖα
3558 3527 3772 3590 τούτοις
3803 3532 3902 3582 καὶ
3934 3532 4052 3582 trti-

2462 3625 2632 3678 σημα,
2671 3611 2778 3662 τῶν
2808 3612 2988 3665 ἄλλων
3034 3609 3176 3684 ἦσαν
3209 3616 3506 3684 ὑπερφυῶς
3534 3617 3949 3685 διαλάμποντα,
3975 3625 4051 3684 εἰς

2459 3701 2667 3769 τόλμην
2698 3704 2792 3754 καὶ
2828 3702 3030 3770 θράσος
3077 3705 3460 3775 ἀνηρεθίζετο.
3522 3709 3631 3760 Καὶ
3691 3710 3919 3776 πρῶτον
3955 3713 4052 3780 μὲν

2463 3792 2745 3845 ἐπιϐάλλει
2780 3794 2901 3856 ταῖς
2948 3795 3008 3860 ἐξ
3068 3797 3224 3858 ἔθους
3263 3799 3552 3866 δημοσίαις
3598 3802 3814 3869 φήμαις
3845 3804 4036 3870 πρώτι-

2464 3901 2586 3947 στος
2641 3886 3110 3956 ἀναγορεύεσθαι·
3164 3891 3265 3960 τὴν
3315 3892 3360 3942 δ’
3408 3893 3670 3944 ἀπόνοιαν
3711 3897 3792 3956 εἰς
3847 3898 4051 3962 μανίαν

2463 3977 2764 4038 ἐπιτείνας.
2795 3979 2896 4040 τὰς
2944 3981 3225 4049 συνθήκας
3263 3982 3495 4044 διέλυεν,
3527 3984 3593 4047 ἃς
3626 3987 3765 4052 μετά
3803 3988 4050 4039 Λικινίου

2463 4065 2756 4131 πεποίηται
2788 4065 3075 4136 πρότερον.
3119 4068 3209 4119 Ἐν
3234 4069 3309 4138 νῷ
3332 4069 3389 4122 δὲ
3419 4071 3629 4138 βάλλων
3656 4076 3752 4124 καὶ
3801 4076 3865 4126 τὸ
3909 4080 4050 4129 κατὰ

2461 4152 2766 4217 Μαξέντιον
2789 4157 3086 4226 γενόμενον
3116 4157 3206 4211 διά
3227 4160 3328 4229 τῆς
3355 4162 3450 4214 τοῦ
3474 4163 3712 4233 σταυροῦ
3737 4165 3825 4216 ινε
3837 4170 4050 4234 ργείας,

2461 4243 2522 4295 οὑ
2551 4245 2712 4311 μόνον
2745 4247 2886 4314 μετά
2937 4249 3047 4300 τῶν
3094 4249 3381 4318 βασιλέων,
3424 4253 3560 4306 ἀλλά
3587 4272 3650 4321 γε
3680 4256 3742 4322 δὴ
3797 4261 3894 4309 καὶ
3929 4261 4050 4311 κατ’

2462 4338 2629 4390 αὑτοῦ
2659 4340 2930 4402 ὡπλίζετο
2957 4341 3051 4394 τοῦ
3087 4347 3496 4414 σταυρωθέντος
3524 4349 3790 4417 Χριστοῦ.
3833 4352 3946 4404 Καὶ
3974 4356 4050 4414 εἰς

2465 4428 2630 4496 φόϐον
2677 4432 3012 4499 συνεὶαθεὶς,
3065 4436 3156 4488 τὸν
3187 4438 3330 4490 κατά
3384 4437 3731 4508 Χριστιανῶν
3764 4445 3863 4495 καὶ
3885 4441 4049 4505 αὖθις

2462 4519 2648 4591 ἡρέμα
2678 4520 2862 4589 ἀνίησι
2927 4523 3188 4594 διωγμόν.
3250 4528 3516 4596 Ὀπηνίκα
3566 4531 3753 4583 πολλοὶ
3808 4534 3912 4600 μὲν
3959 4538 4049 4586 καὶ

2468 4609 2618 4662 ἄλλοι
2645 4612 2982 4682 περιϐόητοι,
3014 4615 3322 4685 θαυμαστοί
3354 4636 3416 4672 τε
3444 4623 3540 4674 καὶ
3561 4624 3803 4689 γενναῖοι
3854 4623 4046 4694 ἄνδρες

2468 4699 2529 4750 τὸ
2555 4700 2648 4753 τοῦ
2674 4705 2978 4774 μαρτυρίου
3007 4707 3268 4774 διήνυσαν
3301 4711 3536 4766 στάδιον.

1149 4767 1402 4832 sumpsit.
1447 4770 1514 4823 Et
1562 4783 1777 4827 terrore
1823 4787 2133 4847 correptus,
2166 4784 2432 4851 paulatim
2501 4767 2702 4847 rursus
2735 4767 3178 4864 persecutionem
3246 4801 3304 4854 in
3368 4800 3714 4856 Christianos
3769 4807 4044 4872 permisit.

1132 4871 1188 4908 re
1231 4861 1387 4914 multi
1433 4878 1563 4920 sane
1596 4869 1910 4926 admirandi
1957 4881 2013 4927 et
2060 4875 2233 4932 fortes
2261 4880 2364 4937 viri
2405 4884 2460 4940 in
2492 4890 2736 4960 martyrii
2766 4892 2946 4946 stadio
2976 4904 3204 4951 strenue
3233 4912 3457 4952 cursum
3492 4914 3776 4970 peregere.

3037 5014 3284 5067 ΚΕΦΑΛ.
3327 5016 3446 5068 AI".

2472 5095 2604 5152 Ὀτι
2632 5101 2702 5152 ἐν
2734 5101 2924 5181 Ῥῴιιῃ
2960 5106 3000 5181 ό.
3026 5105 3228 5181 Δμέγας
3262 5108 3721 5181 Κωνσταντῒγος
3747 5128 3913 5181 παρα
3946 5116 4044 5169 τοῦ

2776 5173 2949 5240 ἁγίου
2975 5174 3314 5243 ἐϐαπτίσθη
3348 5181 3392 5230 Σ
3399 5173 3739 5245 ιλϐἐστρού.

2539 5258 2707 5312 Ταῦθ’
2737 5263 2764 5314 ὁ
2793 5263 3062 5327 θειότατος
3097 5266 3354 5331 βασιλεὺς
3400 5268 3822 5334 Κωνσταντίνος
3853 5274 4037 5327 ἑνωτι-

2466 5348 2713 5418 ξάμενος,
2745 5354 2838 5406 καὶ
2872 5354 3106 5424 μάλιστα
3145 5357 3219 5416 ὡς
3248 5359 3330 5418 είς
3377 5352 3652 5424 προῦπτον
3682 5361 3931 5414 ἀνεκίνει
3956 5367 4042 5416 τὶν

2465 5439 2730 5511 διωγμὸν,
2767 5447 3136 5515 μισοπόνηρος
3178 5444 3255 5497 ὣν
3281 5447 3345 5498 ὲκ
3372 5447 3576 5507 παιδὸς,
3615 5449 4039 5522 ἀπελέγετοτὴι

2463 5529 2665 5600 ψυχὴν,
2693 5535 2788 5586 καὶ
2821 5534 3017 5587 ἑαυτὸν
3045 5534 3398 5588 κατεδαπανα
3433 5538 3743 5605 φροντίσιν,
3767 5542 3924 5603 ὅπως
3953 5547 4034 5594 καὶ

2465 5622 2656 5675 τοῦτον
2687 5628 2750 5678 ἐκ
2778 5628 2945 5695 μέσου
2970 5629 3270 5698 ποιήσειεν.
3297 5629 3456 5682 Οὕτω
3484 5630 3529 5682 δ’
3559 5631 3739 5699 ἔχοντι
3773 5637 3872 5687 καὶ
3895 5635 4035 5687 οὔπω

2454 5715 2560 5767 τοῦ
2594 5717 2741 5770 θείου
2767 5717 3056 5788 ἠξιωμένῳ
3089 5721 3486 5792 βαπτίσματος,
3522 5724 3677 5786 νόσος
3707 5742 3792 5787 τις
3847 5726 4032 5794 αι’φνης

2469 5808 2615 5878 αὑτῷ
2671 5811 2926 5880 ἀκρατῶς
2951 5814 3394 5883 ὲπεισφρήσασα,
3430 5814 3645 5886 πληγὴν
3681 5818 3746 5868 οὐ
3772 5818 4027 5887 σμικραν,
