4220 6438
194 436 326 503 1301

1129 422 1737 489 EtICLESlASTlCJ‘I
1778 419 2168 483 HlSTORl/E
2206 422 2351 483 LIB.
2386 420 2525 481 VII.

3306 406 3445 473 i302

190 552 331 630 Pio“
384 551 419 619 ἡ
476 546 703 613 τἰιαῦτη
757 542 1000 608 ἕξουσῖα,
1049 539 1272 593 ἐδόκουν
1348 531 1761 607 προστεθεῖσθατ

1875 532 2143 600 permissa
2171 540 2434 600 potestas.
2464 528 2647 581 verbis
2672 525 2891 580 disertis
2922 520 3125 576 addita
3146 531 3267 573 esse
3294 514 3449 570 vide-

1880 625 1892 630 -
2132 622 2151 630 -
2359 620 2380 630 -
2450 629 2457 630 ,
2778 626 2788 630 _
2895 610 3218 630 οικᾼᾼ.....ιΔ
3243 603 3449 630 --η-ι.

187 642 401 712 σαφῶς,
434 640 595 711 τυχὸν
627 638 754 702 ίσως
788 637 930 697 τινὲς
957 635 1140 688 αὐτῶν
1172 635 1288 702 μετ’
1318 631 1498 699 ὀλίγον
1524 630 1631 682 ἀπὸ
1671 632 1769 695 τῆς

188 736 445 800 τοιαύτης
488 729 921 801 παραφυλάξεως
970 726 1359 798 ἀνεκρούοντο“
1427 724 1593 776 ὁπ”τε
1664 718 1773 784 ἐγὼ

191 827 438 895 εὐτυχῶς
493 825 904 880 κωνσταντῖνος
956 820 1291 887 Αὔγουστος,
1341 813 1497 884 κάγὼ
1533 814 1774 874 Λικίνιος

198 918 509 986 Αὔγουστος
529 919 587 969 ἐν
605 914 685 983 τῷ
710 915 1027 982 Μεδιολάνῳ
1057 911 1414 980 ἐληλύθαμεν
1434 924 1449 939 ⁶
1482 906 1576 959 καὶ
1600 906 1775 958 πάντα

196 1013 299 1062 ὅσα
356 1008 493 1079 πρὸς
539 1007 599 1060 τὸ
653 1005 928 1066 λυσιτελὲς
964 1006 1058 1056 καὶ
1109 1002 1246 1068 πρδς
1291 1001 1351 1053 τὸ
1396 1002 1667 1069 χρήσιμον
1700 994 1777 1063 τῷ

193 1099 363 1170 κοινῷ
410 1099 662 1168 διέφερεν
698 1098 755 1148 ἐν
786 1096 1010 1165 ζητήσει
1056 1095 1288 1163 ἔσχομεν
1323 1109 1336 1121 ·
1364 1090 1541 1144 ταῦτα
1570 1087 1776 1159 μεταξῦ

195 1193 310 1246 τῶν
336 1192 561 1255 λοιπῶν,
600 1191 757 1245 ἅτινα
794 1191 967 1241 anm.
1015 1191 1072 1241 ἐν
1126 1186 1341 1248 πολλοῖς
1404 1183 1608 1237 ἅπασιν
1638 1183 1779 1233 ἐπω-

200 1287 342 1356 φελῆ
374 1282 517 1338 εἶναι
537 1301 551 1315 ο
581 1285 783 1354 μᾶλλον
808 1285 864 1337 δέ
910 1286 969 1335 ἐν
999 1282 1235 1353 πρώτοις
1272 1278 1516 1341 διατάξαι
1552 1275 1783 1342 ἐδογμα-

200 1381 459 1448 τίσαμεν.
495 1372 576 1441 οἷς
612 1379 645 1447 ἡ
672 1379 813 1447 πρὸς
846 1377 909 1429 τί,
939 1376 1095 1427 Θεῖον
1122 1374 1287 1435 αίδὼς
1312 1388 1370 1423 τε
1400 1373 1494 1423 καὶ
1526 1371 1584 1420 το
1617 1368 1783 1429 σέϐας

202 1472 479 1540 ἐνείχετοο
523 1469 806 1522 τουτέστιν
834 1468 983 1529 ὅπως
1029 1466 1210 1535 δῶμεν
1244 1463 1339 1515 καὶ
1376 1466 1489 1523 τοῖς
1518 1462 1780 1530 Χριστια-

204 1566 315 1626 vol;
348 1564 442 1615 καί.
471 1564 654 1615 πᾶσαν
687 1561 983 1629 ἐλευθέραν
1015 1559 1228 1628 αἵρεσιν
1255 1557 1348 1609 τῦ
1377 1554 1693 1607 ἀκολουθεῖν
1717 1554 1781 1621 τῇ

202 1657 477 1725 θρησκείᾳ
589 1654 634 1706 δ’
666 1655 731 1707 ἂν
769 1638 1138 1722 βουληθῶσιν·
1187 1652 1337 1712 ὅπως
1370 1650 1398 1702 ὅ
1420 1649 1470 1702 τί
1507 1647 1639 1699 ποτέ
1671 1648 1787 1698 ἐστι

201 1745 487 1797 θειοτάτου
535 1744 627 1797 καὶ
661 1745 925 1813 οὐρανίου
964 1742 1317 1811 πράγματος,
1350 1740 1483 1808 ἡμῖν
1516 1738 1612 1790 καὶ
1653 1737 1790 1787 πᾶσι

204 1839 321 1896 τοῖς
360 1835 463 1887 ὑπὸ
491 1835 589 1903 τὴν
618 1835 900 1905 ἡμετέραν
947 1832 1199 1899 ἐξουσίαν
1244 1830 1529 1896 διαγουσιν
1562 1826 1790 1897 εὖμενὶς

204 1924 349 1981 εἶναι
395 1927 617 1997 δυνηθῇ.
658 1926 851 1980 Τοίνυν
889 1927 1095 1995 ταύτην
1142 1926 1240 1994 τὴν
1271 1922 1548 1994 ἡμετέραν
1595 1920 1790 1989 βούλη-

208 2039 297 2074 σιν
353 2021 581 2087 ὑγιεινῷ
610 2020 705 2072 καὶ
732 2018 1012 2090 ὀρθοτάτῳ
1051 2016 1299 2086 λογισμῷ
1327 2014 1791 2082 ἑδογματίσαμεν,

206 2114 361 2172 ὅπως
392 2112 583 2181 μηδενὶ
610 2110 896 2173 παντελῶς
936 2108 1156 2176 ἐξουσία
1202 2109 1431 2170 ἀνεῖται,
1477 2106 1509 2173 η
1543 2103 1638 2157 τοῦ
1669 2105 1797 2156 ἀκο-

207 2200 429 2252 λουθεῖν
456 2202 551 2255 καὶ
591 2199 865 2269 αίρεῖσθαι
894 2199 994 2268 τὴν
1024 2197 1134 2251 τῶν
1162 2195 1508 2264 Χριστιανῶν
1542 2209 1799 2264 παραφυ-

210 2291 369 2356 mea:
398 2293 698 2363 θρησκείαν
733 2292 997 2345 ἑκάστοτε
1034 2291 1255 2357 ἐξουσία
1280 2288 1493 2358 δοθείη’
1526 2287 1621 2341 τοῦ
1661 2285 1800 2340 διδό-

168 2423 174 2431 .
213 2402 311 2437 ναι
345 2384 495 2453 αὐτῷ
548 2386 647 2453 τὴν
698 2384 936 2437 διάνοιαν
992 2385 1050 2436 ἐν
1107 2381 1295 2454 ἐκείνῃ
1327 2383 1393 2451 τῇ
1427 2379 1699 2450 θρησκεία
1734 2380 1801 2443 ἣν

212 2476 381 2536 αὐτὸς
410 2475 595 2544 ἐαυτῷ
628 2475 898 2544 ἁρμόζειν
942 2473 1156 2541 νομίζει
1182 2490 1196 2504 ο
1226 2475 1375 2535 ὅπως
1418 2472 1550 2540 ἡμῖν
1598 2466 1799 2535 δυνηθῇ

217 2570 281 2620 τὸ
307 2570 455 2621 θεῖον
482 2569 541 2619 ἐν
572 2568 708 2620 πᾶσι
747 2567 847 2627 τὴν
883 2565 1072 2635 ῐθιμον
1103 2562 1345 2634 σπουδὴν
1375 2563 1467 2615 καὶ
1491 2559 1802 2626 καλοκαγα-

218 2658 350 2711 θίαν
408 2656 711 2724 παρέχει-ι’
747 2654 908 2707 ἅτινα
947 2651 1124 2712 οὕτως
1182 2652 1443 2720 ἀρέσκειν
1472 2650 1609 2718 ἡμῖν
1652 2648 1804 2699 ἀντι-

218 2748 432 2817 γράψαι
460 2747 757 2800 ἀκόλουθον
787 2741 855 2815 ἦν
876 2762 891 2777 ο
929 2746 1019 2797 ἵνα
1050 2740 1479 2812 φανερωθεισῶν
1524 2737 1807 2800 παντελῶς

220 2841 339 2893 τῶν
376 2841 672 2910 αίρέσεων,
707 2838 916 2899 αἵτινες
954 2838 1071 2898 τοῖς
1105 2835 1393 2903 προτέροις
1425 2830 1583 2900 ἡμῶν
1621 2830 1806 2898 γράμ-

228 2950 366 3001 μασι
404 2934 519 2994 τοῖς
557 2932 694 3001 πρὸς
752 2930 855 3001 τὴν
918 2928 1019 2999 σὴν
1065 2926 1398 2979 καθοσίωσιν
1452 2922 1809 2975 ἀποσταλείσι

226 3024 361 3095 περὶ
388 3024 499 3076 τῶν
527 3021 875 3093 Χριστιανῶν
904 3018 1270 3088 περιείχοντο,
1321 3015 1418 3069 καὶ
1444 3013 1601 3067 ἅτινα
1627 3012 1807 3079 πάντη

228 3114 403 3170 σκαιὰ
440 3115 537 3168 καὶ
586 3113 685 3181 τῆς
722 3113 998 3182 ἡμετέρας
1036 3108 1347 3179 πραότητος
1378 3106 1639 3175 ἀλλότρια
1668 3098 1810 3156 εἶναι

1880 625 2103 683 bantur,
2129 622 2335 675 factum
2356 620 2587 675 fortassi-
2610 630 2713 678 est,
2736 626 2794 669 ut
2817 613 3040 683 quidam
3061 610 3224 681 paulo
3243 614 3365 676 post
3381 603 3451 659 ab

1881 714 2263 788 hujuscemodi
2301 709 2690 765 observatione
2724 703 3007 771 religionis
3035 693 3451 769 complectenda

1882 808 2191 862 resilirent.
2228 806 2365 859 Cum
2404 803 2569 874 igitur
2596 816 2697 869 ego
2727 795 3123 853 Constantinus
3152 791 3453 860 Augustus,

1878 910 1931 953 et
1954 914 2057 969 ego
2084 896 2329 952 Licinius
2351 894 2652 963 Augustus,
2675 888 2911 944 feliciter
2948 882 3313 940 Mediolanum
3365 892 3457 931 ve-

1880 994 2179 1047 nissemus.
2216 1000 2377 1057 atque
2404 987 2477 1040 ibi
2504 986 2557 1039 in
2584 982 2814 1037 consilio
2830 995 2951 1048 qua:
2973 978 3038 1032 ad
3057 990 3214 1030 usum
3238 980 3292 1026 et
3313 972 3458 1025 utili-

1885 1092 2053 1135 tatem
2088 1078 2403 1148 reipublicae
2436 1074 2714 1145 prmcipue
2751 1070 3119 1139 pertinerent,
3148 1062 3460 1132 inquirere-

1885 1188 2009 1227 tuus
2032 1190 2045 1225 :
2072 1172 2215 1225 inter
2237 1170 2342 1223 alia
2370 1170 2547 1238 plura,
2571 1181 2691 1234 quae
2714 1158 3003 1217 commoda
3028 1171 3153 1212 esse
3179 1152 3459 1214 omnibus,

1884 1283 1978 1320 seu
2003 1265 2176 1335 prima
2204 1263 2388 1332 potius
2410 1261 2520 1314 visa
2546 1265 2696 1319 sunt,
2722 1250 3109 1307 constituenda
3134 1258 3300 1316 atque
3318 1246 3465 1298 enli-

1885 1359 2064 1415 nanda
2095 1373 2212 1412 esse
2245 1354 2528 1413 duximus,
2561 1366 2622 1402 ea
2656 1347 2936 1401 videlicet.
2969 1341 3172 1412 quibus
3202 1338 3380 1391 honor
3409 1341 3467 1387 et

1886 1452 2067 1505 cultus
2094 1448 2267 1503 divini
2299 1444 2553 1501 Numinis
2583 1442 2931 1502 continetur;
2958 1436 3063 1489 hoc
3085 1439 3190 1495 est,
3217 1440 3275 1483 ut
3299 1428 3463 1481 etiam

1887 1540 2219 1599 Christianis
2262 1541 2500 1594 liberum
2537 1534 2694 1605 503
2727 1545 2951 1601 prorsus
2980 1524 3345 1581 concedamus
3380 1535 3470 1572 ar—

1891 1635 2157 1694 bitrium,
2220 1629 2484 1699 religione
2538 1639 2703 1694 quant
2756 1621 2925 1674 velint
2974 1611 3352 1671 consecmndi.
3403 1608 3471 1662 [ι

1891 1724 2162 1797 quidquid
2209 1722 2428 1778 tandem
2473 1729 2556 1773 est
2594 1715 2765 1771 dit-ini
2809 1723 2863 1766 et
2913 1709 3154 1764 cii-lustis
3193 1704 3471 1760 Numinis.

1895 1792 1947 1873 id
1982 1792 2141 1872 nobis
2169 1823 2226 1870 et
2258 1813 2353 1883 qui
2390 1811 2494 1864 sub
2528 1814 2799 1879 potestate
2827 1814 2884 1857 et
2918 1801 3128 1855 ditione
3157 1806 3343 1850 nOStra
3373 1792 3474 1845 de-

1825 1885 1862 1938 B
1896 1919 2053 1982 gunt,
2090 1906 2353 1961 omnibus
2392 1901 2692 1974 prOpitium
2740 1895 3151 1965 benignumque
3185 1901 3305 1943 esse
3340 1900 3470 1955 pos—

1898 2012 2003 2057 set.
2042 2003 2227 2068 ltaque
2273 1995 2604 2052 sententiam
2656 1991 2798 2043 hanc
2851 1994 3092 2041 nostram
3138 1993 3269 2034 sana
3310 1986 3476 2044 atquc

1900 2104 2047 2148 recta
2093 2088 2495 2146 deliberatione
2539 2086 2592 2140 in
2642 2084 2887 2138 edictum
2925 2077 3243 2136 retulimus,
3274 2082 3335 2126 ut
3376 2086 3473 2123 ne-

1901 2188 2034 2244 mini
2082 2199 2313 2257 prorsus
2358 2189 2602 2253 potestas
2649 2174 3065 2247 praecideretur,
3098 2166 3298 2238 quovis
3344 2173 3481 2218 tein»

1902 2298 2035 2355 pore
2070 2279 2519 2334 Christianorum
2569 2266 3016 2325 observationem
3065 2271 3123 2315 et
3159 2257 3479 2328 religionem

1902 2349 2349 2441 complectendi;
2407 2376 2483 2438 et_
2514 2378 2676 2433 quem
2732 2359 2916 2413 animo
2976 2370 3078 2410 suo
3130 2349 3481 2406 commodum

1904 2474 2416 2537 congruentemque
2465 2475 2590 2513 esse
2630 2454 2885 2510 crederet
2916 2450 3150 2511 cultum,
3191 2444 3480 2515 sequendi,

1908 2569 1968 2615 ut
2000 2559 2251 2615 divinum
2295 2554 2511 2610 Numen
2546 2550 2600 2604 in
2643 2550 2809 2603 rebus
2844 2541 3107 2598 omnibus
3150 2551 3483 2608 propensum

1908 2662 2074 2722 atque
2123 2650 2424 2717 benignum
2476 2644 2637 2698 nobis
2680 2648 2849 2694 esset.
2886 2633 3129 2705 Equum
3186 2644 3318 2683 sane
3362 2628 3482 2687 fuit.

1912 2752 1974 2797 ut
2004 2744 2105 2796 hoc
2139 2742 2218 2795 sic
2253 2739 2414 2793 nobis
2445 2736 2660 2806 placere
2691 2730 2961 2797 rescripto
2990 2727 3095 2785 isto
3127 2735 3315 2776 nostro
3342 2736 3487 2773 nunc

1911 2833 2356 2905 signiﬁt-arcmus
2400 2847 2414 2883 :
2459 2837 2518 2882 ut
2576 2823 2883 2880 haeresibus
2939 2819 3166 2873 omnino
3223 2814 3488 2875 sublatis,

1911 2943 2031 2997 qua:
2060 2926 2114 2979 in
2152 2922 2431 2993 prioribus
2463 2918 2528 2973 ad
2558 2915 2909 2971 devotionem
2941 2921 3089 2965 tuam
3117 2908 3262 2963 datis
3292 2906 3489 2960 litteris

1913 3019 2119 3073 nostris
2145 3016 2213 3069 de
2238 3012 2575 3069 Chrisﬁanis
2602 3006 3055 3067 continebantur,
3080 3000 3124 3055 si
3153 3016 3275 3069 qua:
3305 3008 3490 3052 essent

1914 3112 2142 3177 insuper
2199 3107 2425 3162 sinistra
2476 3114 2709 3172 prorsus
2759 3106 2817 3152 ct
2867 3111 2896 3149 a
2953 3092 3245 3148 clementia
3306 3099 3490 3142 nostra

232 3209 439 3271 ἐδόκει,
495 3180 671 3259 ταῦτα
719 3180 1033 3274 ὗιραιρεθῇο
1078 3200 1174 3255 καὶ
1228 3199 1322 3253 νῦν
1372 3198 1677 3266 ἐλευθέρως
1715 3196 1797 3248 καί

1865 3236 1880 3254 υ
1916 3206 2115 3266 aliena,
2149 3216 2212 3256 ea
2248 3198 2665 3252 inducerentur.
2700 3187 2940 3244 Proinde
2970 3183 3207 3253 quilibet
3236 3180 3408 3233 libere
3435 3188 3493 3230 ct

1865 3274 1883 3296 Α
2250 3293 2260 3296 “
2324 3290 2375 3296 ⁸·
2434 3289 2441 3296 ¹
2508 3289 2517 3296 ·
2929 3294 2935 3296 -
2988 3277 3063 3296 ἓ--
3126 3273 3389 3296 -1.ν-.....Α-ι
3414 3271 3491 3296 Ιιιη

232 3298 429 3361 ἁπλῶς
470 3297 705 3358 ἕκαστος
755 3293 937 3348 αὐτῶν
971 3291 1083 3344 τῶν
1119 3290 1219 3361 τὴν
1266 3289 1440 3357 αὐτὴν
1487 3288 1812 3357 προαίρεσιν

232 3389 553 3458 ἐσχηκότων
582 3387 677 3440 τοῦ
708 3387 1007 3455 φυλάττειν
1035 3383 1136 3454 τὴν
1159 3382 1270 3434 τῶν
1303 3381 1651 3451 Χριστιανῶν
1679 3381 1706 3433 θ
1717 3397 1816 3449 ρη-

238 3480 435 3533 σκείαν
478 3481 609 3533 ἄνευ
638 3478 781 3539 τινδς
831 3477 1135 3546 ὀχλήσεως,
1166 3475 1328 3528 τοῦτο
1378 3474 1509 3526 αὐτὸ
1555 3488 1816 3541 παραφυ-

236 3574 448 3626 λάττοι.
481 3573 678 3625 Ἀτινα
707 3572 775 3641 τῇ
812 3573 879 3640 σῇ
910 3568 1204 3637 ἐπιμελείᾳ
1241 3567 1603 3637 πληρέστατα
1640 3564 1818 3633 δηλῶ-

241 3684 335 3719 σαι
369 3664 848 3733 ἐδογματίσσμεν’
887 3662 1037 3723 ὅπως
1066 3660 1269 3731 εἰδείης
1302 3660 1477 3730 ἡμᾶς,
1522 3657 1817 3727 ἐλευθέραν

240 3760 336 3811 καὶ
360 3754 775 3824 ἀπολελυμένην
798 3754 1051 3817 ἐξουσίαν
1076 3752 1173 3804 τοῦ
1196 3752 1456 3821 τημελεῖν
1482 3750 1582 3820 τὴν
1608 3748 1820 3803 ἐαυτῶν

242 3846 547 3915 θρησκείαν
603 3847 718 3906 τοῖς
780 3843 969 3905 αὐτοῖς
1016 3842 1373 3910 Χριστιανοῖς
1430 3838 1815 3907 δεδηλωκέναι.

243 3940 429 4008 Ὅπερ
460 3937 649 4007 ἐπειδὴ
678 3936 1104 4004 ἁπολελυμένως
1138 3937 1317 3993 αὐτοῖς
1348 3931 1438 4001 ὑφ’
1467 3933 1627 4001 ἡμῶν
1659 3932 1822 3984 δεδω-

247 4032 445 4101 ρῆσθαι
477 4031 675 4098 θεωρεῖ
709 4030 741 4098 η
780 4027 847 4097 σὴ
873 4028 1225 4090 καθοσίωσις,
1297 4027 1393 4079 καὶ
1421 4026 1634 4095 ἑτέροις
1673 4022 1824 4087 ἐξου-

246 4125 373 4177 σίαν
398 4125 509 4185 τοῖς
539 4121 887 4191 βουλομένοις
918 4119 1014 4171 τοῦ
1049 4119 1413 4187 μετέρχεσθαι
1440 4116 1541 4184 τὴν
1573 4114 1826 4182 παρατή-

248 4233 414 4286 ρησιν
441 4218 537 4269 καὶ
577 4213 879 4283 θρησκείαν
917 4211 1128 4264 ἑαυτῶν
1157 4226 1172 4241 ⁸
1204 4211 1347 4278 ὅπερ
1387 4206 1697 4269 ἀκολούθως
1755 4208 1820 4275 τῇ

245 4307 449 4378 ἠσυχίᾳ
497 4306 607 4360 τῶν
652 4304 945 4374 ἡμετέρων
1005 4301 1221 4372 καιρῶν
1280 4298 1529 4367 γίνεσθαι
1584 4296 1824 4365 φανερόν

247 4400 423 4458 ἐστιν,
442 4394 590 4454 ὅπως
627 4391 879 4454 ἐξουσίαν
904 4388 1267 4458 ἕκαστος’ἐχῃ
1298 4385 1392 4438 τοῦ
1420 4384 1696 4456 αἱρεῖσθαι
1730 4382 1827 4436 καὶ

246 4484 508 4554 τημελεῖν
545 4486 749 4544 ὁποίως
775 4483 821 4536 δ’
854 4482 921 4535 ἂν
958 4481 1223 4551 βούληται
1261 4480 1324 4531 τὸ
1352 4478 1530 4531 Θεῖον.
1563 4476 1740 4529 Τοῦτο
1766 4476 1824 4528 δέ

1918 3306 2130 3366 aperte,
2171 3293 2264 3363 qui
2316 3289 2660 3345 Christianas
2712 3277 3067 3337 etereinonias
3120 3271 3493 3328 obserVandas

1918 3363 2020 3442 sibi
2066 3401 2188 3440 esse
2229 3381 2467 3439 duxerit,
2504 3394 2599 3433 eas
2642 3377 2761 3430 sine
2788 3369 3223 3443 perturbatione
3255 3376 3313 3421 et
3350 3363 3494 3433 peri-

1916 3480 2044 3535 culo
2093 3477 2242 3531 omni
2296 3483 2416 3527 tuto
2465 3471 2741 3525 observet.
2788 3463 2943 3532 Quod
2994 3465 3063 3515 ita
3110 3458 3343 3515 solertia:
3391 3466 3496 3509 tua:

1919 3569 2236 3636 plenissime
2274 3567 2577 3620 indicatum
2609 3560 2910 3621 voluimus,
2946 3566 3005 3609 ut
3041 3556 3183 3607 scias
3222 3565 3322 3605 nos
3356 3550 3497 3602 libo-

1918 3679 2033 3717 raiu
2086 3659 2507 3725 absolutamque
2548 3662 2875 3724 potestatem
2911 3646 3239 3702 Christianis
3284 3642 3494 3712 religio-

1919 3755 2008 3811 nis
2056 3768 2168 3807 sum
2213 3749 2461 3804 colendae
2513 3747 2844 3801 decrevisse.
2881 3742 2947 3795 Et
2987 3756 3110 3793 cum
3148 3735 3367 3792 devotio
3406 3746 3497 3787 tua

1921 3844 2347 3906 animadvertat,
2383 3851 2489 3894 tam
2524 3836 2829 3891 absolutam
2871 3832 3004 3903 ipsis
3042 3846 3162 3884 esse
3203 3829 3388 3882 datam
3422 3827 3498 3879 la-

1921 3941 2208 3998 cultatem,
2239 3935 2362 3987 aliis
2391 3947 2612 4002 quoque
2644 3928 2710 3981 ad
2746 3943 2901 3981 sacra
2945 3941 3006 3979 ea
3049 3934 3103 3977 et
3143 3920 3498 3976 cteremonias

1924 4031 2161 4087 transire
2193 4027 2503 4081 volentibus
2537 4023 2587 4075 id
2616 4022 2795 4074 foot-re
2824 4019 2962 4073 sciat
2990 4032 3111 4071 esse
3139 4013 3495 4082 permissum.

1927 4119 1982 4174 Id
2023 4116 2172 4187 quod
2222 4114 2614 4183 tranquillitati
2667 4120 2977 4179 temporum
3015 4114 3327 4160 nostrorum
3368 4118 3502 4157 con-

1927 4209 2113 4260 venire
2149 4205 2503 4258 manifestum
2542 4210 2648 4266 est,
2686 4208 2745 4254 ut
2787 4206 3030 4269 potestas
3067 4197 3364 4266 unicuique
3407 4195 3500 4258 sit,

1926 4314 2027 4369 pro
2070 4313 2136 4352 eo
2174 4307 2338 4365 atque
2379 4296 2531 4355 velit,
2571 4293 2819 4346 divinum
2865 4290 3079 4344 colendi
3115 4288 3349 4343 Numen.
3399 4287 3502 4341 Fa-

1926 4401 2075 4446 ctum
2109 4388 2162 4442 id
2199 4404 2227 4441 a
2276 4388 2456 4452 nobis,
2492 4401 2559 4439 ne
2593 4387 2680 4439 cui
2731 4384 2920 4437 divino
2967 4383 3163 4436 honori
3198 4390 3293 4435 aut
3327 4383 3500 4435 cultui

1929 4482 2228 4551 quidquam
2262 4494 2357 4549 per
2401 4492 2504 4533 nos
2542 4476 2876 4531 diminutum
2920 4490 3042 4529 esse
3088 4474 3357 4528 videatur.
3394 4473 3503 4527 Ita-

249 4575 343 4645 ὑφ’
374 4575 534 4646 ἡμῶν
562 4575 811 4642 γέγονεν,
852 4574 1001 4634 ὅπως
1039 4571 1285 4642 μηδεμιᾷ
1331 4571 1466 4639 τιμῇ
1519 4567 1656 4637 μηδὲ
1698 4566 1797 4638 θρη

1865 4586 1905 4640 D
1930 4588 2037 4642 que
2062 4584 2117 4627 et
2143 4573 2246 4626 boc
2271 4572 2324 4625 in
2355 4585 2646 4638 personam
2674 4566 3114 4621 Christianorum
3142 4563 3503 4618 decernentes

251 4669 416 4737 σκείᾳ
441 4668 547 4720 τινὶ
576 4664 917 4736 μεμειῶσθαί
934 4680 986 4715 τι
1008 4663 1098 4729 ὑφ’
1126 4661 1284 4731 ἡμῶν
1300 4660 1508 4730 δοκοίη.
1531 4658 1639 4713 Καὶ
1661 4660 1823 4713 τοῦτο

247 4764 308 4815 δέ
340 4762 477 4831 πρὸς
501 4764 614 4824 τοῖς
644 4760 853 4821 λοιποῖς
884 4760 963 4820 είς
994 4757 1055 4809 τδ
1084 4757 1377 4831 πρόσωπον
1411 4754 1521 4806 τῶν
1553 4754 1829 4826 Χριστια-

248 4856 359 4908 νῶν
379 4827 791 4924 δογματίζομεν
814 4867 829 4882 ο
870 4850 957 4905 ῐνα
986 4852 1111 4912 τους
1155 4827 1358 4908 τόπους
1385 4846 1590 4910 αὐτῶν,
1621 4849 1700 4909 εἰς
1732 4844 1830 4908 οὓς

250 4948 593 5017 τοπρότερον
625 4943 987 5015 συνέρχεσθαι
1020 4941 1142 5003 έθος
1193 4936 1262 5010 ἦν
1313 4942 1498 5003 αὐτοῖς
1520 4957 1537 4973 ο
1573 4940 1707 5009 περὶ
1743 4933 1820 4992 ὧν

252 5039 354 5090 καὶ
384 5038 498 5099 τοῖς
535 5035 807 5103 πρότερον
838 5031 1046 5084 δοθεῖσι
1073 5032 1214 5101 πρὸς
1237 5030 1339 5100 τὴν
1373 5032 1472 5099 σὴν
1500 5030 1831 5084 καθοσίωσιν

250 5130 549 5200 γράμμασι
603 5126 774 5187 τύπος
823 5124 1011 5194 ἕτερος
1061 5119 1128 5193 ἦν
1180 5122 1490 5194 ὡρισμένος
1539 5122 1617 5191 τῷ
1659 5122 1833 5191 ἐτέρῳ

255 5220 435 5291 χρόνῳ
462 5235 477 5251 ⁶
521 5220 609 5273 ἶνα
640 5219 693 5271 εῖ
717 5234 862 5279 τινες
900 5218 933 5286 ἢ
978 5216 1131 5286 παρά
1169 5214 1263 5267 τοῦ
1297 5217 1531 5284 ταμείου
1565 5214 1660 5267 τοῦ
1696 5216 1833 5285 ἠμε-

254 5312 504 5383 τέρου,ἢ
538 5315 691 5381 παρά
733 5327 875 5373 τινος
908 5310 1097 5380 ἐτέρου
1150 5310 1425 5377 φαίνοιντο
1472 5309 1832 5378 ἡγορακότες,

255 5408 485 5468 τούτους
512 5408 626 5468 τοῖς
662 5404 847 5466 αὐτοῖς
883 5404 1232 5471 Χριστιανοῖς
1253 5400 1383 5453 ἄνευ
1417 5401 1707 5470 ἀργυρίου,
1742 5401 1835 5453 καὶ

256 5500 387 5555 ἄνευ
444 5498 592 5559 τινὸς
624 5497 959 5567 ἀπατήσεως
1018 5495 1119 5564 τῆς
1178 5494 1345 5563 τιμῆς
1403 5493 1831 5562 ὑπερτεθείσης,

256 5593 381 5661 δίχι
402 5590 584 5661 πάτης
619 5590 882 5660 ἀμελείας
928 5592 1020 5642 καὶ
1050 5588 1387 5656 ἀμφιϐολίας
1434 5587 1832 5656 ἀποκαταστή-

262 5699 434 5735 σωσι·
489 5682 585 5734 καὶ
619 5680 673 5733 εί
702 5697 851 5743 τινες
883 5681 1024 5733 κατά
1058 5680 1231 5747 δῶρον
1277 5678 1642 5747 τυγχάνουσιν
1683 5680 1837 5749 είλη-

260 5777 422 5840 φότες
454 5774 581 5834 τοὺς
611 5772 813 5835 αὐτοὺς
844 5773 1046 5831 τόπους
1075 5786 1089 5801 ·
1117 5772 1147 5837 ἢ
1187 5774 1237 5821 οξ
1268 5771 1411 5823 κατᾶ
1452 5768 1662 5838 δωρεὰν
1691 5770 1839 5837 siin-

265 5868 425 5937 ξρετε(
460 5866 657 5918 οὑτωσὶ
714 5865 863 5933 παρὰ
929 5863 1029 5939 τῆς
1066 5864 1345 5932 ἡμετέρες
1400 5862 1837 5929 καλοκαγαθίας,

1930 4666 2247 4729 statuimus,
2269 4671 2343 4748 .ut
2382 4663 2500 4717 loca
2548 4677 2737 4715 eorum
2778 4661 2830 4713 in
2874 4658 3075 4727 quibus
3107 4668 3267 4711 antea
3299 4671 3504 4711 conve-

1929 4760 2051 4812 nire
2084 4756 2231 4810 soliti
2262 4754 2484 4809 fuerant
2516 4752 2605 4824 (de
2639 4753 2841 4821 quibus
2895 4750 3178 4821 prioribus
3217 4750 3382 4803 etiam
3418 4749 3506 4803 lit—

1930 4848 2067 4903 teris
2097 4845 2303 4901 uostris
2333 4844 2440 4899 alio
2480 4855 2726 4914 tempore
2755 4842 2820 4895 ad
2851 4841 3199 4896 devotionem
3235 4851 3381 4893 tuam
3414 4840 3508 4893 da-

1931 4946 2025 5006 tis,
2056 4939 2285 4993 lormam
2334 4948 2391 4992 et
2433 4935 2656 4990 modum
2703 4935 2873 4988 alium
2919 4933 3425 4999 constitueramus),
3459 4937 3505 4984 si

1934 5049 1997 5087 ea
2043 5032 2212 5103 aliqui
2251 5033 2336 5085 vel
2395 5046 2422 5082 ιι
2473 5030 2603 5083 lisco
2636 5038 2846 5089 nostro,
2882 5026 2963 5079 vel
3003 5042 3032 5079 a
3070 5025 3327 5093 quopiam
3373 5024 3504 5085 alio,

1934 5127 2216 5194 emptione
2249 5122 2670 5179 interveniente.
2699 5119 3159 5188 coruparaverint,
3192 5118 3324 5187 ipsis
3350 5117 3511 5168 libri-

1937 5216 2135 5271 stianis
2174 5216 2380 5284 absque
2416 5213 2650 5283 pecunia
2694 5221 2751 5265 et
2795 5212 3001 5277 absque
3037 5208 3365 5276 repetitione
3400 5207 3510 5260 ulla

1938 5309 2101 5380 pretii
2148 5309 2296 5367 dati,
2346 5307 2483 5360 citra
2532 5319 2753 5357 omnem
2805 5300 2967 5372 504
3011 5301 3413 5355 cunctationem
3457 5307 3513 5351 et

1940 5400 2401 5456 deliberationem
2451 5398 2763 5450 restituant.
2807 5394 2963 5459 Quod
3004 5393 3048 5445 si
3092 5392 3185 5460 qui
3228 5390 3354 5445 talia
3395 5390 3512 5444 loca

1941 5496 2087 5549 dono
2121 5510 2147 5546 a
2182 5476 2441 5561 quopiam
2493 5489 2830 5558 acceperint.
2866 5497 2960 5541 aut
3004 5486 3172 5539 etiam
3213 5499 3281 5537 ex
3317 5483 3513 5536 libera-

1943 5586 2095 5639 litate
2138 5594 2194 5637 et
2241 5582 2617 5635 muniﬁcentia
2664 5589 2849 5633 nostra
2892 5577 3173 5631 consecuti
3216 5575 3441 5637 fuerint,
3476 5574 3512 5627 ii

1944 5677 2007 5730 ad
2039 5676 2356 5744 praefectum
2391 5674 2660 5743 cujusque
2690 5671 2794 5726 luci
2826 5671 3026 5738 iudicis
3057 5669 3235 5721 locum
3262 5666 3513 5719 obtinen-

1945 5780 2055 5824 tem
2088 5768 2311 5828 adeant,
2344 5776 2403 5818 ut
2445 5764 2688 5833 ipsorqu
2721 5779 2815 5831 per
2846 5762 3232 5831 benignitatem
3270 5768 3514 5810 nostram

1948 5863 2085 5915 ratio
2118 5860 2401 5914 habeatur.
2446 5859 2621 5929 Atque
2660 5871 2720 5908 ea
2768 5858 2882 5909 loca
2918 5855 3119 5917 onmia,
3153 5852 3299 5904 nulla
3348 5851 3513 5903 inter-
