4220 6438
265 397 413 460 1305

1196 410 1805 476 ECCLESHSTICE
1848 420 2240 486 lllS'l‘OillE
2288 430 2438 491 LIB.
2485 434 2617 493 VII.

3383 439 3522 505 1306

259 512 392 573 τοὺς
439 510 549 563 τῶν
602 512 911 583 ἐκκλησιῶν
954 516 1234 588 ὑπηρέτας
1268 523 1361 573 καὶ
1419 525 1696 599 ἡγεμόνας
1732 528 1827 604 τῆς

1936 548 2035 600 qua
2064 538 2417 596 ecclesiarum
2451 544 2724 601 ministros
2754 555 2808 601 et
2860 549 3118 617 prassides
3158 565 3188 605 τι
3271 550 3524 609 civilibus

258 603 372 656 τῶν
412 604 711 659 πολιτικῶν
742 606 1085 679 λειτουργίας
1116 614 1434 685 ἐλευθέρους
1466 614 1607 669 εἶναι
1651 603 1831 672 διακε-

258 695 535 765 λεύονται,
579 700 884 770 γράφοντες
933 702 1143 766 οὕτως’
1186 725 1205 757 ι
1248 708 1445 777 Χαῖρε,
1485 712 1725 764 Ἀνυλίνε
1751 731 1834 765 τι-

259 788 508 854 μιώτατε
563 792 724 861 ἡμῖν.
789 793 1009 866 Ἐπειδὴ
1053 797 1115 849 ἐκ
1169 798 1434 852 πλειόνων
1486 805 1832 873 ¹πραγμάτων

252 879 521 945 φαίνεται
550 884 1117 955 παρεξουθενηθείσαν
1151 890 1251 958 τὴν
1294 890 1592 961 θρησκείαν
1635 896 1694 948 ἐν
1798 900 1830 970 ἡ

254 974 536 1043 κορυφαία
575 976 675 1045 τῆς
722 978 1037 1051 ἁγιωτάτης
1071 983 1397 1054 ἐπουρανίου
1430 986 1593 1049 αίδὼς
1629 991 1834 1057 φυλάτ-

252 1081 434 1129 τεται,
465 1067 735 1136 μεγάλους
759 1071 1039 1133 κινδύνους
1070 1074 1382 1142 ἐνηνοχέναι
1416 1080 1526 1139 τοῖς
1551 1078 1833 1149 δημοσίοις

253 1159 584 1229 πράγμασιν
606 1178 621 1195 ο
657 1163 830 1233 αὐτήν
859 1180 918 1217 τε
953 1165 1159 1234 ταύτην
1192 1168 1469 1239 ἐνθέσμως
1510 1173 1834 1244 ἀναληφθεί-

253 1268 357 1302 σαν
394 1253 491 1305 κει.)⁸
520 1254 933 1326 φυλαττομένην
976 1259 1246 1331 μεγίστην
1300 1262 1556 1332 εὐτυχίαν
1582 1265 1659 1335 τῷ
1700 1266 1833 1321 Ῥω-

255 1343 443 1413 μαϊκῷ
493 1346 745 1416 ὀνόματι,
799 1350 895 1402 κοιλ¹
944 1349 1196 1419 σύμπασι
1222 1356 1335 1417 τοῖς
1381 1356 1491 1409 τῶν
1523 1358 1832 1427 ἀνθρώπων

251 1437 583 1504 πράγμασιν
612 1438 894 1509 ἐξαίρετον
923 1445 1250 1511 εὐεργεσίαν
1269 1449 1702 1518 παρεσχηκέναι,
1726 1452 1833 1506 τῶν

252 1526 418 1581 θείων
446 1529 780 1600 εὐεργεσιῶν
814 1534 977 1587 τοῦτο
1029 1540 1389 1607 παρεχονσῶν
1413 1557 1430 1573 ο
1461 1541 1641 1607 ἐδοξεν
1684 1544 1833 1596 ἐκεί-

250 1636 378 1683 νους
412 1623 537 1685 τοὺς
571 1624 773 1692 ἄνδρας
803 1628 930 1688 τοὺς
965 1630 1044 1699 ’τῇ
1071 1629 1402 1704 ὀφειλομένη
1436 1634 1704 1707 ἁγιότητι,
1740 1638 1833 1690 καὶ

249 1713 314 1779 τῇ
346 1712 441 1763 τοῦ
489 1713 655 1783 νόμου
698 1715 892 1771 τούτου
930 1720 1231 1790 προεδρεία
1266 1724 1363 1781 τάξ
1398 1726 1703 1796 ὑπηρεσίας
1735 1730 1826 1783 ὑπ’

249 1803 437 1856 αὐτῶν
462 1808 526 1875 τῇ
556 1807 657 1875 τῆς
693 1807 847 1871 Θείας
892 1809 1197 1879 θρησκείας
1244 1813 1514 1885 θεραπείᾳ
1561 1821 1819 1891 παρέχον·

1937 631 2261 687 muneribus
2287 633 2492 689 liberos
2520 648 2573 690 et
2608 639 2882 695 immunes
2900 644 3250 711 essejnbent,
3288 644 3341 697 in
3372 643 3521 696 hunc

1936 723 2199 775 modum:
2250 723 2430 787 Salve,
2490 728 2725 783 Anuline
2753 733 3227 789 reverendissime.
3292 734 3519 788 Postea-

1935 827 2099 880 quam
2146 814 2314 869 rebus
2377 821 2564 873 multis
2599 830 2835 883 constat.
2899 826 3199 893 neglectam
3257 836 3518 879 contem-

1938 912 2195 973 ptamque
2221 908 2565 978 religionem,
2606 927 2704 979 per
2733 929 2895 981 quam
2935 930 3147 967 summa
3183 916 3515 969 sanctissimi

1936 996 2174 1050 caelestis
2206 997 2459 1055 Numinis
2490 1001 2835 1056 observantia
2871 1014 2925 1059 et
2959 1006 3263 1059 reverentia
3290 1022 3520 1060 conser-

1938 1100 2125 1153 vatur,
2195 1091 2436 1159 ingentia
2467 1095 2632 1148 rebus
2667 1096 2903 1163 publicis
2936 1098 3189 1151 intulisse
3228 1100 3511 1166 pericula:

1935 1183 2300 1252 eamdemque
2328 1185 2504 1253 ipsam
2541 1187 2782 1254 legitime
2814 1199 2979 1256 atque
3014 1200 3202 1245 sancte
3238 1200 3513 1259 receptam

1934 1281 1989 1327 et
2023 1276 2247 1336 cultam.
2281 1280 2570 1332 maximam
2628 1279 2874 1333 Romano
2919 1283 3123 1334 nomini
3179 1281 3513 1347 felicitatem,

1939 1366 2284 1436 plurimaque
2319 1370 2576 1424 omnibus
2629 1372 2947 1426 hominibus
2978 1373 3269 1437 beneﬁcia,
3321 1374 3510 1428 divina

1938 1456 2281 1523 benignitate
2340 1462 2753 1529 suppeditante,
2826 1463 3199 1517 conciliasse:
3249 1464 3509 1534 placitum

1942 1549 2101 1602 nobis
2136 1561 2239 1611 est,
2273 1550 2421 1604 viros
2445 1567 2540 1604 eos
2564 1553 2655 1621 qui
2687 1553 2869 1607 debita
2894 1555 3180 1607 sanctitate
3234 1564 3288 1607 ct
3321 1556 3512 1624 prmei-

1938 1657 2045 1710 pua
2102 1643 2293 1696 talium
2350 1659 2630 1696 sacrorum
2694 1660 2825 1698 cura
2884 1647 3205 1700 ministeriis
3260 1648 3375 1700 suis
3416 1663 3512 1713 per

1937 1732 2217 1804 egregium
2248 1749 2422 1788 sacrae
2451 1736 2733 1805 religionis
2769 1737 2976 1789 cultum
3011 1737 3334 1805 ίιιιιςυιιιητ.
3362 1738 3509 1790 Ialm-

1940 1837 2061 1875 rum
2098 1839 2323 1877 suorum
2353 1824 2516 1894 digna
2554 1827 2761 1880 referre
2792 1829 3037 1896 pnemia.
3063 1829 3235 1893 Quam
3283 1830 3355 1881 ob
3378 1846 3504 1881 can-

248 1912 367 1958 τας,
397 1893 505 1946 τῶν
533 1900 794 1967 καμάτων
819 1902 927 1954 τῶν
959 1902 1105 1955 ίδίων
1134 1905 1200 1958 τὰ
1232 1905 1437 1960 ἐπαθλα
1459 1890 1814 1979 κομίσασθαι.

1936 1928 2043 1966 sam
2072 1916 2165 1983 qui
2186 1916 2326 1967 intra
2352 1917 2689 1984 provinciam
2721 1919 2817 1972 tibi
2847 1920 3113 1973 creditam
3167 1919 3220 1972 in
3263 1920 3502 1973 Ecclesia

247 1987 450 2058 Διόπερ
483 1989 739 2053 ἐκείνους
769 1995 900 2057 τοὺς
944 1994 1077 2048 είσω
1133 1997 1231 2065 τῆς
1290 2001 1560 2069 ἐπαρχίας
1604 2006 1702 2071 τῆς
1734 2022 1815 2055 σοι

248 2082 695 2149 πεπιστευμένης
724 2084 781 2135 ἐν
820 2088 885 2154 τῇ
921 2087 1182 2159 καθολικῇ
1224 2090 1523 2163 Ἐκκλησία
1656 2095 1820 2147 Κεκι-

248 2170 429 2233 λιανὺς
462 2172 757 2243 ἐφέστηκε,
796 2176 895 2245 τὴν
927 2178 983 2243 ἐξ
1015 2180 1195 2233 αὐτῶν
1220 2181 1526 2250 ὑπηρεσίαν
1564 2188 1628 2254 τῇ
1655 2187 1821 2253 ἁγιω-

247 2262 386 2330 τάτῃ
415 2261 680 2334 θρησκείᾳ
710 2267 1057 2335 παρέχοντας
1080 2311 1095 2333 ,
1130 2268 1342 2341 οὕσπερ
1370 2270 1664 2342 κληρικοὺς
1697 2277 1823 2328 ἐπο-

249 2353 511 2419 νομάζειν
566 2354 842 2417 είώθασιν,
900 2359 1006 2411 ἀπὸ
1070 2362 1262 2415 πασῶν
1320 2364 1659 2429 ἁπαξαπλῶς
1715 2368 1821 2420 τῶν

248 2442 609 2513 λειτουργιῶν
634 2446 918 2517 βούλομαι,
954 2450 1412 2523 ἀλειτουργήτους
1448 2456 1823 2526 διαφυλαχθῆ-

250 2552 361 2598 ναι,
396 2536 542 2601 ὅπως
604 2538 678 2608 μὴ
729 2540 834 2594 ὑπό
893 2559 1039 2606 τινος
1094 2544 1303 2614 πλάνης
1355 2546 1823 2619 ἢέξολισθήσεως

252 2628 538 2696 ίεροσύλου
576 2631 683 2683 ἀπὸ
721 2634 819 2702 τῆς
852 2635 1150 2705 θεραπείας
1180 2639 1276 2707 τῆς
1306 2644 1370 2710 τῇ
1398 2642 1650 2714 θειοτάτῃ
1677 2646 1824 2711 δ-ρει-

250 2716 489 2787 λομένης
542 2720 913 2789 ἁφέλκωνται.
980 2726 1142 2779 ama
1214 2728 1413 2794 μᾶλλον
1484 2731 1615 2783 ἄνευ
1677 2734 1825 2797 τιν“ς

250 2808 589 2876 ἐνοχλήσεως
640 2812 717 2882 τῷ
757 2815 873 2881 ίιῖίῳ
922 2817 1073 2886 νόμῳ
1133 2817 1605 2889 ἑξυπηρετῶνται·
1639 2816 1825 2895 ὦνπερ

256 2896 523 2967 μεγίστην
555 2899 811 2968 λατρείαν
842 2907 966 2973 περὶ
996 2906 1058 2957 τὸ
1090 2906 1233 2959 θεῖον
1268 2913 1636 2978 ποιουμένων,
1668 2913 1822 2964 πλεῖ-

254 3004 381 3041 στον
416 2990 543 3043 ὅσον
600 2996 712 3054 τοῖς
769 2998 968 3058 κοινοῖς
1013 2997 1301 3066 πράγμασι
1344 3003 1611 3054 συνοίσειν
1656 3004 1819 3058 δοκεῖ.

254 3082 531 3152 Ἐρρωσο,
549 3086 785 3139 Ἀειυλίνε
805 3088 1101 3153 τιμιώτατε
1127 3092 1222 3143 καὶ
1246 3091 1590 3147 ποθεινότατε
1620 3098 1773 3164 ἡμῖν.
1797 3116 1816 3147 ›

1927 2006 2195 2059 catholica
2225 2016 2374 2067 sunt.
2400 2008 2489 2060 cui
2516 2007 2828 2062 Cecilianus
2874 2020 3090 2078 praeest.
3128 2010 3506 2064 iunctionem-

1924 2112 2029 2165 que
2049 2106 2103 2151 et
2122 2113 2342 2166 operam
2368 2113 2522 2153 suam
2546 2099 2907 2154 sanctissima:
2949 2100 3197 2170 religioni
3226 2111 3503 2170 prmslant-

1926 2203 2067 2255 quos
2100 2188 2333 2242 clericos
2365 2190 2651 2243 nominare
2707 2190 2907 2249 solent.
2966 2206 3063 2244 eos
3114 2192 3182 2244 ab
3244 2192 3506 2247 omnibus

1923 2293 2156 2346 prorsus
2187 2280 2511 2335 muneribus
2563 2281 2838 2335 immunes
2867 2285 3181 2335 conservari
3223 2284 3498 2346 volumus,

1928 2381 1982 2423 ut
2020 2387 2087 2424 ne
2124 2387 2319 2425 errore
2366 2374 2552 2440 aliquo
2588 2383 2679 2427 aut
2714 2374 2867 2440 lapsu
2932 2374 3224 2441 sacrilego,
3261 2389 3289 2427 a
3348 2374 3499 2427 cultu

1925 2464 2017 2531 qui
2057 2480 2272 2517 summo
2303 2464 2524 2519 Numiui
2557 2465 2809 2526 debetur,
2857 2466 3289 2519 abstrahamur:
3344 2465 3505 2535 506

1926 2556 2019 2608 sed
2050 2557 2236 2623 petius
2263 2558 2399 2609 citra
2442 2570 2663 2610 omnem
2729 2556 3201 2625 perturbationem
3251 2556 3501 2625 religioni

1925 2647 2210 2713 sacrisque
2245 2647 2359 2702 suis
2388 2645 2710 2699 inserviant.
2736 2646 2838 2711 Qui
2861 2660 2989 2699 sane
3024 2646 3067 2701 si
3084 2646 3291 2699 cultum
3315 2662 3500 2706 suum,

1924 2738 2014 2806 qui
2052 2739 2213 2805 longe
2241 2738 2512 2790 iunximus
2543 2747 2645 2797 est,
2684 2736 2795 2789 Deo
2822 2737 2922 2789 rite
2952 2736 3269 2799 exhibeant,
3327 2736 3499 2802 pluri-

1926 2844 2074 2883 mum
2106 2830 2272 2883 rebus
2306 2826 2545 2898 publicis
2580 2827 2843 2882 videntur
2892 2826 3087 2890 alTerre
3120 2825 3393 2880 commodi
3445 2838 3503 2877 et.

1923 2920 2299 2975 emolumenti.
2356 2920 2509 2984 Vale,
2554 2920 2816 2980 Anuline,
2872 2918 3169 2987 plurimum
3234 2917 3392 2970 nobis
3440 2928 3497 2970 et

1924 3012 2193 3064 honorate
2210 3022 2265 3064 et
2295 3013 2629 3065 desiderate.
2662 3031 2678 3061 ι
2717 3010 2902 3063 Edidit
2935 3014 3192 3076 praeterea
3221 3005 3493 3061 Constan-

1927 3104 2076 3155 tiuus
2119 3113 2368 3171 quartam
2414 3118 2633 3171 quoque
2665 3102 3137 3159 constitutionem,
3174 3098 3232 3152 in
3269 3115 3372 3166 qua
3407 3113 3500 3151 cc-

257 3174 385 3226 Ἐτι
427 3177 520 3228 καὶ
554 3179 826 3247 τετάρτην
850 3181 1093 3246 διάταξιν
1123 3183 1349 3252 γράφει,
1378 3186 1443 3238 δι’
1471 3183 1539 3257 ἦς
1559 3188 1818 3257 χρήματα

1936 3194 2112 3248 clesiis
2157 3194 2421 3263 pecunias
2452 3193 2639 3254 donat,
2689 3194 2753 3246 ad
2798 3192 3130 3248 Cecilianum
3178 3190 3497 3259 episcopum

252 3268 378 3328 ταῖς
450 3268 771 3338 ἐκκλησίαις
816 3271 1112 3341 δωρεῖται,
1168 3276 1475 3347 Κεκιλιανῷ
1536 3281 1823 3353 tutantiqu

254 3358 613 3429 Καρθαγένης
671 3364 869 3417 οὑτωσὶ
914 3366 1286 3421 ἐπιστέλλων·
1342 3387 1360 3421 ι
1412 3371 1822 3436 Κωνσταντίνος

252 3450 565 3517 Αὔγουστος
586 3470 599 3483 ·
619 3454 950 3527 Ἐπειδήπερ
966 3458 1131 3528 ἤρεσε
1157 3461 1297 3513 κατὰ
1322 3463 1502 3525 πασας
1526 3466 1817 3534 ἐπαρχίας,

246 3545 350 3606 τάς
378 3560 436 3596 τε
475 3546 742 3615 ’Δφρικᾶς
794 3549 889 3599 καὶ
930 3550 1028 3612 τὰς
1069 3550 1371 3621 Νουμιδίαε
1408 3556 1502 3607 καὶ
1532 3559 1630 3618 τὰς
1661 3560 1818 3613 Mau-

252 3636 523 3705 ριτανίας,
560 3640 743 3707 ῥητοῖς
770 3655 885 3692 τισι
920 3641 1030 3693 τῶν
1075 3642 1368 3712 ὑπηρετῶν
1406 3646 1505 3713 τῆς
1553 3648 1822 3718 ἐνθέσμου

254 3728 347 3780 καὶ
384 3729 696 3799 ἁγιωτάτης
730 3731 1029 3801 καθολικῆς
1063 3733 1361 3804 θρησκείας
1386 3740 1465 3800 είς
1489 3740 1822 3807 ἀναλώματα

250 3815 729 3885 ἐπιχορηγηθῆναι
774 3835 848 3879 τι,
883 3818 1061 3873 ἔδωκα
1111 3824 1416 3892 γράμματα
1450 3829 1592 3897 πρὸς
1615 3828 1821 3897 Οὖρσον

250 3902 538 3956 καθολικδν
587 3906 687 3967 τῆς
730 3907 1025 3977 Ἀφρικῆς·
1064 3913 1158 3963 καὶ
1207 3915 1454 3982 ἐδήλωσα
1490 3918 1640 3986 αὑτῷ
1671 3920 1816 3982 ὅπως

248 3996 586 4065 τρισχιλίους
622 3999 837 4064 φόλλεις
870 4003 936 4069 τῇ
966 4004 1031 4071 σῇ
1072 4005 1394 4075 στερρότητι
1433 4010 1820 4078 ἀπαριθμῆσαι

248 4089 538 4158 φροντίσῃ.
569 4090 638 4142 Σὺ
670 4090 852 4144 τοίνυν
886 4094 1047 4163 ἡνίκα
1072 4096 1171 4162 τὴν
1214 4097 1698 4171 πρυδεδηλωμένην
1729 4121 1822 4155 πο-

250 4180 451 4245 σότητα
480 4180 588 4231 τῶν
634 4184 934 4251 χρημάτων
974 4186 1339 4257 ὑπεδεχθῆναι
1376 4192 1614 4260 ποιήσει,
1647 4192 1819 4246 ἅπασι

247 4274 361 4329 τοῖς
393 4276 817 4343 προειρημένοις
851 4278 996 4329 κατὰ
1048 4279 1109 4331 τὸ
1148 4281 1394 4348 βρεούῖον
1426 4286 1563 4354 πρὸς
1597 4286 1653 4337 σὲ
1689 4287 1816 4356 περ)⁸

256 4363 443 4414 ὐσίου
500 4365 831 4425 ἁποσταλὲν,
864 4369 1037 4421 ταῦτα
1080 4370 1148 4423 τὰ
1200 4375 1461 4441 χρήματα
1507 4377 1819 4446 διαδοθῆναι

250 4451 533 4503 κέλευσον.
566 4454 624 4504 Et
671 4454 716 4505 δ’
768 4455 876 4523 ἄρα
923 4456 1056 4526 πρὸς
1092 4459 1154 4511 τὸ
1208 4461 1676 4531 συμπληρωθῇναί
1714 4481 1817 4533 μου

1926 3290 2409 3357 Carthaginiensem
2444 3289 2516 3343 ita
2573 3289 2853 3342 scribens:
2905 3306 2922 3336 ε
2957 3286 3349 3338 Constantianus
3381 3286 3498 3338 Au-

1924 3391 2117 3452 gustus
2144 3380 2421 3436 Ceciliano
2474 3381 2737 3448 episcopo
2800 3378 3194 3445 Carthaginis:
3233 3376 3497 3443 Quando-

1925 3474 2143 3540 quidem
2178 3474 2352 3526 visum
2396 3471 2555 3525 nobis
2617 3480 2737 3532 est,
2774 3484 2875 3537 per
2940 3468 3251 3537 provincias
3303 3482 3496 3520 omnes

1924 3564 2142 3623 Africae.
2169 3562 2433 3616 Numidia
2466 3571 2521 3615 et
2591 3559 2926 3614 Mauritania:
2965 3557 3131 3612 certis
3161 3557 3490 3626 quibusdam

1926 3656 2192 3709 ministris
2230 3654 2485 3722 legitima:
2525 3662 2580 3707 et
2612 3662 2971 3705 sacrosanctae
3024 3648 3309 3703 catholica:
3367 3648 3495 3702 reli-

1924 3748 2103 3818 gionis
2156 3746 2363 3814 aliquid
2393 3745 2460 3799 ad
2501 3753 2754 3811 sumptus
2795 3741 3113 3795 tolerandos
3141 3741 3349 3809 largiri,
3388 3740 3484 3793 lit-

1924 3851 2069 3895 teras
2098 3838 2162 3890 ad
2195 3837 2393 3893 Ursum
2426 3836 2755 3890 catholicum
2788 3834 2987 3887 Africa:
3041 3831 3191 3895 dedi,
3225 3832 3387 3899 eique
3418 3831 3494 3884 si—

1923 3927 2204 3997 gniﬁcavi,
2249 3937 2309 3980 ut
2341 3935 2421 3978 ter
2453 3925 2601 3978 mille
2633 3923 2790 3977 folles
2835 3922 2910 3991 (3)
2941 3920 3366 3976 diuumerandos
3392 3920 3489 3973 tibi

1922 4029 2161 4074 curaret.
2223 4017 2567 4086 Quapropter
2626 4015 2716 4068 ubi
2753 4029 2915 4083 quam
2954 4013 3194 4067 diximus
3249 4014 3491 4081 pecunia:

1923 4127 2189 4166 summam
2222 4110 2590 4176 recipiendam
2643 4106 3012 4167 mandaveris,
3069 4105 3327 4159 omnibus
3386 4105 3488 4169 eis,

1921 4204 2012 4272 qui
2049 4205 2100 4255 in
2128 4202 2279 4257 brevi
2316 4202 2380 4254 ad
2425 4210 2475 4253 te
2509 4200 2578 4253 ab
2624 4198 2790 4252 Hosio
2826 4196 2991 4250 misso
3029 4195 3298 4263 designati
3335 4204 3486 4254 sunt,

1925 4294 2177 4349 distribui
2193 4308 2310 4346 eam
2341 4291 2550 4362 jubcto.
2584 4290 2661 4343 Ac
2679 4287 2949 4357 siquidem
2975 4288 3166 4341 deesse
3188 4285 3487 4354 quidquam

1919 4383 2255 4451 compereris
2282 4386 2332 4436 ei
2363 4396 2610 4440 somnne,
2646 4393 2755 4447 quo
2783 4380 2960 4432 minus
2993 4377 3295 4431 liberalitas
3321 4392 3485 4444 quam

1918 4493 2045 4547 erga
2080 4491 2271 4531 omnes
2296 4489 2390 4529 eos
2418 4473 2777 4544 praestandam
2823 4470 3445 4537 statuitnus,impleatur
3471 4486 3484 4521 :

244 4546 343 4611 τὴν
367 4547 449 4605 εἰς
483 4544 640 4596 τοῦτο
687 4549 819 4614 περὶ
850 4548 1098 4610 ἅπαντας
1144 4551 1342 4614 αὐτοὺς
1374 4555 1693 4620 προαίρεσιν
1722 4558 1809 4609 ὲν-

1936 4570 1985 4621 ll)
2039 4566 2329 4621 Heraclide
2364 4564 2771 4634 possessionum
2821 4571 3133 4615 nostrarum
3205 4569 3482 4618 curatore.

242 4634 354 4686 δεῖν
389 4650 440 4686 τι
471 4635 835 4704 καταμάθοις,
884 4641 1034 4711 παρὰ
1079 4640 1434 4711 Ἡρακλείδου
1465 4643 1560 4697 τοῦ
1592 4646 1814 4714 ἐπιτρό-

1915 4661 2064 4714 nulla
2113 4659 2515 4714 interveniente
2552 4655 2913 4718 dubitatione,
2977 4652 3121 4722 quod
3183 4668 3320 4721 opus
3366 4666 3486 4705 esse

244 4743 346 4778 που
379 4729 490 4780 τῶν
522 4731 808 4800 ἡμετέρων
850 4735 1152 4802 χρημάτων
1190 4736 1617 4805 ἀναμφιλέκτως
1673 4740 1815 4807 ὅπερ

1936 4750 2140 4812 Videris.
2176 4760 2360 4817 petere
2383 4748 2631 4803 debebis.
2650 4747 2712 4800 Ei
2735 4747 2904 4808 enim.
2924 4760 3051 4799 cum
3080 4758 3291 4797 mecum
3317 4751 3485 4803 esset,

242 4823 544 4887 ἀναγκαῖον
576 4818 719 4875 εἶναι
755 4826 1117 4891 καταμάθοις,
1159 4830 1383 4898 αίτῆσαι
1412 4830 1671 4896 ὀφείλεις.
1705 4834 1813 4885 Καὶ

243 4922 353 4981 γαρ
390 4914 616 4982 παρόντι
648 4917 803 4985 αὐτῷ
841 4919 1176 4988 προσέταξα,
1214 4921 1300 4975 ίνα
1343 4923 1397 4973 εί
1421 4942 1474 4975 τι
1502 4923 1568 4976 ἂν
1594 4926 1811 4995 χρημά-

242 5023 352 5057 των
388 5006 519 5076 παρ’
552 5008 717 5062 αὐτοῦ
754 5011 787 5080 ὴ
847 5013 913 5082 σὴ
948 5014 1247 5084 στερρὁης
1300 5017 1522 5087 αίτήσῃ,
1552 5017 1681 5070 ἄνευ
1732 5018 1811 5071 δι-

244 5099 493 5167 σταγμοῦ
532 5118 677 5166 τινος
708 5104 1097 5174 ἀπαριθμῆσαι
1144 5108 1430 5180 φροντίσῃ.
1460 5110 1569 5161 Καὶ
1619 5112 1809 5181 ἐπειδὴ

238 5191 528 5264 ἐπυθόμην
559 5199 711 5259 τινὰς
744 5202 820 5266 μὴ
845 5199 1197 5268 καθεστώσης
1246 5200 1487 5261 διανοίας
1518 5203 1814 5271 τυγχάνον-

238 5302 337 5348 τας
373 5286 719 5355 ἀνθρώπους,
750 5288 844 5341 τὸν
866 5290 997 5342 λαὸν
1025 5294 1126 5361 τῆς
1158 5292 1471 5363 ἁγιωτάτης
1499 5295 1595 5346 καὶ
1642 5295 1808 5348 καθοο

238 5375 396 5443 λικῆς
420 5374 751 5446 Ἐκκλησίας
784 5380 963 5453 φαύλῃ
992 5384 1097 5434 τινὶ
1128 5382 1484 5435 ὐπονοθεύσει
1519 5383 1810 5452 βούλεσθαι

236 5465 607 5535 διαστρέφειν,
637 5472 870 5536 γίνωσκέ
900 5489 967 5540 με
1006 5472 1264 5542 Ἀνυλίνῳ
1314 5475 1633 5544 ἀνθυπάτῳ,
1673 5477 1811 5529 ἀλλὰ

240 5560 349 5627 μὴν
385 5560 479 5612 καὶ
512 5562 791 5633 Πατρικίῳ
823 5563 900 5631 τῷ
930 5566 1210 5636 Οὐῖκαρίῳ
1238 5567 1344 5620 τῶν
1379 5571 1638 5640 ἐπάρχων
1668 5586 1815 5640 πσρ-

236 5654 384 5718 οὖσι,
438 5658 697 5720 τοιαύτας
726 5660 948 5722 ἐντολὰς
978 5661 1306 5714 δεδωκέναι·
1358 5665 1444 5716 ἵνα
1480 5667 1538 5714 ἐν
1562 5664 1672 5728 τοῖς
1698 5664 1811 5718 λοι-

1916 4842 2148 4909 iuiuaxi,
2178 4843 2221 4895 si
2251 4840 2380 4909 quid
2411 4839 2655 4909 pecunia:
2684 4839 2751 4892 ab
2781 4853 2847 4891 eo
2880 4838 3147 4905 exigeres.
3190 4845 3247 4889 ut
3284 4834 3335 4886 id
3361 4839 3486 4887 abs-

1918 4949 2024 5002 que
2079 4930 2432 5001 ambiguitate
2471 4930 2619 4983 omui
2650 4930 2747 4983 tibi
2804 4927 3207 4983 numerandum
3240 4935 3481 4979 curaret.

1919 5024 1985 5078 Et
2014 5022 2270 5093 quoniam
2311 5021 2516 5080 audivi.
2554 5021 2819 5085 quosdam
2854 5034 2961 5073 non
3015 5019 3147 5072 satis
3172 5016 3485 5084 CttmpOSllLB

1920 5126 2175 5168 autsauae
2201 5114 2397 5168 mentis
2429 5112 2679 5166 lminines
2706 5112 2965 5180 populqu
2999 5112 3357 5163 sanctissima:
3389 5124 3482 5161 ca-

1920 5205 2136 5259 lbolicm
2177 5204 2449 5265 Ecclesiae,
2487 5219 2651 5272 prava
2685 5204 2913 5271 quadam
2962 5212 3017 5255 et
3065 5200 3482 5255 subadultcrina

1917 5298 2106 5351 fraude
2139 5306 2448 5364 pervertere
2477 5297 2616 5349 velle
2644 5312 2656 5346 :
2688 5297 2824 5349 scito
2850 5310 2933 5347 mc
2958 5294 3197 5347 Auulino
3247 5306 3481 5359 procon-

1918 5390 2045 5453 suli,
2104 5398 2269 5457 atque
2303 5390 2469 5441 etiam
2525 5388 2763 5441 Patricio
2815 5387 3015 5439 vicario
3078 5382 3477 5451 prmlectornm,

1917 5494 2040 5530 cum
2075 5488 2306 5546 uterque
2339 5493 2577 5545 praesens
2597 5476 2833 5540 adesset,
2864 5471 3198 5543 cjusvemodi
3227 5470 3480 5523 mandata

1915 5571 2159 5631 dedisse,
2202 5581 2262 5623 ut
2291 5572 2433 5622 inter
2475 5569 2577 5623 alia
2605 5568 2813 5631 omnia,
2837 5568 2901 5620 ad
2934 5567 3073 5619 hanc
3100 5578 3477 5633 quoquerem,

1913 5678 2073 5731 quam
2108 5678 2204 5731 par
2230 5672 2316 5717 es:
2342 5664 2595 5727 tnax’mc,
2638 5660 2924 5716 conferant
2952 5673 3176 5715 curam:
3225 5672 3400 5726 neque
3431 5658 3476 5710 si

310 5831 387 5901 (5)
422 5831 494 5887 De
525 5832 638 5890 {olli
665 5835 858 5890 Αἰτίαι.
895 5836 969 5893 De
998 5841 1264 5906 pratorib.
1291 5850 1336 5895 et
1374 5847 1557 5897 honor.
1583 5848 1798 5913 prwtur.
1845 5843 1941 5897 lib.
1984 5842 2024 5897 C
2091 5843 2171 5896 12.
