4220 6438
241 426 386 491 1309

1171 442 1775 502 ECCIESIASTICKE
1818 445 2210 505 IIISTORHE
2254 449 2406 507 LIB.
2451 448 2582 507 VH.

3354 443 3491 507 1310

234 569 425 644 ληθεὶς
454 570 555 627 τὰς
585 570 838 633 τοιαύτας
863 571 1044 627 αὐτῶν
1070 574 1429 638 φιλονεικίας,
1463 575 1607 628 οὕτω
1633 577 1812 628 διατι·
1845 583 1888 636 Α

1845 583 1888 636 Α
1918 592 1976 631 se
2013 579 2266 634 hostilem
2308 581 2361 634 in
2403 581 2626 632 modum
2682 577 3045 647 pervicaciter
3104 586 3177 638 et
3216 575 3489 633 obstinate

235 662 536 726 τυπώκειν,
581 663 720 716 ῶοτε
778 666 1196 719 ἀποσταλέντων
1236 668 1343 720 ἀπὸ
1393 671 1490 736 τῆς
1544 670 1812 734 Γαλατίας

235 753 401 803 τινῶν
432 755 771 820 ἐπισκόπων,
804 755 937 807 ἀλλὰ
975 755 1079 826 μὴν
1109 758 1202 809 καὶ⁵
1233 759 1341 810 τῶν
1375 760 1682 830 κληθέντων
1708 761 1815 813 ἀπὸ

235 845 337 926 τῆς
379 845 646 920 Ἀφρικῆς
673 847 781 897 τῶν
817 848 872 912 ἐξ
906 849 1153 911 ἐναντίας
1206 851 1403 920 μοίρας
1435 852 1814 921 καταλλήλως,

238 936 581 998 ἐνστατικῶς
630 937 724 989 κα)⁸
758 939 1035 1004 ἑπιμὸνως
1075 941 1578 1010 διαγωνιζομένων,
1615 947 1818 1013 παρόν-

237 1044 328 1086 τί(
363 1043 421 1078 τε
454 1028 548 1078 καὶ
581 1029 675 1079 τοῦ
717 1029 816 1097 τῆς
850 1030 1068 1099 Ῥώμης
1109 1033 1437 1095 ἐπισκόπου,
1488 1033 1646 1087 τοῦτο
1679 1035 1819 1104 ὅπερ

239 1118 418 1169 ἐδόκει
458 1119 804 1201 κεκινῆσθαι,
855 1121 1056 1192 δυνηθῇ
1095 1123 1199 1174 ὑπὸ
1230 1125 1331 1194 τῆς
1369 1129 1674 1196 παρουσίας
1717 1129 1818 1180 αὑ-

242 1210 356 1258 τῶν
378 1209 516 1272 μετὰ
541 1210 720 1275 πάσης
748 1210 1046 1279 ἐπιμελοῦς
1065 1212 1391 1282 διακρίσεως
1413 1216 1813 1286 κατορθώσεως

245 1301 469 1365 τυλεῖν⁵
530 1299 886 1368 ἀλλ’ἑπειδὴ.
937 1300 1011 1364 ὡς
1063 1304 1369 1370 συμϐαίνει.
1429 1307 1821 1374 ἐπιλαθόμενοί

244 1407 416 1457 τινες,
451 1395 545 1444 καὶ
601 1396 700 1462 τῆς
736 1395 1016 1462 σωτηρίας
1064 1395 1159 1464 τῆς
1205 1395 1341 1459 ἰδίας
1367 1398 1460 1450 καὶ
1502 1397 1597 1450 τοῦ
1626 1399 1823 1451 σεϐάσ-

249 1499 423 1549 ματος
486 1483 578 1536 τοῦ
621 1485 973 1553 ὀφειλομένου
1021 1488 1087 1554 τῇ
1145 1488 1428 1558 ἁγιωτάτῃ
1482 1489 1711 1557 αἱρέσει.
1743 1489 1824 1542 ἔτι

249 1580 346 1630 καὶ
375 1575 471 1626 νῦν
507 1577 604 1644 τῆς
645 1577 778 1638 ξδῖας
815 1576 1016 1647 ἔχθρας
1054 1579 1411 1648 παρατείνειν
1438 1580 1498 1631 οὗ
1536 1581 1824 1645 παύονται,

251 1668 330 1736 μὴ
359 1669 675 1737 βουλόμενοι
705 1673 768 1739 τῇ
813 1669 911 1739 ήδη
961 1669 1304 1742 ἐξενεχθείσῃ
1357 1671 1538 1738 κρίσει
1576 1671 1819 1725 συντίθεο

251 1763 402 1827 σθαι,
431 1763 527 1815 καὶ
562 1763 924 1833 διοριζόμενοι
949 1765 1034 1816 ὅτι
1067 1764 1131 1832 δὴ
1177 1765 1283 1834 ἄρα
1321 1765 1495 1833 ὀλίγοι
1540 1768 1680 1831 τινὲς
1728 1769 1826 1831 τὰς

247 1854 477 1924 γνώμας
510 1858 600 1908 καὶ
632 1858 729 1919 τὰς
762 1857 1072 1924 ἀποφάσεις
1101 1857 1280 1910 αὐτῶν
1305 1857 1628 1926 ἐξήνεγκαν,
1658 1859 1704 1912 εί
1736 1859 1828 1912 καὶ

254 1921 334 2011 μὴ
373 1921 652 2013 *πρότερον
697 1921 957 1996 ἀπάντων
993 1943 1102 1996 τῶν
1124 1921 1447 2010 ὀφειλόντων
1476 1921 1826 2014 νζητηθῆναι,
1859 1921 1904 1981 Β

250 2035 502 2104 ἀκριεῶς
538 2035 948 2100 ὲξετασθέντων
981 2036 1116 2104 πρὸς
1161 2035 1223 2088 τὸ
1258 2036 1354 2107 τὴν
1391 2037 1576 2109 κρίσιν
1618 2039 1830 2107 ὶξενέγ-

254 2144 350 2178 και
379 2128 522 2178 πάνυ
554 2129 763 2196 ταχέως
807 2128 901 2178 καὶ
937 2127 1127 2191 ὀξέως,
1171 2126 1480 2181 ἔσπευσαν·
1516 2129 1578 2181 ἔκ
1610 2147 1668 2181 τε
1703 2131 1829 2182 τού-

250 2236 362 2270 των
407 2218 668 2270 ἁπάντων
702 2220 887 2271 ἐκεῖνα
945 2218 1241 2287 συμόαίνει
1291 2219 1590 2286 γενέσθαι·
1641 2221 1701 2274 τὸ
1731 2223 1829 2274 καὶ

253 2312 485 2372 τούτους
511 2310 730 2373 αὐτοὺς,
759 2310 1054 2380 ἀδελφικὴν
1093 2312 1185 2362 καὶ
1209 2313 1486 2382 ὁμόφρονα
1516 2313 1830 2381 ὀφείλοντας

255 2403 404 2467 ελειν
443 2403 767 2470 ὀμοψυχέαν,
804 2401 1068 2469 αἰσχρῶς,
1112 2403 1312 2471 μᾶλλον
1347 2405 1402 2456 δὲ
1441 2407 1704 2475 μυσαρῶς
1736 2406 1832 2457 ἀλ-

259 2497 436 2561 λήλων
470 2494 867 2560 ἀποδιαστῆναι
892 2509 905 2524 ο
963 2494 1055 2544 καὶ
1087 2497 1196 2556 τοῖς
1227 2495 1540 2564 ἀνθρώποις
1578 2500 1690 2559 τοίς
1735 2498 1829 2562 τὰς

257 2587 552 2657 ἀλλοτρίας
587 2588 770 2656 έχουσι
814 2587 991 2658 ψυχὰς
1027 2590 1133 2641 ἀπὸ
1177 2589 1279 2657 τῆς
1348 2589 1657 2658 ἁγιωτάτης
1701 2591 1832 2659 θρη-

259 2681 455 2742 σκείας
472 2679 699 2748 ταύτης,
723 2680 996 2750 πρόφασιν
1028 2681 1228 2751 χλεύης
1255 2681 1479 2735 διδόναι.
1502 2684 1665 2735 Ὅθεν
1697 2700 1833 2754 προ-

260 2773 482 2839 νοητέον
521 2789 612 2841 μοι
661 2773 898 2839 ἐγένετο,
928 2775 1075 2834 ὅπως
1115 2774 1275 2825 τοῦτο
1318 2775 1454 2842 ὅπερ
1486 2775 1654 2843 ἐχρῆν
1694 2774 1836 2842 μετᾶ

259 2865 363 2933 τὴν
383 2863 867 2935 έξενεχθεῖσανῆδη
899 2865 1084 2935 κρίσιν
1103 2865 1408 2935 αὐθαιρέτῳ
1437 2866 1836 2932 συγκαταθέσει

264 2957 610 3020 πεπαῦσθαι,
641 2958 744 3010 κᾶν
770 2956 864 3009 νῦν
905 2974 1035 3010 ποτε
1066 2958 1269 3028 δυνηθῇ
1298 2958 1512 3010 πολλῶν
1547 2961 1835 3025 παρόντων

260 3052 456 3113 τέλους
505 3055 707 3120 τυχεῖν.
759 3050 977 3121 Ἐπειδὴ
1011 3051 1192 3104 τοίνυν
1225 3051 1512 3114 πλείστους
1542 3054 1606 3104 ὲκ
1649 3053 1837 3121 διαφό-

269 3162 381 3212 ρων
415 3144 510 3196 καὶ
545 3145 839 3212 ἀμυθήτων
865 3145 1045 3197 τόπων
1073 3145 1407 3206 ἐπισκόπους
1437 3145 1518 3207 είς
1555 3144 1653 3215 τὴν
1693 3146 1857 3213 ’Δρεοο

1920 672 2322 725 contenderent
2372 686 2535 740 atque
2587 681 2883 735 co'rtarent,
2944 680 3211 740 praesente
3274 685 3492 738 quoque

1922 761 2167 816 llomano
2203 765 2482 833 episcopo,
2546 763 2594 816 id
2629 763 2775 832 quod
2835 763 2887 815 in
2939 762 3373 814 controversiam
3439 772 3493 815 et

1926 855 2399 907 enncertationem
2437 855 2697 914 venisset,
2734 853 2787 906 in
2824 851 3112 922 praesentia
3145 865 3334 902 eorum
3371 849 3494 902 dili—

1921 947 2067 1013 genti
2101 961 2234 998 cura
2261 954 2315 999 et
2341 945 2551 1013 judicio
2613 943 2792 997 decidi
2863 941 3232 1009 componique
3287 951 3490 1009 posset.

1921 1035 2378 1104 Quandoquidem
2435 1051 2580 1096 vero,
2604 1035 2762 1087 sicuti
2791 1032 2902 1084 fieri
2936 1031 3094 1090 solet,
3114 1029 3333 1097 quidam
3353 1030 3497 1081 salu-

1926 1131 1998 1183 tis
2030 1144 2162 1192 sum,
2190 1131 2478 1197 cultusque
2496 1137 2551 1181 et
2579 1123 2964 1183 observantiae,
3001 1137 3120 1188 quae
3138 1121 3496 1173 sanctissima:

1924 1220 2177 1288 religioni
2206 1219 2657 1281 debetur,obliti,
2686 1216 2807 1269 odia
2840 1223 3004 1283 atque
3032 1212 3349 1266 inimicitias
3379 1227 3497 1263 am-

1927 1315 2074 1382 plius
2108 1329 2364 1367 exercere
2409 1329 2516 1366 non
2572 1310 2853 1369 desinunt,
2892 1323 3069 1375 neque
3111 1307 3188 1359 rei
3241 1303 3500 1374 judicatze

1927 1404 2281 1475 acquiescere
2335 1401 2547 1464 volunt,
2599 1417 2693 1469 per
2741 1399 3122 1466 exceptionem
3153 1395 3496 1460 objicienles,

1930 1512 2236 1567 perpaucos
2266 1494 2534 1564 quosdam
2569 1491 2899 1548 sententiam
2940 1489 3154 1550 tulisse,
3186 1486 3279 1555 qui
3332 1485 3497 1539 etiam

1931 1589 2088 1660 prius
2117 1587 2184 1641 ad
2225 1585 2569 1641 decisionem
2605 1581 2860 1637 celeriter
2887 1589 2942 1635 et
2964 1579 3163 1649 cupide
3214 1574 3499 1630 ferendam

1930 1681 2315 1743 accelerarint,
2347 1692 2509 1747 quam
2563 1677 2747 1730 omnia
2779 1690 2899 1743 quae
2922 1670 3128 1743 inquiri
3182 1684 3321 1738 opus
3374 1666 3500 1730 fuit,

1931 1773 2227 1842 diligenter
2250 1785 2301 1823 et
2320 1779 2573 1824 accurate
2592 1768 2987 1822 excussissem.
3012 1763 3220 1831 Quibus
3247 1776 3311 1816 ex
3342 1759 3508 1813 rebus

1934 1863 2192 1916 omnibus
2221 1862 2353 1916 illud
2370 1862 2575 1924 evenit,
2596 1859 2836 1913 utsimnl
2865 1856 3010 1911 etilli
3040 1870 3176 1924 quos
3205 1853 3504 1906 fraternam

1931 1953 2280 2010 concordiam
2327 1961 2384 2006 et
2439 1952 2774 2005 nnanitalem
2826 1947 3080 2002 oblinere
3116 1945 3323 2005 docuit.
3359 1940 3510 2004 turpi

1935 2045 2203 2116 quodam,
2253 2061 2347 2098 seu
2387 2046 2568 2113 potius
2591 2041 2914 2096 detestando
2935 2053 3223 2108 more,per
3244 2035 3511 2090 secessio-

1931 2153 2055 2192 nem
2090 2137 2233 2191 inter
2266 2151 2322 2189 se
2375 2136 2714 2190 dissideant:
2742 2143 2794 2187 et
2832 2130 3152 2186 hominibus
3179 2129 3271 2197 qui
3321 2143 3349 2179 a
3382 2141 3510 2178 san-

1930 2230 2174 2284 ctissima
2208 2228 2466 2298 religione
2528 2228 2710 2280 alieno
2768 2234 2899 2279 sunt
2928 2227 3133 2284 animo,
3165 2220 3382 2274 occasio
3428 2219 3506 2270 ri-

1933 2319 2097 2372 dendi
2140 2329 2306 2386 atque
2334 2316 2682 2371 obtrectandi
2717 2316 2788 2370 sit
2835 2316 3086 2385 przehita.
3144 2313 3333 2381 Itaque
3381 2325 3510 2379 pro-

1934 2410 2233 2465 videndum
2269 2410 2403 2462 mibi
2435 2419 2540 2466 est.
2581 2407 2725 2476 quod
2757 2406 2964 2460 dudum
3013 2415 3135 2474 post
3182 2414 3510 2457 sententiam

1932 2503 2096 2557 latum
2117 2511 2414 2571 spontauea
2441 2500 2809 2553 trausactione
2865 2497 3226 2565 compositum
3247 2496 3511 2564 oportuit,

1935 2605 1996 2650 ut
2024 2596 2078 2649 id
2115 2610 2261 2649 nunc
2289 2596 2506 2648 tandem
2539 2592 2727 2646 nmltis
2765 2591 3129 2661 praesentibus
3158 2591 3320 2642 linem
3354 2587 3512 2641 debi-

1938 2698 2051 2741 tum
2086 2695 2476 2755 consequatur.
2512 2684 2871 2752 Posteaquam
2927 2682 3094 2750 igitur
3146 2694 3215 2733 ex
3277 2680 3513 2733 diversis

1937 2775 2301 2845 plurimisque
2327 2775 2463 2827 locis
2496 2773 2792 2840 episcopos
2826 2771 2879 2824 in
2914 2769 3292 2822 Arelatensem
3321 2766 3516 2819 civita-

1940 2877 2049 2921 tem
2086 2867 2226 2920 intra
2279 2865 2549 2919 Calendas
2617 2863 2841 2931 Augusti
2896 2860 3193 2914 convenire
3230 2858 3512 2928 jnssimus,

1938 2959 2031 3013 tibi
2069 2973 2286 3026 quoque
2309 2957 2665 3011 scribendum
2707 2969 2830 3007 esse
2871 2951 3209 3013 censuimus,
3250 2958 3311 3002 ut
3365 2964 3517 3002 acce-

1938 3062 2028 3121 pta
2047 3068 2075 3104 a
2095 3052 2214 3104 viro
2231 3050 2559 3112 clarissimo,
2586 3045 2920 3100 Latroniano
2936 3044 3270 3099 conductore
3289 3040 3513 3106 Siciliaa,

1943 3145 2175 3212 publica:
2201 3154 2440 3196 vectura:
2467 3150 2714 3195 tessera:
2758 3138 3082 3206 duobusque
3117 3137 3240 3190 aliis
3299 3150 3364 3188 ex
3427 3150 3514 3187 se-

265 3235 542 3303 λατηοίων
569 3235 723 3286 πόλιν
747 3235 877 3288 εῐσω
902 3233 1180 3288 καλανδῶν
1203 3234 1537 3303 Δῦγούστων
1563 3235 1838 3286 συνελθεῖν
1865 3259 1908 3320 C

1865 3259 1908 3320 C
1943 3235 2125 3288 eundo
2152 3234 2367 3295 ordine,
2395 3247 2534 3302 quos
2561 3231 2677 3300 ipse
2712 3229 2993 3299 eligendos
3049 3225 3352 3296 putaveris.
3413 3223 3511 3277 tibi

264 3322 661 3391 ἐκελεύσαμεν,
700 3322 792 3373 καί
829 3339 910 3372 σοι
943 3322 1147 3390 γράψαι
1190 3323 1525 3391 ἐνομίσαμεν
1552 3338 1566 3351 °
1603 3323 1690 3374 ἵνα
1743 3322 1840 3373 λα-

266 3414 383 3466 θὼν
410 3415 560 3484 παρά
602 3413 693 3465 τοῦ
721 3412 1114 3483 λαμπροτάτου
1165 3413 1551 3484 Δατρωνιανοῦ
1589 3413 1682 3464 τοῦ
1715 3429 1840 3465 κεν-

268 3509 534 3574 τὲκτωρος
566 3504 821 3566 Σεκελίας
850 3504 1107 3572 δημόσιον
1131 3504 1337 3573 ὄχημα,
1376 3503 1638 3570 συζεύξας
1659 3503 1840 3572 έαυτῷ

270 3599 367 3650 καὶ
402 3596 496 3649 δύο
527 3599 587 3664 γέ
617 3614 768 3658 τινας
817 3596 927 3647 τῶν
958 3599 1022 3647 ὲκ
1064 3595 1157 3647 τοῦ
1187 3595 1444 3666 δευτέρου
1492 3597 1706 3666 θρόνου,
1747 3595 1839 3657 οὓς

266 3691 335 3744 ἂν
381 3692 447 3743 σὺ
503 3690 662 3750 αὐτὸς
717 3688 1068 3754 ἐπιλέξασθαι
1117 3688 1363 3758 κρίνοις·
1403 3689 1538 3740 ἀλλὰ
1594 3690 1700 3758 μὴν
1741 3690 1837 3739 καὶ

263 3787 420 3852 τρεῖς
455 3781 652 3844 παῖδας
681 3784 808 3842 τοὺς
837 3779 1240 3847 δυνησομένους
1268 3780 1398 3846 ὑμῖν
1425 3780 1564 3830 κατὰ
1597 3781 1696 3847 τὴν
1721 3778 1838 3829 ὀόὸν

270 3874 670 3943 ὑπηρετεῖσθαι
705 3871 1065 3940 παραλαϐὼν,
1097 3872 1230 3922 είσω
1263 3873 1364 3940 τῆς
1408 3871 1579 3938 αὐτῆς
1622 3871 1841 3940 ἡμέρας

269 3967 367 4017 ἐπὶ
395 3965 474 4032 τῷ
505 3963 891 4033 προειρημένῳ
918 3963 1067 4029 τόπῳ
1092 3963 1404 4031 ἀπάντησον
1427 3976 1440 3990 °
1467 3963 1539 4024 ὡς
1577 3963 1638 4015 iv
1675 3962 1760 4015 διά
1785 3980 1841 4015 τε

266 4062 368 4135 τῆς
421 4062 519 4130 σῇς
568 4059 929 4129 στερρότητος
969 4058 1060 4110 καὶ
1085 4057 1172 4111 διὰ
1202 4057 1300 4125 τῆς
1338 4056 1534 4126 λοιπῆς
1576 4059 1684 4110 τῶν
1712 4076 1842 4110 συν-

270 4158 460 4212 ιόντων
508 4152 783 4222 ὁμοφύλου
836 4154 931 4203 καὶ
987 4151 1296 4222 ὁμόφρονος
1365 4152 1635 4213 συνέσεως
1666 4188 1682 4213 ,
1747 4152 1841 4203 καὶ

269 4249 432 4300 τοῦτο
462 4248 602 4314 ὅπερ
628 4245 753 4316 ἄχρι
779 4243 873 4297 τοῦ
897 4243 1056 4314 δεῦρο
1088 4244 1308 4312 φαύλως
1345 4243 1414 4296 δι’
1443 4244 1674 4312 αἰσχράς
1690 4260 1840 4306 τινας

271 4341 615 4408 ζυγομαχίας
668 4337 1160 4407 παραμεμένηκεν,
1193 4334 1572 4388 ἀκουσθέντων
1622 4335 1841 4388 πάντων

270 4436 380 4486 τῶν
413 4432 714 4503 μελλόντων
748 4430 1108 4500 λεχθήσεσθαι
1137 4429 1286 4498 παρά
1312 4429 1419 4481 τῶν
1451 4427 1545 4480 νῦν
1580 4429 1714 4498 ἡμῖν
1778 4427 1874 4481 ἀπ’
1910 4429 2156 4501 ἀλλήλων
2192 4431 2523 4495 διεστώτων,

1943 3326 2237 3395 adjunt-tis,
2270 3335 2326 3379 et
2353 3325 2535 3392 pueris
2563 3324 2740 3376 tribus
2773 3321 2866 3390 qui
2905 3320 2957 3372 in
2991 3319 3188 3372 itinere
3245 3316 3402 3370 vobis
3433 3316 3518 3368 iu-

1941 3421 2181 3473 serviant
2205 3421 2523 3488 assumptis,
2565 3421 2705 3471 intra
2739 3432 2855 3493 eam
2890 3416 3034 3469 diem
3081 3415 3133 3467 in
3167 3429 3291 3466 eum
3351 3425 3514 3480 quem

1940 3511 2175 3565 diximus
2202 3513 2380 3565 locum
2415 3511 2722 3578 pervenias.
2752 3510 2821 3566 Ut
2854 3523 2949 3577 per
2977 3507 3299 3576 gravitatem
3339 3515 3513 3564 tuam,

1939 3604 2387 3671 reliquorumque
2436 3603 2531 3672 qui
2593 3603 2663 3655 ibi
2690 3604 3040 3662 convenient,
3077 3597 3391 3651 unanimem
3462 3605 3520 3649 et

1939 3711 2040 3748 con
2074 3696 2371 3748 entientem
2407 3695 2779 3764 prudentium,
2807 3691 3184 3746 controversia
3211 3703 3332 3757 quae
3374 3687 3516 3740 huc-

1942 3803 2039 3855 usq
2067 3805 2114 3839 lc
2172 3804 2278 3838 non
2331 3797 2482 3842 recte
2515 3803 2610 3856 per
2635 3786 2834 3839 [ωιιειιιι
2867 3783 3112 3838 intestini
3145 3781 3359 3836 dissidii
3390 3794 3521 3832 con-

1945 3878 2246 3933 tentionem
2311 3877 2556 3940 duravit,
2601 3876 2766 3946 509
2805 3876 3063 3929 omnibus
3111 3889 3232 3943 quae
3280 3873 3406 3926 hinc
3463 3884 3518 3924 et

1943 3972 2069 4026 inde
2102 3973 2168 4026 ab
2199 3973 2264 4025 iis
2290 3972 2575 4034 dicentur,
2604 3970 2697 4038 qui
2737 3969 2884 4022 inter
2914 3983 2974 4022 se
3034 3965 3328 4029 dissident,
3379 3977 3522 4033 quos

1949 4065 2140 4116 abesse
2172 4064 2245 4116 ibi
2274 4063 2439 4115 etiam
2472 4059 3092 4132 praacepiinus,amlitis,
3127 4059 3207 4110 vel
3233 4073 3378 4110 nunc
3399 4066 3524 4107 tun-

1951 4153 2073 4208 dem
2108 4156 2173 4208 ad
2206 4154 2456 4208 debitum
2497 4153 2730 4213 cultum,
2787 4150 3182 4220 professionem
3233 4151 3521 4204 concordi—

1949 4261 2148 4314 annque
2215 4245 2515 4298 fraternam
2565 4243 2752 4299 reduci
2802 4251 2988 4311 queat.
3078 4241 3418 4296 Incolumem
3466 4249 3520 4292 te

1952 4337 2096 4392 Deus
2127 4339 2482 4408 omnipotens
2533 4339 2586 4393 in
2613 4338 2816 4392 multos
2837 4349 3025 4393 annos.
3049 4345 3356 4389 conservet.
3387 4352 3406 4385 ι

2600 4430 2811 4496 οὕσπερ
2859 4429 3062 4500 ὁμοίως
3101 4431 3354 4498 παρεῖναι
3400 4429 3525 4477 ὲκε-

272 4528 572 4594 λιύσαμεν,
595 4524 848 4593 δυνηθείη
880 4525 980 4591 τὴν
1007 4523 1363 4592 ὀφειλομένην
1401 4521 1702 4592 θρησκείαν
1769 4523 1862 4574 καὶ
1903 4523 2127 4587 πίστιν,
2181 4523 2480 4593 ἀδελφικὴν
2515 4540 2574 4575 τε
2629 4525 2906 4593 ὁμόνοιαν,
2969 4524 3075 4575 κᾶν
3110 4521 3349 4590 βραδέως
3392 4522 3522 4572 ἀνα,

275 4621 566 4692 κληθῆναι.
606 4619 952 4685 ’Υγιαίνοντά
983 4635 1041 4670 σε
1104 4620 1131 4668 ὀ
1175 4618 1308 4680 Θεὸς
1362 4620 1390 4671 ὁ
1445 4618 1840 4688 παντοκράτωρ
1877 4617 2194 4686 διαφυλάξαι
2223 4619 2314 4671 ἐπὶ
2353 4618 2566 4679 πολλοῖς
2591 4618 2754 4671 ἔτεσι.
2788 4637 2808 4668 ι

849 4759 1103 4813 ΚΕΦΑΛ.
1153 4761 1247 4814 ΜΔ
1270 4802 1284 4817 .

283 4855 424 4926 Περὶ
475 4854 589 4932 τῆς
639 4853 746 4932 τ.οῦ
768 4854 1114 4932 ξυσσεεοξς
1152 4854 1422 4907 Λικινίου
1452 4851 1847 4932 διαστροφῆς,

482 4927 581 4979 καὶ
611 4924 728 4976 τῶν
755 4924 847 4976 ἐπ’
886 4924 1074 4977 αὺτοῦ
1104 4924 1644 4992 μαρτυρησάντων.

349 5041 536 5096 Ταῦτα
567 5041 626 5093 τό
669 5057 730 5108 γε
765 5038 859 5090 νῦν
897 5039 1018 5107 ἕχον
1048 5039 1363 5106 νομοθετῶν
1398 5039 1651 5102 διετέλει,
1685 5039 1852 5108 ἀφθό-

278 5153 374 5188 νου
407 5132 889 5203 πρυτανευομένης
913 5132 1042 5197 ἡμῖν
1073 5132 1136 5182 ἐκ
1169 5129 1304 5181 Θεοῦ
1341 5129 1440 5195 τῆς
1475 5133 1723 5198 εἰρήνης⁹
1757 5133 1851 5183 καὶ

277 5231 379 5292 τῆς
415 5225 670 5291 οὐρανίου
717 5226 938 5292 χάριτος
971 5221 1113 5273 οὕτω
1144 5222 1496 5290 δωρουμένης
1537 5225 1599 5275 τὸ
1637 5224 1850 5276 ἐλευθέ-

286 5337 422 5388 ριον.
480 5317 665 5369 Ταῦτα
715 5314 771 5366 δὲ
827 5316 1017 5382 φέρειν
1052 5314 1153 5364 οὐκ
1200 5308 1267 5381 ἦν
1295 5314 1497 5364 ἀνεκτὰ
1530 5313 1609 5382 τῷ
1639 5315 1850 5384 ἀρχαίῳ

279 5412 375 5463 τοῦ
424 5411 616 5476 γένους
668 5407 828 5478 ἡμῶν
874 5407 1138 5474 πολεμίῳ.
1184 5407 1392 5459 Αὐτίκα
1443 5406 1549 5472 γὰρ
1609 5407 1852 5458 Λικίνιον

280 5501 617 5554 ὑποδύεταιο
650 5501 746 5550 καὶ
787 5497 884 5550 τοῦ
940 5498 1214 5566 σώφρονος
1265 5497 1430 5549 αὑτὸν
1488 5496 1852 5563 ὑπεξαγαγὼν

281 5592 573 5660 λογισμοῦ,
619 5593 753 5661 πρὸς
786 5591 1047 5660 διαφορὰν
1095 5590 1266 5640 ἀκίνει
1316 5588 1393 5657 τῷ
1423 5591 1852 5657 Κωνσταντίνῳ·

283 5688 342 5739 ὃν
373 5686 558 5750 αὐτὸς,
590 5685 683 5739 an
717 5685 780 5751 δὴ
810 5687 922 5747 τοῖς
956 5683 1096 5735 κατὰ
1138 5683 1447 5750 Μαξιμῖνον
1479 5682 1732 5748 πολέμοις
1766 5682 1855 5732 εὑ-

285 5779 663 5845 ὗιικιμὼτατον
711 5781 996 5844 γεγονότα,
1039 5775 1319 5845 βασιλείας
1363 5791 1421 5826 τε
1471 5775 1695 5841 ὀνόματι
1733 5776 1857 5825 ὲπε-

294 5870 533 5954 φημιζι·
587 5871 679 5922 καὶ
730 5869 1119 5939 Νικομήδειαν,
1165 5871 1259 5921 καὶ
1312 5869 1413 5947 την
1468 5868 1592 5937 rapi
1633 5867 1858 5937 ί-ὶρᾴκην

2516 4759 2743 4815 CAPUT
2786 4758 2966 4813 XLIV.

1950 4851 2026 4906 De
2049 4854 2200 4926 impii
2223 4853 2413 4909 Licinii
2444 4853 2822 4926 perversitate,
2848 4859 2895 4903 et
2928 4849 3018 4919 qui
3047 4847 3140 4903 sub
3172 4865 3229 4902 eo
3258 4846 3530 4916 pauisint-

2578 4923 2918 4990 martyribus.

2019 5039 2410 5114 Huiuscemodi
2468 5040 2558 5092 ille
2613 5049 2726 5091 tum
2781 5037 2928 5106 leges
2985 5034 3530 5103 eonstitntioncsqne

1950 5137 2182 5197 ferebat,
2217 5149 2341 5187 cum
2389 5131 2662 5184 uberrime
2703 5129 2865 5180 nobis
2908 5128 3052 5181 Deus
3101 5143 3290 5196 pacem
3353 5128 3518 5180 cwle-

1951 5227 2161 5292 stisqne
2191 5223 2366 5292 gratia
2399 5221 2704 5273 libertatem
2726 5218 3097 5286 prolixissime
3115 5219 3375 5272 dedisset.
3403 5217 3520 5272 Ca?»

1952 5329 2130 5372 terum
2184 5317 2237 5369 id
2293 5315 2440 5368 ferre
2484 5327 2591 5364 non
2635 5311 2811 5380 potuit
2863 5312 3125 5378 antiquus
3174 5309 3264 5365 ille
3305 5311 3528 5378 generis

1952 5410 2125 5464 nostri
2161 5409 2358 5462 hostis.
2385 5405 2664 5458 Continuo
2704 5402 2855 5456 enim
2893 5401 3168 5456 Licinium
3203 5403 3524 5470 occupavit,

1952 5515 2190 5566 eumque
2225 5515 2253 5551 a
2281 5508 2429 5550 recta
2460 5494 2738 5548 sententia
2771 5493 3090 5556 abductum,
3115 5494 3180 5547 ad
3205 5494 3533 5547 inimicitias.

1953 5591 2223 5644 adversus
2273 5587 2696 5643 Constantinum
2748 5584 3130 5652 suscipiendas
3183 5586 3455 5653 permovit
3501 5602 3519 5638 2

1955 5698 2116 5751 quem
2153 5682 2264 5736 ille.
2297 5679 2444 5748 quod
2479 5690 2728 5745 magnam
2766 5675 2820 5728 in
2853 5675 2997 5728 bello
3033 5684 3224 5728 contra
3272 5675 3523 5728 Maximi-

1953 5792 2086 5830 num
2119 5784 2271 5842 gesto
2301 5771 2529 5842 gloriam
2582 5777 2915 5822 consecutus
2959 5765 3159 5828 fuerat.
3191 5782 3314 5821 cum
3351 5768 3524 5834 impe-

1957 5868 2153 5920 ratoris
2193 5865 2412 5918 nomine
2448 5859 2753 5915 decoravit.
2803 5866 2916 5911 tum
2948 5858 2998 5912 ei
3029 5857 3379 5925 Nicomedia.
3416 5862 3524 5917 lic-
