4220 6438
243 429 383 496 1313

1160 431 1771 494 ECCLESIASTICJS
1805 433 2201 494 HISTORHZ
2242 435 2384 496 ΗΒ.
2436 435 2572 497 VII.

3350 430 3486 496 l3“

235 567 389 615 τερα.
449 547 636 611 τέλος,
671 549 738 618 τῇ
780 547 878 616 τῆς
929 548 1135 613 ’μανίας
1185 549 1464 620 ὑπερϐολῇ
1521 547 1808 610 ἀπειπὼν,

1928 547 2093 616 gloria
2128 550 2370 603 τίνοι-ειμι
2422 547 2732 617 receperit?
2761 562 2996 617 quorum
3028 561 3229 602 uxores
3274 562 3369 616 per
3408 561 3492 601 re-

234 644 352 703 τοῐς
411 643 737 703 ἐπισκόποις
800 643 1176 709 ἐπέσκηπτεν,
1220 641 1294 703 ὡς
1343 641 1407 695 ἄν
1472 659 1534 708 γε
1595 641 1806 704 τούτοις

235 733 374 784 Θεοῦ
401 733 741 802 Οεράποντας
791 730 929 786 εἶναι
963 734 1153 796 εἰδώς·
1187 733 1360 803 λάθρα
1394 734 1448 785 δὲ
1487 739 1578 786 καί
1619 733 1808 794 δολίως

232 828 362 887 τοὶς
393 822 802 895 δοιιιμωτάτους
831 827 1037 880 τούτων
1076 826 1288 897 ἀνῄρει.
1322 827 1430 880 Καὶ
1465 829 1494 879 ό
1525 825 1723 896 τρόπος
1754 826 1809 877 δὲ

232 919 331 970 τοῦ
367 921 530 984 φόνου
586 920 735 983 ξένος
767 937 850 980 τις
895 917 963 991 ἦν
993 923 1082 974 καὶ
1137 923 1337 992 ἀήθης.
1372 922 1451 973 Τὰ
1499 920 1631 988 γοῦν
1676 919 1806 988 περί

233 1012 331 1063 τὸν
377 1012 584 1064 Πόντον
622 1012 785 1065 αὑτοῦ
845 1018 937 1066 καί
983 1015 1104 1076 ταῖς
1146 1015 1309 1084 πέριξ
1359 1018 1458 1083 τῆς
1510 1012 1810 1081 ’Λμασείας

233 1105 462 1156 πόλεσιν
513 1104 660 1173 αὐτῷ
704 1108 1076 1176 πεπραγμένα
1111 1109 1290 1160 πᾶσαν
1320 1106 1606 1174 ὠμότητος
1644 1107 1810 1174 ὑπερ-

234 1197 402 1264 ϐολὴν
430 1197 646 1264 τίθησιν
685 1199 741 1248 ἐν
784 1198 1043 1268 δευτέρῳ.
1094 1200 1416 1268 Ἐκκλησίαι
1466 1199 1566 1268 μὲν
1609 1198 1719 1268 γὰρ
1747 1200 1811 1251 ὲκ

237 1289 410 1360 ῥιζῶν
434 1289 752 1343 ἅνεσπῶντο
791 1293 887 1344 καὶ
929 1294 1353 1364 κατηρείποντο’
1391 1294 1548 1347 ἄλλαι
1580 1293 1635 1346 δὲ
1667 1311 1807 1345 πανο

233 1385 477 1434 ἐἅπασιν
503 1383 882 1437 ἁπεκλείοντο.
911 1386 973 1437 Oi
1009 1385 1066 1437 δὲ
1117 1387 1279 1454 ἱερεῖς
1311 1386 1688 1454 ἀφροντίστως
1719 1379 1808 1438 οἷά

232 1490 380 1534 τινες
410 1475 732 1544 κακοῦργοι,
780 1479 872 1528 καὶ
905 1478 1128 1547 χείρονα
1160 1478 1190 1536 ἦ
1229 1476 1550 1546 ἀνδροφόνοι
1579 1481 1810 1547 μυρίαις

235 1563 503 1633 πρότερον
534 1565 745 1627 αἰκίαις
779 1566 1080 1632 ἀγόμενοι,
1135 1567 1287 1630 τέλος
1341 1566 1486 1635 ξίφει
1524 1569 1662 1638 πρὸς
1725 1567 1811 1620 λε-

233 1655 372 1706 πτὸν
407 1653 764 1722 τεμνόμενοι,
793 1657 902 1715 τοῖς
974 1656 1287 1720 θαλαττίοις
1342 1657 1533 1709 ὖὶῖαοιν
1584 1658 1810 1729 ἁπερῤί·

232 1759 454 1806 πτοντο,
494 1743 672 1812 ίχθύσι
696 1744 973 1810 πελαγίοις
1004 1745 1160 1814 βορά.
1185 1747 1304 1798 Τὡν
1331 1747 1386 1799 δὲ
1424 1748 1596 1808 ἀλλως
1632 1748 1814 1799 θεοσε-

233 1834 347 1884 εών
393 1835 493 1896 τὰς
552 1835 768 1902 σφαγὰς
842 1836 959 1898 πῶς
1041 1840 1106 1892 ἄν
1171 1855 1254 1899 τις
1311 1839 1806 1906 ἀπαριθμήσαιτος

1922 639 2152 710 pndium
2187 641 2254 695 ab
2285 643 2375 695 eis
2407 651 2709 710 separatas.
2741 641 3143 710 impotentibus
3189 651 3354 708 atque
3391 638 3494 692 im-

1921 731 2138 801 pudicis
2185 731 2250 786 ad
2303 732 2608 786 ludibrium
2655 731 2828 786 dedit.
2883 730 3023 797 Quid
3072 730 3237 784 etiam
3285 730 3488 794 dicant,

1919 827 2125 897 quibus
2161 828 2395 898 ipsemet
2427 829 2481 883 in
2512 838 2762 883 extrema
2803 828 2969 881 etiam
3004 836 3230 880 senecta
3261 827 3346 881 vel
3378 826 3492 880 vir-

1920 921 2143 990 ginibus
2202 923 2285 977 vel
2343 922 2672 992 conjugibus
2731 920 2982 990 quotidie
3035 919 3493 974 libidinosisslme

1921 1015 2183 1078 illudens,
2220 1016 2494 1068 exsatiare
2531 1025 2712 1066 tamen
2749 1016 3112 1083 impotentem
3147 1025 3301 1065 suam
3336 1021 3495 1080 petu-

1918 1107 2147 1160 lantiam
2202 1122 2312 1160 non
2367 1106 2647 1176 potuerit?
2678 1106 2788 1161 Sed
2824 1107 2969 1160 enini
3012 1122 3133 1174 quae
3186 1115 3494 1174 sequuntur

1920 1199 2125 1268 ﬂagitia
2157 1200 2298 1268 ejus,
2329 1214 2494 1268 parva
2527 1200 2641 1252 lia-c
2671 1208 2724 1251 i-t
2754 1198 2909 1251 nihili
2945 1213 3066 1266 quae,
3093 1195 3332 1249 diximus
3370 1209 3493 1247 esse

1919 1299 2251 1357 coarguunt.
2289 1288 2574 1342 Postremo
2633 1303 2869 1357 namque
2928 1287 3105 1342 furori
3164 1300 3265 1340 suo
3328 1287 3491 1353 longe

1919 1382 2162 1436 maxime
2203 1383 2359 1452 quasi
2420 1382 2600 1436 victus
2631 1382 2856 1444 cedens,
2897 1382 3002 1435 i'im
3035 1395 3257 1434 omnem
3289 1379 3342 1432 in
3375 1379 3496 1446 epi-

1918 1487 2117 1541 scopos
2148 1473 2448 1534 convertit,
2482 1488 2623 1540 quos
2655 1473 2820 1526 minis
2850 1487 2942 1525 ros
2977 1471 3065 1527 Dei
3095 1485 3215 1525 esse
3259 1469 3492 1524 sciebat.

1919 1563 2124 1618 llornin
2155 1565 2616 1632 pra-clarissimos
2645 1579 2898 1634 quosque
2930 1565 3071 1618 clam
3106 1565 3494 1618 fraudulenter

1919 1656 2195 1717 enecavit,
2229 1657 2504 1725 caedisque
2535 1672 2709 1710 novus
2740 1659 2900 1725 plane
2931 1667 2986 1708 et
3012 1656 3270 1708 insolitus
3298 1654 3499 1706 modus

1922 1747 2048 1801 fuit.
2085 1751 2164 1800 Ac
2191 1763 2309 1815 quae
2345 1747 2396 1799 in
2431 1748 2606 1801 Ponto
2646 1758 2700 1800 et
2739 1750 2788 1800 in
2830 1748 3062 1802 urbibus
3091 1751 3299 1801 i-ircum
3329 1746 3498 1800 Ama-

1918 1855 2064 1894 soain
2110 1839 2156 1893 is
2188 1842 2419 1908 peregit.
2455 1843 2719 1894 saevitiam
2760 1852 2925 1910 atque
2965 1841 3348 1895 crudelitatem
3375 1856 3494 1893 out-

246 1928 516 1995 Ἰσῖρημίαι
557 1930 667 1996 γὰρ
704 1930 798 1980 καὶ
835 1929 938 1998 ὅρη
999 1932 1076 1990 εἰς
1113 1931 1293 1992 πόλεις
1324 1932 1808 2000 μετεσκευάςοντο.

1928 1950 2045 1988 nem
2096 1934 2256 2000 longe
2305 1943 2591 2001 superant.
2627 1934 2884 1988 Ecclesia:
2936 1949 3173 2003 namque
3207 1933 3407 2002 partim
3463 1948 3496 1986 a

237 2019 399 2072 Οὒτω
438 2019 645 2088 δ’ἒχων
699 2021 949 2090 γνώμης,
1010 2024 1170 2094 ἐπῄει
1216 2023 1421 2092 ληῖζων
1481 2025 1662 2076 πάντα
1723 2024 1814 2076 καὶ

235 2115 541 2182 ἁφακίζωνο
587 2115 826 2184 όπηνίχα
864 2120 958 2169 καὶ
1009 2120 1036 2169 ό
1088 2119 1473 2187 στρατηλάτης
1535 2118 1814 2187 Θεόδωρος

235 2208 407 2270 πολύς
448 2224 531 2269 τις
572 2207 650 2260 ὢν
690 2207 778 2260 ἐπ’
823 2210 1037 2279 ἀνδρίᾳ,
1102 2211 1243 2263 κατὰ
1302 2212 1400 2282 τὴν
1461 2211 1556 2264 τοῦ
1612 2214 1815 2264 Πόντου

235 2303 538 2371 διατρίϐων
602 2302 980 2371 Ἡράκλειαν,
1021 2302 1113 2355 τοῦ
1163 2303 1573 2374 Μαρυανδηνῶν
1626 2304 1814 2366 ἔθνους

234 2397 448 2464 ἠγεῖτο.
474 2395 849 2458 Μετασταλεὶς
873 2395 916 2447 δ’
937 2396 1059 2448 επεὶ
1086 2396 1160 2465 μὴ
1184 2389 1310 2467 ἧκε,
1339 2397 1583 2450 Λικίνιον
1611 2397 1816 2449 εἰσεδέ-

234 2501 382 2556 χετο·
416 2479 478 2539 οὗ
524 2486 651 2547 τοὺς
707 2485 865 2546 θεοὺς
922 2487 1005 2548 είς
1057 2485 1233 2540 λεπτὰ
1287 2486 1580 2556 διακόψας,
1638 2487 1813 2540 ἐδίδου

236 2581 495 2648 πένησιν·
538 2579 597 2632 ὃν
647 2581 858 2648 καίπερ
907 2580 1136 2632 πλεῖστα
1189 2580 1382 2646 φιλῶν,
1442 2581 1665 2642 πολλαῖς
1715 2580 1814 2650 βα·

237 2677 424 2734 σάνοις
457 2673 658 2740 ὑπῆγε·
697 2673 979 2741 προσήλου
1008 2689 1067 2724 τε
1111 2672 1353 2741 σταυρῷ,
1407 2676 1500 2724 καὶ
1542 2675 1684 2726 κατὰ
1720 2672 1814 2724 τοῦ

237 2766 478 2834 κρυφίου
515 2766 686 2832 πόρου
714 2764 946 2825 σούὸλας
1004 2765 1262 2824 statim“,
1319 2767 1412 2816 καὶ
1466 2764 1616 2824 τέλος
1675 2762 1816 2830 ξίφει

239 2860 344 2928 τὴν
375 2858 625 2928 κεφαλὴν
668 2858 960 2927 ἀφῃρεῖτο·
991 2852 1053 2912 οὗ
1102 2860 1182 2918 είς
1233 2858 1476 2926 suam
1527 2857 1629 2923 τὴν
1681 2856 1818 2906 ἰδίαν

243 2949 486 3019 πατρίδα
515 2950 575 3000 τὸ
598 2948 760 3016 σῶμα
787 2948 1014 3015 ὕστερον
1050 2945 1485 3016 μεγαλοπρεπῶς
1521 2945 1815 3015 κατετέθη,

241 3042 384 3110 ἀξίῳ
413 3041 643 3110 τιμηθὲν
693 3041 791 3092 καὶ
841 3037 970 3109 νεῴ.
1010 3039 1204 3101 Ἀλλος
1233 3032 1390 3098 οὗτος
1419 3040 1568 3108 παρὰ
1599 3038 1689 3088 τὸν
1715 3036 1816 3104 τήο

243 3153 393 3205 ρωνα
418 3134 631 3203 Βρίγγᾳ
656 3132 736 3201 τῷ
756 3131 989 3203 ἡγεμόνι
1011 3129 1356 3200 Μαξιμιανοῦ
1397 3133 1495 3200 τὴν
1528 3131 1618 3181 διὰ
1649 3129 1821 3196 πυρῆς

236 3231 628 3298 όλοκάρπωσιν
658 3225 927 3295 ἀνδρείως
962 3223 1317 3290 διενεγκόντα
1347 3224 1405 3275 ὲν
1439 3220 1724 3291 Ἀμασίων
1749 3223 1814 3290 τῇ
1839 3263 1886 3325 C

237 3322 392 3375 πόλει
419 3337 433 3351 ⁸
465 3319 659 3389 ὥσπερ
716 3319 855 3384 δῆτα
909 3318 1005 3371 καὶ
1067 3318 1095 3369 ό
1146 3319 1202 3367 ὲν
1235 3317 1421 3387 Πέργῃ
1446 3317 1544 3382 τῆς
1579 3316 1816 3383 Παμφυ·

235 3416 356 3476 λίας
405 3414 594 3483 ἕτερος
635 3411 921 3481 σταυρικῷ
948 3411 1027 3481 τῷ
1075 3410 1230 3464 τέλει
1288 3411 1657 3481 χρησάμενος·
1708 3410 1814 3462 κᾶν

237 3507 300 3560 ἓν
348 3505 509 3575 σῶμα
560 3507 654 3558 καὶ
709 3505 907 3566 πάντες
967 3504 1024 3558 ἓν
1059 3502 1279 3571 πνεῦμα
1339 3505 1396 3554 ὲν
1439 3501 1662 3571 Χριστῷ
1698 3501 1818 3555 δια·

237 3602 536 3669 γεγόνασιν
569 3597 949 3668 ἔχοντες.⁹Ετιὶ
989 3597 1045 3650 δὲ
1091 3597 1290 3649 τούτου
1344 3598 1442 3648 καὶ
1495 3596 1758 3657 Βασιλεὺς
1791 3597 1819 3647 ὁ

238 3695 343 3764 τῆς
381 3693 669 3760 ’Δμασέων
693 3692 994 3752 ἐπίσκοπος
1030 3690 1148 3759 μετ’
1171 3693 1482 3759 ἀφορήτους
1513 3689 1695 3750 οἰκίας
1727 3689 1818 3740 τὸν

244 3788 338 3840 διὸ.
374 3784 560 3853 ξίφους
591 3786 860 3852 ὑφιστατο
889 3783 1141 3836 θάνατον.
1170 3783 1473 3834 Σεδάστεια
1504 3781 1559 3833 δὲ
1602 3785 1636 3850 ἡ
1665 3782 1820 3843 πόλις

240 3884 387 3936 κατὰ
421 3881 520 3950 τὴν
558 3879 728 3946 αὐτῆς
753 3878 951 3948 λίμνην
980 3880 1104 3939 τοὺς
1139 3883 1192 3945 μ’
1224 3879 1519 3946 Θεοφὸρους
1557 3877 1818 3927 ἐθεάσατο

243 3974 447 4044 ἄνδρα
508 3973 594 4026 διὰ
647 3971 854 4042 κρύους
925 3972 1241 4041 παραδόξως
1297 3971 1814 4038 όλοκαρπουμένους

244 4065 390 4134 Θεῷ,
425 4065 628 4118 Λυσίου
664 4065 758 4119 καὶ
797 4063 1172 4133 ⁴Ἀγρικολάου
1203 4061 1311 4113 τῶν
1338 4061 1549 4113 ἐκείνου
1575 4063 1818 4114 ὑπασπι-

243 4158 389 4210 στῶν
423 4157 504 4208 ετι
538 4156 858 4224 περιόντων,
893 4156 987 4207 καὶ
1024 4155 1145 4215 ταῖς
1197 4155 1333 4206 κατὰ
1366 4154 1476 4205 τῶν
1518 4153 1817 4223 μαρτύρων

241 4249 598 4315 καινοτέραις
654 4247 925 4305 ἐπινοίαις
991 4246 1536 4313 ἐλλαμπρυνομένων
1562 4259 1576 4273 ο
1612 4239 1685 4295 ὄιν
1718 4246 1816 4306 τὰς

245 4336 519 4403 συζύγους
567 4340 618 4404 μ’
648 4335 743 4386 καὶ
777 4335 945 4394 αὑτὰς
979 4331 1168 4396 οὔσας,
1206 4332 1362 4398 λόγος
1392 4333 1508 4400 ἔχει
1548 4334 1606 4383 ὲν
1649 4334 1817 4402 Ἠρα-

244 4430 405 4496 κλείᾳ
449 4429 548 4492 τῆς
617 4424 844 4494 Θρᾴκης
898 4423 1237 4491 ἁπαχθείσας
1304 4425 1402 4475 σὺν
1456 4421 1641 4492 Ἀμών
1703 4441 1819 4476 τινι

241 4521 526 4586 διακόνῳ,
576 4518 667 4571 διὰ
722 4516 911 4584 ξίφους
964 4513 1390 4582 καλλιερηθῆναι
1446 4517 1568 4576 ταῖς
1623 4515 1815 4577 καλαῖς

1921 2024 2202 2078 radicibus
2253 2024 2390 2092 ipsis
2438 2025 2642 2078 evulsa
2697 2035 2753 2078 et
2808 2025 2927 2078 solo
2980 2034 3228 2093 :equatie,
3289 2024 3494 2092 partim

1918 2116 2116 2168 clausa:
2172 2130 2424 2183 prorsutn
2477 2125 2631 2168 sunt.
2681 2115 3013 2169 Sacerdotes
3063 2127 3246 2169 autem
3297 2132 3496 2185 magno

1919 2222 2042 2260 cum
2077 2214 2422 2274 contemptu,
2460 2207 2691 2275 perinde
2741 2219 2906 2276 atque
2959 2207 3191 2262 malefici
3245 2209 3496 2277 quidam,

1917 2299 2174 2369 graviora
2203 2301 2367 2353 etiam
2403 2316 2567 2369 quam
2613 2302 2925 2364 homicidae,-
2963 2313 3192 2371 propter
3227 2304 3494 2355 innume-

1920 2409 2012 2447 ros
2054 2392 2135 2447 eis
2182 2393 2367 2448 illatos
2420 2397 2701 2448 cruciatus
2753 2394 2938 2464 passi,
2974 2396 3192 2448 tandem
3243 2398 3391 2448 ferro
3439 2398 3494 2447 in

1919 2486 2163 2538 minutas
2214 2493 2398 2553 partes
2430 2484 2682 2546 dissecti.
2718 2487 2771 2540 in
2805 2504 2954 2541 mare
2990 2498 3047 2541 ιιι
3082 2489 3327 2558 piscibus
3369 2504 3495 2542 esca

1923 2575 2139 2638 fierent,
2176 2577 2403 2647 projecti
2437 2587 2586 2631 sunt.
2620 2579 3031 2633 Nam'alinrnm
3069 2582 3285 2649 piorum
3319 2583 3498 2635 caedes

1919 2669 2046 2738 quis
2075 2685 2409 2724 enumerare
2441 2671 2644 2738 queat?
2682 2671 3024 2726 Solitudines
3062 2673 3228 2728 etiam
3287 2685 3398 2727 tuin
3437 2685 3497 2728 et

1921 2769 2138 2813 montes
2167 2762 2362 2815 inculti
2387 2778 2484 2830 pro
2509 2763 2744 2817 urbibus
2773 2764 3291 2834 frequentabantur.
3327 2768 3485 2838 511

1919 2849 2098 2918 Atque
2135 2849 2202 2902 ad
2239 2865 2368 2904 eum
2422 2845 2650 2906 modum
2682 2870 2806 2907 cum
2840 2843 3119 2910 animatus
3146 2869 3317 2920 esset,
3356 2877 3498 2927 quo-

1920 2957 2140 3011 cunque
2175 2957 2233 2997 se
2265 2944 2570 3008 conferret,
2616 2946 2916 3016 diripiebat
2973 2949 3154 3003 omnia
3205 2961 3260 3004 et
3312 2963 3493 3004 vasta-

1922 3030 2037 3084 bat.
2067 3029 2190 3097 Quo
2236 3042 2484 3099 tempore
2514 3034 2681 3088 etiam
2708 3037 2992 3092 exercitus
3027 3040 3136 3092 dux
3169 3040 3497 3096 Theodorus

1921 3124 2189 3195 martyrio
2220 3134 2304 3180 est
2343 3127 2663 3192 defunctus,
2716 3138 2965 3196 spectata
3009 3132 3340 3188 fortitudine
3390 3135 3496 3199 vir,

1924 3214 2019 3283 qui
2067 3213 2346 3270 Heracleae
2381 3215 2435 3269 in
2469 3216 2646 3271 Ponto
2682 3217 2962 3284 habitans,
3008 3221 3494 3294 Mariandynoruin

1921 3308 2071 3377 genti
2107 3319 2339 3376 pra'erat
2373 3328 2386 3363 :
2416 3319 2472 3364 et
2504 3309 2653 3379 quod
2685 3321 2946 3365 evocatus
2976 3312 3041 3364 ad
3072 3312 3341 3368 Licinium
3384 3332 3496 3370 noti

1922 3403 2190 3465 venisset,
2244 3403 2518 3471 hospitem
2569 3403 2751 3472 ipsum
2806 3405 3022 3477 habuit,
3081 3409 3312 3477 ejusque
3359 3409 3499 3463 deos

1921 3495 2296 3548 comminutos
2375 3495 2669 3564 egentibus
2749 3496 2923 3550 dedit.
3013 3498 3168 3553 llnnc
3245 3499 3500 3557 Licinius

1919 3586 2140 3639 etiamsi
2172 3588 2391 3657 egregie
2448 3589 2677 3641 charum
2732 3589 3016 3654 habuerit,
3068 3593 3263 3647 multis
3309 3603 3494 3650 tamen

1921 3679 2107 3733 affecit
2135 3680 2500 3733 cruciatibus.
2534 3681 2670 3734 Nam
2702 3693 2755 3734 et
2784 3683 2840 3736 in
2873 3699 3092 3738 crucem
3125 3701 3249 3740 eum
3275 3690 3402 3758 egit,
3440 3700 3495 3745 ct

1921 3771 2150 3825 subulas
2186 3772 2242 3825 in
2291 3783 2505 3826 meatus
2553 3775 2886 3829 secretiores
2932 3781 3185 3846 corporis
3217 3781 3338 3844 ejus
3385 3784 3489 3836 iiu-

1925 3865 2097 3927 tnisit,
2130 3874 2524 3934 postremoque
2548 3867 2727 3934 capite
2760 3869 3058 3923 truncavit.
3089 3870 3260 3939 Cujus
3291 3888 3498 3943 corpus

1923 3968 2110 4025 postea
2143 3957 2199 4008 iti
2241 3956 2472 4024 patriam
2526 3958 2646 4027 ejus
2682 3958 3009 4014 Eucltaitem
3060 3964 3348 4032 magnifice
3394 3972 3496 4020 dc-

1924 4059 2222 4117 portatum,
2256 4058 2311 4102 et
2340 4048 2415 4101 ibi
2453 4049 2655 4119 insigni
2693 4052 2895 4121 templo
2925 4053 3345 4111 cohonestatutn
3384 4071 3493 4115 est.

1921 4143 2076 4195 Alius
2111 4142 2197 4194 hic
2231 4151 2316 4195 est
2339 4158 2368 4194 a
2410 4151 2601 4211 tyrone
2631 4143 2744 4206 illo,
2777 4146 2869 4212 qui
2904 4147 2958 4197 in
2991 4146 3226 4202 Amasea
3267 4151 3494 4208 civitae

1923 4235 2024 4287 sub
2061 4233 2258 4302 Bringe
2315 4232 2633 4288 Maximiani
2673 4236 2930 4304 pra-fectu
2979 4238 3358 4296 holocaustum
3409 4245 3494 4299 fa-

1923 4335 2063 4389 ctus,
2086 4326 2416 4395 supplicium
2436 4327 2578 4395 ignis
2604 4326 2821 4382 fortiter
2842 4332 3086 4398 pertulit.
3114 4332 3287 4389 Sicuti
3305 4347 3359 4391 et
3379 4338 3495 4404 ille,

1923 4418 2018 4487 qui
2068 4418 2253 4487 Perga
2303 4419 2355 4469 in
2413 4419 2733 4490 Pamphylia
2775 4425 3293 4489 crucifixus,vitatn
3352 4431 3495 4490 hanc

1929 4519 2091 4571 finiit.
2125 4517 2390 4583 Quamvis
2425 4533 2620 4573 omnes
2665 4519 2700 4571 ii
2749 4535 2949 4589 corpus
2977 4537 3148 4575 unum
3181 4530 3237 4575 et
3265 4523 3496 4591 spiritus

241 4610 586 4678 ὁμολογίαις.
643 4605 941 4674 αἰκισμοὺς
997 4604 1107 4657 οὐδ’
1151 4605 1309 4664 ὅσους
1366 4606 1432 4658 ἄν
1496 4620 1579 4666 τις
1640 4607 1818 4656 εἰπεῖν

1928 4624 2070 4662 unus
2131 4609 2182 4660 iii
2249 4608 2470 4660 Christo
2537 4607 2765 4661 fuerint.
2827 4610 2959 4663 Post
3023 4609 3380 4666 Theodorum
3441 4625 3497 4667 et

241 4705 378 4773 ἔχοι,
408 4701 720 4760 ὑποπάσας
753 4699 1037 4766 γενναίως.

1928 4700 2195 4762 Basileus,
2224 4698 2534 4752 Amasenus
2564 4703 2876 4768 epist-opus,
2905 4716 3029 4753 cum
3062 4703 3210 4772 prius
3239 4705 3500 4758 intolera-

243 4801 374 4854 bilia
440 4806 711 4851 tormenta
769 4804 916 4849 esset
976 4809 1296 4864 perpessus,
1349 4795 1584 4864 capitale
1647 4797 1818 4850 subiit
1891 4795 2249 4865 supplicium.
2295 4793 2545 4848 Sebastia
2578 4810 2799 4863 quoque
2833 4796 2964 4850 urbs
3044 4797 3100 4849 in
3147 4804 3368 4868 stagno'
3395 4817 3498 4855 suo

241 4897 608 4966 quadraginta
666 4894 788 4947 illos
844 4893 1098 4961 egregios
1163 4901 1219 4946 et
1275 4893 1495 4946 divinos
1566 4893 1717 4947 viros
1777 4910 1876 4963 per
1936 4894 2112 4962 frigus
2166 4900 2219 4945 et
2276 4893 2476 4944 undam
2531 4891 2762 4944 niiiitice
2819 4890 2927 4945 Dio
2984 4903 3127 4950 totos
3184 4896 3492 4953 bolocausti

243 4996 424 5048 instar
496 4990 714 5045 oblatos
757 4987 913 5052 vidit,
943 5003 1070 5040 cum
1112 4987 1303 5058 Lysias
1349 4988 1529 5041 adhuc
1561 5000 1616 5043 et
1681 4988 2008 5057 Agricolaus
2047 4988 2313 5041 satellites
2363 4997 2915 5056 propugnatoresque
2997 4990 3117 5060 ejus
3165 4998 3494 5061 superstites

241 5095 454 5147 essent,
509 5081 971 5148 invenieudisque
1027 5079 1296 5134 adversus
1350 5092 1622 5150 martyres
1661 5083 1821 5135 novis
1865 5080 2211 5135 cruciatibus
2241 5082 2489 5150 apprime
2518 5080 2809 5148 pollerent.
2876 5081 3092 5137 lllounn
3129 5101 3298 5156 porro
3363 5107 3496 5146 con-

238 5183 420 5253 juges.
465 5191 588 5247 qua:
635 5185 693 5229 et
743 5175 875 5244 ipsa:
931 5173 1295 5240 quadraginta
1365 5188 1599 5226 numero
1657 5173 1835 5239 fuere,
1878 5174 2196 5228 llcraclcam
2228 5172 2476 5227 Thracia:
2512 5174 2776 5227 abductae
2811 5190 2934 5229 esse
2969 5177 3261 5237 feruntur:
3329 5198 3494 5257 atque

247 5277 321 5328 ibi
368 5287 496 5329 cum
538 5278 748 5324 Amone
794 5270 1030 5337 quodam
1099 5266 1334 5319 diacono
1370 5268 1683 5331 tormentis,
1735 5284 1856 5336 qua:
1898 5268 2190 5337 quisquam
2235 5267 2544 5335 exprimere
2582 5269 2754 5335 poSsit
2801 5270 3075 5336 maximis,
3105 5289 3369 5343 generose
3439 5292 3496 5337 et

242 5368 464 5422 fortiter
496 5363 775 5425 toleratis,
820 5376 946 5415 cum
995 5361 1226 5431 pulchra
1290 5363 1631 5429 professione
1671 5377 1770 5429 per
1799 5361 2042 5431 gladium
2081 5362 2313 5414 victima:
2347 5361 2454 5412 Deo
2486 5370 2612 5413 sunt
2644 5363 2858 5414 oblataz.

811 5503 853 5555 Κ
866 5503 1060 5556 ΕΦΑΛ.
1112 5504 1162 5557 Μ
1172 5502 1246 5557 E'.

2393 5500 2552 5570 512
2599 5501 2822 5558 CAPUT
2873 5504 3031 5559 XLV.

256 5620 352 5685 Ὠς
389 5616 660 5681 Λικίνιος
717 5615 749 5667 ό
779 5611 1092 5750 duo???
1133 5611 1324 5679 ἁλιὺς
1382 5611 1671 5682 ἐξέρῤηξε
1704 5613 1819 5680 τὴν

1003 5703 1038 5750 χ
1086 5701 1143 5738 r.

2000 5612 2063 5666 Ut
2119 5612 2311 5679 impius
2349 5610 2577 5665 Licinius
2622 5625 2804 5696 captus
2828 5657 2841 5678 ,
2881 5617 3126 5670 violenter
3152 5619 3313 5672 vitam
3356 5620 3423 5687 fi-

2625 5689 2800 5737 merit.

1003 5701 1143 5753 χην.
2625 5701 2800 5737 merit.

316 5800 474 5855 Οὕτω
507 5799 551 5852 δ’
583 5803 664 5862 εἰς
698 5799 930 5867 ισχατον
970 5797 1228 5861 ἀπονοίας
1285 5797 1524 5849 ἐλαύνων
1561 5796 1587 5848 ό
1633 5796 1823 5863 ἐναγέ-

245 5911 461 5958 στατος,
497 5892 698 5964 ἐχώρει
730 5893 940 5963 πρόσω,
979 5894 1071 5944 καὶ
1107 5893 1185 5955 εἰς
1217 5889 1524 5962 τούμφανὲς
1557 5889 1654 5958 τὴν
1687 5889 1821 5940 dno-

1998 5799 2076 5851 Ad
2145 5809 2442 5851 extremam
2495 5814 2626 5868 ergo
2681 5800 3010 5854 dementiam
3069 5818 3255 5864 ruens.
3314 5809 3382 5860 ita
3433 5819 3490 5862 itt

1928 5902 2193 5962 caperet,
2253 5891 2620 5947 defectionem
2677 5907 2830 5946 suam
2885 5908 2914 5946 a
2969 5893 3074 5948 lide
3133 5895 3188 5948 in
3245 5903 3510 5961 apeitum.
