4220 6438
725 383 861 447 13⁴τ5

1947 372 2366 438 NICEPHORI
2407 371 2548 432 CA1.
2561 373 2756 434 LISTI

3862 370 4000 435 1316

718 500 964 567 proferre
1005 495 1293 566 perrexit:
1332 504 1388 550 et
1431 495 1498 549 ad
1535 495 1884 549 manifestam
1927 495 2297 548 idololatriarn

2409 491 2640 543 στασίαν
2675 490 2980 560 ὲρῤἔπεζεν.
3021 490 3111 552 Et;
3145 489 3365 559 ἐμφανῆ
3397 490 3453 543 δὲ
3494 489 3583 542 τῖιν
3631 489 3998 558 Ἐλληνισμὸν

715 602 1044 651 conversus,
1077 587 1366 641 sacrificiis
1397 598 1454 641 et
1490 586 1730 640 victimis
1756 590 2036 648 mactatis,
2066 601 2126 639 se
2166 584 2299 637 faci-

719 681 826 734 lius
857 682 1174 750 rectiusque
1204 681 1408 734 bellum
1439 697 1508 735 eo
1535 683 1699 736 modo
1720 681 2113 750 expediturum
2149 680 2298 734 arbi-

723 782 920 834 tratus,
943 774 1221 826 daemones
1244 773 1517 827 evocavit.
1540 775 1742 828 Dicunt
1766 789 1986 843 quoque
2004 773 2295 828 seductum

717 882 845 919 eum
876 882 904 919 a
935 867 1269 934 quibusdam
1320 867 1412 935 qui
1452 867 1743 920 victoriam
1773 866 1824 920 ei
1865 865 2296 935 pollicebantur.

720 958 896 1012 Mileti
945 961 1231 1013 oraculum
1287 959 1560 1027 Apollinis
1595 959 1856 1030 Didymaei
1895 958 2241 1014 consuluisse
2280 975 2293 1011 :

715 1053 877 1119 eique
905 1053 971 1106 de
1007 1053 1134 1105 belli
1162 1067 1364 1106 eventu
1405 1055 1819 1121 percunctanti,
1846 1069 1875 1107 a
1904 1051 2182 1107 daemonio
2215 1067 2300 1106 re-

718 1158 982 1213 sponsum
1013 1161 1135 1198 esse
1167 1147 1426 1199 versibus
1459 1147 1612 1201 hisce
1642 1164 1657 1201 :

793 1255 887 1318 Te,
917 1258 1201 1321 grander
1226 1269 1398 1327 pater,
1426 1260 1684 1327 juvenum
1707 1261 1783 1312 vis
1815 1259 2017 1328 fervida
2045 1267 2222 1325 vexat,

780 1328 848 1381 Et
884 1337 976 1379 tua
1016 1331 1188 1394 fracta
1211 1331 1360 1398 jacet
1393 1332 1539 1382 senio
1571 1332 1813 1400 graviore
1838 1340 2090 1399 potestas.

715 1445 1124 1499 Constantinus
1178 1461 1369 1516 porro,
1405 1450 1708 1517 imperator
1761 1448 1870 1501 Deo
1911 1446 2294 1511 cbarissimus,

716 1539 1055 1592 verecundia
1109 1541 1345 1608 quadam
1409 1540 1790 1609 singularique
1845 1539 2187 1593 humanitate
2241 1549 2299 1591 et

718 1631 983 1686 modestia
1033 1633 1316 1701 prmditus,
1368 1633 1492 1686 talia
1527 1649 1653 1687 cum
1687 1632 1754 1687 de
1797 1648 1865 1686 eo
1911 1631 2146 1694 audiret,
2193 1631 2299 1684 sei-

718 1739 876 1793 psum
925 1723 1163 1792 primum
1214 1725 1520 1789 continuit,
1577 1726 1862 1792 vicemque
1909 1723 2028 1793 ejus
2079 1721 2173 1791 qui
2222 1722 2298 1774 in-

2407 586 2845 653 μεταστραφεὶς,
2881 584 3087 652 θύμασι
3132 585 3226 636 καὶ
3265 586 3479 653 ἱερείων
3526 586 3768 650 σφαγαῖς
3821 584 4000 650 εὐμα-

2406 680 2558 747 ρίσαι
2586 677 2738 744 αὐτῴ
2772 677 2840 728 τὰ
2880 677 2980 746 τῆς
3035 675 3220 746 μάχης
3248 677 3585 729 ἀπεκαλεῖτο
3627 677 3759 736 τοὺς
3799 675 3997 741 δαίμο-

2401 787 2520 832 νας.
2567 770 2870 839 Ὑπαχθεὶς
2904 769 2960 821 δέ
2994 786 3106 821 τισι
3149 769 3453 838 κρατήσειν
3494 768 3990 837 ὑπισχνουμέ-.οις,

2403 865 2575 935 φασὶν
2604 864 2770 920 αὐτὸν
2815 865 2911 916 τοῦ
2963 865 3022 916 ὲν
3053 862 3284 933 Μιλῄτῳ
3320 862 3579 930 μαντείου
3612 861 4001 929 ἀποπειράσα-

2403 959 2528 1011 σθαι
2562 957 2659 1011 τοῦ
2693 957 2993 1028 Διδυμαίου
3040 955 3383 1017 Ἀπόλλωνος
3416 971 3429 983 ⁵

2404 1051 2666 1120 περὶτῆς
2702 1051 2910 1121 μάχης,
2946 1051 3009 1102 τὸ
3046 1048 3329 1117 δαιμόνιον
3371 1047 3560 1100 τούσδε
3609 1048 3820 1116 χρῆσαι
3867 1052 3997 1112 τοὺς

2401 1145 2621 1213 στίχους
2649 1160 2666 1176 ⁸

3487 955 3583 1005 καί
3635 953 3688 1019 γ’
3734 956 3996 1021 ἐρομένμ

2401 1253 2477 1312 *Ω
2499 1260 2698 1326 γέρον.
2733 1255 2773 1329 ἦ
2801 1258 2969 1328 μάλα
2999 1258 3075 1324 δή
3102 1258 3329 1314 σε’νέοι
3371 1258 3636 1326 τείρουσι
3675 1259 3957 1327 μαχηταί
3978 1275 3992 1288 ·

2401 1329 2488 1395 Σή
2522 1346 2585 1382 τε
2607 1331 2719 1397 ,βίη
2750 1332 3024 1385 λέλυται.
3056 1331 3333 1398 χαλεπὸν
3356 1329 3423 1383 δέ
3448 1347 3522 1382 σε
3558 1329 3740 1397 γῆρας
3774 1333 3990 1382 ἱκάνει.

2404 1447 2820 1509 Κωνσταντῖνος
2865 1447 2923 1499 δὲ
2967 1448 2994 1499 ὁ
3026 1444 3451 1514 θεοφιλέστατος
3503 1445 3758 1514 βασιλεὺς
3786 1486 3798 1506 ,
3840 1445 3994 1510 diois,-

2404 1555 2520 1606 μων
2580 1556 2665 1601 τις
2714 1537 2827 1602 ὢν,
2883 1539 2980 1590 καὶ
3029 1538 3418 1608 φιλανθρωπίᾳ
3477 1538 3937 1604 συγκεκραμένος
3972 1576 3988 1597 ,

2399 1630 2538 1693 τέως
2575 1630 2674 1696 μὲν
2715 1631 2936 1684 ἀκούων
2969 1632 3178 1699 ἀνεῖχε,
3210 1633 3304 1683 τὸν
3354 1631 3416 1681 οὐ
3450 1629 3802 1698 συμπαθείας
3839 1627 3994 1690 ἄξιον

2398 1720 2611 1774 ἐλεῶνο
2662 1723 2786 1774 ἐπεὶ
2843 1721 2902 1775 δὲ
2956 1722 3167 1774 τούτων
3207 1722 3511 1792 γινομένων
3563 1720 3716 1772 οὐδὲν
3774 1721 3995 1786 ἐγίνετο

716 1817 916 1886 dignus
961 1827 1080 1870 erat
1126 1817 1212 1870 cui
1270 1817 1544 1885 quispiam
1596 1816 1938 1879 condoleret,
1993 1814 2293 1867 admodum

2403 1817 2585 1878 πλέον,
2618 1815 2936 1886 προύχώρει
2988 1817 3044 1868 δὲ
3093 1818 3188 1869 καὶ
3242 1818 3274 1886 ὴ
3335 1816 3476 1868 κατὰ
3514 1814 3758 1884 Χριστοῦ
3792 1814 3991 1874 λύττα,

716 1917 804 1962 est
849 1908 1161 1963 miseratus.
1206 1909 1504 1978 Postquam
1557 1922 1689 1962 vero
1729 1921 1787 1960 se
1836 1907 1908 1959 ita
1955 1921 2012 1959 se
2055 1904 2298 1974 gerendo

720 2001 859 2054 nihil
892 2001 1158 2071 proficere
1205 2000 1359 2064 vidit,
1402 2014 1527 2053 cum
1582 1998 1761 2052 rabies
1793 2007 1986 2051 contra
2015 1996 2296 2050 Christum

717 2105 972 2164 suscepta
1022 2093 1193 2162 magis
1234 2093 1518 2164 magisque
1565 2091 1915 2161 procederet,
1952 2089 2296 2143 moderatam

718 2203 819 2256 pro
850 2187 1253 2240 consuetudine
1279 2201 1376 2238 sua
1407 2184 1747 2254 aliquantum
1781 2183 2117 2237 contrahens
2140 2198 2293 2235 men-

720 2293 853 2343 tem,
903 2290 957 2335 et
998 2280 1396 2333 humanitatem
1452 2279 1665 2348 justitia
1713 2286 2049 2345 temperans,
2099 2276 2298 2330 subve-

719 2375 982 2430 niendum
1013 2375 1095 2428 eis
1129 2390 1247 2427 esse
1284 2373 1377 2442 qui
1410 2373 1477 2426 ab
1527 2371 1619 2425 illo
1651 2382 1758 2424 tam
1803 2371 2106 2425 crudeliter
2136 2385 2300 2423 vexa-

718 2479 952 2533 rentur,
1014 2469 1208 2522 statuit
1264 2482 1278 2522 :
1345 2465 1480 2519 lllud
1557 2474 1773 2519 certum
1839 2473 2295 2532 compertumque

715 2562 950 2626 habens,
1012 2563 1250 2614 fructum
1306 2560 1493 2629 pietati
1540 2575 1674 2623 suae,
1724 2559 2033 2623 victoriam,
2078 2557 2296 2612 coalitus

717 2667 907 2710 contra
940 2655 1127 2709 hostes
1161 2669 1291 2708 suos
1326 2653 1664 2722 propositum
1692 2668 1833 2706 esse.
1868 2651 2042 2717 Quam
2068 2651 2138 2704 ob
2165 2666 2294 2704 cau-

719 2763 833 2801 sam
860 2749 1166 2800 honestatis
1195 2746 1528 2814 virtutisque
1559 2742 1734 2797 amori
1766 2743 1988 2796 malitia:
2015 2743 2297 2796 vitiorum-

718 2856 828 2909 que
871 2840 997 2892 odio
1040 2839 1222 2900 misto,
1267 2853 1372 2891 una
1403 2851 1526 2890 cum
1577 2837 1666 2904 pio
1711 2835 1822 2888 lilio
1868 2835 2062 2902 Crispo
2105 2842 2298 2888 contra

721 2930 996 2985 Licinium
1049 2930 1276 2984 salutari
1328 2938 1610 2983 armatura
1659 2927 1799 2981 duce
1848 2935 1903 2981 et
1949 2925 2296 2980 auxiliatrice

722 3022 1022 3095 processit.
1061 3023 1128 3076 Et
1160 3015 1380 3075 tandem
1415 3019 1581 3074 ambo
1607 3018 1729 3073 acie
1771 3025 2003 3082 structa,
2035 3019 2104 3070 ad
2126 3017 2300 3086 Chry-

721 3118 957 3188 sopolim
1007 3115 1279 3186 Bithynia:
1321 3114 1514 3168 urbem
1547 3129 1676 3168 cum
1727 3112 1821 3166 illo
1858 3111 2105 3182 praelium
2139 3126 2293 3165 com-

724 3211 928 3264 misere
959 3226 973 3264 :
1010 3209 1384 3276 omnibusque
1415 3207 1583 3261 rebus
1611 3207 1695 3260 eis
1727 3205 1831 3259 rite
1861 3215 2027 3274 atque
2060 3204 2298 3259 feliciter

720 3302 1076 3365 cedentibus,
1105 3302 1392 3356 victoriam
1420 3300 1489 3354 ab
1521 3300 1680 3353 hoste
1705 3298 2005 3352 fortissime
2037 3299 2296 3363 retulere,

720 3393 971 3464 peditatu
1006 3394 1154 3447 illius
1195 3392 1346 3446 omni
1378 3391 1679 3460 navalique
1726 3390 1982 3444 subsidio
2024 3390 2081 3444 in
2111 3389 2297 3460 fugam

721 3501 907 3540 verso.
961 3485 1087 3550 ille,
1128 3500 1294 3552 porro
1317 3499 1443 3540 cum
1483 3484 1615 3550 quid
1660 3482 1868 3538 faceret
1903 3498 2014 3538 non
2061 3483 2296 3549 videret,

720 3578 967 3647 seipsum
1036 3576 1344 3631 victoribus
1403 3575 1621 3630 dedidit
1666 3593 1678 3628 :
1720 3575 1837 3637 ille,
1901 3575 2148 3644 inquam,
2201 3578 2297 3649 qui

723 3675 889 3743 paulo
907 3682 1032 3727 ante
1061 3673 1237 3726 minas
1258 3671 1518 3727 ferociter
1544 3671 1885 3740 spiraverat,
1916 3677 2084 3738 atque
2109 3668 2299 3722 omnia

724 3766 986 3836 potestati
1041 3780 1156 3820 sum
1214 3763 1490 3832 subjicere
1544 3760 1932 3816 contenderat.
1991 3759 2298 3829 Imperator

720 3875 856 3913 sane
889 3873 1043 3912 more
1075 3872 1177 3910 suo
1207 3857 1370 3910 solito
1408 3869 1565 3916 usus,
1606 3853 1777 3906 vitam
1811 3851 2033 3920 quidem
2083 3850 2162 3904 illi
2195 3850 2297 3905 do-

727 3950 904 4015 navit,
957 3962 1196 4016 eumque
1252 3947 1359 4000 sub
1408 3943 1663 3999 custodia
1716 3957 1842 3998 esse
1899 3941 2299 3996 Thessalonicae

2400 3934 2611 3988 ελθοῦσι
2664 3937 2947 4005 τυράννοις
2985 3935 3173 3987 παθών
3209 3976 3223 3996 ,

2402 1907 2492 1959 τὸν
2526 1906 2805 1976 σώφρονα,
2838 1907 2914 1969 ὡς
2936 1907 3080 1972 ἔθος,
3117 1907 3448 1975 συναγαγὼν
3478 1907 3763 1975 λογισμὲν,
3797 1907 3898 1957 καὶ
3933 1906 3994 1956 τὸ

2398 2001 2608 2070 δίκαιον
2641 1999 2721 2070 τῷ
2766 2000 3140 2070 φιλανθρώπῳ
3190 1993 3496 2070 συμμίξας,
3536 1999 3848 2067 ἐπαμύνειν
3875 1999 3990 2057 τ.ῖς

2398 2087 2541 2141 οὕτω
2576 2089 2997 2158 λυμαινομένοις
3047 2091 3234 2160 ᾑρεῖτο
3260 2105 3275 2119 ο
3313 2089 3408 2141 καὶ
3453 2087 3608 2141 ταῦτ’
3637 2089 3794 2149 εἰδὼς
3826 2090 3994 2155 ἀκρι-

2399 2179 2532 2243 ϐῶς,
2568 2180 2641 2242 ὡς
2683 2183 2896 2250 καρπὸς
2939 2182 3137 2248 ἐκείνῳ
3162 2181 3265 2250 τῆς
3297 2180 3580 2242 εὐσεϐείας
3626 2182 3659 2250 ή
3703 2182 3849 2232 κατὰ
3878 2180 3990 2230 τῶν

2398 2273 2614 2342 ἐχθρῶν
2648 2274 2859 2328 ἄ.ωθεν
2892 2275 3124 2342 ὡρίζετο
3161 2274 3306 2345 νίκη.
3341 2274 3450 2327 Καὶ
3482 2273 3665 2326 τοίνυν
3705 2272 3783 2341 τῷ
3823 2272 3989 2340 etla-

2399 2369 2554 2438 γάοῳ
2586 2369 2743 2438 μίξας
2779 2369 2836 2420 τὺ
2867 2386 2992 2439 μισο
3007 2369 3260 2438 πόνηρον,
3295 2368 3515 2436 σύναμα
3552 2367 3706 2420 παιδὶ
3737 2367 3994 2433 θεοφιλεῖ

2401 2464 2658 2533 Κρίσπῳ,
2693 2463 2829 2516 πολὺ
2887 2461 3117 2532 προηγῷ
3165 2462 3258 2514 καὶ
3289 2462 3568 2531 συμμάχῳ
3607 2462 3686 2524 τῷ
3727 2462 3992 2531 σωτηρίῳ

2399 2559 2684 2629 χρώμενος
2734 2559 2904 2628 ὅπλῳ.
2968 2559 3076 2609 Καὶ
3137 2554 3253 2626 δῆτ’
3300 2556 3471 2624 ἄμφω
3521 2555 3618 2625 τὴν
3669 2556 3990 2624 παράταξιν

2396 2651 2722 2719 διελόμενοι,
2755 2651 2900 2703 κατὰ
2950 2649 3304 2718 Χρυσόπολιν
3340 2649 3440 2716 τὴν
3480 2647 3538 2700 ὲν
3567 2646 3795 2716 Βιθυνίᾳ
3827 2665 3989 2699 συνε-

2399 2745 2632 2811 κρότουν
2679 2744 2772 2795 τὸν
2808 2742 3071 2810 πόλεμον.
3125 2744 3233 2795 Καὶ
3270 2743 3491 2795 πάντων
3525 2740 3706 2803 καλῶς
3747 2739 3990 2808 ἐξευμα-

2403 2835 2697 2905 ρισθέντων
2752 2836 2958 2900 αὐτοῖς,
2993 2835 3302 2902 ἀνακράτος
3375 2833 3475 2903 τὴν
3523 2833 3684 2900 νίκην
3734 2833 3984 2902 ἤραντο,

2399 2928 2613 2980 ἐκείνου
2647 2928 2708 2980 τὸ
2756 2928 2920 2990 πεζὸν
2972 2924 3070 2977 καὶ
3104 2925 3166 2977 τὸ
3199 2925 3459 2977 ναυτικὸν
3491 2922 3704 2992 ἀθρόως
3749 2928 3989 2993 ἀφαιρε-

2401 3016 2610 3079 θέντος.
2642 3017 2789 3088 Μήτι
2817 3017 2874 3069 δὲ
2903 3016 3039 3087 δρᾷν
3064 3015 3228 3085 ἔχων,
3256 3015 3732 3085 καταπροδίδωσιν
3759 3016 3984 3076 ἑαυτὸν,

2402 3113 2431 3163 ὁ
2469 3110 2596 3179 χθὲς
2645 3110 2738 3160 καὶ
2791 3107 2984 3178 πρώην
3026 3108 3260 3176 ἀπειλὴν
3292 3107 3493 3170 πνέων,
3534 3108 3630 3160 καὶ
3660 3109 3840 3160 πάντα
3880 3109 3989 3160 ὑπὸ

2325 3185 2370 3246 C
2405 3205 2559 3274 χεῖρα
2589 3202 2779 3254 θέσθαι
2809 3201 3230 3270 διατεινόμενος.
3278 3200 3336 3255 Ὀ
3370 3199 3425 3252 δὲ
3461 3199 3720 3269 βασιλεὺς
3747 3199 3826 3269 τῷ
3861 3218 3990 3252 συν.

2400 3298 2524 3367 ήθει
2564 3297 2754 3366 τρόπῳ
2792 3294 3179 3366 χρησάμενος,
3210 3293 3498 3362 ιχαρίξετο
3544 3293 3646 3362 μὲν
3685 3293 3835 3363 αὐτῷ
3885 3297 3989 3362 τὴν

2401 3388 2584 3460 ζωήν·
2634 3388 2739 3440 ὑπὸ
2787 3387 3040 3456 φρουρὰν
3090 3386 3136 3439 δ’
3184 3385 3353 3438 ἐτίθει
3402 3388 3470 3454 τῇ
3501 3385 3792 3438 Θετταλῶν
3850 3403 3980 3453 συγ-

2400 3485 2618 3537 κλείων.
2658 3481 2810 3535 Ἐπεὶ
2830 3483 2885 3534 δὲ
2909 3482 3004 3534 τοῦ
3037 3485 3302 3549 συνήθους
3333 3482 3432 3533 οὐκ
3453 3482 3716 3550 ἀπείχετο
3742 3481 3986 3549 τρόπου,

2402 3571 2676 3633 συσκευὰς
2705 3571 2812 3640 γὰρ
2851 3570 3046 3634 ποιῶν,
3089 3571 3184 3623 καὶ
3215 3570 3496 3642 βάρὸαρον
3531 3572 3783 3637 συνάγων
3822 3575 3989 3640 χεῖρα

2404 3663 2604 3733 μισθῷ,
2653 3665 3004 3732 νεωτερίζειν
3035 3663 3388 3732 πεφώραται,
3422 3663 3520 3735 τὴν
3567 3659 3737 3734 ἦτταν
3770 3667 3990 3734 ἀναμα-

2403 3752 2670 3823 χέσασθαι
2702 3753 3157 3823 προθυμούμενος
3186 3794 3202 3817 ,
3243 3757 3532 3823 προσταγῇ
3566 3754 3659 3806 τοῦ
3711 3755 3988 3822 xpeto-3'.-

2401 3861 2490 3908 τος
2516 3861 2526 3872 ·
2553 3845 2697 3908 ξίφει
2727 3844 3102 3915 καταστρέφει
3120 3844 3210 3895 τὸν
3237 3843 3373 3912 βίον,
3395 3844 3576 3895 ταυτὰ
3603 3845 3712 3904 τοῖς
3751 3860 3984 3911 προαπ-

3272 3935 3395 3987 ὲπεί
3426 3934 3509 3987 τοί
3535 3951 3597 4001 γε
3631 3935 3707 4004 μὴ
3737 3937 3848 3998 τοῖς
3889 3937 3986 3989 τοῦ

730 4041 1038 4097 mandavit.
1077 4041 1178 4097 Ubi
1209 4055 1345 4095 vero
1378 4040 1469 4093 ille
1508 4055 1537 4092 a
1572 4036 1820 4092 moribus
1863 4035 1980 4090 suis
2013 4035 2299 4090 consuetis

2400 4027 2572 4089 πέλας
2613 4027 2992 4097 ἐσωφρονίσθη
3025 4029 3218 4089 κακοῖς
3245 4042 3257 4056 ⁸
3298 4030 3394 4097 τὴν
3434 4028 3558 4097 ῖσην
3605 4027 3663 4079 δὲ
3722 4029 3820 4097 τῆς
3853 4030 3994 4082 ἀσε-

729 4152 842 4191 non
883 4136 1162 4198 discessit,
1217 4142 1275 4189 et
1330 4131 1713 4186 fraudulenter
1751 4129 2017 4183 insidiosa
2069 4127 2299 4182 consilia

2400 4122 2554 4184 θείας
2585 4121 2864 4190 ἑλόμενος,
2895 4121 2991 4174 καὶ
3017 4123 3131 4184 τοῖς
3162 4122 3344 4182 αὐτοῖς
3378 4123 3623 4191 αἰσχροῖς
3657 4124 3990 4190 περιέπεσε,

729 4239 984 4298 captans.
1034 4228 1518 4294 Barbarorumque
1578 4222 1996 4276 multitudinem
2050 4219 2299 4274 mercede

2401 4215 2604 4284 στήλας
2647 4215 2742 4267 καὶ
2771 4215 2871 4285 ὅση
2898 4231 2978 4276 τις
3004 4209 3072 4284 ἦν
3092 4216 3149 4266 ὲν
3181 4214 3379 4284 τοίχοις
3438 4215 3632 4282 ἐκείνῳ
3665 4218 3853 4286 γραφὴ
3882 4220 3989 4288 jx-

728 4325 1073 4382 conducens,
1113 4329 1170 4370 ut
1218 4317 1360 4370 bello
1412 4321 1722 4367 restaurato
1773 4310 1985 4365 cladem
2015 4318 2299 4378 acceptam

2403 4307 2721 4380 ρειούμενος
2745 4308 2836 4358 καὶ
2859 4307 3266 4374 ὲδαφιζὸμενος.
3287 4306 3396 4358 Καὶ
3412 4308 3439 4358 ὁ
3465 4306 3563 4373 μὲν
3581 4307 3753 4370 οὕτως
3781 4309 3990 4362 ἔκειτο,

730 4415 986 4476 sarciret,
1015 4412 1084 4464 ad
1121 4427 1208 4465 res
1238 4423 1410 4464 novas
1473 4421 1696 4460 rursum
1743 4413 1996 4473 spectare
2063 4401 2452 4471 deprehensus
2501 4409 2588 4455 est
2634 4418 2647 4455 :
2712 4400 3062 4469 imperatoris
3108 4401 3266 4469 juSsu
3361 4400 3529 4453 vitam
3584 4400 3726 4454 ferro
3813 4417 3995 4460 caesus

726 4504 938 4570 amisit,
970 4500 1130 4572 513
1179 4499 1324 4554 idem
1405 4498 1616 4555 scilicet
1685 4493 1832 4563 quod
1885 4492 2104 4561 priores
2151 4491 2371 4561 tyranni
2449 4506 2664 4567 passus.
2721 4492 3176 4559 Quandoquidem
3235 4493 3382 4545 enim
3444 4492 3662 4545 illorum
3727 4495 3894 4549 malis
3949 4512 3982 4550 e

729 4602 981 4657 adversis
1011 4602 1178 4652 rebus
1211 4596 1448 4650 edoctus
1480 4593 1548 4647 ad
1581 4592 1793 4661 frugem
1827 4600 1884 4643 et
1954 4587 2194 4642 oﬂicinm
2267 4602 2376 4641 non
2421 4587 2606 4650 rediit,
2644 4587 3008 4654 eamdemque
3053 4604 3218 4656 quam
3266 4587 3340 4640 illi
3390 4589 3723 4657 impietatem
3761 4602 3992 4646 secutus

722 4707 834 4758 est,
870 4710 982 4747 non
1031 4692 1310 4746 immerito
1347 4690 1400 4740 in
1431 4686 1652 4740 easdem
1687 4698 1912 4754 quoque
1980 4680 2154 4735 foedas
2225 4679 2567 4734 calamitates
2645 4680 2871 4734 decidit.
2924 4679 3131 4733 Statua:
3221 4697 3465 4749 quoque,
3527 4691 3583 4734 et
3639 4699 3994 4752 quaecunque

730 4790 1000 4854 imagines
1024 4787 1145 4855 ejus
1183 4786 1238 4836 in
1279 4781 1453 4835 muris
1497 4779 1693 4850 posita:
1733 4784 1901 4846 atque
1934 4776 2158 4829 inserta:
2224 4773 2467 4840 fuerant,
2535 4789 2766 4834 eversae.
2834 4786 3004 4827 eruta:
3025 4784 3195 4841 atque
3228 4775 3448 4828 abolitae
3475 4785 3627 4828 sunt.
3683 4776 3865 4844 Atque
3901 4779 3996 4832 ille

729 4882 957 4952 quidem
987 4880 1062 4933 ita
1100 4878 1280 4932 victus
1311 4873 1575 4929 occubuit
1609 4871 1712 4940 (Ι).

1287 4993 1513 5050 CAPUT
1542 4993 1730 5049 XLVI.
2329 5007 2381 5067 ο

732 5095 808 5149 De
847 5093 1043 5164 legibus
1091 5099 1140 5143 et
1179 5085 1653 5164 faustitutlom'bus
1697 5083 2073 5164 Constantini,
2108 5092 2155 5136 et
2190 5099 2307 5152 qua

2968 4980 3234 5034 ΚΕΦΔΛ.
3278 4977 3428 5044 MC.

2413 5079 2554 5148 Περί
2610 5077 2729 5131 τῶν
2759 5075 3136 5148 νομοθεσιῶν
3171 5073 3646 5148 juvetur-rqun
3671 5088 3687 5104 ·
3744 5073 3843 5148 καί
3876 5075 4000 5128 ὅσα

921 5165 1138 5232 benigne
1168 5158 1593 5214 Christianorum
1631 5157 1875 5226 religioni
1908 5155 2111 5223 fecerit.

802 5280 979 5333 Totus
998 5285 1181 5330 autem
1204 5273 1405 5328 Oriens
1427 5271 1593 5327 simul
1623 5280 1680 5325 et
1712 5269 1984 5324 Uccidens
2019 5268 2124 5321 sub
2154 5267 2303 5322 Con-

731 5371 958 5427 stantini
1011 5367 1305 5437 imperium
1343 5364 1593 5434 pervenit
1633 5383 1646 5417 :
1694 5377 1830 5430 quas
1880 5361 1972 5416 ille
2024 5361 2300 5430 regiones,

731 5478 1037 5532 omnesque
1061 5461 1422 5516 circumcirca
1448 5455 1783 5527 provincias,
1814 5468 2026 5508 necnon
2065 5462 2307 5522 septem-

736 5555 1000 5610 trionales
1044 5563 1210 5621 atque
1260 5547 1534 5604 australes
1585 5560 1736 5608 oras,
1795 5543 2091 5611 tranquilla
2152 5557 2304 5612 pace,

803 5718 878 5787 (ι)
930 5733 948 5766 ι
983 5709 1455 5787 Licinius__litteris
1480 5707 1616 5761 adeo
1658 5704 1894 5787 infestus
1921 5705 2046 5787 fuit,
2073 5714 2131 5757 ut
2157 5704 2313 5758 virus

732 5776 822 5839 ac‘
848 5777 1055 5855 pestem
1111 5782 1390 5855 publicam
1431 5792 1526 5832 eas
1552 5777 1899 5855 appellaret,
1929 5776 2154 5855 illarum
2200 5787 2307 5827 tam

729 5846 948 5928 enipi-rs,
977 5870 1032 5910 ut
1081 5846 1146 5906 ne
1191 5853 1423 5906 dccretis
1472 5848 1694 5919 quidem
1729 5846 2076 5900 subscribere
2106 5857 2310 5914 posset.

2483 5142 2721 5219 χρηστὰ
2753 5142 2842 5214 τῇ
2863 5145 3240 5214 Χριστιανῶν
3268 5145 3543 5210 πολιτείᾳ
3575 5142 3969 5210 διεπράξατο.

2485 5267 2671 5334 Πασης
2713 5263 2759 5316 δ’
2783 5264 2900 5318 Ἕω
2931 5260 3322 5330 καὶἝσπὲρας
3349 5261 3408 5312 τὸ
3438 5261 3638 5330 κράτος
3676 5261 3838 5327 μόνος
3874 5264 4003 5313 ανε-

2410 5355 2650 5422 ζὼννυτο
2704 5358 3137 5421 Κωνσταντῖνος,
3205 5357 3388 5407 πᾶσαν
3441 5372 3496 5405 τε
3543 5355 3716 5423 αὐτὴν
3761 5356 3858 5406 καὶ
3902 5359 4002 5424 τὴν

2413 5449 2734 5519 περικύκλῳ
2775 5451 2985 5519 ἄρκτον
3034 5464 3092 5499 τε
3133 5447 3226 5500 καὶ
3264 5446 3616 5516 μεσημϐρίαν
3660 5446 3758 5512 τῆς
3791 5449 4002 5506 οἰκείας

2413 5541 2712 5608 ἐμπιπλῶν
2748 5543 2999 5612 εἰρήνης.
3031 5542 3146 5592 Πᾶν
3177 5540 3234 5592 δὲ
3283 5539 3403 5601 δέος
3447 5541 3701 5609 ἐξῄρητο.
3734 5538 4004 5605 Λαμπραὶ

2420 5702 2556 5756 Illud
2591 5703 2655 5755 in.
2688 5717 2752 5755 eo
2781 5717 2888 5755 non
2931 5698 3443 5768 reprehendendum
3467 5739 3479 5756 ,
3513 5696 3657 5765 quol
3695 5695 4002 5764 spadonum

2423 5775 2842 5895 :li'ulieorumquc
2922 5772 3267 5826 insolentiam
3337 5771 3476 5823 mire
3549 5778 3911 5837 compescuit.
3981 5783 3998 5813 ι

2454 5846 2620 5896 iuuat.

2454 5859 2620 5914 .gnat.
