4220 6438
204 449 340 513 1317

1130 445 1750 513 ECCLESIASTICE
1789 443 2186 506 HISTORLE
2233 445 2378 505 LIB.
2427 445 2558 509 Vll.

3336 449 3474 514 l3l8

194 571 251 622 δὲ
286 567 626 641 πανηγύρεις
665 567 1082 639 ἀνεκροτοῦντο,
1118 569 1373 639 φαιδροῖς
1400 568 1614 639 δμμασι
1653 565 1772 620 πάν-

1891 571 2040 614 metu
2100 559 2248 613 omni
2303 559 2583 629 depulso,
2642 558 2898 629 replevit.
2957 560 3155 631 Itaque,
3196 562 3473 633 magniﬁci

193 679 308 716 των
341 663 658 732 ἐνορώντων
699 663 964 733 ἀλλήλους
995 665 1089 715 καὶ
1130 663 1383 731 καπυρδν
1416 661 1783 731 ὑπομειδιῶν-

193 772 329 809 των.
359 756 541 829 Φωτδς
575 756 632 808 δὲ
687 757 870 826 πλήρη
927 755 997 807 τὰ
1054 755 1235 808 πάντα
1287 751 1450 822 ἦσαν,
1502 755 1598 808 τοῦ
1650 757 1782 826 πρὶν

192 846 480 912 κατηφοῦς
515 845 938 914 ἐξεληλαμένου.
993 846 1149 898 Κατά
1211 846 1394 910 πόλεις
1436 848 1492 900 δέ
1534 851 1629 900 καὶ
1677 847 1783 917 χώ-

198 953 300 1003 ρας
332 937 558 997 παιᾶνες
595 937 687 988 καὶ
728 936 890 1005 ὕμνοι
943 935 1020 1004 τῷ
1053 936 1189 987 ὅλων
1241 936 1362 1006 Θεῷ
1410 938 1629 1007 πρῶτα,
1664 934 1782 991 εἶτα

190 1029 289 1081 καὶ
331 1027 408 1098 τῷ
437 1029 545 1081 τῶν
579 1029 803 1096 ἀγαθῶν
844 1028 1070 1100 χορηγῷ
1135 1032 1348 1100 ήγοντο.
1399 1031 1703 1102 Ἀμνηστία
1724 1032 1781 1084 δέ

191 1123 386 1175 κακῶν
416 1123 512 1174 καὶ.
541 1121 681 1192 λήθη
705 1122 802 1189 τῆς
834 1121 1159 1184 δυσσεὺείας
1203 1117 1293 1192 ἦν·
1322 1121 1433 1175 τῶν
1484 1122 1542 1176 δέ
1590 1122 1687 1174 νῦν
1725 1126 1780 1185 ἐς

188 1219 358 1284 κόρον
414 1216 718 1279 ἀπόλαυσις
756 1216 998 1284 ἀγαθῶν.
1033 1217 1258 1282 Μείζων
1307 1217 1364 1270 δέ
1415 1217 1513 1269 καὶ
1550 1218 1583 1287 ἡ
1621 1215 1778 1278 ἐλπὶς

188 1308 306 1359 τῶν
349 1307 824 1378 προσδοκωμένων
874 1305 961 1380 ἦν.
1011 1308 1183 1377 Νόμοι
1232 1307 1287 1360 δὲ
1352 1309 1452 1362 καὶ
1499 1306 1779 1370 διατάξεις

188 1399 613 1470 φιλανθρωπίας
660 1401 936 1472 πλήρεις⁹
990 1402 1083 1453 καὶ
1131 1401 1250 1455 ἀλλ’
1293 1400 1439 1455 ἄττα
1493 1399 1604 1454 τῶν
1640 1403 1777 1466 ἀγαο

188 1491 305 1544 θῶν
340 1492 838 1562 ἐπαρρησιάζοντο·
893 1493 1098 1563 δωρεαί
1148 1510 1208 1546 τε
1270 1492 1434 1562 βάθος
1489 1491 1777 1555 εὐσεϐείας

185 1585 604 1639 ὑποδεικνῦσαι·
659 1582 736 1638 ιῖιν
772 1586 1106 1654 καταλέγειν
1155 1587 1216 1640 τὸ
1262 1586 1493 1656 πλῆθος,
1530 1587 1613 1650 τίς
1643 1589 1778 1639 ἀπο-

187 1679 344 1749 χρῶν
379 1680 591 1746 γένοιτο
631 1682 825 1747 λόγος;
852 1678 928 1734 Τὸ
947 1680 1062 1750 ’μὲν
1087 1680 1196 1750 γὰρ
1231 1680 1407 1744 ὅντως
1446 1681 1605 1735 Θεῖον
1638 1680 1776 1751 θρη-

185 1769 414 1821 σκεύειν
470 1770 577 1839 πρὸ
628 1773 832 1832 παντὸς
889 1771 1239 1841 ὑπηγόρευε·
1290 1771 1421 1840 περὶ
1465 1770 1493 1823 ὃ
1538 1770 1777 1840 σπουδὴν

181 1862 532 1928 τιθεμένους,
565 1865 620 1914 ἐν
656 1863 908 1931 ἀφθόνοις
938 1861 1080 1916 εἶναι
1115 1866 1357 1926 πάντως·
1379 1864 1472 1917 καί
1513 1863 1566 1930 γ’
1593 1867 1771 1916 ἀπαν‹

181 1959 288 2026 τᾷν
321 1957 537 2008 ἅπαντα
585 1957 727 2027 μετά
761 1957 1021 2027 χρηστῶν
1050 1957 1158 2011 τῶν
1193 1959 1428 2011 ἐλπίδων
1463 1952 1542 2020 οἷς
1584 1958 1649 2011 ἂν
1683 1961 1773 2023 ἐγ-

183 2054 405 2122 χειρεῖν
440 2051 655 2117 γένοιτο
686 2052 873 2121 ἔλεγεν
901 2070 914 2082 ·
955 2053 1337 2124 ἁμαρτάνουσι
1378 2051 1420 2104 δ’
1453 2054 1512 2104 ἐν
1553 2053 1770 2120 ἐκείνῳ,

181 2144 245 2219 ἐν
288 2143 342 2194 τ’
371 2146 563 2214 εἰρήνῃ
624 2146 724 2197 κα)⁵
771 2143 997 2214 πολέμῳ
1042 2145 1108 2197 τά
1149 2145 1391 2215 δυσχερῆ
1439 2143 1770 2215 προσδοκᾷν.

201 2238 281 2288 Οὐ
313 2238 529 2306 κόμπον
562 2236 606 2288 δ’
634 2237 810 2300 ἄλλως
858 2237 1056 2306 λέγων,
1087 2237 1222 2291 ἀλλά
1279 2238 1441 2308 χάριν
1489 2236 1772 2307 ὁμολογῶν

181 2330 521 2401 ἰσχυρίζετο·
556 2330 631 2393 ῶς
663 2332 1017 2400 προσήκοντά
1038 2347 1101 2398 γε
1141 2331 1427 2401 ὑπηρέτην
1460 2330 1580 2401 Θεῷ
1609 2329 1772 2382 αὑτὸν

178 2419 581 2490 ἐκλεξάμενος,
615 2424 799 2475 πᾶσαν
841 2424 945 2474 ὑπὸ
983 2425 1145 2492 χεῖρα
1180 2422 1349 2475 ἐτίθει
1399 2423 1499 2492 τὴν
1539 2423 1665 2492 γῆν,
1695 2421 1770 2481 ὡς

182 2513 219 2582 ἡ
266 2512 380 2565 τῶν
433 2513 784 2582 Χριστιανῶν
851 2515 1117 2585 αὐξηθείη
1153 2515 1427 2586 θρησκεία
1452 2557 1466 2580 ,
1505 2517 1598 2568 καὶ
1632 2516 1683 2568 oi
1716 2517 1772 2566 ἐν

180 2605 368 2677 ταύτῃ
405 2609 730 2678 καρτερικοὶ
783 2610 1207 2677 ἐπιφανέστεροι
1255 2610 1500 2677 γένοιντο
1544 2611 1665 2671 ταῖς
1693 2626 1772 2661 τι·

192 2700 350 2768 μαῖς.
403 2699 592 2763 Οὕτως
634 2701 811 2770 ἔχων,
846 2704 1029 2772 ἀκυρα
1090 2703 1260 2754 ἐτίθει
1298 2703 1480 2755 πάντα
1527 2702 1596 2754 τὰ
1645 2701 1770 2756 καθ’

181 2787 350 2858 ἡμῶν
383 2787 443 2852 ἐξ
493 2789 668 2860 ἀρχῆς
722 2789 1104 2859 ψηφισθέντα·
1154 2794 1283 2854 τοὺς
1328 2793 1388 2843 ἐν
1433 2793 1675 2862 ἐξορίαις
1709 2809 1768 2844 τε

187 2881 598 2949 μετεστέλλετο,
639 2883 739 2934 καὶ
766 2883 950 2950 γερῶν
983 2882 1265 2952 μετεδίδου
1287 2897 1300 2911 ·
1335 2884 1428 2934 καὶ
1467 2886 1530 2935 τὸ
1559 2883 1770 2952 προσὸν

187 2977 411 3043 ἑκάστῳ
452 2975 775 3044 ἀπένειμεν,
816 2976 927 3027 είτε
952 2975 1089 3043 τιμή
1136 2992 1221 3036 τις
1254 2971 1324 3044 ἦν
1365 2975 1767 3045 στρατιωτικὴ,

182 3069 219 3139 ἢ
259 3067 358 3121 καὶ
383 3069 572 3137 κτῆμα
613 3070 741 3132 ἴσως
775 3070 1097 3138 ἀφαιρεθέν.
1144 3070 1474 3139 Ἐκκλησίας
1507 3087 1566 3122 τε
1600 3071 1770 3138 ἐκμε-

191 3160 548 3229 μηκισμένα;
598 3159 885 3230 δημοσίοις
935 3161 1134 3213 ἀνίστα
1170 3163 1284 3222 τοῖς
1337 3161 1628 3232 χρήμασι,
1675 3163 1769 3214 καὶ

1890 653 2098 724 ubique
2127 665 2434 710 conventus
2461 653 2758 716 celebrari,
2790 654 2929 708 iavtis
2957 655 3096 709 alius
3131 655 3299 710 alium
3334 672 3475 710 ocu-

1886 747 1954 802 lis
1999 751 2274 816 respicere
2344 757 2510 816 alque
2574 746 2807 800 hilarius
2859 746 3170 807 subritlere.
3233 761 3473 801 maerore

1885 841 2120 910 pristino
2154 839 2491 908 tristitiaque
2522 842 2717 910 ejeCta.
2763 855 2900 894 nova
2949 840 3073 894 luce
3115 841 3233 894 loca
3288 840 3473 894 omnia

1887 933 2134 987 relucere
2175 949 2188 985 :
2226 935 2282 987 in
2318 933 2551 987 urbibus
2599 943 2652 987 et
2704 933 2839 988 vicis
2886 934 3146 986 omnibus
3176 949 3388 1002 paeanes
3418 943 3475 986 et

1886 1022 2094 1092 hymni,
2128 1023 2368 1092 primum
2402 1023 2625 1092 quidem
2677 1023 2732 1077 in
2768 1040 2951 1077 rerum
2980 1023 3230 1077 omnium
3271 1023 3470 1087 Deum,

1884 1114 2087 1170 deinde
2117 1117 2280 1169 etiam
2314 1117 2366 1170 in
2400 1126 2563 1170 tantte
2597 1117 2982 1186 proslieritatis
3019 1117 3473 1195 subministratu-

1882 1223 1998 1262 rcm
2034 1210 2180 1273 cani,
2221 1211 2486 1264 memoria
2535 1211 2808 1263 Inalorum
2842 1209 3077 1274 aboleri,
3111 1209 3322 1264 oblivio
3351 1210 3468 1262 im—

1883 1300 2104 1369 pietatis
2137 1301 2350 1366 induci,
2385 1316 2577 1354 omnes
2637 1302 3000 1368 praesentibus
3036 1303 3194 1355 bouis
3233 1301 3470 1355 ubertim

1884 1394 1961 1446 uti
2005 1392 2136 1456 frui,
2169 1395 2343 1460 major
2369 1393 2538 1448 etiam
2592 1393 2900 1461 meliorque
2935 1408 3118 1445 rerum
3156 1391 3468 1445 futurarum

1880 1501 2006 1554 spes
2047 1501 2190 1552 esse,
2227 1487 2406 1556 legum
2442 1486 2704 1540 videlicet
2751 1497 2808 1540 et
2843 1488 3310 1540 constitutionum
3361 1487 3470 1539 bu.

1885 1579 2169 1634 manitatis
2189 1580 2661 1650 plenissimarum,
2685 1580 3069 1649 bonorumque
3094 1580 3326 1633 aliorum
3346 1594 3474 1648 quae

1881 1683 1996 1728 tum
2029 1674 2207 1729 libere
2234 1685 2287 1728 et
2322 1676 2608 1744 propalam
2656 1665 3036 1742 jactabantur,
3093 1674 3469 1729 donationntr.

1877 1782 2099 1836 quoque
2129 1765 2552 1836 amplitudinem
2588 1766 2810 1832 pietatis
2840 1764 3243 1819 declarantium
3277 1783 3289 1818 :
3330 1779 3471 1834 qua-

1881 1875 2002 1913 rum
2077 1857 2492 1912 multitudinem
2557 1873 2808 1926 quamam
2886 1857 3069 1912 oratio
3132 1873 3452 1911 enumerar-

1880 1952 2090 2021 queat?
2120 1949 2403 2019 Siquidem
2440 1950 2742 2020 publicitus
2780 1965 2972 2004 omnes
3001 1949 3309 2020 imperator
3346 1949 3466 2018 ipse

1877 2045 2198 2100 cohortatus
2235 2052 2340 2107 est,
2378 2053 2439 2096 ut
2488 2043 2542 2096 in
2598 2043 2791 2112 primis
2841 2041 3091 2097 divinum
3130 2042 3342 2096 Numen
3376 2043 3466 2111 pie

1877 2137 2142 2192 colerent.
2183 2135 2452 2206 Nam'qui
2507 2135 2560 2188 in
2600 2151 2667 2190 eo
2715 2137 3008 2208 diligenter
3063 2137 3302 2192 colendo
3349 2147 3467 2191 stu-

1877 2229 2029 2283 dium
2089 2237 2385 2298 ponerent,
2447 2228 2720 2295 futurum,
2756 2237 2819 2284 ut
2869 2231 3054 2284 omnia
3109 2230 3190 2284 eis
3245 2229 3465 2283 abunde

1876 2337 2104 2392 prorsus
2134 2329 2467 2391 suppetant,
2491 2323 2789 2392 omniaque
2820 2333 2996 2393 ccepta
3029 2339 3154 2376 cum
3190 2338 3285 2392 spe
3317 2323 3466 2391 opti-

1877 2433 1963 2470 ma
2007 2415 2244 2470 feliciter
2272 2416 2510 2470 cedant:
2546 2418 2630 2472 sin
2666 2435 2692 2471 a
2729 2418 2935 2486 pietate
2986 2418 3080 2472 tali
3124 2429 3179 2472 et
3204 2421 3320 2474 veri
3362 2419 3463 2473 Dei

1875 2511 2143 2581 religione
2215 2511 2566 2572 aberrarent,
2629 2511 2767 2565 nihil
2815 2527 2912 2566 eos
2948 2522 3003 2565 et
3051 2528 3181 2580 pace
3211 2523 3266 2567 ct
3321 2514 3464 2568 bello

1874 2621 2040 2675 quam
2079 2621 2168 2658 res
2209 2603 2472 2658 adversas
2506 2614 2831 2674 exspectare
2869 2605 3073 2658 debere
3102 2606 3464 2661 conﬁrmans.

1874 2699 2054 2767 Atque
2085 2699 2197 2751 haec
2230 2696 2454 2765 quidem
2489 2714 2599 2749 non
2659 2712 2756 2766 per
2782 2697 3107 2767 jactautiam
3141 2699 3464 2767 gloriabun-

1875 2791 1997 2848 dus.
2052 2790 2147 2844 sed
2191 2793 2419 2858 gratiam
2468 2790 2558 2843 Dei
2589 2805 2894 2859 agnoscens
2939 2803 2999 2853 et,
3035 2795 3302 2861 promens
3333 2808 3461 2862 pro-

1875 2884 2019 2937 tulit.
2059 2882 2137 2936 lta
2177 2883 2268 2936 ille
2309 2884 2658 2936 commntum
2695 2898 2754 2937 se
2808 2882 2918 2937 Deo
2955 2885 3272 2940 ministrum
3313 2901 3458 2955 pra:-

1871 2977 2028 3042 bcns,
2064 2986 2240 3030 terras
2277 2991 2470 3029 omnes
2497 2975 2693 3030 ditioni
2743 2993 2856 3030 sua:
2886 2977 3148 3048 subjecit,
3210 2988 3269 3032 nt
3303 2981 3464 3034 Chri-

1871 3071 2178 3126 stianorum
2213 3070 2403 3139 religio
2429 3085 2591 3137 quam
2624 3071 2859 3124 maxime
2889 3084 3187 3139 augeretur
3225 3091 3236 3126 :
3272 3081 3328 3128 et
3361 3077 3457 3143 qui

1875 3164 1927 3218 in
1963 3179 2026 3217 ea
2075 3163 2307 3219 colenda
2335 3173 2660 3218 constanter
2711 3174 3134 3232 perseverarent
3162 3204 3176 3226 ,
3213 3166 3459 3220 illustres

187 3253 447 3306 ἀτέλειαν
499 3255 611 3316 τοῖς
670 3252 764 3306 τοῦ
814 3253 953 3306 Θεοῦ
1003 3255 1341 3324 λειτουργοῖς
1380 3255 1760 3323 ἐπεκήρυττε·

1876 3258 2109 3310 maxime
2151 3256 2516 3325 dignitatibus
2566 3267 2621 3309 et
2679 3256 2986 3312 honoribus
3029 3258 3460 3333 tierent..51&,

185 3341 443 3403 συνόδους
469 3357 531 3394 τε
561 3344 889 3410 συγκροτεῖν
926 3343 1123 3412 ἀνῆκε,
1158 3345 1252 3396 καὶ
1285 3342 1454 3396 τᾶλλα
1501 3343 1767 3408 πράττειν

182 3436 283 3486 ὅσα
310 3435 380 3502 τῇ
417 3433 765 3504 Χριστιανῶν
799 3432 1073 3503 θρησκείᾳ
1111 3434 1487 3505 προσήκοντα.
1530 3432 1684 3486 Ἐπεὶ
1712 3431 1770 3483 δὲ

188 3527 400 3588 πάντας
437 3527 517 3589 είς
550 3528 651 3596 τὴν
678 3526 958 3596 προτέραν
1010 3525 1332 3596 ἐλευθερίαν
1376 3525 1770 3590 ἀνεκαλέσατο,

189 3621 418 3683 καὶτὰς
454 3618 706 3690 συνήθεις
763 3618 932 3688 τιμάς
993 3620 1091 3672 καὶ
1157 3619 1254 3683 τὰς
1310 3619 1498 3683 οὐσίας
1552 3619 1770 3680 τούτοις

183 3711 500 3766 ἀπέδωκεν.
565 3711 630 3765 Et
672 3728 777 3765 που
807 3712 951 3774 τινὲς
994 3710 1494 3774 καταδικασθέντες
1526 3709 1770 3779 θανάτῳ,

186 3807 282 3858 τὸν
316 3805 430 3873 βίον
460 3804 732 3870 ἐξέλιπον,
779 3805 908 3867 τοὺς
957 3803 1243 3875 ἐγγυτέρω
1272 3804 1469 3873 γένους
1505 3803 1770 3872 κληρονο-

192 3901 316 3968 μεῖν
341 3899 611 3948 τάκείνων
658 3896 933 3949 ἐκέλευεν.
980 3897 1039 3948 Εἰ
1086 3895 1132 3948 δ’
1184 3896 1285 3949 οὐκ
1325 3891 1487 3968 ἦσαν,
1517 3895 1618 3963 τὴν
1651 3897 1771 3947 ἐπι-

187 3988 395 4059 χώριον
425 3986 726 4056 ἐκκλησίαν
779 3987 874 4039 τὸν
933 3985 1141 4057 κλῆρον
1199 3987 1346 4056 ἔχειν
1413 3987 1768 4055 ἐνομοθέτει,

185 4081 290 4134 κάν
340 4097 398 4132 τε
443 4079 715 4132 ἰδιωτικὸν
766 4075 859 4148 ἦν,
898 4078 1006 4133 κᾶν
1036 4096 1096 4132 τε
1131 4079 1414 4149 δημόσιον.
1452 4080 1563 4133 Καὶ
1595 4081 1770 4133 ταῦτα

187 4175 291 4244 μέν
324 4171 510 4234 καλῶς
557 4171 734 4223 ἐδόκει
765 4171 844 4240 τῷ
885 4171 1118 4240 βασιλεῖ,
1158 4173 1252 4223 καὶ
1282 4172 1434 4242 νόμῳ
1460 4171 1765 4242 κεκύρωτο.

181 4269 253 4319 Τί
304 4267 370 4317 τὸ
432 4266 527 4316 ἐπὶ
579 4263 838 4330 τούτοις;
874 4265 1229 4335 Χριστιανοϊς
1281 4265 1554 4334 ἐπέτρεπε
1586 4265 1768 4328 πάσας

181 4363 280 4423 τὰς
310 4359 586 4429 κοσμικὰς
616 4357 790 4427 ἀρχάς
822 4357 1074 4410 διοικεῖν.
1124 4357 1344 4427 Ἐορταὶ
1379 4357 1426 4409 δ’
1472 4357 1768 4428 Ἑλλήνων,

185 4455 397 4520 ξοάνων
435 4469 491 4504 τε
549 4451 732 4504 θυσίαι
789 4450 882 4503 καὶ
929 4450 1126 4519 ὄργια,
1190 4451 1527 4518 μαγγανεῖαί
1578 4467 1637 4502 τε
1674 4455 1770 4502 καὶ

1871 3352 2097 3405 Talibus
2143 3352 2309 3418 igitur
2369 3351 2616 3405 consiliis
2670 3351 2866 3417 fretus,
2933 3368 3283 3424 quaecunque
3341 3357 3455 3426 jam

1873 3445 2002 3499 inde
2038 3447 2107 3499 ab
2141 3445 2299 3499 initio
2334 3456 2533 3500 contra
2565 3461 2667 3500 nos
2694 3448 2916 3501 decreta
2951 3449 3190 3511 fuerant,
3227 3451 3462 3521 abroga-

1872 3537 1969 3599 vit,
2011 3537 2230 3592 exsules
2277 3539 2576 3601 revocavit,
2607 3538 2855 3593 honores
2900 3539 3006 3594 illis
3052 3551 3106 3594 et
3156 3541 3300 3596 bona
3332 3561 3454 3610 sua,

1872 3630 1988 3683 sive
2025 3628 2280 3683 militaris
2313 3630 2574 3700 dignitas,
2600 3646 2696 3686 seu
2725 3634 2999 3700 possessio
3021 3634 3164 3689 forte
3196 3635 3458 3705 cuiquam

1871 3717 2128 3788 adempta
2183 3717 2387 3782 fuerat,
2441 3719 2762 3774 restituens.
2822 3721 3102 3777 Ecclesias
3156 3726 3461 3794 ampliores

1874 3811 2089 3879 publica
2113 3811 2345 3880 pecunia
2362 3817 2696 3877 construxit,
2720 3813 3125 3870 immunitatem
3186 3818 3460 3872 ministris

1874 3905 1968 3958 Dei
2017 3905 2311 3967 concessit,
2374 3915 2682 3959 conventus
2739 3905 2858 3960 fieri
2900 3909 3189 3976 permisit,
3241 3910 3461 3980 aliaque

1873 4011 2136 4066 peragere
2166 3997 2352 4064 jussit,
2396 4013 2744 4067 quaecunque
2775 3999 2841 4053 ad
2874 4000 3253 4056 Christianum
3287 4004 3462 4071 perti-

1873 4098 2006 4144 nent
2036 4090 2272 4145 cultum.
2307 4080 2602 4159 Postquam
2655 4090 2721 4145 ad
2755 4090 2904 4146 hunc
2933 4093 3158 4148 modum
3184 4110 3375 4150 omnes
3402 4097 3458 4150 in

1871 4181 2161 4251 pristinam
2224 4182 2505 4234 revocavit
2559 4182 2913 4250 libertatem,
2966 4185 3158 4254 eisque
3210 4185 3458 4241 honores

1869 4273 2067 4328 solitos
2098 4275 2351 4342 bonaque
2381 4289 2478 4326 sua
2505 4274 2784 4341 restituit,
2817 4278 2864 4330 si
2914 4277 3009 4346 qui
3045 4281 3334 4336 sententiae
3361 4295 3458 4336 ca-

1873 4366 2025 4435 pitali
2055 4363 2298 4419 damnati
2346 4367 2510 4419 vitam
2549 4365 2882 4433 ﬁnivissent,
2915 4386 3116 4440 genere
3148 4379 3456 4442 proximos,

1874 4461 1920 4515 si
1974 4462 2071 4530 qui
2115 4471 2337 4525 essent,
2368 4461 2523 4517 adire
2568 4463 2787 4522 illorum
2851 4465 3202 4522 hareditates
3250 4466 3455 4536 jussit;

183 4545 405 4598 τελεταὶ
435 4542 733 4613 δαιμόνων,
794 4540 1124 4612 ἀπείρηται,
1177 4541 1350 4594 πολλά
1409 4543 1465 4594 δὲ
1523 4542 1618 4593 καὶ
1662 4541 1770 4594 τῶν

1876 4552 1923 4607 si
1964 4567 2072 4606 non
2107 4562 2317 4620 essent,
2348 4555 2452 4610 loci
2482 4556 2602 4625 ejus
2648 4557 2939 4612 ecclesiam
2975 4559 3029 4612 in
3064 4558 3206 4612 bona
3234 4575 3454 4624 eorum,

182 4639 438 4708 ἀρχαίων
491 4634 634 4688 ἐθῶν
687 4633 1103 4706 μετεϐάλλοντο.
1144 4631 1206 4689 '0
1231 4633 1332 4702 μὲν
1360 4633 1468 4703 γάρ
1506 4633 1638 4702 παρ’
1670 4631 1768 4684 Ai-

1876 4645 1990 4698 sive
2025 4644 2237 4714 privata
2277 4661 2371 4699 seu
2393 4622 2609 4714 publica
2637 4655 2845 4712 essent,
2871 4647 3171 4702 succedere
3195 4651 3311 4719 lege
3343 4622 3455 4706 lata

181 4733 443 4798 γυπτίοις
499 4729 678 4798 πῆχυς
721 4724 904 4782 οὐκέτ’
937 4729 1017 4790 είς
1053 4726 1327 4797 Ἑλλήνων
1373 4728 1578 4797 τεμένη
1601 4768 1615 4793 ,
1651 4725 1768 4779 ἀλλ’

179 4828 266 4888 είς
299 4823 484 4894 ἱεροὺς
516 4821 677 4893 ἡμῶν
704 4819 987 4875 ἀνετίθετο
1013 4821 1224 4883 οίκους·
1260 4815 1304 4887 ᾧ
1331 4819 1364 4890 ή
1394 4818 1636 4880 ἐπίδοσις
1667 4818 1768 4887 τῆς

181 4917 280 4972 τοῦ
319 4915 520 4970 Νείλου
551 4915 726 4984 φορᾶς
776 4912 1081 4966 καθίστατο
1111 4911 1416 4983 γνώριμος.
1461 4912 1527 4964 Ἦ
1564 4910 1621 4963 δὲ
1660 4909 1768 4964 τῶν

189 5012 522 5082 μονομάχων
575 5008 636 5075 ἐξ
683 5006 897 5060 ἐκείνου
945 5004 1239 5077 Ῥωμαίοις
1284 5004 1382 5058 θέα
1434 5002 1765 5058 κεκώλυται.

183 5105 435 5168 Φοίνικες
471 5104 552 5170 δὲ,
591 5102 641 5155 οἳ
695 5102 789 5155 τὸν
824 5102 1062 5156 Δίῦανον
1097 5102 1249 5174 παρά
1275 5102 1377 5168 τὴν
1421 5101 1770 5156 Ἡλιούπολιν

186 5197 396 5268 ᾤκουν,
428 5195 743 5249 ἐπαύσαντο
793 5195 903 5265 πρὸ
946 5191 1042 5246 τοῦ
1080 5194 1318 5264 νομίμου
1367 5194 1550 5262 γάμου
1577 5193 1768 5258 εἰωθὸς

186 5289 247 5340 ὃν
283 5290 346 5340 ἐκ
383 5287 552 5357 νόμου
605 5289 704 5356 τὴν
741 5285 851 5337 τῶν
899 5285 1188 5354 παρθένων
1223 5286 1490 5357 πράττειν
1535 5285 1764 5357 φθοράν.

183 5377 311 5448 Νεῲ
339 5379 398 5430 δὲ
432 5380 516 5441 είς
553 5379 798 5431 ἐπίδοσιν
844 5376 1014 5445 ὕψους
1056 5379 1150 5429 καὶ
1181 5379 1421 5441 πλάτους
1448 5379 1762 5449 ἀνέτρεχον.

186 5471 348 5544 ὐσοι
382 5470 428 5522 δ’
463 5469 782 5538 ἀρκούντως
825 5467 993 5538 εἶχον,
1037 5468 1472 5532 ἐπεσκευάζοντο
1498 5483 1512 5498 ·
1546 5462 1689 5538 ἦσαν
1719 5467 1764 5519 δ’

184 5563 235 5616 οἳ
290 5562 385 5615 καὶ
435 5564 498 5615 ἐκ
531 5561 818 5632 κρηπίδων
859 5563 1169 5615 ἀνίσταντο.
1208 5560 1475 5624 Βασιλεὺς
1508 5560 1552 5613 δ’
1580 5561 1765 5623 αὐτοῖς

181 5658 515 5728 ἐπεχορήγιι
577 5656 798 5726 δαψιλὲς
848 5657 907 5708 τὸ
966 5657 1257 5724 ἀνάλωμα,
1305 5654 1415 5707 τῶν
1448 5653 1765 5705 ἐπισκόπων

178 5752 667 5818 ἐπιστατούντων,
724 5751 903 5803 πάντα
968 5753 1228 5821 χορηγεῖν
1283 5747 1763 5818 κεκελευσμένων,

253 5930 331 6001 (t)
371 5929 581 5999 Πῆχυς,
611 5928 833 5985 cubitus
865 5928 991 5985 Nili.
1021 5927 1162 5984 Plin.
1193 5928 1287 5984 lib.
1320 5943 1372 5996 ν,
1410 5941 1533 5999 cap.
1565 5929 1618 5982 9.

1872 4737 2158 4806 praeepit.
2189 4738 2368 4806 Atque
2417 4737 2533 4792 haec
2562 4739 2786 4807 quidem
2837 4740 2918 4794 sic
2951 4741 3255 4809 imperator
3301 4753 3454 4797 recte

1871 4829 2162 4883 constituit
2205 4828 2563 4898 legitimeque
2596 4828 2985 4883 conﬁrmavit:
3022 4839 3287 4898 praeterea
3319 4846 3456 4886 vero

1870 4919 2204 4976 Christianis
2251 4935 2447 4976 omnes
2502 4920 2767 4991 profanos
2828 4921 3190 4992 magistratus
3251 4939 3450 4993 gerere

1871 5014 2142 5084 permisit.
2176 5013 2367 5068 Festos
2404 5024 2590 5068 autem
2630 5014 2916 5084 gentilium
2947 5015 3090 5079 dies.
3126 5016 3454 5071 simulacro-

1869 5121 1994 5160 rum
2039 5105 2312 5168 victimas,
2365 5116 2421 5159 et
2470 5104 2645 5174 orgia,
2704 5106 3108 5160 incantationes
3189 5117 3246 5161 et
3293 5123 3450 5161 sacra

1869 5198 2182 5252 daemonum
2219 5212 2449 5267 prorsus
2496 5197 2785 5267 prohibuit
2832 5208 2888 5251 et
2940 5199 3251 5251 interdixit.
3282 5199 3450 5252 Ilulta

1867 5292 2037 5347 etiam
2071 5307 2138 5346 ex
2177 5292 2354 5362 prisca
2382 5293 2790 5349 consuetudine
2827 5292 2882 5344 in
2919 5292 3120 5346 melius
3145 5292 3306 5346 abeo
3331 5308 3452 5345 mu-

1868 5397 2001 5439 tata.
2031 5383 2192 5454 Apud
2221 5381 2508 5454 Egyptios
2538 5385 2684 5439 enim
2719 5384 2940 5438 cubitus
2971 5384 3046 5452 (l)
3067 5398 3176 5436 non
3210 5384 3451 5452 amplius

1868 5478 1923 5530 in
1956 5475 2243 5545 gentilium
2284 5477 2537 5540 delubra,
2572 5477 2668 5531 sed
2716 5477 2768 5530 in
2818 5489 3009 5530 sacras
3039 5484 3258 5528 nostras
3301 5474 3449 5528 antes

1868 5567 2212 5637 deportatus,
2236 5576 2399 5638 atque
2432 5568 2506 5622 ibi
2539 5567 2830 5622 dedicatus
2856 5575 2960 5632 est,
2989 5582 3100 5637 quo
3132 5567 3448 5621 incremen-

1869 5673 1982 5716 tum
2014 5661 2348 5717 exundantis
2382 5660 2489 5714 Nili
2537 5676 2789 5716 mcnsum
2828 5660 3278 5731 dignosccbatur.
3312 5659 3450 5728 Spe-

1865 5750 2137 5804 ctaculum
2203 5749 2468 5819 singulari
2521 5753 2825 5805 certamine
2885 5750 3330 5807 concertantium
3365 5749 3447 5822 (‘2)

1939 5927 2016 6000 (2)
2053 5928 2117 5981 L.
2151 5926 2298 5983 unic.
2334 5927 2394 5983 (ἔ.
2429 5926 2504 5982 De
2535 5925 2680 5996 glad.
2714 5925 2793 5982 lib
2850 5941 2945 5998 u.‘
