4220 6438
238 404 370 471 13Ξί

1168 414 1767 476 ECCLESIASTlC/E
1811 413 2199 474 HISTORle
2242 416 2384 479 LIB.
2432 417 2566 478 Vll.

3357 418 3378 483 1
3390 418 3492 482 322

229 527 389 594 δίκην
420 529 532 588 τοῖς
591 528 911 593 ἐπισκόποις
969 531 1307 599 ἐπέτρεψενο
1369 531 1486 598 εἴγε
1540 529 1799 598 βούλοιντ‹

1921 527 2047 582 latis
2095 540 2262 598 patet.
2328 530 2607 584 Absurdas
2644 531 2808 585 etiam
2851 531 2970 585 illas
3020 530 3162 601 apud
3217 531 3495 587 Romanos

229 623 623 689 παραιτεῖσθαι
657 625 778 686 τοὺς
832 626 902 678 τὰ
938 626 1189 679 πολιτικὰ
1242 627 1551 696 κρίνοντας.
1604 625 1715 693 Τήν
1748 640 1810 690 γε

234 712 347 782 μὴν
382 715 594 767 ἐκεῖθεν
640 718 826 785 ψῆφον
876 721 938 771 τὸ
993 719 1172 788 κῦρος
1218 720 1324 771 τῶν
1373 719 1551 771 ἄλλων
1592 718 1812 768 πάντων

228 807 424 871 φέρειν
460 808 805 874 ἐνομοθέτει,
837 810 1235 879 ἀμετάτρεπτα
1264 810 1318 862 δὲ
1343 808 1480 862 εἰναι
1515 809 1612 860 καὶ
1641 808 1709 859 τὰ
1745 810 1808 877 τῇ

227 898 437 965 συνόδῳ
465 899 823 970 διωρισμένα·
857 903 926 956 τά
961 919 1024 969 γε
1068 902 1174 972 μὴν
1221 903 1471 964 ἐκείνους
1509 901 1811 971 κρινάμελα

225 990 308 1048 εἷς
340 989 501 1056 ἔργον
538 990 693 1054 ἄγειν
735 993 830 1046 καὶ
883 994 1152 1062 καθιστᾷν
1196 993 1323 1054 τοὺς
1374 994 1439 1046 τὰ
1489 995 1644 1046 κοινὰ
1675 994 1810 1046 διοι-

223 1080 462 1143 κοῦντας
489 1081 762 1150 ἄρχοντας
799 1084 896 1136 σὺν
946 1087 1061 1147 τοῖς
1113 1084 1219 1137 ὑπὸ
1260 1086 1417 1154 χεῖρα
1446 1084 1810 1153 στρατιώταις

222 1172 435 1232 αὐτοῖς.
494 1175 601 1225 Καὶ
637 1175 737 1245 τὴν
768 1175 1092 1245 ἐλευθερίαν
1123 1176 1180 1228 δὲ
1217 1176 1365 1245 νόμῳ
1400 1178 1466 1245 τῇ
1512 1175 1811 1244 Ἐκκλησία

220 1265 647 1332 κατεχαρίζετο·
675 1269 771 1320 καὶ
801 1270 911 1331 τοῖς
938 1270 992 1336 γ’
1018 1269 1498 1338 ἐλευθερουμένοις
1526 1268 1630 1320 ὑπὸ
1671 1269 1811 1336 μάρ-

221 1374 350 1407 τυσι
397 1363 508 1419 τοῖς
555 1360 762 1428 ἱερεῦσι
833 1363 899 1430 τῇ
950 1361 1196 1431 πολιτείᾳ
1259 1360 1552 1429 Ῥωμαίων
1605 1360 1809 1429 ὲγγρὰο

231 1453 458 1516 ςεσοαι.
494 1452 714 1506 Τούτων
768 1454 824 1506 δὲ
882 1456 1105 1507 πάντων
1146 1457 1240 1506 καὶ
1271 1457 1298 1506 ό
1329 1456 1522 1524 χρόνος
1557 1455 1614 1516 ἐς
1651 1453 1811 1523 δεῦρο

229 1542 392 1608 cipe:
432 1543 524 1592 τὸν
549 1544 794 1611 ἔλεγχον,
821 1545 909 1596 ἀεὶ
942 1544 1036 1596 τοῦ
1072 1544 1227 1607 ἔθους
1261 1544 1336 1605 ὡς
1369 1544 1550 1605 καλῶς
1571 1544 1808 1613 ἔχοντος,

222 1632 660 1701 ίιπερτεριῦντος
703 1637 799 1687 τοῦ
851 1637 1046 1703 χρόνου
1104 1635 1198 1688 καὶ
1245 1634 1604 1704 ὲνισχύοντος,
1645 1635 1756 1688 Καὶ
1785 1637 1812 1687 ὀ

223 1725 329 1792 μὲν
387 1726 615 1778 τοιαῦτα
667 1728 989 1792 σπουδάζων
1036 1726 1370 1797 ἐνομοθέτει,
1426 1727 1610 1797 ἔργοις
1632 1728 1721 1779 ἀεὶ
1752 1728 1812 1780 τὸ

219 1817 370 1866 θεῖον
429 1816 757 1885 θεριπεὺειν
793 1816 1143 1887 αἱρούμενος.
1173 1817 1389 1879 Ἀλλως
1426 1835 1484 1870 τε
1512 1818 1568 1870 δὲ
1607 1818 1639 1886 ἡ
1676 1816 1811 1888 θρη-

219 1909 381 1960 σκεία
418 1912 513 1961 καὶ
543 1910 666 1963 καθ’
703 1911 904 1981 ἑαυτὴν
939 1910 1268 1980 ἀκμάζουσα
1299 1905 1388 1980 ἦν,
1431 1910 1518 1963 διὰ.
1552 1910 1650 1978 τὴν
1682 1911 1810 1978 ἀρε-

212 2002 316 2069 τὴν
339 2001 458 2052 ’τῶν
492 2003 612 2054 τότε
649 2003 945 2070 μετιόντων
988 2004 1179 2073 αὐτήν.
1217 2003 1328 2057 Καὶ
1351 2003 1459 2072 γάρ
1485 2019 1599 2064 πως
1620 2002 1810 2054 πολλοὶ

214 2093 495 2161 περιῆσαν
523 2092 602 2144 ἔτι
638 2094 746 2147 τῶν
778 2094 1131 2164 ὁμολογητῶν
1179 2093 1272 2145 τοῦ
1322 2092 1563 2161 διωγμοῦ
1606 2092 1810 2160 λήξαν-

211 2202 330 2246 τος.
375 2185 481 2238 Καὶ
514 2186 689 2250 ἄλλως
734 2187 789 2239 δὲ
848 2187 1048 2255 ἀγαθοί
1075 2187 1171 2240 καὶ
1217 2186 1567 2239 ἀποστολικοὶ
1595 2185 1806 2254 διεφαί-

212 2289 374 2323 νοντο
409 2273 624 2343 ἄνδρες,
675 2275 860 2344 ἔργοις
887 2277 982 2328 καὶ
1036 2275 1217 2342 λόγοις
1253 2278 1353 2347 τὴν
1388 2276 1572 2328 πίστιν
1607 2275 1809 2343 σεμνύ-

1921 621 2085 688 leges,
2119 639 2186 676 nc
2225 623 2444 677 caelibes
2480 624 2532 676 in
2582 623 2832 678 adeunda
2887 625 3203 678 ltrercditate
3237 627 3493 693 conjugi-

1916 715 2020 768 bns
2053 726 2428 784 aequarentur,
2467 733 2603 771 ncvc
2636 728 3000 786 praeterquam
3037 733 3239 786 genere
3262 717 3492 788 propin-

1916 804 2008 872 qui
2041 802 2341 872 quidquam
2373 819 2436 858 ex
2471 814 2804 860 testamento
2829 806 3208 861 lucrarentur:
3235 817 3498 877 prazterca

1919 904 1976 948 ut
2005 896 2096 963 qui
2124 895 2330 950 liberos
2362 909 2468 948 non
2498 908 2882 965 procreassent
2907 938 2921 962 ,
2956 898 3187 952 dimidia
3220 898 3490 952 bonorum

1918 998 2070 1056 parte
2128 989 2538 1052 multarentur,
2592 992 2875 1060 abrogavit
2921 1031 2934 1054 ,
2995 1007 3063 1045 ne
3122 992 3355 1057 scilicet,
3399 994 3492 1061 qui

1916 1076 2222 1130 caelibatum
2252 1078 2780 1146 complecterentur,
2834 1096 2947 1148 quo
2976 1082 3248 1135 deteriore
3282 1083 3496 1137 maritis

1917 1166 2081 1236 516
2116 1176 2303 1221 essent
2356 1168 2694 1230 conditione,
2749 1172 2934 1224 minus
2976 1188 3096 1225 eam
3146 1184 3498 1228 sectarentur

1916 1262 2108 1321 vitam,
2135 1275 2258 1329 quas
2289 1276 2347 1315 se
2382 1262 2432 1313 in
2464 1263 2662 1317 studiis
2709 1264 2822 1318 Deo
2855 1266 3070 1333 placitis
3106 1267 3300 1321 sedulo
3333 1284 3496 1321 exer-

1916 1360 2025 1404 cet.
2059 1351 2201 1415 Quin
2234 1361 2294 1404 ut
2347 1353 2378 1406 ii
2425 1354 2518 1422 qui
2559 1371 2658 1423 per
2702 1357 3101 1411 continentiam
3137 1359 3190 1411 in
3243 1361 3495 1414 caelibatu

1916 1444 2084 1497 vitam
2126 1445 2354 1513 degunt,
2393 1448 2727 1516 prmcipnum
2754 1450 3012 1518 quiddam
3049 1467 3160 1519 prae
3193 1453 3300 1506 illis
3325 1453 3496 1508 hahe-

1917 1546 2063 1599 rent,
2124 1539 2306 1591 sanxit
2347 1557 2358 1592 :
2401 1549 2460 1593 ut
2497 1540 2722 1594 t-zelilies
2774 1544 2987 1596 scilicet
3036 1557 3232 1598 omnes
3264 1585 3277 1608 ,
3330 1546 3498 1599 etiam

1918 1629 2255 1698 impuberes,
2288 1647 2387 1700 pro
2431 1648 2498 1686 eo
2537 1644 2704 1703 atquc
2738 1635 2818 1688 eis
2873 1637 3050 1690 visum
3090 1650 3258 1699 esset,
3307 1639 3495 1692 testari

1915 1730 2181 1789 possent:
2231 1732 2420 1776 contra
2473 1727 2940 1782 consuetudinem
2972 1713 3113 1798 qua:
3163 1730 3292 1783 olim
3351 1731 3495 1798 apud

1919 1813 2197 1868 Romanos
2225 1816 2578 1880 obtinuerat.
2617 1821 2710 1886 qui
2745 1819 2893 1890 leges
2937 1821 3071 1876 tales
3107 1823 3354 1877 tulerant
3382 1862 3396 1885 ,
3439 1835 3498 1878 ut

1917 1909 2107 1962 urbem
2161 1909 2525 1965 seditionibus
2569 1913 2838 1984 bellisque
2887 1917 3143 1973 civilibus
3191 1927 3317 1973 ante
3352 1919 3498 1989 ejus-

1918 2001 2067 2055 modi
2109 2003 2454 2056 sanctionem
2486 2005 2836 2070 exhaustam,
2867 2009 3192 2079 civibusque
3216 2012 3494 2072 orbatam.

1917 2093 2286 2148 matrimoniis
2305 2095 2724 2166 liberorumque
2743 2103 3126 2167 procreatione
3153 2103 3499 2172 frequentio-

1916 2200 2031 2239 rem
2064 2186 2380 2242 redderent.
2414 2188 2531 2254 Qua
2581 2206 2714 2245 vero
2750 2191 3054 2261 imperator
3100 2194 3499 2250 Constantinus

1915 2279 2263 2334 observantia
2296 2295 2422 2351 erga
2461 2283 2860 2352 professionem
2899 2287 3020 2342 ﬁdei
3067 2298 3267 2343 nostrae
3304 2289 3497 2354 fuerit,

215 2379 430 2424 νοντες,
467 2367 596 2434 περὶ
626 2358 704 2416 ὧν
748 2365 826 2434 τῷ
855 2367 1190 2437 προσήκοντι
1229 2366 1380 2437 τόπῳ
1410 2364 1799 2437 διαληψόμεθα.

1913 2368 2132 2422 abunde
2163 2369 2299 2424 illud
2335 2387 2558 2442 quoque
2594 2384 2847 2443 testatur,
2869 2380 3014 2447 quod
3045 2380 3282 2435 clericos
3307 2398 3500 2436 omnes

215 2457 618 2511 constitutione
687 2458 794 2512 lata
843 2457 1118 2512 immunes
1166 2457 1482 2527 liberosque
1546 2471 1668 2513 esse
1735 2459 2033 2528 permisit:
2104 2460 2485 2532 iudiciumque
2544 2474 2602 2520 et
2647 2467 3096 2535 jurisdictioncm
3149 2473 3202 2528 in
3243 2489 3340 2529 cos
3379 2468 3500 2546 epi4

214 2555 442 2621 scopis,
502 2556 773 2625 siquidem
859 2556 1108 2612 civilium
1155 2554 1407 2626 judicum
1465 2556 1839 2626 cognitionem
1879 2557 2157 2611 declinare
2241 2558 2480 2623 vellent,
2552 2565 2872 2619 mandavit:
2931 2577 2988 2620 et
3037 2571 3183 2638 quod
3247 2572 3492 2644 episcopi

208 2648 576 2717 iudicassent,
649 2650 702 2705 id
758 2651 930 2706 robur
978 2661 1035 2707 et
1061 2651 1449 2707 auctoritatem
1507 2651 1798 2705 sententiae
1837 2665 2059 2704 omnem
2140 2651 2349 2708 habere
2417 2654 2624 2711 debere
2658 2657 2925 2715 decrevit.
2968 2661 3150 2716 Firma
3183 2681 3404 2735 quoque
3437 2677 3496 2724 et

209 2747 579 2800 inmutabilia
613 2763 736 2802 esse
789 2748 968 2803 voluit
1003 2765 1126 2819 quae
1155 2749 1208 2803 in
1247 2748 1472 2819 synodis
1538 2747 1838 2802 constituta
1880 2755 2088 2804 essent.
2167 2747 2236 2802 Et
2266 2764 2388 2816 qua:
2419 2750 2488 2804 ab
2513 2753 2792 2822 episc0pis
2821 2756 3062 2824 jndicata
3098 2759 3300 2823 forent,
3340 2773 3397 2817 ut
3428 2779 3491 2817 ea

206 2858 237 2895 a
272 2842 693 2912 magistratibus
722 2845 1066 2914 respublicas
1138 2843 1655 2900 administrantibus
1723 2844 2060 2913 militarique
2121 2860 2242 2914 qua:
2302 2847 2403 2901 sub
2435 2846 2518 2903 eis
2545 2859 2692 2903 esset
2744 2867 2907 2905 manu
2945 2857 3289 2910 exsecutioni
3336 2875 3492 2912 man-

207 2939 510 3004 darentur,
545 2950 710 3009 atque
735 2941 801 2994 ad
835 2957 951 2995 rem
989 2943 1185 2996 collata
1212 2940 1633 3012 perﬁcerentur,
1703 2941 2010 2995 constituit.
2063 2941 2400 2996 Libertatem
2471 2960 2694 3016 quoque
2743 2948 3006 3005 Ecclesiae
3081 2953 3199 3023 lege
3263 2954 3372 3008 lata
3410 2955 3490 3025 (l)

205 3036 977 3099 concessit,ctutlibertate
1043 3039 1429 3096 sacerdotibus
1506 3037 1741 3092 testibus
1807 3038 1992 3092 donati
2047 3038 2252 3092 civium
2317 3040 2693 3097 Romanorum
2763 3061 2995 3102 numero
3051 3050 3492 3113 ascriberentur.

206 3134 344 3199 Qum.
375 3135 560 3188 omnia
601 3143 818 3204 tempus
861 3153 1083 3207 quoque
1117 3138 1298 3207 ipsum
1331 3136 1572 3191 adhunc
1627 3151 1801 3206 usque
1835 3135 2005 3201 diem,
2068 3136 2471 3192 consuetudine
2539 3139 2769 3208 probata
2817 3144 3179 3211 plurimorum
3213 3163 3486 3202 annorum

206 3227 570 3295 praevalente,
614 3232 933 3284 contirmat.
986 3229 1166 3299 Atque
1238 3231 1330 3284 ille
1399 3230 1621 3299 quidem
1670 3246 1867 3301 magno
1907 3229 2093 3285 studio
2118 3230 2266 3298 leges
2298 3231 2566 3300 ejusmodi
2601 3235 2885 3298 condidit,
2915 3238 3079 3292 rebus
3117 3250 3301 3294 autem
3354 3243 3489 3311 ipsi!

203 3326 420 3379 cultum
481 3325 730 3380 divinum
793 3327 990 3382 sedulo
1040 3328 1388 3398 propagavit.
1420 3328 1524 3384 Sed
1575 3341 1627 3384 et
1678 3330 1792 3399 ipsa
1832 3328 2028 3398 religio
2090 3344 2188 3397 per
2245 3329 2483 3398 seipsam
2510 3330 2807 3385 admodum
2831 3334 3024 3403 viguit,
3050 3349 3277 3405 propter
3297 3353 3491 3392 eorum

203 3420 302 3490 qui
338 3435 458 3474 eam
512 3421 771 3475 colebant
839 3421 1160 3476 virtutem:
1214 3421 1360 3492 quod
1456 3424 1613 3478 multi
1679 3425 1860 3479 adhuc
1901 3422 2290 3493 persecutione
2346 3423 2526 3491 sopita
2581 3435 2940 3492 superessent
2999 3429 3368 3484 confessores.
3422 3431 3490 3484 Et

205 3530 412 3588 praeter
451 3535 550 3576 eos
578 3519 669 3572 alii
700 3533 920 3590 quoque
953 3529 1066 3574 tum
1097 3521 1364 3575 exstitere
1395 3537 1591 3590 magna
1660 3521 1831 3591 gloria
1875 3517 2426 3588 honiapostolicique
2489 3519 2618 3583 viri,
2645 3521 2909 3590 Operibus
2943 3525 3107 3580 simul
3139 3534 3195 3580 et
3225 3527 3490 3583 doctrinis

207 3613 373 3668 tidem
430 3612 666 3670 maxime
713 3624 1074 3680 exornantes,
1141 3615 1211 3670 de
1260 3614 1464 3685 quibus
1521 3614 1646 3669 loco
1700 3629 1800 3668 suo
1834 3613 2065 3668 dicetur.

802 3756 1056 3810 ΚΕΦΔΔ.
1075 3754 1213 3811 ΜΖ⁶.

207 3851 420 3917 ὀπως
470 3847 932 3913 Κωνσταντῖνος
981 3849 1050 3902 τὸ
1097 3847 1426 3908 Βυζάντιον
1465 3849 1566 3903 διὰ
1590 3848 1796 3918 μάχης

525 3918 705 3980 ἐλὼν,
731 3918 1095 3984 Βυζαντίους
1129 3919 1471 3973 ἀπέκτεινε.

289 4036 378 4097 Ὦς
405 4035 462 4087 δὲ
499 4035 563 4088 τὰ
593 4034 702 4086 τῶν
729 4033 985 4104 πολέμων
1014 4033 1112 4087 καὶ
1138 4035 1207 4088 τὰ
1241 4035 1384 4088 κατὰ
1408 4035 1507 4104 τὴν
1531 4035 1558 4086 0
1569 4034 1794 4103 ρησκεί-

201 4149 270 4183 αν
299 4129 482 4189 καλῶς
505 4126 702 4196 ἐκείνῳ
729 4123 1073 4197 προύχώρει,
1107 4127 1201 4179 καὶ
1256 4127 1323 4180 τὰ
1366 4129 1465 4194 τῆς
1516 4126 1658 4198 ἑῴας
1702 4127 1796 4180 καὶ

197 4223 466 4291 ἑσπερίου
493 4221 706 4291 λήξεως
730 4221 835 4274 ὑπὸ
860 4223 1025 4291 χεῖρα
1051 4221 1228 4290 τούτῳ
1257 4221 1607 4291 γεγένηνται,
1635 4221 1794 4291 μόνος

197 4331 261 4365 τε
325 4313 690 4381 αὐτοκράτωρ
757 4308 1054 4379 Ῥωμαίων
1128 4311 1529 4380 ἀνηγορεύετο·
1589 4313 1616 4364 ό
1690 4311 1791 4380 μὲν

197 4403 631 4475 Χριστιανισμδς
651 4401 849 4471 ηὔξανε
872 4403 1229 4472 καθημέραν·
1260 4402 1453 4473 βαθεῖα
1498 4403 1556 4458 δὲ
1595 4404 1788 4475 εἰρήνη

198 4503 324 4562 ταῖς
390 4500 742 4567 Ῥωμαῑκαϊς
791 4497 1098 4560 πολιτείαις
1162 4497 1524 4566 ὲπεχωρίαζε.
1549 4497 1787 4566 Θνήσκει

199 4593 304 4663 μὲν
333 4590 496 4644 ὁτῶν
545 4589 710 4642 υἰέων
737 4587 1041 4657 πρώτιστος
1092 4587 1242 4658 αὐτῷ
1289 4589 1566 4657 Κρίσποςο
1624 4589 1788 4652 αὐτὸς

194 4687 255 4738 δὲ
290 4684 582 4750 Καίσαρας
625 4683 754 4744 τοὺς
817 4683 983 4743 ἰδίους
1019 4682 1216 4744 παῖδας
1277 4683 1784 4752 καταστησάμενος,

196 4778 296 4830 καὶ
328 4777 422 4828 τὸν
449 4775 668 4844 πρῶτον
695 4775 1036 4826 Κώνσταντα
1062 4774 1444 4843 παραπέμψας
1474 4776 1539 4843 τῇ
1580 4774 1790 4845 Ῥώμῃ,

196 4874 292 4926 ἐπὶ
325 4873 455 4933 τοὺς
493 4871 827 4935 Βυζαντίους
872 4869 1090 4940 ἐχώρει.
1124 4869 1302 4934 Βύζας
1332 4871 1441 4939 γάρ
1476 4888 1561 4934 τις
1590 4871 1793 4941 Ἕλλην

2367 3751 2530 3822 517
2558 3753 2785 3809 CAPUT
2825 3753 3032 3810 xevn.

1907 3842 1974 3899 Ut
2029 3843 2431 3910 Constantinus,
2465 3844 2722 3921 Byzantio
2766 3846 2903 3921 bello
2935 3859 3143 3921 _cuplo,
3202 3849 3485 3921 Byzantios

2423 3917 2689 3970 occidione
2717 3919 2988 3972 occiderit.

1973 4028 2272 4098 Postquam
2309 4043 2442 4084 vero
2481 4039 2536 4084 et
2566 4030 2696 4085 belli
2731 4041 2788 4086 et
2828 4033 3114 4103 religionis
3152 4051 3242 4090 res
3274 4036 3325 4091 ei
3358 4037 3488 4092 feli-

1901 4119 2041 4174 citer
2086 4132 2511 4188 successerunt,
2557 4121 2801 4178 Orientis
2845 4125 3010 4178 simul
3060 4136 3115 4180 et
3163 4127 3486 4187 Occidentis

1903 4211 2160 4281 regiones
2211 4213 2263 4266 in
2319 4213 2589 4267 ditionem
2640 4217 2759 4286 ejus
2811 4231 3211 4286 pervenerunt,
3249 4231 3310 4276 et
3368 4223 3486 4293 ipse

1897 4304 2050 4357 solus
2095 4304 2473 4360 Romanorum
2510 4308 2811 4376 imperator
2848 4311 3024 4363 factus
3056 4320 3136 4366 est
3160 4352 3176 4378 ,
3209 4312 3486 4368 Christia-

1899 4396 2113 4451 nismus
2161 4398 2216 4451 in
2250 4398 2370 4454 dies
2411 4400 2585 4469 magis
2616 4415 2680 4454 ac
2713 4403 2883 4472 magis
2915 4415 3250 4474 propagatus
3287 4414 3397 4470 est,
3428 4418 3485 4462 et

1897 4504 2003 4556 pax
2031 4491 2324 4558 tranquilla
2360 4506 2456 4559 per
2489 4507 2652 4546 omne
2679 4493 2989 4548 Rmnanum
3020 4497 3312 4564 imperium
3355 4499 3480 4552 fuit.

1898 4579 1965 4635 Et
1995 4592 2109 4635 tum
2143 4583 2368 4652 quidem
2405 4583 2657 4654 Crispus,
2693 4587 2966 4640 maximus
2994 4598 3125 4642 natu
3162 4589 3307 4644 ﬁlius
3336 4592 3478 4660 ejus,

1895 4675 2041 4730 diem
2068 4691 2229 4730 suum
2255 4676 2412 4732 obiit.
2446 4679 2569 4747 lpse
2592 4693 2725 4732 vero
2755 4679 2984 4748 reliquis
3017 4679 3145 4735 ﬁliis
3172 4681 3483 4738 Caesaribus

1897 4765 2098 4832 dictis,
2143 4777 2202 4822 ct
2243 4765 2609 4822 Constantino
2654 4779 2787 4822 natu
2840 4780 2952 4823 tum
2997 4770 3204 4840 tnajore
3246 4771 3477 4826 Romam

1899 4857 2102 4922 misso,
2147 4868 2338 4913 contra
2378 4859 2675 4929 Byzantios
2716 4861 2798 4930 (2)
2847 4870 2932 4916 est
2967 4862 3270 4930 profectus.
3314 4865 3484 4934 Byzas

196 4964 259 5016 ὲν
289 4967 408 5024 ταῖς
436 4931 675 5031 ημέραις
702 4931 1099 5031 Μανασσῆ-τοῦ
1131 4931 1229 5028 τῆς
1282 4931 1544 5024 deuo-aia;
1581 4931 1790 5032 κατὰρο

1901 4964 2140 5017 namquc
2176 4951 2399 5018 quidam
2435 4967 2637 5018 genere
2672 4951 2932 5015 ϐτιεουε,
2983 4955 3329 5023 temporibus
3358 4931 3485 5010 hia-

198 5072 389 5125 κοντος
419 5054 621 5123 μικρὰν
650 5053 806 5106 πόλιν
842 5054 934 5104 ἐπὶ
956 5051 1033 5120 τῷ
1064 5053 1251 5121 οἰκείῳ
1295 5052 1522 5121 ὀνόματι
1581 5053 1791 5120 ἀνεγεί-

199 5166 284 5218 ρει
314 5164 328 5177 ο
391 5146 460 5215 ἠν
513 5145 750 5198 ἔκπαλαι
818 5143 1088 5214 βάρϐαροι
1137 5143 1329 5213 ἄνδρες
1376 5145 1786 5212 κατῳκημένοι,

196 5241 506 5308 αὐτονομίᾳ.
529 5239 623 5291 καὶ
650 5238 942 5308 ἀγριότητι
973 5235 1272 5304 χρώμενοι,
1304 5235 1410 5288 ὑπὸ
1443 5237 1602 5304 χεῖρα
1636 5237 1788 5302 γενέ-

198 5332 330 5384 σθαι
369 5331 664 5398 Ῥωμαίοις
714 5331 1064 5382 παντάπαςιν
1109 5327 1478 5395 ἀπηγόρευον.
1521 5327 1629 5379 Καὶ
1674 5325 1787 5378 τοί-

199 5443 299 5474 νυν
333 5423 473 5490 μετὰ
509 5421 601 5472 τὸν
671 5420 999 5474 Βιθυνιακὸν
1047 5421 1188 5472 κατὰ.
1238 5419 1481 5471 Λικινίου
1531 5418 1787 5484 πόλεμον,

197 5516 297 5580 τῆς
332 5512 701 5582 Νικομηδείας
751 5511 973 5579 ἀπάρας
1012 5511 1040 5560 ό
1083 5510 1513 5569 Κωνστανῖῖνος,
1551 5506 1792 5566 ἐκείνους

198 5613 487 5678 ἐφίστατο.
535 5607 691 5658 Ἐπεὶ
713 5603 756 5656 δ’
787 5606 835 5656 οἱ
871 5602 1162 5665 Βυζάντιοι
1192 5602 1264 5669 μὴ
1298 5599 1390 5650 τὸν
1422 5599 1625 5667 αὐχένα
1675 5597 1792 5650 κλί-

340 5780 352 5839 )
385 5772 446 5824 ῐι.
490 5773 507 5823 ἰ
547 5784 600 5824 ct
627 5774 678 5823 ‘2.
713 5770 775 5822 C.
804 5769 874 5821 De
913 5769 990 5820 liis
1031 5766 1119 5839 qui
1157 5765 1209 5816 in
1250 5768 1429 5819 em’es.
1468 5782 1709 5818 manum.

1895 5056 2073 5095 nassa:
2103 5039 2422 5095 Judzeorum
2455 5045 2602 5111 regis
2633 5043 2827 5098 urbem
2866 5059 3086 5113 parvam
3122 5047 3224 5101 sub
3256 5050 3482 5104 nomine

1893 5150 1996 5188 suo
2028 5137 2376 5198 construxit,
2414 5151 2580 5204 quam
2623 5138 2934 5205 antiquitus
2969 5137 3222 5194 homines
3259 5140 3479 5195 barbari

1893 5227 2235 5290 incolentes,
2283 5237 2574 5296 propterea
2616 5229 2761 5297 quod
2806 5230 2923 5284 suis
2969 5230 3140 5286 libere
3190 5243 3479 5287 uterentur

1891 5320 2126 5390 legibus,
2150 5331 2205 5374 et
2232 5322 2563 5390 agrestiores
2593 5331 2801 5388 essent,
2838 5324 3211 5378 Romanorum
3243 5328 3475 5395 imperio

1893 5414 2165 5482 subjicere
2197 5429 2254 5467 se
2282 5429 2512 5483 prorsus
2544 5426 2869 5469 renueruut.
2901 5415 3087 5485 Itaque
3114 5428 3236 5485 post
3264 5417 3470 5470 bellum

1896 5503 1952 5557 in
2012 5503 2265 5575 Bithynia
2314 5515 2505 5558 contra
2561 5504 2832 5560 Licinium
2869 5517 3119 5578 gestuin,
3157 5508 3478 5562 Nicomedia

1898 5597 2122 5652 solvens
2153 5596 2576 5663 Constantinus,
2616 5600 2818 5654 bellum
2861 5601 2944 5656 eis
2985 5601 3188 5655 intulit.
3231 5601 3474 5670 Byzantii

275 5775 352 5839 (ἰ)
385 5775 446 5824 Ιι.
490 5775 507 5823 Ι
547 5784 600 5824 ct
627 5775 678 5823 ‘2.
713 5775 775 5822 (Ξ.
804 5775 874 5821 De
913 5775 990 5820 his
1031 5775 1117 5836 qui
1157 5775 1209 5816 in
1250 5775 1429 5819 eules.
1468 5782 1709 5845 manum.
2074 5831 2083 5841 _
2371 5833 2381 5843 ι
2513 5834 2522 5842 1

275 5847 351 5915 ('3)
389 5843 662 5910 Oppidum
689 5840 1004 5910 Bymntillm
1036 5838 1216 5889 libene
1245 5840 1594 5904 conditionis,
1617 5847 1777 5891 antea
1819 5834 1994 5905 Lygos
2033 5832 2263 5888 dictum.
2305 5832 2448 5888 Plin.
2489 5832 2585 5887 lib.
2623 5849 2695 5896 tv,
2730 5847 2847 5901 cap.
2894 5833 2979 5886 ll.

411 5949 682 6006 Ριτιιοι..
725 5943 769 6000 ti
787 5961 842 6000 tt.
893 5938 1087 5999 CXLV

3114 5922 3191 5984 Ιιῖ
