4220 6438
261 390 286 456 l
299 395 406 456 39.5

1180 398 1782 460 ECCLESIAST-IC/E
1819 399 2208 460 HISTORIA!
2251 401 2396 464 LIB.
2442 403 2574 464 VII.

3381 399 3516 465 13%

254 506 578 574 ὁδοιπόρων.
626 506 733 558 Καὶ
765 507 901 562 ἄλλα
964 507 1193 562 πλεῖστα
1243 510 1519 582 φιλοτίμῳ
1572 511 1665 566 καὶ
1706 512 1844 580 χειρὶ

1943 510 2111 566 Juxta
2140 511 2282 566 hanc
2310 512 2532 566 ἱππικὸν
2557 527 2655 567 seu
2680 511 2898 588 Circum
2924 519 3238 581 equestrem
3260 511 3521 577 instituit,

256 598 354 648 καὶ
385 596 580 669 γνώμῃ
633 599 1034 669 περιῳκοδόμει
1065 616 1079 629 ⁸
1113 599 1315 668 λοῦτρά
1359 618 1418 653 τε
1471 601 1567 653 καὶ
1632 601 1845 671 κρήνας

252 688 494 754 ἀφθόνου
532 692 626 743 καὶ
657 691 887 754 διειδοῦς
915 692 1178 761 νάματος.
1227 694 1382 745 Ἐπεὶ
1415 693 1472 745 δὲ
1503 695 1630 754 τοὺς
1691 694 1847 745 αὐτό-

257 782 459 848 χθοναις
492 783 836 852 οὐχίκανοῦς
886 780 1028 839 εἶναι
1077 786 1156 855 τῷ
1217 787 1441 854 μεγέθει
1488 789 1585 854 τῆς
1636 786 1846 850 πόλεως

251 875 466 944 ἔκρινε,
502 878 766 946 μεγίστας
788 879 965 940 οἰκίας
993 878 1095 931 ἀνὰ
1144 879 1240 941 τὰς
1272 879 1468 946 ἀγυιὰς
1501 879 1600 947 τῆς
1636 879 1844 940 πόλεως

252 965 536 1035 σποράδην
571 967 814 1038 ἐγείρας,
837 968 1038 1036 ἄνδρας
1087 969 1230 1038 λόγῳ
1263 969 1357 1021 καὶ
1398 968 1613 1038 πλούτῳ
1654 969 1846 1037 διαφα-

246 1057 386 1116 νεῖς,
416 1054 684 1119 δεσπότας
711 1058 941 1112 ἐκείνων
978 1063 1352 1128 καταστήσας,
1385 1059 1684 1129 κατῴκισε,
1716 1060 1844 1122 τοὺς

255 1148 358 1212 μὲν
390 1147 496 1199 ἀπὸ
535 1148 637 1214 τῆς
670 1149 1051 1220 πρεσσντέρας
1099 1152 1339 1222 Ῥώμης,
1375 1153 1502 1215 τοὺς
1551 1152 1608 1205 δέ
1657 1152 1751 1204 καὶ
1786 1151 1845 1216 ἐξ

248 1234 433 1285 ἄλλων
473 1235 668 1290 ἐθνῶν.
705 1239 816 1292 Καὶ
863 1240 1064 1310 φόρους
1109 1242 1235 1302 τοὺς
1292 1241 1392 1312 μὲν
1417 1244 1498 1304 εἰς
1553 1242 1844 1313 οίκοδομὴν

249 1324 363 1373 τῶν
397 1323 655 1386 πολιτῶν,
697 1329 824 1389 τοὺς
843 1328 901 1381 δὲ
937 1330 1017 1390 είς
1063 1329 1369 1399 διατροφὴν
1388 1330 1840 1400 τῶνοίκητὸρων,

249 1415 465 1468 ἅπασιν
507 1418 735 1484 ἀγαθοῖς
769 1420 1123 1488 εὐθηνεῖσθαι
1152 1423 1358 1491 ταύτην
1385 1423 1596 1477 διέθετο
1629 1440 1643 1454 ·
1698 1425 1842 1492 μέγα

248 1524 308 1558 τε
337 1508 728 1580 βουλευτήριον
760 1513 1009 1582 ἤγειρεν,
1038 1514 1066 1566 ὃ
1108 1515 1414 1584 σύγκλητον
1463 1515 1797 1585 ὀνομάζεται
1823 1532 1838 1549 ο

250 1602 348 1651 καὶ
380 1603 508 1655 νέαν
585 1603 808 1674 Ῥώμην
863 1606 959 1658 καὶ
1004 1605 1418 1675 ,βασιλεύουσαν
1472 1609 1614 1660 κατὰ
1674 1608 1843 1676 μηδὲν

247 1694 469 1762 ἐκείνης
499 1695 870 1764 διαφέρουσαν
897 1699 1185 1752 ἀπεκάλει.
1214 1702 1325 1752 Καὶ
1355 1699 1592 1752 ἐπιπολύ
1626 1718 1690 1768 γε
1715 1702 1842 1752 ἐπέ-

245 1787 392 1838 δωκε
411 1790 478 1856 τῇ
513 1805 568 1839 τε
607 1789 886 1860 θεοφιλεία
909 1793 1004 1844 τοῦ
1035 1793 1298 1856 οἰκιστοῦ,
1335 1795 1429 1846 καὶ
1451 1796 1518 1862 τῇ
1558 1794 1665 1847 τῶν
1684 1796 1840 1864 οίκη-

246 1877 428 1942 τύρων
458 1878 730 1950 εὑσεόείᾳ,
763 1857 948 1952 καὶ-τῇ
1005 1882 1136 1950 περὶ
1192 1881 1254 1934 τὸ
1293 1857 1698 1953 χρηστευεσθαι
1745 1857 1843 1935 καὶ
1870 1857 1915 1917 B

249 1969 424 2022 ἐλεεῖν
465 1973 804 2043 συμπαθείᾳ.
824 1975 938 2027 Καὶ
956 1973 1212 2027 τοσοῦτον
1232 1975 1524 2042 ἐπαγωγός
1575 1976 1728 2030 ἐστιν
1758 1978 1840 2040 είς

250 2064 509 2132 Χριστὸν,
534 2065 609 2127 ὡς
631 2065 817 2134 σχεδὸν
853 2068 1065 2129 πάντας
1099 2067 1313 2120 πείθειν
1349 2069 1542 2139 ἱκανὴν
1573 2063 1718 2122 εἶναι
1747 2070 1843 2122 καὶ

265 2157 555 2220 Ἰουδαίους
585 2160 676 2212 καὶ
704 2159 977 2229 Ἕλληνας
1008 2160 1107 2232 τὴν
1140 2162 1286 2214 κατὰ
1327 2163 1567 2231 Χριστὸν
1601 2161 1848 2225 ἀσπάζε-

245 2251 380 2303 σθαι
415 2252 715 2306 πολιτείαν.
753 2255 862 2306 Καὶ
885 2253 1001 2324 δῆτ’
1031 2255 1316 2324 ἀρξαμένη
1364 2259 1426 2308 τὸ
1468 2255 1738 2319 εὐσεϐεῖν,
1770 2257 1847 2307 εί-

243 2343 438 2398 adiam
469 2345 500 2414 ἢ
541 2345 740 2414 βωμῶν
777 2363 836 2400 τε
863 2348 958 2401 καὶ
1005 2347 1210 2400 θυσιῶν
1244 2348 1501 2418 οὐδαμῶς
1549 2349 1844 2419 ἐπειράθη.

250 2437 394 2506 πλὴν
411 2437 510 2490 ἐπὶ
541 2437 637 2491 τοῦ
681 2439 976 2502 δυσσεϐοῦς
1019 2439 1350 2494 Ἰουλιανοῦ·
1412 2442 1553 2510 ὅπερ
1576 2443 1689 2494 οὐδ’
1751 2444 1847 2495 ἐπὶ

244 2530 432 2599 βραχὺ
461 2533 672 2601 προῖὸν,
698 2531 914 2600 ἀπέσϐη
938 2536 1031 2586 καὶ
1062 2533 1415 2602 διερρύηκεν.

1949 614 2004 658 et
2037 605 2284 674 porticus
2317 606 2454 660 duas
2496 607 2681 660 coctili
2718 606 2888 660 latere
2926 607 2983 660 in
3023 621 3178 659 usuin
3223 608 3522 671 viatorum,

1949 699 2006 743 ut
2034 690 2137 744 sub
2179 692 2260 747 eis
2306 693 2691 759 ambularent,
2735 695 2998 764 projicit:
3032 694 3248 764 aliaque
3298 697 3524 765 insuper

1949 782 2120 836 multa
2148 784 2383 839 aedilicia
2415 786 2602 840 animo
2631 786 2796 840 simul
2830 796 2887 841 et
2914 802 3076 839 manu
3105 786 3319 841 liberali
3349 787 3527 841 ambi-

1950 875 2087 930 tiose
2126 874 2485 930 circumcirca
2517 877 2741 931 excitat.
2778 876 2944 931 Addit
2978 877 3219 940 lavacra,
3253 886 3308 932 et
3342 877 3525 932 fontes

1947 971 2297 1040 eopiosarum
2343 979 2413 1026 et
2467 972 2870 1042 pellucidarum
2925 987 3219 1040 aquarum.
3277 971 3343 1026 Et
3395 987 3524 1026 cum

1947 1061 2235 1131 indigenas
2259 1062 2366 1117 loci
2393 1063 2533 1132 ejus,
2569 1062 2935 1132 magnitudini
2969 1071 3132 1118 tanta:
3155 1063 3314 1120 urbis
3341 1063 3524 1116 minus

1945 1153 2195 1209 suliieere
2216 1153 2448 1220 videret;
2480 1155 2629 1210 edes
2657 1155 2924 1210 maximas
2947 1170 3052 1224 per
3082 1156 3292 1224 plateas
3320 1156 3522 1223 passim

1944 1246 2212 1310 exstruit,
2269 1247 2514 1317 virisque
2563 1256 2619 1302 et
2667 1247 2870 1316 Opibus
2913 1256 2970 1302 et
3020 1246 3160 1300 fama
3208 1247 3523 1301 celebribus

1946 1338 2269 1394 iucolendas
2298 1340 2578 1404 attribuit,
2610 1355 2750 1408 quos
2776 1341 2860 1395 vel
2898 1357 2964 1395 ex
3002 1339 3172 1394 veteri
3202 1341 3400 1403 Roma,
3437 1342 3522 1394 vel

1945 1431 2067 1485 aliis
2094 1447 2161 1485 ex
2191 1432 2451 1502 gentibus
2481 1448 2548 1488 eo
2576 1441 2942 1502 peruaserat.
2991 1432 3332 1501 Trihutaque
3366 1444 3420 1486 et
3453 1433 3520 1484 ad

1945 1531 2284 1577 structuram
2331 1523 2575 1588 civibus,
2628 1532 2684 1578 et
2745 1522 2802 1576 in
2847 1524 3106 1578 alimenta
3161 1523 3414 1587 colonis,
3465 1533 3525 1576 ut

1943 1615 2118 1682 copiis
2140 1613 2404 1668 omnibus
2436 1616 2567 1668 urbs
2593 1630 2655 1669 ea
2690 1614 3000 1668 abundaret
3028 1623 3194 1682 atque
3220 1624 3522 1676 cresceret,

1943 1704 2214 1774 designat.
2240 1705 2491 1775 Amplam
2524 1721 2748 1774 quoque
2777 1706 2987 1759 curiam
3023 1705 3237 1759 senatui
3266 1704 3520 1764 aaditicat.

1945 1797 2110 1867 519
2141 1797 2446 1868 urbemque
2480 1798 2654 1867 ipsam
2686 1814 2884 1852 novam
2935 1800 3164 1852 llomatn
3188 1840 3202 1862 ,
3247 1807 3304 1852 et
3348 1798 3523 1866 impe-

1947 1887 2138 1940 rialem
2162 1928 2178 1952 ,
2213 1887 2357 1940 nulla
2396 1901 2456 1941 re
2489 1887 2559 1941 ab
2593 1889 2766 1942 altera
2799 1889 2890 1942 illa
2924 1889 3305 1950 diﬂ‘erentem,
3344 1888 3524 1941 nou-.i-

1943 1988 2059 2032 nat.
2092 1979 2158 2032 Et
2179 1980 2418 2033 maxima
2447 1980 2695 2050 profecto
2722 1982 2814 2035 illa
2843 1983 2991 2051 cepit
3021 1982 3382 2039 incrementa,
3408 1990 3521 2032 tum

1943 2070 2250 2126 conditoris
2289 2073 2494 2140 pietate
2524 2082 2687 2142 atque
2721 2074 2921 2143 insigni
2957 2089 3086 2143 erga
3115 2075 3285 2129 Deum
3313 2087 3522 2131 amore,

1945 2171 2057 2216 tum
2109 2162 2314 2217 civium
2359 2163 2607 2232 ipsorum
2660 2164 2967 2233 religione,
3021 2165 3404 2235 singularique
3452 2165 3522 2216 ad

1945 2255 2343 2326 benignitatem
2405 2267 2463 2311 et
2518 2253 3064 2313 commiserationem
3128 2259 3522 2328 propensiOue.

1943 2348 2118 2403 Tanta
2151 2358 2300 2404 certe
2333 2351 2556 2419 quidem
2598 2352 2648 2406 ei
2684 2351 2825 2407 inest
2853 2352 2920 2405 ad
2957 2351 3441 2422 persuadendum,
3471 2359 3527 2404 et

1944 2441 2011 2495 ad
2039 2442 2242 2496 Christi
2269 2443 2436 2498 iidem
2468 2445 2923 2513 pertralienduln,
2954 2447 3038 2500 vis
3066 2455 3124 2500 et
3152 2446 3432 2507 illecebra,
3465 2455 3526 2498 ut

1943 2549 2140 2589 omnes
2163 2535 2277 2589 fere
2299 2544 2355 2590 et
2372 2535 2594 2591 Judaios
2606 2547 2666 2591 et
2687 2537 2931 2592 Gentiles
2955 2537 3022 2592 ad
3046 2537 3526 2608 complectendum

249 2624 584 2683 Christiana:
618 2630 746 2684 vita:
776 2629 1091 2684 institutum
1131 2629 1359 2685 alliciat.
1395 2630 1467 2684 Et
1495 2646 1562 2685 es
1601 2643 1714 2698 quo
1781 2643 1969 2683 veram
2037 2630 2299 2698 pietatem
2367 2631 2540 2686 semel
2577 2631 2765 2685 colere
2796 2633 2992 2700 eaapii,
3032 2648 3311 2703 nunquam
3380 2645 3528 2695 aras,

250 2718 527 2773 sacriﬁcia
578 2727 636 2774 et
691 2721 901 2774 cultum
994 2721 1422 2776 simulacrorum
1482 2731 1568 2776 est
1653 2729 1902 2788 experta,
1947 2730 2313 2790 prieterquam
2382 2722 2487 2777 sub
2551 2724 2722 2795 impio
2785 2724 3008 2780 Juliauo
3058 2744 3073 2781 :

3143 2742 3265 2795 qua:
3341 2736 3526 2781 tamen

253 2819 471 2875 macula
518 2822 879 2890 pauxillulum
927 2837 1262 2892 progressa,
1308 2821 1498 2876 statim
1563 2819 1830 2875 restincta
1868 2817 2129 2873 dillluxit.

839 2941 1080 2996 ΚΕΦΑΔ.
1126 2940 1261 2996 MO’.

255 3037 399 3102 Περὶ
436 3033 555 3087 τῶν
585 3034 795 3103 ἔργων,
831 3033 1014 3094 ναῶν,
1045 3032 1539 3103 οἰκοδομημάτων
1575 3033 1670 3086 καὶ
1697 3048 1840 3098 στη-

325 3105 456 3158 λῶν
487 3107 581 3158 καὶ
624 3102 810 3158 οΖκων
826 3103 1038 3157 ἄλλων
1061 3142 1078 3169 ,
1111 3103 1153 3157 ἂ
1179 3105 1249 3157 ἐν
1304 3102 1380 3172 τῇ
1434 3107 1611 3158 πόλει
1653 3103 1838 3155 ἔνδον

325 3177 446 3242 ἀνή
455 3193 627 3247 γεψε.

341 3293 430 3356 Ὠς
453 3294 509 3347 δὲ
540 3292 784 3363 νεοπαγῆ
813 3293 970 3346 πόλιν
995 3291 1208 3354 πολλοῖς
1242 3293 1340 3361 μὲν
1365 3291 1460 3346 καὶ
1503 3289 1687 3355 ἀλλοις
1707 3288 1842 3342 ταύ-

253 3405 359 3457 την
381 3387 658 3457 γεραίρων
697 3382 765 3455 ἦν
795 3387 1232 3449 Κωνσταντῖνος,
1267 3384 1552 3454 ἀγάλμασί
1581 3383 1841 3450 τεδιαφό,

251 3499 376 3554 ροις
409 3497 423 3510 ⁶
462 3480 497 3534 ὃ.
531 3481 655 3542 τοὺς
696 3480 967 3547 Ἐλλήνων
1007 3476 1142 3538 νεὼς
1193 3477 1501 3547 καθαιρῶν,
1553 3476 1629 3538 ὡς
1659 3476 1839 3545 ἀμνη-

254 3577 414 3628 στίαν
446 3573 678 3632 ἐκείνως
713 3572 812 3638 τῆς
837 3570 1045 3636 πλάνης
1071 3569 1267 3630 ποιῶν,
1293 3569 1528 3621 ἐνταῦθα
1564 3567 1838 3636 μετετίοει

251 3671 326 3720 τά
357 3667 523 3730 ξόανα
555 3681 567 3693 ·
602 3664 784 3725 λίθους
806 3663 861 3716 δὲ
895 3663 1004 3714 τῶν
1026 3660 1305 3727 διαφανῶν
1336 3662 1432 3714 καὶ¹
1466 3660 1702 3728 ὀρόφους
1744 3659 1840 3710 καὶ

257 3759 540 3818 παστάδας
557 3758 650 3810 καὶ
668 3756 879 3817 κίονας,
913 3756 1008 3806 καὶ
1031 3752 1149 3806 ἀλλ’
1179 3753 1318 3806 ἀττα
1355 3751 1486 3813 θέας
1533 3750 1834 3820 ἠξιωμένα,

253 3855 354 3905 καὶ
391 3851 530 3920 ἔργα
552 3849 720 3920 τέχνῃ
743 3846 843 3915 τὴν
873 3845 1035 3913 φύσιν
1063 3844 1402 3914 μιμούμενα,
1438 3847 1552 3906 τοῖς
1597 3842 1837 3895 ἐνταῦθα

254 3946 570 4014 γινομένοις
605 3942 798 4009 ἀνῆκε.
824 3939 1028 3991 Πολλαὶ
1055 3939 1228 3991 δὲκαὶ
1250 3937 1371 3990 ’τῶν
1407 3938 1617 3988 πόλεων
1634 3934 1709 4004 τῷ
1736 3934 1836 4004 βα-

253 4041 396 4092 σιλεῖ
415 4037 800 4108 χαριζόμεναι,
830 4037 896 4104 τῇ
928 4034 1025 4101 τῆς
1049 4031 1350 4101 θρησκείας
1396 4029 1691 4099 μταὸολῇ,
1735 4046 1836 4081 κα-

252 4131 546 4198 θαιροῦσαι
597 4130 937 4196 ἀνέπεμπον.
998 4125 1087 4178 Ἐν
1120 4126 1176 4178 δὲ
1222 4125 1298 4195 τῷ
1355 4124 1728 4193 ἐπιλεγομένῳ
1780 4123 1837 4184 ἐς

247 4229 416 4296 δεῦρο
439 4222 883 4291 Κωνσταντινείῳ
913 4220 1065 4289 φόρφ
1085 4221 1178 4271 καὶ
1195 4220 1286 4270 τὸν
1318 4216 1633 4287 πορφυροῦν
1677 4217 1837 4287 μέγι-

255 4339 386 4374 στον
421 4320 574 4371 κίονα
590 4317 930 4384 ἀναστήσας,
956 4313 1017 4365 ὃν
1044 4316 1110 4365 ἐκ
1174 4311 1392 4381 Ῥώμης
1424 4312 1683 4381 ἠγάγετο,
1741 4310 1836 4361 ἐπὶ

254 4413 437 4481 τούτῳ
507 4410 599 4463 τὸν
651 4407 848 4461 ἐαυτοῦ
903 4405 1200 4472 ἀνδριάντα
1255 4405 1452 4456 ἀνίστα
1499 4404 1825 4472 πεποιημέ-

256 4528 347 4562 νον
397 4503 602 4575 χαλκοῦ
632 4520 648 4535 ο
693 4505 751 4554 ἐν
799 4495 844 4568 ᾧ
896 4501 992 4553 καὶ
1053 4498 1286 4567 χρύσεον
1340 4499 1510 4567 μῆλον
1575 4499 1834 4566 μέγιστον

1865 3209 1914 3268 C

2507 2938 2736 2997 CAPUT
2769 2939 2956 2997 XLIX.

1947 3029 2022 3084 De
2052 3031 2320 3102 operibus,
2354 3033 2584 3099 templis,
2616 3033 2916 3095 structuris,
2945 3033 3138 3086 statuis
3194 3042 3244 3085 et
3283 3032 3525 3102 adiﬁciis

2265 3101 2387 3156 aliis
2412 3119 2528 3173 qua:
2557 3105 2700 3156 intra
2735 3105 2915 3156 urbem
2955 3105 3236 3157 exstruxit.

2013 3285 2224 3342 Urbem
2255 3299 2426 3355 porro
2455 3299 2652 3340 recens
2679 3284 2988 3348 conditam,
3023 3300 3146 3339 cum
3181 3286 3370 3341 multis
3403 3287 3528 3341 aliis

1947 3379 2234 3433 decoravit
2263 3379 2624 3437 ornamentis.
2670 3386 2784 3430 tum
2825 3379 3098 3447 praecipue
3134 3379 3268 3431 varii
3305 3379 3528 3446 generis

1947 3470 2257 3524 simulacris
2291 3477 2348 3524 et
2379 3472 2578 3524 statuis
2607 3487 2620 3523 :
2663 3485 2802 3539 quas
2836 3485 2900 3522 ex
2932 3469 3242 3524 Gentilium
3285 3471 3525 3539 templis,

1939 3561 2072 3615 ideo
2119 3561 2238 3614 solo
2266 3562 2534 3629 aequatis,
2581 3570 2641 3614 ut
2684 3562 3018 3616 oblivionem
3050 3564 3265 3617 erroris
3305 3563 3415 3618 illis
3449 3566 3531 3617 iu~

1945 3654 2196 3716 duceret,
2240 3653 2349 3719 huc
2383 3654 2684 3708 transtulit.
2733 3654 2829 3708 His
2860 3654 3066 3722 adjecit
3108 3657 3320 3725 lapides
3369 3657 3529 3712 lucu-

1948 3747 2148 3810 lentos,
2175 3757 2454 3800 sectorum
2480 3745 2719 3815 fastigia,
2754 3748 3022 3815 porticus.
3049 3747 3362 3811 columnas,
3390 3749 3528 3802 alia-

1946 3857 2054 3910 que
2111 3858 2459 3912 quaaeuuqne
2510 3843 2827 3912 spectaculo
2877 3845 3042 3913 digna
3096 3855 3306 3899 essent.
3354 3845 3526 3899 Multa

1946 3945 2212 4004 praterea
2242 3952 2411 4005 opera
2442 3946 2560 3991 arte
2598 3947 2852 3990 naturam
2883 3938 3054 4007 ipsam
3084 3940 3423 4001 inundantia,
3455 3940 3525 3991 ad

1945 4045 2006 4084 ea
2041 4046 2168 4096 qua:
2197 4030 2273 4083 ibi
2308 4029 2537 4094 ﬁebant,
2579 4030 2802 4084 aliunde
2837 4046 2904 4084 eo
2934 4031 3109 4086 misit.
3145 4030 3323 4085 Multae
3356 4033 3524 4086 etiam

1945 4123 2112 4176 urbes
2157 4122 2428 4192 religione
2471 4131 2713 4186 mutata,
2752 4123 3079 4192 templisque
3112 4123 3344 4177 deorum
3374 4124 3528 4178 dire-

1946 4216 2094 4283 ptis,
2147 4214 2489 4276 sitnulacra,
2551 4225 2612 4268 ut
2671 4217 3009 4283 imperatori
3054 4215 3527 4285 gratiﬁcarentur.

1943 4308 2483 4377 Constantinopolim
2540 4308 2873 4376 perferenda
2925 4319 3218 4363 curarunt.
3283 4310 3338 4363 In
3407 4310 3528 4364 l'oro

1941 4412 2166 4462 autem,
2222 4401 2370 4468 quod
2426 4417 2576 4455 nunc
2620 4417 2844 4470 quoque
2894 4402 3242 4457 Constantini
3293 4403 3525 4463 dicitur,

1945 4493 2394 4561 porphyreticam
2418 4502 2483 4547 et
2508 4494 2806 4546 maximam
2831 4493 2978 4547 illam
3005 4496 3321 4547 columnam
3354 4495 3527 4548 Roma

254 4605 324 4672 τῇ
352 4570 506 4668 δεξιᾷ
525 4597 770 4665 κατέχων
796 4595 964 4664 χειρὶ,
983 4595 1170 4646 ἐπάνω
1190 4594 1284 4645 τὸν
1312 4594 1491 4661 τίμιον
1515 4593 1837 4661 κατεπήγνυ

1951 4585 2239 4638 advectam
2282 4585 2498 4649 statuit,
2552 4585 2604 4638 in
2655 4600 2764 4654 qua
2809 4594 3049 4638 statuam
3097 4601 3250 4640 suam
3304 4601 3371 4638 ex
3417 4602 3528 4638 a2re

256 4691 518 4758 σταυρὸν,
572 4684 886 4756 ἐπιγράψας
936 4683 1142 4736 ταῦτα·
1177 4684 1298 4742 Σοὶ,
1332 4683 1548 4748 Χριστὲ
1593 4685 1630 4736 ό
1665 4682 1836 4748 Θεὸς,

255 4781 622 4847 παρατίθημι
656 4775 775 4842 τὴν·
821 4775 1006 4828 πόλιν
1027 4773 1477 4838 ταύτην.⁹Δψίσι
1498 4773 1554 4826 δὲ
1583 4775 1837 4841 στερῤαἰς

257 4873 525 4936 τέσσαρσι
547 4866 647 4934 τὴν
669 4863 767 4916 τοῦ
800 4861 996 4914 στύλου
1035 4861 1354 4930 περικύκλῳ
1387 4860 1545 4927 βάσιν
1579 4862 1838 4930 ἑδράσας,

257 4962 524 5016 ὑποκάτω
556 4960 658 5029 τῆς
687 4957 783 5009 τοῦ
816 4956 1012 5010 στόλου
1046 4957 1280 5025 βάσεως,
1324 4957 1451 5017 τοὺς
1486 4955 1553 5024 ιβ’
1586 4957 1842 5023 κοφίνους

263 5059 362 5109 καὶ
400 5056 498 5115 τις
529 5052 572 5114 ζ’
609 5051 901 5120 σπυρίδας,
922 5050 1001 5102 ἔτι
1033 5050 1089 5102 δὲ
1138 5052 1236 5102 xci.
1265 5051 1395 5108 τοὺς
1418 5048 1462 5111 ζ’
1493 5050 1714 5118 ἄρτους,
1747 5047 1843 5110 οὓς

259 5151 513 5215 εῷλογίας
546 5146 888 5209 καταξιώσας
924 5142 1162 5212 Χριστὸς
1201 5144 1267 5195 τὰ
1305 5142 1486 5212 πλήθη
1534 5142 1840 5211 διέθρεψεν.

266 5247 389 5297 Ἔτι
422 5243 474 5294 δὲ
510 5243 605 5294 καὶ
661 5242 759 5308 τὴν
801 5238 895 5291 τοῦ
944 5239 1068 5290 Νῶε
1110 5238 1324 5306 ἀξίνην,
1453 5239 1549 5306 τὴν
1611 5237 1845 5289 κιϐωτὸν

263 5338 614 5404 ἐτεκτήνατο,
641 5334 804 5396 αὑτὶς
835 5333 991 5393 ίδίαις
1014 5334 1200 5400 χερσὶν
1232 5333 1261 5382 ὁ
1287 5332 1542 5400 βασιλεὺς
1559 5330 1636 5398 τῷ
1672 5347 1846 5398 σφρα-

262 5429 491 5495 γιστῆρι
529 5428 804 5493 σημάνας,
837 5425 1097 5476 κατέθετο
1124 5441 1139 5456 ο
1182 5426 1274 5474 καὶ
1299 5423 1393 5474 νῦν
1415 5426 1470 5483 ἐς
1504 5421 1601 5490 ἐμὲ
1633 5424 1699 5491 τῇ
1753 5421 1846 5472 πό-

263 5523 343 5572 λει
395 5519 587 5579 ἄσυλος
620 5519 892 5584 θησαυρὸς
942 5519 1342 5585 παραμένουσι.
1378 5517 1480 5567 Τόν
1511 5533 1570 5581 γε
1615 5517 1720 5583 μὴν
1752 5531 1847 5565 πο-

265 5613 439 5691 ταμὸν
481 5611 721 5680 Ἵστρον,
761 5610 818 5674 ὃς
843 5611 1106 5672 Δάνουὸις
1153 5611 1614 5678 προσηγόρευται,
1650 5606 1848 5670 ζεύξας

339 5746 415 5811 (l)
449 5745 591 5798 Sunt
637 5755 889 5814 auctores
939 5743 1030 5812 qui
1065 5753 1287 5814 propter
1315 5743 1518 5797 malum
1561 5743 1708 5797 istud
1745 5759 1845 5795 au-

268 5831 424 5870 reum
483 5831 510 5868 a
554 5815 749 5869 Turcis
803 5812 1462 5886 Constantinopolitanam
1513 5815 1703 5870 urbem
1741 5814 1849 5867 Au-

271 5902 426 5942 reum
459 5888 660 5943 malum
694 5887 797 5942 dici
831 5894 1044 5956 putant.

1947 4677 2154 4730 factam
2187 4677 2497 4737 collocavit,
2520 4693 2644 4746 qua:
2665 4678 2857 4730 dextra
2882 4693 3048 4730 manu
3076 4677 3269 4747 ingens
3292 4693 3522 4731 aureum

1943 4771 2147 4824 malum
2197 4770 2448 4824 continet
2474 4771 2588 4839 (1):
2644 4779 2810 4840 atque
2865 4770 2970 4837 ipsi
3021 4771 3163 4824 malo
3211 4772 3524 4824 veneranda

1941 4879 2077 4916 crux
2125 4863 2200 4917 ab
2247 4880 2315 4918 eo
2364 4864 2552 4923 intixa,
2603 4879 2730 4916 eum
2793 4864 2883 4916 tali
2942 4863 3307 4932 inscriptione
3344 4883 3356 4917 :
3393 4864 3523 4922 Tibi,

1944 4957 2157 5008 Christe
2222 4956 2358 5008 Deus
2427 4957 2615 5008 urbem
2670 4957 2806 5007 hanc
2891 4957 3222 5009 commendo.
3281 4957 3527 5021 Quatuor

1944 5059 2131 5103 autem
2155 5049 2349 5103 solidis
2384 5048 2667 5116 tiriuisque
2692 5047 2899 5100 absidis
2924 5049 3000 5114 (2)
3033 5048 3256 5115 pulchre
3289 5052 3532 5101 circum-

1947 5141 2093 5194 circa
2130 5141 2244 5194 basi
2289 5141 2557 5194 columnae
2590 5138 2840 5200 fundata,
2871 5139 2971 5192 sub
3007 5155 3070 5192 ea
3103 5140 3217 5207 ipsa
3251 5140 3362 5192 basi
3394 5140 3529 5191 duo-

1947 5236 2124 5288 decim
2169 5233 2436 5302 cophinos
2477 5241 2532 5285 οι
2569 5243 2777 5300 septem
2826 5245 3070 5299 sportas,
3119 5247 3218 5284 nec
3261 5246 3368 5284 non
3402 5233 3525 5283 reli-

1949 5329 2108 5395 quias
2141 5338 2349 5394 septem
2385 5341 2588 5395 panum
2614 5365 2628 5388 ,
2675 5325 2882 5394 quibus
2916 5325 3302 5378 benedictione
3333 5339 3529 5376 conse-

1949 5421 2120 5473 cratis
2143 5419 2400 5470 Christus
2420 5416 2829 5469 multitudiucm
2853 5417 2996 5484 pavit
3023 5435 3034 5469 :
3067 5415 3229 5484 520
3257 5424 3524 5484 prmterea

1950 5513 2233 5566 dolabram
2266 5509 2415 5572 Νοςιδ,
2441 5524 2547 5577 qua
2576 5509 2668 5562 illc
2697 5524 2879 5562 arcam
2910 5508 3243 5569 construxit,
3271 5507 3527 5559 manibus

1952 5606 2071 5673 ipse
2125 5603 2243 5657 suis
2291 5602 2626 5671 imperator,
2671 5601 2849 5671 sigillo
2899 5615 3001 5655 suo
3046 5615 3108 5654 ea
3159 5600 3344 5652 omnia
3381 5598 3528 5650 obsi-

2025 5743 2103 5811 (2)
2147 5761 2163 5793 ι
2221 5740 2279 5794 1η
2315 5742 2496 5794 futuro
2543 5740 2749 5795 Christi
2775 5739 2984 5806 judicio
3029 5755 3128 5793 nec
3173 5737 3378 5792 absida:
3404 5750 3529 5811 gra-

1955 5806 2114 5894 datai,
2145 5825 2246 5955 n)ec
2297 5812 2572 5867 cathedra:
2622 5814 2812 5868 velata:
2856 5811 3286 5866 adhibebuntur.
3329 5826 3346 5858 ι
3391 5806 3523 5877 (Λιι-

1955 5896 2158 5953 gustui.
