4220 6438
226 402 361 466 1329

1145 404 1746 469 ECCLESIASTIC/E
1785 407 2178 469 HlSTOerE
2224 408 2370 469 LIB.
2424 407 2552 471 VII.

3348 399 3505 463 133th

225 522 339 571 ἐκεῖ
398 521 759 591 διεσώθησαν.
821 522 888 575 ’³0
936 522 1075 591 δῆτα
1139 522 1632 592 ἐκτύπωμαξκατά
1684 540 1808 577 τινα

1926 526 2122 595 'egioni
2158 524 2516 580 Sosthenium
2547 520 2833 585 indidisse,
2865 518 3011 589 quod
3045 516 3257 572 scilicet
3290 515 3491 570 robore

224 612 411 679 χρείαν
431 613 460 663 ό
494 611 847 681 πανεὺφημος
879 614 1293 676 Κωνσταντῖνος
1320 612 1475 667 διιὼν
1529 613 1809 683 θεασάμε-

224 721 337 765 νο’,
368 706 478 765 τοῖς
512 705 639 774 περὶ
670 704 832 756 αὑτὸν
863 703 930 757 τὰ
962 704 1061 775 τῆς
1091 706 1303 767 είκόνος
1332 706 1645 776 διήγγελλε.
1691 707 1813 760 Ἐκ-

224 796 467 863 πλαγεὶς
488 796 543 848 δι
578 797 671 849 τὸν
696 797 899 867 χῶρον,
934 796 1009 867 τῷ
1042 797 1195 868 τόπῳ
1221 800 1582 867 παρέμεινεν.
1639 799 1801 852 Ἐπεὶ

224 887 279 938 δέ
309 888 407 940 καὶ
437 887 609 941 ’ὑπνου
634 889 819 943 ἐκάλει
848 889 1059 959 καιρὸς.
1082 892 1357 944 ἐπιστᾶσα
1376 890 1501 960 ὄψις
1539 891 1618 954 είς
1636 890 1811 961 ἐμ.φέ-

228 994 383 1046 ρειαν
412 978 507 1031 τοῦ
541 979 882 1048 ἀγάλματος,
932 980 1079 1050 Ἐγώ
1128 982 1267 1049 ειμι,
1322 982 1529 1047 ἔλεγεν,
1591 981 1812 1035 οὑτωσὶ

228 1069 471 1138 Μιχαὴλ
507 1073 540 1125 δ
601 1071 1081 1142 ἀρχιστράτηγος
1125 1074 1353 1143 Κυρίου
1404 1075 1651 1129 Σαϐαὼθ
1696 1073 1815 1127 τῶν

228 1160 571 1231 δυνάμεων,
609 1165 644 1218 ό
680 1163 793 1233 τῆς
843 1164 1220 1234 Χριστιανῶν
1258 1168 1519 1233 πίστεως
1564 1166 1812 1235 ἔφορος-ο

230 1255 389 1308 ὁκαὶ
440 1259 538 1310 σοί
579 1258 980 1323 συνασπίσας
1016 1256 1169 1311 κατὰ
1200 1257 1319 1311 τῶν
1349 1258 1671 1313 δυσσεϐῶν
1716 1275 1817 1312 τυ-

228 1346 475 1413 ράννων
510 1348 911 1419 ἀνισταμένῳ,
944 1344 1041 1404 οἷα
1068 1348 1146 1416 δὴ
1197 1348 1393 1414 πιστῷ
1432 1350 1530 1403 καὶ
1585 1350 1819 1418 γνησίῳ

230 1438 478 1493 ἐκείνου
518 1442 861 1510 θεράποντι.
894 1442 1213 1512 Διεγερθεὶς
1263 1443 1465 1507 τοίνυν,
1493 1442 1585 1496 τὸν
1642 1442 1821 1511 χῶρον

236 1530 375 1600 πρὸς
402 1532 464 1584 τδ
496 1532 912 1603 εὖσχημότερον
964 1534 1394 1605 μετερῤύθμισε,
1427 1534 1567 1606 πρὸς
1598 1535 1674 1588 ιω
1724 1535 1818 1588 θυ-

236 1625 561 1692 σιαστήριον
608 1622 786 1693 πήξας
839 1622 1098 1695 βασιλικῇ
1171 1624 1268 1677 καὶ
1317 1623 1589 1694 φιλοτίμῳ
1648 1623 1817 1692 χειρὶ,

235 1714 646 1785 ἐπισημότατον
671 1716 734 1784 δὴ
758 1716 997 1786 μάλιστα
1029 1717 1124 1771 καὶ
1145 1717 1330 1778 ἀστοῖς
1358 1716 1454 1770 καὶ
1478 1715 1651 1782 ξένοις
1686 1716 1822 1768 ἀπο-

237 1808 416 1877 φήνας
446 1808 507 1860 τὸ
522 1808 769 1879 τέμενος.
803 1810 1081 1879 Πεποίηκε
1112 1811 1171 1865 δὲ
1202 1810 1335 1864 αὐτὸ
1382 1810 1621 1879 μάλιστα
1652 1811 1824 1876 ἐκφα-

238 1873 498 1949 νέστατον
524 1873 646 1960 ταῖς
672 1896 868 1949 ἑαυτοῦ
897 1873 1245 1966 ἐπιξρανείαις
1275 1898 1305 1950 ό
1352 1873 1819 1968 ἀρχιστράτηγος.
1855 1873 1894 1928 Β

238 1988 434 2051 Οὐδεὶς
461 1988 570 2057 γὰρ
625 1991 952 2061 περιπετείᾳ
981 1990 1154 2061 δεινῇ,
1202 1989 1236 2060 ἢ
1288 1989 1522 2060 ἀφύκτῳ
1565 1989 1821 2059 κινδύνῳ,

238 2080 275 2150 ἢ
307 2080 469 2135 πάθει
491 2081 779 2153 ἀγνώστῳ,
808 2082 839 2153 ἢ
864 2084 958 2136 καὶ
986 2082 1228 2147 ἀνιάτοις
1253 2082 1431 2146 νόσοις
1480 2062 1821 2153 περιπεσὼν,

240 2174 478 2229 ἐνταῦθα
498 2176 798 2248 εὐξάμενος
827 2177 907 2248 τῷ
943 2178 1087 2247 Θεῷ,
1119 2178 1220 2231 οὐκ
1246 2178 1311 2230 ἐκ
1342 2176 1435 2230 τοῦ
1466 2177 1668 2248 ῥᾴστου
1724 2176 1826 2247 τὴν

242 2265 569 2338 ἀπαλλαγήν
613 2268 834 2340 εὕρατο.
871 2268 1146 2340 ’Δκριϐῶς
1197 2269 1293 2320 καὶ
1324 2268 1435 2339 γάρ
1463 2266 1826 2319 πεπίστευται

244 2358 434 2412 ἐνθάδε
465 2358 852 2427 ἐπιφαίνεσθαι
886 2358 1107 2429 Μιχαὴλ
1136 2357 1227 2411 τὸν
1259 2357 1403 2410 θεῖον
1457 2355 1824 2426 ἀρχάγγελον,

248 2451 345 2503 καὶ
376 2450 597 2519 ίάτιμον
623 2449 715 2503 τὸν
742 2449 923 2521 χῶρον
949 2452 1145 2504 ποιεῖν.
1179 2442 1259 2503 Ob
1297 2448 1456 2519 χάριν
1482 2448 1575 2501 καὶ
1608 2446 1828 2515 Μιχαή-

247 2544 365 2595 λιον
398 2544 429 2596 ό
460 2546 625 2607 τόπος
657 2544 770 2606 τοῖς
805 2543 1056 2613 ἀρχαίοις
1087 2542 1399 2611 ὠνόμαστο.
1447 2543 1513 2593 '0
1558 2538 1606 2594 δ’
1632 2539 1830 2593 ἐπυθό-

252 2654 363 2705 μην
391 2635 502 2704 ἐγὼ
525 2638 590 2689 ἐκ
633 2634 866 2689 παλαιοῦ
922 2634 1206 2707 Προὸιανῷ
1238 2634 1570 2703 γεγενῆσθαι
1623 2633 1703 2702 τῷ
1745 2634 1832 2685 ἐν·

251 2729 430 2783 ταῦθα
444 2730 628 2799 χώρῳ,
650 2731 831 2799 ἰατρὸς
850 2730 896 2783 δ’
915 2727 980 2799 ἦν
1009 2722 1166 2792 οὗτος
1184 2727 1299 2782 τῶν
1324 2726 1511 2789 ἐντοῖς
1532 2724 1830 2795 βασιλείοις

254 2822 733 2890 στρατευομένων,
768 2820 898 2891 ἐρῶ.
937 2820 1108 2874 Πάθει
1138 2820 1251 2891 γὰρ
1286 2812 1442 2881 οὗτος
1468 2818 1632 2879 ἀλοὺς
1667 2815 1832 2887 χαλε-

255 2915 344 2982 πῷ
373 2916 553 2968 ποδῶν
580 2914 936 2986 ὀδυνωμένων
988 2913 1160 2984 αὐτῷ,
1205 2914 1283 2984 τῷ
1338 2910 1696 2984 διεστράφθαι
1732 2909 1832 2973 τὰς

254 3009 520 3076 ἁρμονίας
550 3008 727 3079 χρόνῳ
757 3006 957 3077 πολλῷ,
986 3005 1225 3060 ἐνταῦθα
1260 3005 1326 3075 δὴ
1364 3004 1682 3074 γενόμενος,
1711 3001 1833 3073 θείᾳ

258 3104 379 3170 ζψει
409 3100 504 3153 τοῦ
532 3102 733 3165 πάθους
759 3102 954 3155 θᾶττον
986 3100 1360 3170 ἀπήλλακται.
1400 3099 1557 3151 Ἐπεὶ
1587 3097 1631 3150 δ’
1671 3096 1831 3166 ἐλλη-

1914 616 1989 671 ibi
2035 628 2263 688 accepto
2293 618 2431 673 salvi
2479 615 2809 671 evasissent.
2846 613 2981 667 Eam
3028 620 3268 666 statuam
3302 608 3489 662 lauda-

1916 709 2158 764 tissitnus
2188 710 2443 779 princeps
2485 708 2899 769 Constantinus,
2933 721 3056 760 cum
3095 704 3149 758 in
3186 720 3306 758 eam
3337 718 3491 755 oram

1914 803 2231 857 necessaria
2275 802 2344 857 de
2390 816 2551 857 causa
2590 801 2875 856 divertens
2910 798 3158 859 vidisset,
3206 795 3494 850 familiari-

1916 895 2022 950 bus
2049 894 2459 965 comitibusque
2490 892 2607 948 suis
2642 908 2759 947 rem
2792 892 2955 947 talem
2986 889 3244 958 exposuit
3274 905 3289 941 :
3322 887 3497 956 regio-

1915 1001 2155 1056 nemque
2195 1002 2316 1041 eam
2356 1002 2480 1042 cum
2516 996 2744 1054 stupore
2781 982 3106 1045 admiratus,
3145 981 3218 1035 ibi
3268 980 3491 1035 mansit.

1917 1078 2109 1135 Somni
2162 1095 2326 1148 porro
2367 1079 2621 1148 capiendi
2666 1088 2913 1146 tempore
2944 1075 3210 1129 assistens
3240 1072 3316 1127 illi
3358 1072 3506 1125 visio

1917 1177 2115 1223 statua:
2170 1170 2292 1237 ejus
2349 1166 2765 1223 similitudine:
2819 1162 2958 1233 Ego,
3005 1160 3212 1229 inquit,
3260 1158 3334 1211 sic
3383 1175 3499 1210 sum

1917 1260 2147 1314 Michael
2166 1262 2421 1331 magister
2452 1259 2662 1313 militia:
2693 1256 2907 1309 Domini
2944 1252 3182 1307 Sabaoth
3214 1252 3499 1315 virtnzum,

1918 1351 2352 1408 Christianorum
2399 1352 2526 1420 ﬁdei
2570 1360 2751 1413 tutor;
2799 1348 2889 1417 qui
2941 1345 3038 1398 tibi
3085 1354 3273 1398 contra
3314 1343 3501 1408 impios

1920 1454 2178 1516 tyrannos
2216 1445 2577 1516 belligeranti,
2630 1441 2778 1512 ﬁdeli
2817 1448 2866 1495 et
2911 1438 3102 1493 dilecto
3146 1436 3291 1490 illius
3342 1435 3503 1488 mini-

1918 1548 2054 1603 stro,
2081 1537 2374 1592 auxiliaria
2408 1552 2562 1589 arma
2589 1532 2814 1589 contuli.
2843 1531 3032 1598 Itaque
3059 1545 3091 1586 ο
3125 1542 3320 1583 somno
3354 1527 3506 1581 esci-

1923 1638 2094 1695 tatus,
2135 1631 2419 1699 regionem
2449 1642 2573 1682 eam
2611 1624 2983 1697 pulcherrime
3021 1620 3291 1680 excoluit,
3320 1628 3379 1674 et
3408 1632 3505 1672 ara

1924 1722 2220 1791 imperiali,
2275 1720 2678 1791 magniﬁcaque
2733 1734 2901 1773 manu
2951 1726 3008 1772 et
3059 1713 3392 1769 liberalitate
3449 1711 3504 1765 in

1923 1823 2079 1883 parte
2109 1812 2376 1869 Orientali
2409 1820 2752 1875 constructa,
2801 1808 3228 1865 celeberrimum
3278 1804 3331 1859 id
3365 1813 3507 1859 tem-

1924 1908 2076 1979 plum
2110 1906 2331 1962 civibus
2371 1904 2536 1961 simul
2586 1914 2644 1959 et
2691 1902 2923 1959 advenis
2974 1898 3239 1955 reddidit.
3275 1894 3509 1950 Maxime

1927 2013 2107 2059 tamen
2136 2017 2351 2059 sacram
2385 2016 2504 2057 eam
2538 1998 2713 2055 aedem
2753 1995 3204 2068 apparitionibus
3232 1991 3350 2047 suis
3378 1989 3505 2044 illu-

1923 2098 2121 2153 stravit
2180 2093 2566 2164 archangelus.
2615 2090 2814 2145 Nullus
2846 2088 2999 2144 enim
3047 2086 3199 2159 gravi
3247 2080 3511 2154 quopiam

1924 2204 2077 2254 casu,
2107 2196 2203 2243 aut
2233 2185 2575 2242 ineluctabili
2610 2184 2880 2255 periculo,
2912 2191 3010 2237 aut
3051 2177 3378 2250 aegritudine
3420 2174 3510 2228 in—

1925 2281 2167 2351 cognita,
2214 2277 2411 2334 morbo
2455 2277 2694 2346 denique
2729 2273 3022 2329 incurabili
3072 2272 3511 2330 circumventus,

1926 2370 2022 2440 qui
2061 2370 2138 2425 ibi
2172 2370 2346 2426 Deum
2380 2383 2548 2423 orans
2583 2365 2984 2437 imploraverit,
3020 2379 3130 2419 non
3168 2361 3326 2416 facile
3349 2375 3510 2430 opem

1926 2472 1985 2519 et
2009 2461 2277 2517 auxilium
2308 2460 2545 2515 invenit.
2580 2458 2646 2513 Et
2675 2466 2827 2514 certo
2854 2457 2991 2513 satis
3022 2455 3294 2519 creditur,
3324 2453 3514 2508 divum

1931 2552 2249 2609 Ilichaelem
2283 2551 2675 2622 archangelum
2706 2565 2975 2620 apparere
3003 2549 3075 2604 ibi
3099 2548 3344 2613 solitum,
3370 2546 3515 2601 salu-

1933 2646 2155 2702 tilerum
2188 2662 2315 2702 eum
2348 2645 2565 2700 eﬂicere
2613 2644 2797 2699 locum
2835 2662 2849 2698 :
2886 2643 3045 2714 cujus
3096 2642 3174 2696 rei
3213 2640 3409 2712 gratia,
3448 2641 3525 2694 ab

1930 2736 2175 2808 antiquis
2224 2737 2390 2791 etiam
2440 2736 2790 2791 Michaelium
2831 2746 2916 2790 est
2938 2743 3186 2789 vocatus.
3229 2733 3336 2789 Sed
3368 2733 3514 2786 enim

1931 2831 2079 2900 quod
2132 2829 2445 2900 antiquitus
2491 2844 2560 2885 eo
2604 2828 2726 2884 loco
2770 2828 3048 2882 Probiano
3093 2824 3380 2888 accidisse,
3422 2825 3517 2893 qui

1934 2924 2186 2979 medicus
2220 2925 2274 2977 in
2308 2922 2662 2991 imperatoria
2708 2920 2940 2976 cohorte
2990 2918 3266 2982 militavit,
3308 2917 3517 2982 audivi,

1935 3018 2137 3073 dicam.
2170 3015 2344 3072 Gravi
2380 3015 2426 3070 is
2452 3025 2742 3084 correptus
2768 3022 2889 3070 erat
2918 3013 3139 3076 morbo,
3175 3027 3238 3066 ex
3284 3010 3521 3080 pedibus

1935 3110 2229 3164 admodum
2281 3106 2582 3172 laborans,
2627 3106 2915 3183 juncturis
2965 3103 3519 3172 connexionibusque

259 3194 423 3257 ~.-I;'wv
462 3192 530 3245 τὰ
563 3195 809 3262 ἡμέτερα
856 3192 1263 3262 κατησπάζετο,
1284 3192 1356 3243 τά
1396 3190 1500 3260 μὲν
1553 3189 1692 3243 ἀλλα
1737 3188 1830 3258 τῆς

1939 3217 2136 3258 eorum
2177 3202 2342 3271 longo
2388 3211 2635 3271 tempore
2664 3199 2937 3256 distortis.
2981 3198 3253 3254 Caeterum
3297 3196 3521 3265 aegritu-

259 3286 579 3355 θρησκείας,
612 3286 815 3353 ἔλεγεν,
841 3287 1196 3357 ἀμωσγέπως
1228 3285 1431 3338 πιθανά
1460 3301 1523 3351 γε
1558 3277 1700 3335 εἶναι
1745 3281 1831 3332 δο-

261 3380 390 3430 κεῖ·
446 3378 679 3447 ἀπηξίου
732 3395 794 3444 γε
858 3377 965 3447 μὴν
999 3380 1236 3446 πάμπαν
1278 3376 1597 3447 προσίεσθαι
1661 3377 1835 3429 αἴτιον

266 3465 542 3535 σωτηρίας
588 3464 845 3531 γενέσθαι
904 3464 996 3517 τὸν
1052 3465 1196 3518 θεῖον
1268 3465 1524 3533 σταυρὸνθ
1574 3462 1731 3516 Οὕτω
1777 3465 1835 3517 δὲ

262 3559 492 3626 γνώμης
516 3557 695 3626 ἔχοντι
720 3556 1027 3626 σφαλερῶς,
1064 3557 1338 3610 ἐπιστᾶσα
1365 3556 1486 3625 ὄψις
1524 3557 1750 3626 σημεῖόν
1782 3573 1837 3610 τι

261 3652 561 3721 στα-δρικον
616 3650 918 3714 ἐπεδείκνυ,
989 3650 1088 3720 τῆς
1142 3651 1359 3717 ἐκείνης
1413 3649 1710 3722 ἐκκλησίας
1759 3649 1839 3720 τῷ

264 3745 398 3814 ἱερῷ
428 3744 803 3813 θυσιαστηρίῳ
828 3744 1191 3812 ἀνακείμενον
1219 3760 1234 3774 ο
1269 3744 1571 3815 διαρρήδην
1605 3760 1666 3797 τε
1697 3744 1838 3797 ἀπε-

260 3840 510 3915 «salivam,
545 3838 636 3913 ἀφ’
660 3835 721 3892 οὗ
745 3837 981 3909 Χριστὸν
1008 3837 1416 3912 σταυρωθῆναι,
1450 3838 1561 3890 τῶν
1612 3840 1711 3891 ὅσα
1761 3838 1841 3901 εἰς

259 3942 454 4008 ὃνηςιν
485 3938 579 3991 τοῦ
605 3937 715 3989 τῶν
740 3934 1043 4006 ἀνθρώπων
1080 3936 1295 4002 γένους,
1327 3934 1483 4004 κοινῇ
1520 3950 1580 3986 τε
1612 3933 1708 3985 καὶ
1733 3932 1842 4002 ἰδία

260 4034 505 4101 ἐγένετο,
540 4032 710 4102 μηδὲν
742 4048 794 4084 τι
826 4030 982 4093 τέλος
1015 4030 1193 4083 αἴσιον
1236 4030 1389 4099 σχεῖν
1433 4029 1555 4099 δίχα
1602 4028 1699 4097 τῆς
1745 4026 1842 4080 τοῦ

265 4127 565 4196 σεϐασμίου
596 4125 756 4190 ξύλου
784 4124 977 4178 τούτου
1008 4123 1293 4193 δυνάμεως
1323 4123 1447 4192 μήτ’
1478 4123 1537 4175 ἐν
1566 4120 1841 4189 ἀγγέλοις,

268 4221 397 4291 μήτ’
426 4223 482 4272 ἐν
526 4222 637 4280 τοῖς
664 4217 849 4281 καλοῖς
899 4235 959 4270 τε
990 4217 1085 4269 καὶ
1115 4215 1364 4284 ἀγαθοῖς,
1396 4214 1492 4268 καὶ
1533 4214 1677 4276 ὅσοις
1735 4215 1844 4265 τῶν

262 4314 480 4383 ἀνδρῶν
512 4313 571 4365 τὸ
600 4312 845 4379 θεοφιλὲς
899 4310 1349 4380 μεμαρτύρηται.
1394 4307 1455 4360 '0
1492 4308 1550 4361 δὲ
1583 4306 1841 4376 πειθόμε-

266 4423 358 4468 νος
410 4405 798 4474 μετεϐέϐλητο.
859 4403 1044 4456 Ταῦτα
1105 4404 1203 4471 μὲν
1240 4401 1451 4463 οὕτως·
1511 4402 1691 4453 κεῖται
1720 4399 1765 4451 δ’
1814 4403 1846 4477 ῥ

269 4502 451 4569 χῶρος
480 4496 635 4561 οὗτος
670 4500 728 4550 ἐν
766 4496 915 4565 δεξιᾷ
946 4498 1009 4549 ἐκ
1043 4497 1245 4548 ΙΙάντου
1290 4496 1369 4557 εἰς
1402 4491 1845 4546 Κωνσταντινού-

1942 3296 2071 3350 dine
2111 3295 2230 3360 tali,
2260 3294 2479 3349 visione
2513 3292 2703 3347 divina
2740 3293 2796 3346 in
2824 3306 2895 3347 eo
2932 3292 3136 3361 templo
3171 3304 3399 3361 prorsus
3431 3298 3518 3342 est

1942 3389 2227 3444 liberatus.
2283 3386 2385 3442 llic
2432 3402 2621 3456 porro,
2684 3385 2843 3456 quod,
2881 3386 3072 3440 Graeca
3130 3382 3522 3453 superstitione

1944 3481 2212 3544 imbutus,
2243 3478 2311 3533 ad
2358 3478 2733 3533 Christianam
2776 3477 3036 3546 pietatem
3078 3474 3390 3538 transierat,
3417 3473 3523 3526 alia

1945 3573 2169 3644 quidem
2221 3569 2507 3640 religionis
2540 3581 2743 3625 nostra:
2783 3568 3192 3638 quodammodo
3237 3564 3523 3621 credibilia

1945 3675 2111 3736 atque
2149 3662 2461 3734 probabilia
2493 3676 2616 3717 esse
2650 3662 2871 3717 dicebat
2912 3676 2925 3713 :
2964 3661 3125 3731 522
3159 3660 3391 3714 Crucem
3422 3674 3525 3712 au-

1950 3765 2059 3811 tem
2110 3756 2353 3811 divinam
2407 3756 2608 3810 salutis
2653 3770 2877 3809 causam
2930 3771 3089 3821 esse,
3142 3754 3371 3809 omnino
3413 3769 3523 3806 non

1947 3847 2295 3902 admittebat.
2327 3846 2507 3917 Atque
2541 3846 2596 3901 in
2640 3846 2743 3900 hac
2784 3846 2860 3901 illi
2891 3845 3166 3901 sententia
3216 3845 3524 3915 periculose

1946 3941 2080 3995 satis
2110 3939 2502 4009 perseveranti,
2533 3940 2849 4009 archangeli
2898 3940 3033 3993 visio
3059 3942 3348 4000 assistens,
3384 3952 3516 3991 cru-

1950 4037 2030 4092 cis
2061 4035 2302 4104 signum,
2336 4034 2481 4104 quod
2516 4034 2570 4088 in
2600 4050 2757 4088 sacro
2786 4034 3035 4088 ecclesia:
3068 4034 3187 4103 ejus
3217 4032 3377 4085 altari
3409 4034 3523 4085 col-

1951 4130 2188 4183 locatum
2222 4126 2425 4190 fuerat,
2452 4126 2703 4181 exhibuit
2736 4144 2749 4181 :
2779 4127 3111 4188 disertisque
3137 4126 3321 4179 verbis
3345 4134 3531 4179 osten-

1952 4221 2053 4287 dit,
2078 4236 2143 4275 ος
2171 4235 2283 4290 ιιιιο
2314 4228 2560 4289 tempore
2581 4219 2836 4274 Christus
2861 4221 2933 4274 sit
2963 4218 3285 4280 cruciﬁxus,
3318 4217 3527 4271 nullam

1951 4328 2075 4367 esse
2106 4326 2220 4366 rem
2257 4327 2380 4380 qum
2401 4310 2665 4379 opitulari
2699 4310 2888 4380 generi
2922 4311 3165 4364 humano
3197 4308 3447 4377 privatim
3477 4318 3533 4360 et

1954 4407 2194 4476 publico,
2229 4406 2504 4474 linemque
2553 4404 2803 4457 debitum
2849 4414 2906 4457 et
2950 4405 3207 4457 allectum
3241 4402 3531 4469 consequi,

1956 4498 2167 4566 absque
2196 4496 2495 4551 venerandi
2524 4496 2690 4567 hujus
2725 4495 2855 4563 ligni
2890 4496 3091 4548 virtute
3130 4496 3319 4562 pos~it,
3358 4511 3535 4560 neque

272 4592 429 4644 πολιν
462 4590 846 4654 καταπλέοντι,
910 4584 1137 4647 διεστὼς
1189 4588 1266 4655 τῷ
1321 4584 1566 4652 πλωτῆρι
1618 4583 1761 4649 ἀμφὶ
1806 4582 1830 4632 λ

1926 4589 2096 4658 'apud
2132 4590 2379 4658 angelos,
2428 4603 2607 4656 neque
2658 4588 2803 4653 apud
2852 4588 2972 4655 pios
3012 4595 3363 4654 sanctusque,
3415 4587 3506 4652 qui

274 4681 469 4731 στάδια
501 4684 591 4730 καὶ
613 4678 650 4729 ε’
675 4694 688 4708 ⁸
747 4676 1120 4745 ἐϐδομήκοντα
1152 4674 1209 4726 δέ
1240 4674 1335 4725 καὶ
1368 4674 1503 4739 πρὸς
1550 4672 1735 4739 κύκλῳ
1762 4688 1856 4722 πε-

275 4776 569 4847 ρειιδεύοντι
617 4782 707 4825 τον
757 4770 847 4823 διὰ
882 4770 1053 4837 μέσου
1116 4765 1385 4837 πορθμόν.
1448 4764 1561 4833 Τῆς
1630 4765 1753 4831 ἴσης
1799 4763 1856 4815 δὲ

274 4874 498 4939 χάριτος
534 4868 752 4934 μετέχει
788 4866 884 4915 καὶ
913 4865 940 4915 ὁ
974 4862 1033 4913 ἐν
1059 4860 1137 4928 τῷ
1171 4859 1397 4925 ἀνάπλῳ
1427 4857 1521 4909 τοῦ
1582 4856 1858 4925 ἀρχαγγέ-

277 4968 371 5014 λου
401 4961 554 5021 νεώς.
606 4960 669 5010 Ol
695 4958 739 5009 δ’
778 4955 1135 5025 Ἀργοναῦται
1159 4952 1233 5021 τῷ
1262 4950 1504 5019 Εὐξείνῳ
1525 4948 1858 5019 προσϐαλόνο

276 5077 392 5118 τε;,
446 5055 538 5106 τὸν
599 5054 807 5121 Αἰήτην
866 5048 1158 5118 φεύγοντες
1218 5047 1305 5100 διὰ
1368 5046 1430 5098 τὸ
1486 5044 1858 5115 χρυσόμαλλον

278 5152 469 5217 δέρας,
500 5146 561 5198 οὐ
594 5145 685 5197 τὸν
712 5142 874 5195 αὐτὸν
899 5141 1219 5202 ἐπανιόντες
1255 5138 1580 5206 πεποίηνται
1612 5152 1627 5167 ο
1666 5138 1765 5204 τὴν
1801 5136 1857 5186 δὲ

283 5243 427 5309 ὺπὶρ
485 5238 700 5299 Σκύθας
773 5233 1181 5305 περαιωθέντες
1252 5231 1550 5301 θάλασσαν,
1615 5232 1702 5282 διὰ
1751 5228 1859 5280 τῶν

282 5332 411 5401 ῖδξβε
440 5328 726 5397 ποταμῶν,
763 5328 843 5389 εἰς
890 5325 959 5377 τὰ
1011 5322 1230 5377 Ἰταλῶν
1287 5323 1413 5393 ὅρια
1468 5325 1855 5390 παρεγένοντο.

284 5428 460 5480 Ἐνθα
512 5417 1084 5492 παρακεχειμακότες,
1124 5411 1307 5483 Ἶιμον
1362 5414 1665 5482 λεγομένην
1708 5412 1860 5463 πόλιν

281 5524 615 5587 ἀνέστησαν.
648 5513 924 5583 Θέρουςδέ
962 5509 1378 5577 ἐπιγενομένου,
1422 5506 1861 5576 ουμπραξάντων

285 5613 397 5666 τῶν
434 5607 769 5677 ἐπιχωρίων,
806 5606 1073 5675 μηχαναῖς
1106 5618 1249 5655 τισιν
1272 5601 1524 5659 ἕλκοντες
1554 5599 1651 5668 τὴν
1682 5597 1863 5667 Ἀργὼ

280 5705 374 5756 οιά
396 5702 522 5769 γῆς,
567 5700 713 5770 ἀμφὶ
740 5696 1069 5767 τετρακόσια
1091 5695 1281 5747 στάδια
1333 5693 1427 5743 ἐπὶ
1460 5692 1548 5744 τὸν
1596 5694 1860 5759 ποταμὸν,

281 5804 339 5860 ος
382 5796 603 5855 "Anuli;
650 5796 806 5861 ἔσχεν
858 5793 1050 5859 ὄνομα,
1090 5791 1298 5859 ἤγαγον
1330 5804 1341 5817 ·
1376 5786 1433 5849 ὃς
1480 5785 1558 5855 τῷ
1597 5785 1863 5855 ἸΙριῐανῴ

282 5890 603 5964 cup-iisti)“.
655 5888 709 5940 ὐ
744 5885 788 5938 6⁸
827 5882 1111 5953 Ἠριδανὸς
1161 5884 1241 5944 εἰς
1296 5880 1391 5948 τὴν
1450 5880 1586 5934 κατὰ
1625 5878 1859 5941 Ἰταὶοίρς

1960 4697 2177 4750 cunque
2209 4683 2325 4734 veri
2367 4680 2418 4732 in
2459 4682 2629 4734 Deum
2662 4679 2870 4733 amoris
2910 4678 3287 4731 testimonium
3320 4678 3537 4729 obtine--

1964 4783 2106 4839 rent,
2173 4773 2447 4827 homines.
2510 4773 2626 4838 Qua
2687 4773 3044 4841 persuasione
3106 4773 3381 4823 saniorem
3448 4769 3536 4821 ille

1961 4877 2197 4919 mentem
2251 4865 2479 4934 recepit.
2520 4865 2645 4918 llzcc
2695 4866 2981 4918 hactenus.
3016 4864 3121 4916 Ora
3170 4872 3355 4915 autem
3398 4862 3533 4922 lucc,

1960 4959 2028 5011 ad
2079 4958 2326 5011 dextram
2380 4966 2613 5025 partem,
2668 4972 2733 5010 ex
2788 4954 2964 5009 Ponto
2998 4954 3534 5021 Constantitmpolim

1962 5052 2264 5119 naviganti,
2314 5050 2587 5113 crmsistit,
2627 5048 2851 5103 circiter
2898 5047 3071 5100 stadia
3110 5047 3329 5113 triginta
3372 5046 3532 5111 quin-

1962 5158 2067 5207 que
2122 5142 2189 5194 ah
2242 5157 2325 5205 ra,
2382 5140 2656 5193 maritimo
2706 5140 2903 5192 itinere
2960 5156 2971 5189 2
3016 5137 3363 5205 septuaginta
3410 5152 3538 5187 vero

1965 5236 2193 5301 insuper
2241 5233 2475 5301 pedibus
2522 5231 2748 5295 fretum,
2782 5230 2928 5298 quod
2970 5230 3027 5281 in
3066 5229 3249 5281 modio
3282 5238 3386 5291 est,
3424 5228 3537 5279 cir-

1963 5323 2243 5378 emneunti
2277 5324 2507 5375 distans.
2543 5321 2801 5374 Eamdcm
2839 5320 2945 5371 vim
2979 5329 3034 5371 et
3059 5317 3289 5387 gratiam
3321 5332 3538 5385 quoque

1966 5415 2128 5467 habet
2161 5413 2473 5481 archangeli
2522 5412 2839 5475 delubrum,
2891 5410 3039 5478 quod
3095 5411 3146 5462 in
3198 5409 3338 5477 ipso,
3374 5424 3538 5475 quem

1964 5505 2226 5567 tlixinttts,
2266 5504 2498 5571 trajectu
2530 5512 2632 5555 est.
2665 5500 3154 5555 Vcrumenimvero
3185 5498 3534 5564 Argonautae,

1967 5599 2104 5652 utin
2140 5598 2371 5650 l‘ontum
2405 5596 2679 5649 Euxinum
2714 5608 3037 5663 pervenere,
3066 5591 3278 5644 xlietem
3314 5599 3537 5656 pt‘ttplt't'

1967 5694 2142 5746 vellus
2177 5706 2403 5745 aureum
2437 5691 2711 5757 direptum
2743 5687 3035 5755 fugientes,
3078 5701 3183 5737 non
3211 5684 3401 5735 eadem
3432 5697 3536 5748 qua

1966 5787 2121 5855 prius
2156 5785 2238 5837 usi
2270 5794 2429 5837 erant
2463 5783 2831 5850 navigatione,
2873 5781 2923 5832 in
2959 5781 3222 5833 Graeciam
3262 5774 3475 5827 rediere
3525 5790 3535 5824 :

1967 5878 2064 5935 sed
2102 5877 2237 5933 mari
2272 5876 2417 5948 quod
2465 5892 2631 5947 supra
2670 5874 2900 5945 Srythas
2933 5882 3017 5929 est
3052 5869 3395 5932 transmisso,
3440 5880 3535 5935 per
