4220 6438
247 388 272 454 ι
285 392 389 454 325

1163 393 1766 456 ΕΟΟιΕΞῙΛΞΤΙΟΙΕ
1803 394 2192 455 HISTORIA!
2234 396 2380 460 LIB.
2425 398 2558 458 VII.

3365 393 3500 458 1326

240 503 562 572 ὁδοιπόρων.
609 503 717 556 Καὶ
748 504 885 559 ἄλλα
947 504 1177 558 πλείστα
1227 506 1502 578 φιλοτίμῳ
1556 508 1649 562 καὶ
1689 507 1831 576 χειρὶ

1932 505 2095 561 Juxta
2123 506 2266 560 hanc
2293 507 2515 561 ἱππικὸν
2540 521 2640 562 seu
2664 505 2882 583 Circum
2908 513 3222 576 equestrem
3245 505 3504 570 instituit,

243 595 336 645 καὶ
368 593 564 666 γνώμῃ
617 596 1018 666 περιῳκοδόμει
1048 612 1062 625 ⁸
1097 594 1299 665 λοῦτρά
1343 614 1402 649 τε
1455 597 1551 649 καὶ
1617 596 1829 667 κρήνας

240 685 477 753 ἀφθόνου
515 690 609 740 καὶ
640 688 870 752 διειδοῦς
899 689 1163 758 νάματος.
1211 690 1366 742 Ἐπεὶ
1399 688 1456 741 δὲ
1487 690 1614 750 τοὺς
1675 689 1832 741 αὺτό-

245 780 442 847 χοονας
475 780 821 850 οὐχίκανοδς
870 777 1012 836 εἶναι
1061 782 1140 851 τῷ
1202 783 1426 850 μεγέθει
1472 785 1569 851 τῆς
1620 781 1830 845 πόλεως

237 873 450 942 ἔκρινε,
485 875 750 944 μεγίστας
772 875 949 938 οἰκίας
977 874 1080 928 ἀνά
1129 875 1224 937 τὰς
1256 875 1452 942 ἀγυιὰς
1485 875 1585 943 τῆς
1621 874 1828 936 πόλεως

239 963 520 1032 σποράδην
555 964 799 1035 ἐγείρας,
821 965 1023 1032 ἄνδρας
1073 965 1214 1034 λόγῳ
1247 965 1342 1018 καὶ
1383 963 1597 1034 πλούτῳ
1638 965 1830 1032 διαφα-

233 1054 371 1114 νεῖς,
401 1051 668 1117 δεσπότας
697 1055 926 1109 ἐκείνων
962 1059 1338 1124 καταστήσας,
1370 1055 1669 1125 κατῴκισε,
1702 1055 1829 1118 τοὺς

241 1146 343 1210 μὲν
375 1144 481 1197 ἀπὸ
520 1145 621 1211 τῆς
655 1147 1036 1217 πρεσῦυτέρας
1083 1149 1324 1218 Ῥώμης,
1360 1149 1487 1211 τοὺς
1536 1148 1593 1201 δὲ
1642 1148 1736 1200 καὶ
1771 1146 1830 1211 ἐξ

235 1231 418 1284 ἄλλων
457 1233 654 1287 ἐθνῶν.
689 1236 801 1288 Καὶ
849 1237 1049 1307 φόρους
1093 1238 1220 1299 τοὺς
1277 1237 1376 1308 μὲν
1402 1240 1482 1300 εἰς
1537 1238 1829 1308 οἰκοδομὴν

236 1321 348 1371 τῶν
383 1320 640 1384 πολιτῶν,
682 1326 808 1386 τοὺς
829 1325 886 1378 δὲ
921 1327 1002 1387 είς
1048 1325 1354 1394 διατροφὴν
1373 1326 1825 1396 τῶνοίκητόρων,

235 1413 451 1466 ἅπασιν
492 1416 720 1482 ἀγαθοῖς
755 1417 1109 1485 εὐθηνεῖσοαι
1137 1419 1344 1487 ταύτην
1370 1418 1581 1472 διέθετο
1614 1435 1629 1450 ⁸
1683 1420 1828 1487 μέγα

234 1521 295 1556 τε
323 1506 713 1577 βουλευτήριον
745 1510 994 1579 ἧγειρεν,
1023 1510 1052 1562 ὃ
1093 1511 1400 1580 σύγκλητον
1449 1510 1782 1581 ὀνομάζεται
1809 1527 1824 1544 ο

236 1599 333 1648 καὶ
366 1599 494 1652 νέαν
569 1600 794 1671 Ῥώμην
849 1602 944 1654 καὶ
990 1602 1404 1672 ,βασιλεύουσαν
1458 1605 1600 1656 κατὰ
1659 1603 1828 1671 μηδὲν

233 1692 455 1760 ἐκείνης
484 1693 856 1762 διαφέρουσαν
883 1695 1170 1750 ἀπεκάλει.
1199 1697 1310 1749 Καὶ
1341 1694 1577 1748 ὲπιπολύ
1611 1713 1676 1763 γε
1701 1697 1828 1748 ἐπέρ-

231 1785 377 1836 δωκε
397 1787 464 1853 τῇ
498 1802 554 1837 τε
592 1786 872 1857 θεοφιλείᾳ
895 1789 990 1840 τοῦ
1021 1789 1284 1852 οἰκιστοῦ,
1321 1790 1415 1842 καὶ
1438 1792 1504 1858 τῇ
1544 1789 1651 1842 τῶν
1670 1791 1826 1859 οίκη-

232 1875 413 1941 τύρων
440 1851 716 1948 εὐσεϐείᾳ,
749 1851 935 1947 atat-1,15
991 1879 1122 1947 περὶ
1179 1878 1240 1930 τὸ
1279 1851 1684 1949 χρηστείῖιεσθαι
1731 1851 1829 1931 καὶ
1857 1851 1902 1912 Β

235 1967 410 2020 ἐλεεῖν
451 1970 790 2041 συμπαθείᾳ.
810 1972 924 2024 Καὶ
942 1969 1198 2023 τοσοῦτον
1218 1971 1510 2039 ἑπαγωγός
1560 1972 1714 2025 ἐστιν
1744 1973 1825 2034 είς

236 2062 496 2130 Χριστὸν,
520 2062 594 2124 ὡς
616 2062 804 2132 σχεδὸν
840 2064 1051 2126 πάντας
1085 2063 1300 2116 πείθειν
1335 2065 1529 2134 ίκανὴν
1560 2059 1704 2117 εἶναι
1733 2065 1830 2118 καὶ

253 2155 540 2218 Ἰουδαίους
570 2157 663 2208 καὶ
691 2156 964 2226 Ἕλληνας
995 2157 1093 2230 τὴν
1127 2158 1273 2210 κατὰ
1314 2158 1554 2226 Χριστὸν
1588 2156 1835 2220 ἀσπάζε-

231 2249 367 2301 σθαι
402 2250 702 2304 πολιτείαν.
739 2252 849 2302 Καὶ
872 2250 987 2320 δῆτ’
1018 2251 1303 2321 ἀρξαμένη
1351 2255 1413 2304 τὸ
1454 2250 1724 2315 εὐσεϐεῖν,
1756 2252 1833 2302 εί-

230 2340 424 2394 δῶὶων
455 2342 487 2412 ἢ
527 2342 726 2412 βωμῶν
763 2360 824 2396 τε
850 2344 943 2398 καὶ
992 2343 1197 2396 Θυσιῶν
1231 2344 1488 2414 οὐδαμῶς
1536 2344 1831 2415 ἐπειράθη.

237 2433 381 2504 πλὴν
399 2435 497 2488 sui
528 2435 623 2488 τοῦ
667 2436 962 2498 δυσσεϐοῦς
1006 2435 1337 2490 Ἰου).ιανοῦ’
1399 2437 1540 2505 ὅπερ
1562 2438 1676 2490 οὐδ’
1738 2439 1834 2490 ἐπὶ

231 2528 418 2597 βραχὺ
448 2530 659 2598 προϊὸν,
685 2529 901 2596 ἀπέσϐη
925 2532 1018 2582 καὶ
1049 2529 1403 2598 διεῤῥὺηκεν.

1933 610 1988 654 et
2020 599 2268 668 porticus
2301 600 2438 655 duas
2480 601 2665 655 coctili
2702 601 2872 654 latere
2910 600 2967 654 in
3007 615 3162 654 usuin
3208 601 3506 664 viatorum,

1933 694 1990 738 ut
2018 685 2122 739 sub
2163 686 2244 742 eis
2291 687 2675 753 ambularent,
2720 689 2982 758 projicit:
3017 687 3233 758 aliaque
3283 690 3508 758 insuper

1933 777 2104 831 multa
2132 778 2368 834 mdiﬂcia
2401 781 2588 834 animo
2615 779 2780 835 simul
2815 790 2872 834 et
2898 796 3061 833 manu
3089 780 3304 834 liberali
3333 780 3511 834 ambi-

1935 869 2072 925 tiose
2110 869 2469 925 circumcirca
2502 869 2725 925 excitat.
2762 869 2928 925 Addit
2963 871 3204 934 lavacra,
3238 880 3293 925 et
3327 870 3509 926 fontes

1932 967 2282 1036 eopiosarum
2328 975 2398 1021 et
2452 967 2854 1036 pellucidarum
2911 980 3204 1034 aquarum.
3261 965 3327 1020 Et
3381 979 3508 1020 cum

1932 1056 2220 1126 indigenas
2244 1057 2350 1111 loci
2378 1057 2518 1126 ejus,
2553 1056 2921 1126 magnitudini
2954 1065 3117 1111 tantae
3140 1056 3298 1114 urbis
3326 1056 3510 1110 minus

1931 1149 2180 1204 sutlicere
2202 1148 2433 1214 videret;
2465 1149 2614 1204 aedes
2642 1149 2908 1204 maximas
2937 1163 3037 1218 per
3067 1150 3277 1218 plateas
3305 1149 3507 1217 passim

1929 1241 2197 1305 exstruit,
2255 1241 2500 1311 virisque
2548 1251 2604 1296 et
2653 1241 2855 1310 opibus
2897 1250 2955 1296 et
2997 1240 3146 1294 fama
3193 1240 3509 1294 celebribus

1931 1333 2254 1388 iucolendas
2283 1335 2562 1399 attribuit.
2595 1349 2735 1403 quos
2762 1334 2846 1388 vel
2883 1351 2950 1389 ex
2987 1333 3157 1387 veteri
3187 1335 3386 1397 "Roma,
3422 1336 3507 1388 vet

1929 1426 2052 1480 aliis
2080 1441 2146 1480 ex
2177 1427 2436 1497 gentibus
2466 1442 2532 1481 eo
2561 1435 2927 1497 pertraxerat.
2976 1426 3317 1495 Tributaque
3352 1437 3406 1479 et
3439 1426 3505 1478 ad

1930 1525 2269 1572 structuram
2317 1517 2561 1583 civibus,
2613 1527 2670 1572 et
2731 1516 2787 1570 in
2833 1518 3092 1571 alimenta
3147 1517 3400 1580 colonis,
3451 1526 3511 1569 ut

1929 1609 2104 1678 capiis
2126 1608 2388 1663 omnibus
2421 1610 2552 1663 urbs
2578 1624 2640 1664 ea
2676 1608 2986 1663 abundaret
3014 1617 3179 1676 atque
3205 1617 3507 1670 cresceret,

1929 1700 2199 1769 designat.
2226 1699 2476 1770 Amplam
2510 1715 2733 1769 quoque
2763 1700 2973 1753 curiam
3009 1699 3223 1753 senatui
3252 1698 3506 1757 ardilicat.

1931 1792 2096 1862 519
2127 1792 2432 1862 urbemque
2466 1793 2640 1861 ipsam
2672 1808 2870 1846 novam
2920 1793 3150 1846 Romam
3174 1834 3188 1856 ,
3233 1800 3290 1846 et
3333 1791 3508 1860 impe-

1933 1882 2124 1935 rialem
2149 1923 2164 1947 ,
2198 1883 2343 1935 nulla
2382 1896 2442 1935 re
2475 1881 2544 1936 ab
2579 1883 2752 1936 altera
2786 1882 2876 1936 illa
2910 1883 3291 1944 ditl‘erentem,
3329 1881 3510 1934 numi-

1930 1984 2045 2028 uat.
2079 1973 2145 2027 Et
2165 1975 2404 2028 maxima
2433 1974 2681 2044 profecto
2709 1976 2800 2029 illa
2829 1976 2977 2046 cepit
3008 1975 3368 2032 incrementa,
3394 1983 3507 2026 tum

1930 2065 2237 2121 conditoris
2276 2067 2480 2134 pietate
2510 2076 2673 2136 atque
2707 2068 2907 2137 insigni
2944 2083 3072 2137 erga
3101 2067 3272 2122 Deum
3299 2079 3508 2124 amore.

1931 2167 2044 2211 tum
2096 2156 2300 2211 civium
2346 2157 2594 2226 ipsorum
2646 2158 2953 2228 religione,
3007 2159 3389 2228 singularique
3438 2157 3508 2210 ad

1932 2250 2330 2321 benignitatem
2393 2261 2450 2306 et
2504 2249 3050 2306 commiserationem
3115 2252 3508 2322 propensiOue.

1930 2343 2106 2399 Tanta
2137 2352 2287 2399 certe
2320 2345 2543 2414 quidem
2585 2346 2635 2399 ei
2671 2345 2812 2400 inest
2840 2346 2907 2399 ad
2943 2345 3390 2415 persuadendum
3414 2384 3428 2408 ,
3457 2353 3514 2397 et

1931 2436 1998 2490 ad
2026 2437 2230 2491 Christi
2257 2437 2423 2492 tidem
2455 2439 2910 2508 pertraliendum,
2940 2440 3024 2494 vis
3052 2448 3110 2494 et
3139 2439 3418 2501 iHecebra,
3451 2448 3513 2490 ut.

1930 2543 2128 2584 omnes
2150 2529 2264 2584 fere
2285 2539 2342 2584 et
2359 2529 2580 2584 Judaios
2593 2541 2653 2585 et
2674 2531 2918 2586 Gentiles
2942 2531 3009 2585 ad
3033 2531 3513 2601 complectentium

235 2622 572 2681 Christiana:
605 2627 732 2681 vita
763 2626 1078 2681 institutum
1118 2626 1346 2681 alliciat.
1382 2626 1454 2680 Et
1482 2641 1548 2681 ex
1588 2639 1701 2694 quo
1768 2637 1956 2678 veram
2025 2624 2286 2692 pietatem
2355 2625 2528 2680 semel
2563 2625 2752 2679 colere
2784 2627 2979 2694 coepit,
3019 2641 3298 2696 nunquam
3367 2639 3514 2688 aras,

238 2715 513 2771 sacriﬁcia
565 2724 622 2772 et
678 2717 888 2771 cultum
981 2718 1409 2772 simulacrorum
1469 2726 1555 2771 est
1640 2725 1890 2784 experta,
1934 2725 2300 2785 praeterquam
2369 2716 2474 2771 sub
2539 2719 2710 2789 impio
2772 2719 2995 2774 Juliano
3045 2737 3060 2774 :

3130 2736 3252 2789 qua:
3329 2729 3513 2775 tamen

244 2817 458 2873 macula
505 2818 866 2888 pauxillulum
914 2833 1249 2888 progressa,
1295 2817 1485 2872 statim
1551 2815 1817 2871 restincm
1856 2813 2116 2868 dillluxit.

827 2937 1068 2993 ΚΕΦΑΛ.
1113 2936 1249 2992 ΜΘ’.

245 3034 387 3099 Περὶ
423 3031 542 3085 τῶν
573 3031 782 3100 ἔργων,
819 3029 1002 3090 ναῶν,
1033 3028 1527 3100 οἰκοδομημάτων
1563 3028 1659 3100 καί
1684 3044 1828 3100 στη-

313 3098 443 3156 ⁸ἰῶν
474 3105 570 3155 καὶ
603 3098 798 3156 ὀἴκων
814 3100 1025 3154 ἄλλων
1049 3139 1066 3165 ,
1099 3099 1141 3153 ἁ
1167 3101 1237 3154 ἐν
1293 3098 1368 3168 τῇ
1423 3102 1599 3154 πόλει
1641 3099 1825 3151 ἔνδον

314 3174 616 3244 ἀνήγειρε.

329 3291 417 3355 ’ος
440 3291 496 3344 δὲ
528 3289 772 3359 νεοπαγῆ
801 3290 958 3343 πόλιν
983 3288 1197 3351 πολλοῖς
1231 3289 1328 3358 μὲν
1353 3287 1448 3342 καὶ
1491 3285 1675 3350 ἄλλοις
1695 3283 1830 3337 ταύ-

242 3403 346 3454 την
369 3385 646 3455 γεραίρων
685 3379 753 3452 ἦν
782 3383 1221 3446 Κωνσταντῖνος,
1255 3379 1540 3450 ἀγάλμασί
1570 3396 1626 3432 τε
1643 3379 1830 3446 διαφό-

240 3497 364 3551 ροις
397 3495 411 3507 ⁸
451 3477 485 3532 ἃ
518 3479 644 3539 τοὺς
685 3477 956 3544 Ἐλλήνων
996 3473 1131 3534 νεὼς
1182 3473 1490 3543 καθαιρῶν,
1542 3471 1618 3534 ῶς
1649 3471 1828 3540 ἀμνη-

244 3574 402 3626 στίαν
434 3570 667 3630 ἐκείνοις
703 3569 800 3636 τῆς
826 3567 1034 3633 πλάνης
1060 3565 1256 3626 ποιῶν,
1282 3565 1516 3617 ἐνταῦθα
1553 3562 1826 3632 μετετὲοει

241 3668 315 3718 τὰ
345 3665 512 3728 ξόανα
543 3679 556 3691 ο
590 3661 772 3722 λίθους
794 3660 850 3713 δὲ
883 3659 993 3710 τῶν
1015 3656 1294 3724 διαφανῶν
1325 3658 1421 3709 καὶ
1455 3656 1691 3723 ὀρόφους
1733 3655 1828 3706 καὶ

246 3757 528 3816 παστάδας
547 3755 639 3806 καὶ
656 3753 868 3814 κίονας,
903 3753 998 3802 καὶ
1021 3748 1138 3802 ἀλλ’
1167 3748 1306 3802 ἄττα
1344 3747 1474 3809 θέας
1521 3746 1823 3815 ἠξιωμένα,

243 3853 343 3902 καὶ
380 3848 519 3918 ἔργα
541 3846 709 3917 τέχνῃ
731 3843 832 3912 τὴν
862 3842 1024 3910 φύσιν
1052 3840 1391 3910 μιμούμενα,
1427 3842 1541 3901 τοῖς
1586 3837 1826 3891 ἐνταῦθα

244 3944 560 4012 γινομένοις
594 3939 787 4006 ἀνῆκε.
813 3936 1018 3988 Πολλαὶ
1044 3935 1216 3987 δὲκαὶ
1239 3933 1360 3986 ’τῶν
1396 3934 1606 3984 πόλεων
1623 3929 1698 4000 τῷ
1726 3929 1826 3999 βα-

242 4038 384 4091 σιλεί
404 4034 788 4106 χαριζόμεναι,
819 4033 885 4100 τῇ
917 4030 1014 4098 τῆς
1038 4027 1340 4097 θρησκείας
1385 4024 1680 4095 μεταδολῇ,
1724 4041 1826 4076 κα-

241 4129 536 4195 θαιροῦσαι
586 4127 927 4193 ἀνέπεμπον.
987 4122 1076 4174 Ἐν
1109 4122 1166 4174 δὲ
1211 4121 1288 4191 τῷ
1343 4120 1718 4189 ἐπιλεγομένῳ
1769 4118 1826 4180 ἐς

237 4226 406 4294 δεῦρο
428 4219 872 4288 Κωνσταντινείῳ
903 4217 1055 4286 φόρῳ
1075 4217 1167 4268 καὶ
1185 4216 1276 4266 τὸν
1307 4211 1623 4283 πορφυροῦν
1667 4213 1827 4282 μέγι-

245 4337 376 4371 στον
411 4318 564 4368 κίονα
580 4315 920 4381 ἀναστήσας,
946 4309 1006 4362 ὃν
1034 4312 1099 4362 ὲκ
1164 4307 1382 4376 Ῥώμης
1413 4307 1672 4377 ἠγάγετο,
1731 4305 1826 4356 ἐπὶ

245 4411 426 4478 τούτῳ
497 4408 589 4461 τὸν
641 4403 838 4458 ἑαυτοῦ
893 4402 1190 4469 ἀνδριάντα
1244 4401 1442 4451 ἀνίστα
1489 4399 1815 4468 πεποιημέ-

247 4525 336 4560 νην
386 4499 592 4573 χαλκοῦ
623 4517 638 4532 ο
684 4502 741 4551 ὲν
789 4492 834 4565 ᾧ
886 4497 982 4550 καῖ⁹
1043 4495 1275 4564 χρύσεον
1331 4494 1500 4563 μῆλον
1565 4495 1824 4562 μέγιστον

1854 3204 1902 3264 σ

2495 2933 2723 2992 CAPUT
2756 2933 2944 2990 XLIX.

1934 3025 2010 3080 De
2040 3025 2305 3095 operibus,
2342 3028 2572 3093 templis,
2603 3027 2904 3089 structuris,
2932 3026 3126 3080 statuis
3182 3035 3231 3079 et
3271 3025 3512 3095 (adiﬁciis

2252 3096 2375 3151 aliis
2400 3113 2516 3168 qua:
2545 3100 2688 3150 intra
2723 3098 2903 3150 urbem
2942 3098 3224 3150 exstruxit.

2002 3280 2213 3338 Urbem
2243 3294 2414 3350 porro
2443 3293 2639 3334 recens
2667 3278 2976 3342 conditam,
3011 3293 3134 3333 cum
3169 3279 3358 3334 multis
3391 3280 3516 3334 aliis

1936 3374 2222 3429 decoravit
2251 3373 2612 3431 ornamentis,
2658 3381 2772 3424 tum
2813 3373 3086 3441 praecipue
3122 3373 3257 3424 varii
3294 3372 3516 3440 generis

1935 3465 2246 3519 simulacris
2280 3473 2337 3518 et
2367 3466 2566 3518 statuis
2595 3481 2608 3518 :
2652 3479 2790 3533 quas
2824 3479 2887 3516 ex
2920 3462 3230 3517 Gentilium
3273 3465 3514 3533 templis,

1928 3557 2061 3610 ideo
2107 3556 2226 3610 solo
2255 3556 2522 3624 aequatis,
2570 3564 2630 3609 ut
2672 3556 3006 3610 oblivionem
3039 3558 3254 3610 erroris
3294 3557 3404 3611 illis
3437 3559 3519 3610 iu-

1933 3649 2185 3710 ducerct,
2229 3649 2338 3702 huc
2372 3649 2672 3702 transtulit.
2721 3648 2817 3702 llis
2849 3649 3054 3716 adjecit
3098 3650 3308 3718 lapides
3358 3651 3518 3706 lucu-

1937 3742 2137 3805 lentos,
2164 3751 2442 3795 tectorum
2469 3740 2708 3809 fastigia,
2743 3742 3010 3809 porticus,
3038 3741 3352 3805 columnas,
3379 3743 3516 3796 alia-

1935 3851 2043 3906 que
2101 3853 2448 3907 quaacunque
2499 3837 2816 3906 spectaculo
2866 3839 3031 3907 digna
3085 3849 3295 3894 essent.
3343 3839 3514 3892 Multa

1935 3940 2201 3999 praterca
2231 3946 2400 4000 opera
2431 3940 2550 3985 arte
2587 3941 2842 3984 naturam
2871 3931 3043 4001 ipsam
3073 3933 3412 3994 amulantia,
3445 3933 3514 3985 ad

1934 4039 1995 4078 ea
2031 4041 2157 4091 qua:
2187 4026 2262 4078 ibi
2298 4023 2527 4089 ﬁebant,
2568 4025 2792 4078 aliunde
2825 4040 2893 4078 eo
2923 4025 3098 4079 misit.
3135 4024 3313 4078 Multae
3345 4026 3513 4080 etiam

1935 4119 2101 4171 urbes
2147 4117 2418 4186 religione
2461 4125 2702 4180 mutata,
2741 4117 3068 4186 templisque
3102 4117 3334 4171 demum
3363 4118 3518 4172 dire-

1935 4211 2083 4278 ptis,
2137 4209 2478 4271 simulacra,
2541 4220 2602 4262 ut
2660 4211 2999 4277 imperatori.
3043 4209 3517 4279 gratiﬁcarentur.

1933 4303 2473 4372 Constantinopolim
2530 4302 2863 4371 perferenda
2915 4313 3208 4357 curarunt.
3273 4304 3328 4357 In
3396 4303 3518 4357 foro

1931 4406 2156 4456 autem,
2212 4396 2360 4464 quod
2416 4411 2565 4449 nunc
2611 4411 2834 4465 quoque
2884 4396 3232 4450 Constantini
3283 4397 3515 4457 dicitur,

1935 4488 2384 4556 porphyreticam
2408 4497 2474 4542 et
2498 4489 2797 4540 maximam
2821 4488 2968 4541 illam
2995 4490 3312 4541 columnam
3344 4489 3517 4542 Roma

245 4603 314 4670 τῇ
515 4595 760 4662 κατέχων
787 4592 954 4662 χειρὶ,
974 4591 1160 4642 ἐπάνω
1180 4590 1274 4640 τὸν
1303 4590 1482 4656 τίμιον
1505 4588 1827 4656 κατεπήγνυ

1941 4580 2229 4634 advectam
2273 4580 2488 4644 statuit,
2543 4580 2594 4632 in
2646 4595 2755 4648 qua
2799 4589 3039 4632 statuam
3087 4595 3240 4634 suam
3294 4595 3360 4632 ex
3407 4595 3518 4632 aere

248 4689 509 4756 σταυρὸν,
562 4682 876 4753 ἐπιγράψας
926 4679 1132 4733 ταῦτα’
1167 4680 1289 4737 Σοί.
1322 4679 1539 4744 Χριστὲ
1584 4681 1621 4732 ό
1657 4677 1826 4743 Θεὸς,

247 4779 612 4844 παρατίθημι
646 4772 766 4840 τὴν
811 4772 996 4825 πόλιν
1017 4769 1264 4835 ταύτην.
1282 4769 1467 4834 ’Λψίσι
1489 4768 1546 4821 δὲ
1574 4770 1827 4836 στερῤαἰς

249 4870 516 4934 τέσσαρσι
538 4863 638 4932 τὴν
660 4860 757 4913 τοῦ
791 4859 986 4911 στύλον
1025 4857 1345 4927 περικύκλῳ
1378 4855 1536 4924 βάσιν
1570 4857 1829 4925 ἑδράσας,

250 4959 515 5013 ὑποκάτω
547 4957 648 5026 τῆς
678 4954 774 5006 τοῦ
807 4953 1003 5006 στύλου
1037 4953 1270 5021 βάσεως,
1315 4953 1442 5013 τοὺς
1477 4951 1544 5020 ιβ’
1577 4952 1833 5018 κοφίνους

255 5057 352 5107 καὶ
390 5053 489 5112 τὶς
520 5049 564 5112 ζ’
600 5048 891 5117 σπυρίδας,
912 5047 992 5099 ἔτι
1024 5047 1080 5099 δὲ
1128 5048 1227 5099 καὶ
1256 5047 1386 5105 τοὺς
1409 5043 1454 5107 ζ’
1484 5046 1706 5114 ἄρτους,
1738 5043 1834 5106 οὒς

252 5149 504 5212 εὐλογίας
537 5144 879 5206 καταξιώσας
915 5139 1152 5210 Χριστὸς
1191 5140 1258 5192 τὰ
1297 5139 1477 5209 πλήθη
1525 5137 1831 5207 διέθρεψεν.

259 5244 380 5294 Ἔτι
412 5241 465 5291 δὲ
501 5240 597 5291 καὶ
651 5239 750 5305 τὴν
793 5235 886 5288 τοῦ
936 5235 1059 5287 Νῶε
1101 5235 1315 5303 ὀξίνην,
1445 5234 1541 5302 τὴν
1602 5232 1836 5284 κιϐωτὸν

254 5335 606 5402 ἐτεκτήνατο,
633 5331 796 5392 αὑτὲις
827 5329 983 5390 ίδίαις
1005 5331 1192 5397 χερσὶν
1223 5329 1252 5379 ὁ
1278 5328 1534 5396 βασιλεὺς
1551 5326 1628 5394 τῷ
1663 5343 1838 5393 σφρα-

255 5427 482 5493 γιστῆρι
520 5425 796 5490 σημάνας,
829 5421 1088 5473 κατέθετο
1116 5437 1130 5453 ο
1174 5423 1266 5471 καὶ
1291 5420 1384 5471 νῦν
1407 5421 1462 5479 ὲς
1495 5417 1593 5486 ἐμὲ
1625 5420 1691 5487 τῇ
1745 5417 1838 5468 πό-

255 5520 334 5570 λει
386 5517 579 5576 ἄσυλος
612 5515 883 5582 Θησαυρὺς
933 5515 1334 5582 παραμένουσι.
1370 5513 1472 5564 Τόν
1503 5529 1563 5578 γε
1607 5513 1712 5579 μὴν
1743 5527 1838 5561 πο-

258 5610 431 5680 ταμὸν
473 5609 713 5677 Ἴστρον,
753 5607 810 5670 ὃς
833 5607 1097 5669 Δάνουῦις
1145 5607 1606 5674 προσηγόρευται,
1642 5602 1840 5666 ζεύξας

330 5743 407 5808 (l)
441 5743 583 5796 Sunt
629 5752 881 5794 auctores
931 5741 1022 5809 qui
1057 5749 1279 5809 propter
1307 5739 1510 5793 malum
1553 5738 1700 5792 istud
1738 5754 1838 5790 au-

261 5828 416 5867 reum
474 5828 502 5865 a
546 5812 741 5866 Turcis
795 5809 1454 5882 Constantinopolitanam
1506 5811 1696 5865 urbem
1733 5809 1842 5863 Au-

263 5900 418 5939 reum
451 5885 652 5941 malum
686 5884 790 5939 dici
824 5890 1037 5952 putant.

1937 4672 2145 4726 factam
2177 4672 2488 4731 collocavit.
2511 4688 2635 4740 quae
2655 4673 2848 4724 dextra
2873 4687 3038 4724 manu
3067 4671 3259 4741 ingens
3283 4687 3512 4724 aureum

1933 4765 2138 4818 malum
2187 4765 2439 4819 continet
2465 4766 2579 4832 (l):
2635 4775 2801 4834 atque
2856 4765 2960 4831 ipsi
3011 4765 3153 4818 malo
3201 4765 3515 4817 veneranda

1931 4873 2068 4912 crux
2116 4858 2191 4912 ab
2237 4875 2306 4913 eo
2355 4859 2542 4917 inlixa.
2595 4873 2721 4911 cum
2784 4858 2875 4910 tali
2933 4857 3346 4926 inscriptione:
3384 4857 3513 4916 Tibi,

1936 4952 2148 5004 Christe
2212 4951 2348 5003 Deus
2419 4952 2607 5003 urbem
2661 4953 2797 5002 haue
2882 4951 3213 5003 commendo.
3272 4950 3519 5015 Quatuor

1935 5055 2122 5098 autem
2146 5045 2340 5098 solidis
2375 5043 2658 5111 lirmisque
2684 5041 2891 5095 absidis
2915 5043 2992 5107 (Ξ)
3024 5041 3247 5109 pulchre
3280 5045 3523 5094 circum-

1938 5136 2084 5189 circa
2120 5136 2235 5188 basi
2280 5136 2548 5188 columnae
2581 5133 2831 5194 fundata,
2862 5133 2963 5186 sub
2999 5149 3061 5186 ca
3094 5134 3209 5201 ipsa
3242 5133 3354 5186 basi
3385 5133 3520 5185 duu-

1938 5231 2116 5283 decim
2160 5228 2428 5297 cophinos
2468 5237 2524 5280 et
2561 5237 2769 5295 septem
2817 5239 3063 5294 sportas,
3111 5241 3209 5278 nec
3253 5240 3360 5278 non
3393 5226 3516 5276 reli-

1940 5324 2100 5390 quias
2132 5333 2340 5389 septem
2377 5337 2580 5389 panum
2606 5360 2619 5383 ,
2667 5319 2874 5388 quibus
2908 5319 3295 5372 benedictione
3325 5332 3521 5370 conse-

1940 5415 2112 5468 cratis
2134 5413 2392 5465 Christus
2412 5411 2822 5464 multitudincm
2845 5411 3026 5478 pavit:
3059 5409 3221 5478 520
3249 5417 3515 5478 praeterea

1942 5508 2225 5561 dolabram
2258 5505 2407 5567 Nom,
2433 5519 2538 5572 qua
2568 5503 2660 5557 ille
2689 5518 2870 5556 arcam
2903 5503 3236 5562 construxit,
3263 5501 3518 5553 manibus

1944 5601 2063 5669 ipse
2117 5598 2235 5652 suis
2283 5596 2617 5666 imperator,
2663 5595 2842 5666 sigillo
2891 5609 2994 5649 suo
3039 5609 3100 5648 ea
3151 5594 3337 5646 omnia
3373 5591 3520 5643 obsi-

2018 5738 2095 5806 (2)
2139 5756 2156 5788 ι
2213 5735 2271 5788 1η
2307 5737 2489 5789 futuro
2535 5735 2742 5790 Christi
2767 5733 2991 5806 judicio,
3022 5748 3121 5786 nec
3165 5730 3521 5806 absidegra-

1947 5799 2106 5888 datas}
2137 5821 2238 5861 nec
2289 5807 2565 5862 cathedra:
2615 5799 2804 5862 velata:
2849 5805 3278 5859 adhibebuntur.
3321 5819 3339 5851 ι
3383 5799 3515 5870 (Λιι-

1947 5885 2178 5949 gustui.)

1947 5891 2150 5949 gusttu.
