4220 6438
223 400 360 464 1329

1144 403 1743 467 ECCLESlASTIC/E
1784 405 2176 467 HISTORLE
2222 406 2368 467 LIB.
2421 406 2550 469 VII.

3346 398 3501 461 1330*

222 521 336 570 Ξκεί
396 519 758 588 διεσώθησαν.
820 520 887 573 ’0
934 520 1074 589 δῆτα
1136 520 1630 591 ἐκτύπωμαξκατά
1683 538 1807 575 τινα

1924 523 2120 593 'egioni
2157 522 2513 579 Sosthenium
2546 519 2831 583 indidisse,
2863 516 3009 587 quod
3043 514 3254 571 scilicet
3288 513 3489 569 robore

222 610 409 677 χρείαν
429 612 457 661 ὁ
492 609 846 679 πανεύφημος
878 612 1291 673 Κωνστανττνος
1319 611 1474 665 διιὼν
1527 611 1807 681 θεασάμε-

222 720 283 752 νο
302 720 335 764 ·,
366 704 477 762 τοῖς
510 702 638 772 περὶ
668 702 831 754 αὐτὸν
861 701 929 755 τὰ
960 702 1060 772 τῆς
1090 704 1302 766 είκόνος
1331 704 1643 773 διήγγελλε.
1690 705 1811 757 Ἑκ-

222 794 455 861 πλαγεὶς
487 793 542 845 δὲ
577 794 669 847 τὸν
694 795 897 865 χῶρον,
932 794 1008 865 τῷ
1041 795 1193 866 τόπῳ
1219 798 1580 866 παρέμεινεν.
1637 797 1799 850 Ἐπεὶ

222 885 277 936 δὲ
308 886 406 938 καὶ
435 885 607 939 ’ύπνου
633 887 817 941 ἐκάλει
847 887 1058 957 καιρὸς,
1081 890 1356 942 ἐπιστᾶσα
1375 887 1499 957 ὄψις
1538 890 1617 952 είς
1635 888 1809 959 ἐμφέ-

226 992 382 1043 ρειαν
411 976 505 1028 τοῦ
540 977 881 1046 ἀγάλματος,
930 978 1077 1048 Ἐγώ
1127 980 1265 1047 ειμι,
1321 979 1528 1045 ἔλεγεν,
1590 980 1810 1033 οὑτωσί

226 1066 470 1135 Μιχαὴλ
506 1071 539 1123 ό
600 1069 1079 1140 ἀρχιστράτηγος
1124 1072 1352 1140 Κυρίου
1402 1073 1649 1127 Σαϐαὼθ
1694 1070 1814 1125 τῶν

228 1159 570 1229 δυνάμεων,
608 1164 642 1215 ό
678 1161 792 1230 τῆς
841 1162 1219 1231 Χριστιανῶν
1256 1166 1517 1230 πίστεως
1563 1164 1811 1233 ἔφορος·

228 1255 263 1305 ό
284 1252 387 1305 καί
438 1257 537 1308 σοι
578 1256 978 1321 συνασπίσας
1014 1253 1168 1309 κατὰ
1198 1254 1318 1309 τῶν
1347 1256 1670 1311 δυσσεόὦν
1716 1272 1816 1310 τυ-

227 1344 475 1411 ράννων
508 1345 909 1416 ἀνισταμένῳ,
943 1342 1039 1401 ala
1066 1346 1144 1414 δὴ
1195 1346 1391 1411 κιστῷ
1430 1348 1528 1400 καί
1584 1348 1817 1416 γνησίῳ

228 1436 477 1491 ἐκείνου
516 1440 859 1507 θεράποντι.
893 1439 1211 1509 Διεγερθεὶς
1261 1441 1463 1505 τοίνυν,
1492 1441 1584 1493 τὸν
1641 1440 1819 1509 χῶρον

234 1528 374 1598 πρὸς
401 1529 463 1581 τδ
496 1529 911 1602 εύσχημότερον
963 1531 1393 1603 μετερῤύθμισε,
1426 1532 1566 1604 πρὸς
1596 1532 1672 1585 ιω
1722 1534 1817 1586 θυ-

235 1622 559 1689 σιαστήριον
607 1620 784 1689 πήξας
838 1620 1097 1692 βασιλικῇ
1170 1622 1267 1675 καὶ⁸
1315 1621 1587 1691 φιλοτίμῳ
1647 1621 1816 1690 χειρὶ.

234 1712 645 1782 ἐπισημότατον
669 1713 733 1781 δὴ
756 1713 996 1783 μάλιστα
1028 1714 1122 1769 καὶ
1144 1715 1328 1775 ἀστοῖς
1357 1714 1452 1767 καὶ
1477 1712 1650 1779 ξένοις
1685 1713 1821 1766 ἀπο-

236 1805 415 1874 φήνας
444 1806 505 1858 τδ
520 1806 767 1876 τέμενος.
802 1808 1080 1877 Πεποίηκε
1111 1809 1170 1863 δὲ
1200 1807 1334 1861 αὐτὸ
1381 1808 1619 1877 μάλιστα
1650 1809 1822 1874 έκφα-

236 1870 497 1946 νέστατον
523 1870 644 1957 ταῖς
670 1893 867 1947 ἑαυτοῦ
895 1870 1244 1963 Emi-pavebit;
1274 1896 1303 1947 ό
1351 1870 1818 1965 ἀρχιστράτηγος.
1853 1870 1892 1925 Β

237 1985 432 2048 Οὐδεὶς
460 1986 569 2055 γάρ
624 1987 951 2058 περιπετεία
979 1987 1152 2058 δεινῇ,
1200 1986 1234 2057 ἢ
1287 1987 1521 2058 ἀφύκτῳ
1564 1986 1819 2057 κινδύνῳ,

238 2078 273 2149 ἢ
306 2077 467 2133 πάθει
490 2078 778 2150 ἀγνώστῳ,
807 2080 838 2151 ἢ
863 2081 957 2133 καὶ
984 2080 1227 2144 ἀνιάτοις
1251 2080 1429 2143 νόσοις
1479 2059 1820 2150 περιπεσὼν,

239 2172 477 2227 ἐνταῦθα
497 2174 797 2245 εὐξάμενος
826 2175 906 2245 τῷ
942 2175 1086 2245 Θεῷ,
1117 2175 1219 2228 οὐκ
1245 2176 1310 2227 ὲκ
1341 2172 1434 2227 τοῦ
1465 2175 1666 2246 ῥᾴστου
1724 2174 1825 2245 τὴν

242 2262 567 2337 ἀπαλλαγὴν
611 2264 832 2338 εὕρατο.
869 2265 1144 2338 Ἀκριὸὦς
1196 2266 1292 2318 καὶ
1323 2266 1433 2336 γὰρ
1462 2264 1824 2317 πεπίστευται

242 2356 432 2411 ἐνθάδε
464 2355 851 2425 ἐπιφαίνεσθαι
885 2356 1105 2427 Μιχαὴλ
1135 2354 1226 2408 τὸν
1258 2354 1402 2408 θεῖον
1456 2352 1823 2423 ἀρχάγγελον,

246 2449 344 2501 καὶ
375 2447 483 2502 ίάσι
494 2464 596 2516 μον
622 2447 714 2501 τὸν
742 2447 922 2518 χῶρον
949 2450 1144 2502 ποιεῖν.
1178 2440 1258 2501 Ob
1296 2446 1455 2517 χάριν
1480 2445 1574 2499 καὶ
1606 2444 1826 2513 mixed;-

245 2542 364 2592 λιον
397 2542 427 2593 ό
459 2544 624 2605 τόπος
656 2542 768 2603 τοῖς
804 2540 1055 2611 ἀρχαίοις
1086 2540 1397 2609 ὠνόμαστο.
1446 2540 1512 2591 Ὀ
1557 2535 1605 2591 δ’
1630 2536 1829 2591 ἐπυθό-

250 2651 363 2703 μην
390 2633 501 2701 εγὼ
524 2635 588 2687 ὲκ
632 2632 865 2686 παλαιοῦ
921 2632 1205 2704 Προσιανῷ
1238 2632 1569 2701 γεγενῆσθαι
1621 2630 1702 2700 τῷ
1743 2631 1830 2683 ὲν-

248 2727 429 2780 ταῦθα
443 2727 626 2797 χώρῳ,
649 2728 829 2797 ἰατρὸς
849 2728 895 2780 δ’
914 2724 979 2797 ἦν
1008 2719 1164 2789 οὗτος
1183 2724 1298 2779 τῶν
1322 2724 1510 2787 ἐντοῖς
1531 2722 1829 2793 βασιλείοις

253 2820 732 2888 στρατευομένων,
767 2818 896 2888 ἐρῶ.
936 2819 1107 2871 Πάθει
1136 2819 1249 2888 γὰρ
1285 2810 1442 2879 οὗτος
1467 2816 1631 2877 ἀλοὺς
1666 2812 1831 2884 χαλε-

254 2914 344 2980 πῷ
372 2913 553 2966 ποδῶν
579 2912 934 2983 όδυνωμένων
987 2911 1159 2981 αὐτῷ,
1204 2912 1283 2982 τῷ
1337 2908 1695 2982 διεστράφθαι
1731 2906 1831 2971 τὰς

253 3006 518 3074 ἁρμονίας
549 3005 726 3076 χρόνῳ
755 3004 956 3073 πολλῷ,
984 3003 1225 3057 ἐνταῦθα
1259 3003 1325 3072 δὴ
1363 3002 1680 3072 γενόμενος,
1710 2999 1833 3071 θείᾳ

256 3102 378 3167 ὃψει
408 3098 503 3151 τοῦ
530 3100 732 3162 πάθους
757 3100 953 3152 θᾶττον
985 3097 1359 3168 ἀπήλλακται.
1399 3096 1555 3149 Ἐπεὶ
1586 3095 1630 3147 δ’
1669 3094 1830 3163 ἑλλη-

1912 615 1988 668 ibi
2033 625 2261 686 accepto
2291 616 2429 671 salvi
2477 613 2807 670 evasissent.
2844 611 2979 665 Eam
3026 618 3266 664 statuam
3300 606 3487 660 lauda-

1914 707 2156 763 tissimus
2186 709 2441 777 princeps
2484 706 2896 768 Constantinus,
2931 719 3054 758 cum
3093 703 3147 756 in
3184 718 3305 757 eam
3335 716 3489 754 oram

1912 800 2229 855 necessaria
2273 800 2343 855 de
2389 815 2549 855 causa
2589 800 2873 854 diverteris
2908 796 3155 858 vidisset,
3204 794 3491 847 fainiliari-

1914 894 2020 948 bus
2047 893 2457 963 comitibusque
2489 891 2605 947 suis
2641 907 2757 945 rem
2790 890 2953 945 talem
2984 886 3242 956 exposuit
3272 902 3287 939 :
3320 886 3495 954 regiu-

1914 1000 2153 1055 nemque
2194 1001 2314 1040 eam
2354 1000 2479 1040 eum
2514 994 2742 1053 stupore
2779 980 3104 1043 admiratus,
3143 979 3216 1033 ibi
3265 978 3489 1032 mansit.

1915 1077 2107 1133 Somni
2160 1092 2324 1147 porro
2365 1077 2619 1147 capiendi
2665 1086 2911 1144 tempore
2941 1074 3208 1127 assistens
3238 1070 3314 1125 illi
3355 1070 3504 1123 visio

1916 1175 2113 1220 statua:
2169 1167 2290 1236 ejus
2347 1164 2764 1221 similitudine:
2818 1160 2956 1231 Ego,
3004 1159 3209 1228 inquit.
3258 1156 3333 1209 sic
3380 1172 3497 1209 sunt

1916 1258 2145 1312 Michael
2165 1260 2419 1329 magister
2451 1257 2661 1310 militia:
2691 1254 2905 1308 Domini
2942 1250 3180 1305 Sabaoth
3212 1250 3497 1313 vii-tumin,

1917 1349 2350 1406 Christianorum
2397 1350 2524 1418 ﬁdei
2568 1358 2750 1411 tutor;
2797 1346 2888 1415 qui
2939 1344 3036 1397 tibi
3082 1352 3271 1396 contra
3312 1341 3499 1406 impius

1918 1453 2176 1513 tyrannos
2214 1444 2575 1513 belligeranti,
2629 1440 2776 1509 ﬁdeli
2815 1446 2864 1493 et
2909 1436 3099 1491 dilecto
3143 1434 3289 1488 illius
3341 1433 3501 1485 mini-

1916 1546 2052 1600 stro,
2079 1534 2372 1589 auxiliaria
2407 1550 2560 1587 arma
2588 1530 2813 1587 contuli.
2842 1528 3030 1596 itaque
3056 1543 3089 1583 e
3123 1540 3318 1581 somno
3352 1524 3504 1578 exci-

1922 1635 2093 1693 tatus,
2134 1628 2417 1697 regionem
2447 1640 2571 1680 eam
2610 1621 2981 1695 pulcherrime
3019 1618 3289 1678 excoluit.
3318 1625 3376 1672 et
3407 1630 3503 1669 ara

1922 1719 2219 1789 imperiali,
2273 1717 2676 1789 magniﬁcaque
2731 1732 2899 1771 manu
2949 1723 3006 1770 et
3058 1710 3390 1767 liberalitate
3447 1709 3503 1763 in

1922 1821 2077 1881 parte
2108 1810 2375 1866 Orientali
2408 1818 2750 1872 constructa,
2799 1806 3226 1863 celeberrimum
3276 1802 3329 1857 id
3363 1811 3505 1857 tem—

1922 1906 2075 1976 plum
2109 1903 2329 1959 civibus
2369 1902 2535 1958 simul
2584 1912 2642 1957 et
2689 1900 2921 1956 advenis
2972 1895 3238 1953 reddidit.
3273 1892 3507 1948 Maxime

1926 2010 2105 2057 tamen
2135 2015 2349 2057 sacram
2383 2014 2503 2055 eam
2536 1996 2711 2053 aedem
2751 1993 3203 2066 apparitionibus
3230 1988 3348 2045 suis
3376 1987 3504 2041 illu-

1922 2096 2120 2151 stravit
2179 2090 2564 2162 archangelus.
2614 2088 2812 2143 Nullus
2844 2086 2997 2142 enim
3046 2083 3197 2157 gravi
3246 2078 3509 2151 quopiam

1923 2202 2076 2252 casu,
2104 2195 2201 2240 aut
2231 2183 2573 2240 ineluctabili
2609 2182 2879 2253 periculo,
2910 2188 3008 2235 aut
3049 2175 3377 2248 aegritudine
3419 2172 3509 2226 in-

1924 2279 2166 2349 cognita,
2213 2275 2410 2331 morbo
2454 2274 2692 2343 denique
2727 2270 3021 2327 incurabili
3070 2270 3511 2328 circumventus,

1924 2368 2020 2439 qui
2060 2368 2137 2423 ibi
2172 2367 2344 2424 Deum
2378 2381 2547 2421 orans
2581 2362 2982 2435 imploraverit,
3019 2377 3129 2417 non
3167 2359 3325 2414 facile
3347 2372 3508 2427 opem

1925 2471 1983 2516 et
2008 2459 2276 2515 auxilium
2307 2457 2543 2513 invenit.
2578 2455 2645 2511 Et
2674 2465 2827 2512 certo
2853 2455 2989 2510 satis
3021 2453 3293 2517 creditur,
3322 2451 3513 2505 divom

1929 2551 2247 2607 Hicbaelem
2281 2550 2673 2620 archangelum
2705 2562 2973 2618 apparere
3002 2547 3073 2602 ibi
3098 2545 3343 2611 solitum,
3368 2544 3514 2599 salu-

1932 2644 2153 2700 til'erum
2188 2659 2313 2699 eum
2347 2642 2564 2698 efﬁcere
2612 2642 2795 2696 locum
2834 2659 2848 2696 :
2884 2640 3043 2712 cujus
3094 2640 3172 2694 rei
3212 2638 3407 2711 gratia,
3446 2638 3523 2692 ab

1929 2734 2174 2805 antiquis
2222 2735 2389 2789 etiam
2440 2734 2788 2789 Michaelium
2830 2743 2915 2788 est
2937 2741 3184 2787 vocatus.
3228 2732 3335 2787 Sed
3367 2731 3513 2784 enim

1930 2829 2078 2897 quod
2131 2827 2443 2898 antiquitus
2490 2842 2559 2882 eo
2604 2826 2724 2881 loco
2769 2825 3046 2880 l’robiano
3091 2823 3378 2886 accidisse,
3420 2822 3515 2890 qui

1932 2922 2185 2977 medicus
2219 2923 2272 2975 in
2308 2919 2660 2989 imperatoria
2706 2918 2938 2974 cohorte
2989 2916 3265 2980 militavit,
3307 2914 3516 2980 audivi,

1934 3016 2135 3071 dicam.
2169 3013 2343 3069 Gravi
2379 3013 2424 3068 is
2451 3023 2741 3081 correptus
2767 3020 2888 3067 erat
2917 3011 3138 3074 morbo,
3174 3025 3237 3065 ex
3284 3008 3520 3078 pedibus

1934 3108 2228 3162 admodum
2280 3104 2581 3170 laborans,
2626 3104 2914 3181 juncturis
2964 3101 3518 3170 connexionibusque

258 3192 421 3255 »ζων
461 3190 528 3243 τι
561 3192 808 3259 ἡμέτερα
855 3190 1262 3260 κατησπάζετο,
1283 3189 1355 3241 τά
1395 3188 1498 3258 μὲν
1551 3186 1691 3240 ἀλλα
1735 3186 1829 3255 τῆς

1938 3214 2135 3256 eorum
2177 3200 2341 3269 longo
2388 3209 2634 3269 tempore
2663 3197 2936 3254 distortis.
2980 3196 3251 3253 Cancrum
3296 3193 3520 3263 argritu-

258 3284 578 3353 θρησκείας,
610 3284 815 3351 ἔλεγεν,
840 3285 1195 3354 ἀμωσγέπως
1227 3282 1429 3336 πιθανά
1458 3298 1521 3348 γε
1557 3275 1699 3333 εἶναι
1743 3278 1830 3330 δο-

260 3378 389 3428 κεῖ’
444 3376 677 3445 ἀπηξίου
730 3393 793 3442 γε
857 3375 964 3445 μὴν
998 3377 1235 3444 πάμπαν
1277 3374 1595 3444 προσίεσθαι
1659 3374 1834 3427 αἴτιον

264 3463 540 3533 σωτηρίας
587 3462 843 3529 γενέσθαι
903 3462 995 3514 τὸν
1051 3463 1195 3516 θεῖον
1266 3462 1523 3530 σταυρόν,
1573 3460 1730 3514 Οὕτω
1776 3463 1834 3515 δὲ

262 3556 490 3624 γνώμης
514 3555 693 3623 ἔχοντι
718 3554 1026 3623 σφαλερῶς,
1063 3554 1337 3607 ἐπιστᾶσα
1364 3553 1485 3622 δψις
1522 3555 1749 3623 σημεῖόν
1781 3571 1835 3608 τι

260 3650 560 3718 σταυρικὸν
615 3648 917 3711 ἐπεδείκνυ,
988 3647 1087 3718 τῆς
1140 3648 1358 3715 ἐκείνης
1412 3647 1709 3719 ἐκκλησίας
1758 3647 1837 3717 τῷ

261 3742 396 3812 ιερῴ
426 3741 801 3811 θυσιαστηρίῳ
826 3741 1190 3809 ἀνακείμενον
1218 3757 1233 3771 ·
1268 3741 1570 3813 διαρρήδην
1604 3758 1664 3794 τε
1696 3743 1837 3794 ἀπε-

258 3838 508 3913 φαίνετο,
542 3836 634 3911 ἀφ’
658 3833 719 3890 οὗ
743 3834 980 3906 Χριστὸν
1007 3834 1415 3909 σταυρωθῆναι,
1448 3835 1560 3889 τῶν
1611 3837 1710 3888 ὅσα
1760 3836 1840 3899 εἰς

257 3940 452 4005 ὄνησιν
483 3936 578 3989 τοῦ
603 3934 713 3987 τῶν
738 3932 1042 4003 ἀνθρώπων
1078 3933 1293 4000 γένους,
1326 3932 1481 4001 κοινῇ
1519 3947 1579 3984 τε
1611 3930 1706 3983 καὶ
1733 3930 1841 3999 ἰδίᾳ

258 4033 504 4099 ἐγένετο,
539 4030 709 4100 μηδὲν
740 4046 793 4082 τι
825 4028 981 4091 τέλος
1014 4028 1192 4081 αῐσιον
1235 4028 1388 4096 σχεῖν
1431 4026 1554 4095 δίχα
1601 4025 1697 4095 τῆς
1744 4024 1840 4078 τοῦ

262 4125 564 4193 σεϐασμίου
595 4122 755 4188 ξύλου
783 4122 976 4176 τούτου
1006 4120 1291 4191 δυνάμεως
1322 4121 1445 4191 μήτ’
1476 4120 1535 4171 ὲν
1564 4118 1839 4187 ἀγγέλοις,

266 4219 395 4289 μήτ’
425 4221 480 4270 ἐν
524 4219 635 4277 τοῖς
664 4216 849 4279 καλοῖς
898 4233 958 4267 τε
989 4214 1083 4267 καὶ
1114 4212 1363 4282 ἀγαθοῖς,
1394 4212 1490 4265 καὶ
1532 4212 1677 4273 ὅσοις
1733 4212 1843 4263 τῶν

260 4312 479 4380 ἀνδρῶν
510 4310 570 4363 τὸ
600 4309 844 4377 θεοφιλὲς
898 4308 1348 4378 μεμαρτύρηται.
1392 4305 1455 4357 '0
1491 4306 1549 4358 δὲ
1582 4304 1840 4373 πειθόμε-

264 4420 358 4465 νος
410 4402 797 4471 μετεϐέϐλητο.
857 4400 1042 4453 Ταῦτα
1104 4402 1202 4469 μὲν
1239 4398 1450 4461 οὕτως’
1510 4400 1690 4451 κεῖται
1718 4396 1763 4449 δ’
1812 4401 1845 4473 ῥ

267 4498 450 4568 χῶρος
479 4494 634 4558 οὗτος
669 4497 727 4547 ἐν
765 4494 914 4563 δεξιᾷ
945 4496 1008 4546 ὲκ
1042 4495 1243 4545 [liv-ree
1289 4494 1367 4555 εἰς
1400 4488 1844 4543 Κωνσταντινού-

1941 3292 2069 3348 dine
2110 3292 2229 3358 tali,
2259 3292 2479 3347 visione
2512 3290 2702 3346 divina
2739 3290 2795 3344 in
2824 3304 2894 3345 eo
2931 3290 3135 3359 templo
3170 3301 3398 3359 prorsus
3429 3296 3517 3340 est

1941 3387 2226 3441 liberatus.
2282 3384 2383 3440 llic
2432 3399 2619 3454 porro,
2683 3383 2841 3454 quod
2880 3384 3071 3437 Graeca
3128 3380 3521 3451 superstitione

1944 3479 2211 3542 imbutus,
2242 3476 2310 3531 ad
2357 3476 2733 3531 Christianam
2775 3474 3034 3544 pietatem
3078 3472 3389 3536 transierat,
3416 3471 3522 3525 alia

1944 3570 2167 3642 quidem
2220 3567 2506 3638 religionis
2539 3579 2741 3623 nostra:
2782 3566 3191 3636 quodammodo
3236 3562 3521 3619 credibilia

1945 3673 2111 3734 atque
2149 3661 2460 3732 probabilia
2492 3675 2614 3715 esse
2649 3660 2870 3715 dicebat
2912 3674 2924 3711 :
2962 3659 3124 3728 522
3158 3658 3389 3712 Crucem
3420 3672 3523 3709 au-

1948 3763 2058 3809 tem
2109 3753 2351 3808 divinam
2406 3754 2607 3808 salutis
2652 3768 2875 3807 causam
2928 3768 3088 3819 esse,
3141 3752 3370 3807 omnino
3412 3767 3521 3804 non

1946 3845 2294 3900 admittebat.
2326 3844 2507 3915 Atque
2540 3844 2594 3899 in
2639 3844 2742 3898 hac
2782 3843 2859 3898 illi
2890 3843 3165 3899 sententia
3214 3843 3523 3913 periculose

1946 3939 2079 3993 satis
2109 3938 2501 4007 perseveranti,
2532 3938 2847 4007 archangeli
2897 3938 3032 3991 visio
3058 3939 3347 3998 assistens,
3383 3950 3514 3989 cru-

1949 4034 2029 4089 cis
2060 4033 2300 4101 signum,
2334 4032 2480 4102 quod
2515 4032 2569 4085 in
2599 4047 2756 4086 sacro
2785 4032 3033 4086 ecclesia:
3067 4032 3186 4101 ejus
3216 4030 3375 4083 altari
3408 4032 3521 4083 col-

1949 4127 2187 4181 locatunt
2221 4124 2423 4188 fuerat,
2451 4124 2703 4179 exhibuit
2735 4142 2748 4179 :
2779 4125 3109 4185 disci-lisque
3136 4123 3319 4177 verbis
3344 4131 3529 4177 esten.

1951 4219 2051 4284 dit,
2077 4234 2142 4273 ex
2170 4233 2282 4287 quo
2313 4225 2558 4287 tempore
2581 4216 2835 4272 Christus
2859 4218 2931 4271 sit
2961 4216 3283 4278 crueitixus,
3317 4215 3525 4268 nullam

1950 4324 2073 4364 esse
2104 4324 2219 4364 rem
2256 4325 2378 4378 qua:
2401 4308 2664 4377 opitulari
2698 4308 2886 4377 generi
2920 4309 3164 4361 lutinano
3196 4306 3445 4375 privatim
3475 4315 3531 4358 et

1952 4404 2193 4474 publica,
2228 4404 2503 4471 linemque
2551 4402 2801 4455 debitum
2848 4411 2904 4455 ct
2949 4403 3205 4455 ellecttnn
3239 4400 3529 4466 consequi.

1955 4496 2165 4564 absque
2195 4494 2494 4549 venerandi
2524 4494 2688 4565 hujus
2723 4493 2854 4561 ligni
2888 4494 3089 4545 virtute
3128 4494 3317 4560 μιιεκίῑ,
3356 4508 3533 4558 neque

270 4589 428 4641 πολιν
460 4588 845 4652 καταπλέοντι,
909 4582 1136 4645 διεστὼς
1188 4586 1265 4652 τῷ
1319 4581 1565 4650 πλωτῆρι
1618 4580 1760 4647 ἀμφὶ
1804 4580 1829 4630 λ

1924 4586 2095 4655 ’σῃιιιί
2131 4587 2377 4656 angelos,
2427 4601 2606 4654 neque
2656 4586 2801 4651 apud
2850 4586 2970 4653 pios
3010 4594 3361 4652 sanctosque,
3413 4584 3504 4650 qui

272 4678 468 4728 στάδια
500 4680 589 4727 καὶ
611 4675 649 4727 ε’
675 4692 687 4705 ·
746 4674 1119 4743 ἑϐδομήκοντα
1150 4671 1207 4724 δὲ
1239 4672 1333 4723 καὶ
1366 4671 1503 4737 πρὸς
1549 4670 1733 4737 κύκλῳ
1761 4685 1855 4720 πε-

273 4774 569 4845 ριοιδεύοντι
616 4779 706 4823 τὸν
756 4768 847 4821 δια
882 4767 1052 4835 μέσου
1115 4763 1384 4834 πορθμόν.
1447 4761 1560 4831 Τῆς
1629 4763 1752 4829 ἴσης
1798 4761 1855 4813 δὲ

274 4871 497 4935 χάριτος
532 4865 751 4931 μετέχει
788 4863 883 4913 καὶ
913 4862 939 4911 ὁ
973 4860 1032 4911 ὲν
1058 4857 1136 4926 τῷ
1170 4857 1396 4923 ἀνάπλῳ
1426 4854 1519 4907 τοῦ
1580 4854 1857 4923 ἀρχαγγέ-

276 4966 369 5012 λου
399 4959 553 5019 νεώς.
606 4958 668 5008 Ui.
694 4955 739 5006 δ’
777 4952 1133 5022 Ἀργοναῦται
1158 4950 1232 5019 τῷ
1260 4948 1503 5017 Εὐξείνῳ
1522 4946 1857 5017 προσϐαλόν-

276 5074 391 5115 τε;,
446 5052 536 5104 τον
597 5050 807 5117 Αἰήτην
865 5045 1157 5115 φεύγοντες
1217 5044 1304 5097 Eia
1366 5044 1429 5096 τὸ
1486 5042 1857 5112 χρυσόμαλλον

277 5150 467 5213 δέρας,
499 5143 559 5195 ού
592 5142 684 5194 τὸν
711 5139 873 5193 αὑτὸν
898 5138 1217 5199 ἐπανιόντες
1254 5135 1579 5203 πεποίηνται
1611 5150 1626 5165 ο
1664 5136 1764 5202 τὴν
1800 5133 1856 5183 δὲ

283 5241 425 5306 ἐπὶρ
484 5234 699 5297 Σκύθας
772 5231 1180 5301 περαιωθέντες
1251 5228 1549 5298 θάλασσαν,
1614 5229 1701 5279 διὰ.
1750 5226 1858 5278 τῶν

282 5330 409 5398 ῖξβε
438 5325 725 5394 ποταμῶν,
762 5325 842 5386 εἰς
890 5322 958 5374 τὰ
1010 5319 1229 5374 Ἰταλῶν
1286 5320 1411 5390 ὅρια
1467 5322 1854 5387 παρεγένοντο.

284 5426 459 5477 ἰ-Σνθα
510 5414 1083 5489 παρακεχειμακότες,
1122 5408 1306 5481 Ἶιμον
1360 5412 1663 5479 λεγομένην
1707 5410 1859 5461 πόλιν

280 5521 614 5585 α-,έατησαν.
647 5510 923 5581 Θέρουςδε
961 5506 1377 5575 ἐπιγενομένου,
1421 5504 1860 5574 συμπραξάντων

284 5610 396 5662 τῶν
432 5604 767 5675 ἐπιχωρίων,
805 5602 1072 5671 μηχαναῖς
1105 5616 1248 5651 τισιν
1271 5598 1522 5656 ἕλκοντες
1552 5597 1651 5666 τὴν
1681 5595 1862 5665 Ἀργὼ

279 5702 373 5753 ε)ιὰ
394 5699 521 5766 γῆς,
565 5697 712 5767 ἀμφὶ
740 5693 1067 5764 τετρακόσια
1090 5692 1279 5744 στάδια
1333 5691 1426 5741 ἐπὶ
1459 5690 1547 5741 τὸν
1594 5692 1859 5757 ποταμὸν,

280 5800 341 5857 ος
381 5794 603 5852 "Anuli;
648 5793 805 5859 ἔσχεν
857 5790 1048 5856 ὄνομα,
1089 5788 1297 5856 ἦγαγον
1328 5801 1341 5814 '
1375 5784 1431 5845 ῦς
1479 5783 1556 5852 τῷ
1596 5783 1862 5853 Ἰίριῖανῴ

282 5887 603 5961 ευμίέαὶλιι.
654 5885 709 5937 ὐ
743 5882 787 5935 5‘
826 5880 1110 5951 Ἠριδανὸς
1160 5882 1239 5941 εἰς
1295 5877 1390 5946 τὴν
1449 5878 1585 5931 κατὰ
1625 5876 1858 5939 dum;

1959 4694 2176 4747 cunque
2208 4681 2323 4732 veri
2366 4678 2417 4730 in
2458 4679 2628 4732 Deum
2660 4677 2869 4731 amoris
2908 4675 3285 4729 testimonium
3319 4675 3534 4726 obtine

1962 4781 2104 4836 rent,
2172 4771 2446 4825 homines.
2509 4770 2625 4836 Qua
2686 4770 3043 4839 persuasione
3104 4770 3379 4822 saniorem
3447 4767 3535 4819 ille

1960 4874 2195 4918 mentem
2251 4862 2479 4931 recepit.
2518 4863 2643 4917 llzee
2693 4865 2979 4916 hactenus.
3014 4861 3119 4914 Ora
3169 4869 3353 4912 autem
3396 4860 3531 4920 lucc,

1958 4956 2026 5009 ad
2078 4956 2325 5008 dextram
2379 4964 2612 5023 partem,
2666 4970 2732 5007 ex
2786 4952 2962 5007 Ponto
2997 4952 3532 5019 Constantintipolim

1961 5050 2263 5116 naviganti,
2312 5048 2586 5110 consistit,
2627 5045 2850 5101 circiter
2897 5045 3070 5098 stadia
3109 5045 3327 5111 triginta
3370 5043 3531 5109 quin-

1960 5156 2066 5205 que
2120 5140 2188 5192 ab
2241 5155 2324 5203 ca,
2381 5137 2655 5191 maritimo
2704 5138 2901 5190 itinere
2959 5153 2969 5187 :
3014 5134 3360 5203 septuaginta
3408 5150 3536 5184 vero

1964 5234 2191 5300 insuper
2240 5232 2474 5298 pedibus
2521 5229 2746 5293 fretum,
2781 5229 2926 5296 quod
2969 5227 3026 5279 in
3065 5227 3247 5279 medio
3280 5236 3385 5288 cst,
3422 5226 3535 5277 cir-

1962 5320 2242 5375 cumeunti
2276 5322 2505 5372 distans.
2542 5319 2799 5372 liamdent
2837 5317 2943 5369 vim
2978 5327 3031 5369 et
3058 5315 3287 5384 gratiam
3319 5330 3536 5382 quoque

1965 5413 2127 5465 habet
2160 5411 2472 5479 archangeli
2521 5410 2837 5473 delubrum,
2890 5408 3037 5476 quod
3093 5408 3145 5460 in
3197 5407 3336 5474 ipso,
3372 5421 3536 5473 quem

1963 5503 2225 5564 diximus,
2264 5502 2496 5569 trajectu
2528 5510 2631 5553 est.
2664 5498 3152 5552 Verumenitnvcro
3184 5495 3533 5562 Atguuultlat‘,

1966 5608 2024 5649 ut
2051 5597 2103 5648 in
2138 5596 2370 5648 l‘ontum
2404 5594 2677 5647 Euxinum
2712 5606 3035 5661 pervenere,
3066 5588 3277 5642 zl'letem
3313 5596 3533 5654 pt'ttplt‘t‘

1966 5692 2141 5744 vellus
2176 5704 2402 5742 aureum
2436 5689 2710 5755 direptum
2741 5685 3034 5753 fugientes,
3076 5699 3181 5735 non
3210 5681 3399 5733 eadem
3431 5694 3534 5745 qua

1966 5784 2120 5852 prius
2155 5783 2237 5835 usi
2269 5792 2428 5835 erant
2462 5781 2830 5848 navigatione,
2872 5779 2922 5830 iu
2957 5778 3221 5831 Grmeiatn
3260 5772 3473 5825 rediere
3523 5787 3533 5821 :

1966 5876 2063 5933 sed
2100 5874 2236 5931 mari
2270 5874 2417 5945 quod
2464 5890 2630 5945 supra
2668 5872 2898 5943 Scythas
2931 5880 3015 5926 est
3050 5868 3393 5930 transmisso,
3438 5878 3533 5932 per
