4220 6438
647 309 785 379 1331

1433 300 1850 368 NICEPIIORI
1888 311 2238 389 CALLISTI
2281 314 2486 375 ECCL.
2526 318 2724 379 HlST.
2756 320 2901 382 LIB.
2936 321 3073 383 VII.

3761 327 3906 394 1332

647 428 875 484 ﬂumina
897 445 1015 500 quze
1038 429 1113 486 lbi
1141 441 1270 486 sunt
1291 432 1356 488 ad
1374 433 1540 490 Italiae
1566 435 1702 493 lines
1727 439 1985 508 appulere
2017 458 2032 495 :
2061 448 2225 510 atque
2255 445 2301 502 Δ
2327 439 2535 494 θάλασσ

2327 439 2605 494 θάλασσαν
2630 441 2729 505 τὰς
2755 441 2983 504 ἐκϐολὰς
3019 441 3154 512 ἔχει.
3195 442 3380 497 Ταῦτα
3414 445 3512 511 μὲν
3542 443 3738 506 οὕτως.
3777 445 3902 497 Μυ-

644 519 718 572 ibi
750 519 1142 591 hybernantes,
1180 523 1372 577 Emum
1407 524 1486 590 (5)
1525 525 1787 594 oppidum
1822 528 2214 585 condiderunt.

647 608 857 665 [Estate
889 611 1088 667 deinde
1120 615 1389 681 proxima,
1421 616 1808 687 adjuvantibus
1835 621 1956 690 ejus
1979 621 2220 692 regionis

643 702 862 768 incolis,
897 706 1171 761 machinis
1206 708 1533 777 quibusdam
1571 709 1717 780 Argo
1757 728 1950 766 navem
1987 713 2052 766 ad
2085 729 2220 783 qua-

647 798 944 868 dringenta
992 802 1168 856 stadia
1203 814 1349 857 terra
1384 806 1688 870 trahentes,
1739 808 1807 861 ad
1858 808 2085 864 ﬂuvium
2130 811 2218 864 cui

643 889 830 958 Acylis
884 906 1084 947 nomen
1142 904 1279 959 erat,
1341 895 1640 950 Eridanum
1704 899 2044 964 inﬂuentem,
2099 917 2222 970 per-

643 978 944 1035 duxerunt.
1009 983 1276 1040 Eridanus
1336 1003 1464 1042 vero
1520 989 1638 1058 ipse
1694 990 1748 1043 in
1812 1006 2000 1057 mare,
2070 994 2218 1061 quod

641 1070 856 1126 Italiam
909 1073 1087 1140 alluit,
1144 1077 1506 1146 provolvitur.
1563 1080 1636 1135 De
1690 1082 1776 1137 bis
1827 1097 2009 1138 autem
2066 1084 2218 1140 satis.

647 1161 1062 1233 Quampluritna
1117 1185 1251 1226 sane
1303 1174 1411 1228 alla
1477 1191 1698 1246 quoque
1758 1180 1954 1249 templa
2019 1182 2220 1251 ubique

643 1254 1040 1313 Constantinus
1079 1264 1390 1318 construxit
1439 1266 1542 1336 (2),
1593 1268 1809 1339 aliaque
1850 1273 2029 1326 omnis
2059 1288 2222 1340 gene-

645 1347 726 1402 ris
774 1364 920 1404 verae
975 1355 1200 1420 pietatis
1246 1371 1413 1426 Opera
1471 1357 1704 1426 perfecit
1751 1363 1932 1417 :illud
1986 1365 2220 1419 maxime

647 1441 836 1494 studio
867 1441 1100 1511 habens,
1152 1456 1214 1501 ut
1258 1447 1586 1506 Christianae
1629 1453 1916 1522 religionis
1950 1455 2221 1524 professio

645 1544 748 1595 per
779 1540 955 1588 terras
982 1550 1176 1589 onmcs
1210 1552 1347 1605 quas
1376 1539 1459 1592 sol
1507 1541 1768 1604 illustrat,
1801 1554 2218 1612 prapagaretur.

648 1619 708 1673 Id
743 1624 889 1691 quod
917 1625 965 1679 ei
994 1641 1059 1679 ex
1095 1631 1370 1682 sententia
1397 1632 1697 1686 succedere
1735 1645 2081 1701 perspectum
2117 1646 2222 1690 est.

649 1712 760 1767 l‘ax
806 1724 957 1770 certe
1001 1727 1184 1786 optata
1230 1719 1674 1777 Christianorum
1721 1727 1910 1792 rebus,
1949 1727 2221 1782 scandalis

647 1803 1172 1879 impedimentisque
1213 1813 1472 1867 omnibus
1511 1814 1806 1879 celerrime
1848 1818 2098 1883 sublatis,
2142 1820 2222 1874 al-
2251 1785 2297 1846 Β

648 1896 825 1951 fulsit.
849 1897 954 1953 Sed
977 1907 1087 1970 jam
1115 1912 1333 1973 tempus
1364 1915 1468 1968 est,
1498 1915 1557 1960 ut
1581 1923 1716 1960 suus
1743 1922 1966 1978 quoque
1987 1910 2224 1977 septimo

651 1989 782 2045 huic
839 1992 984 2047 libro
1042 1996 1400 2051 historiarum
1455 2000 1770 2069 imponatur
1827 2001 1971 2069 linis,
2027 2002 2224 2072 viginti

651 2092 708 2135 et
756 2096 852 2136 sex
885 2087 1274 2156 complectenti
1316 2106 1534 2146 annos:
1583 2108 1818 2162 quorum
1865 2109 1996 2149 sane
2031 2095 2226 2164 viginti

649 2173 1037 2233 Diocletianus
1065 2190 1124 2235 et
1155 2181 1517 2239 Maximianus
1568 2183 1859 2241 Herculius
1899 2188 1955 2242 in
1996 2188 2228 2256 imperio

650 2283 988 2341 peregerunt
1028 2276 1128 2345 (3),
1161 2277 1410 2348 [reliquis
1443 2295 1538 2334 sex
1570 2279 1842 2335 Gallcrius
1877 2279 2226 2346 Maximinus,

650 2361 987 2430 Maxentius,
1037 2377 1095 2422 et
1148 2370 1395 2426 Licinius
1444 2371 1791 2440 tyrannidem
1833 2379 2219 2427 exercuerunt.

653 2455 814 2528 523
842 2457 1057 2522 Quibus
1093 2463 1258 2516 etiam
1292 2478 1524 2533 magnus
1567 2464 1963 2519 Constantinus
2007 2465 2062 2520 in
2095 2465 2223 2519 Gal-

652 2550 744 2605 liis
776 2552 1021 2606 nondum
1059 2555 1338 2625 Augustus
1370 2557 1663 2623 salutatus,
1701 2568 1759 2613 et
1790 2559 1844 2611 in
1884 2559 2019 2612 urbe
2055 2557 2228 2610 Roma

654 2658 838 2698 rerum
873 2660 1103 2701 summa;
1145 2648 1384 2717 praluit.
1421 2647 1573 2715 Quos
1614 2664 1792 2705 annos
1825 2648 2075 2704 nonnulli
2109 2648 2233 2703 Dio-

653 2735 897 2790 cletiano
925 2747 1157 2807 tyranno
1185 2740 1549 2797 contribuunt
1580 2759 1594 2796 :
1623 2742 1714 2796 alii
1742 2756 1874 2796 vero
1898 2742 2078 2811 potius
2104 2741 2233 2794 divo

651 2827 1041 2897 Constantino,
1089 2832 1254 2887 sicuti
1294 2843 1352 2888 et
1396 2849 1519 2897 nos,
1552 2834 1894 2890 adscribunt.
1942 2836 2122 2902 Atque
2167 2833 2236 2887 iis

2326 534 2474 604 ρῐους
2504 534 2561 586 δέ
2583 535 2676 587 καὶ
2705 534 2898 598 ἄλλους
2929 535 3246 606 ἅπανταχοῦ
3287 537 3520 608 ἐγείρων
3549 538 3578 590 ὁ
3607 539 3905 590 Κωνσταν-

2322 630 2464 689 tivo;
2490 626 2647 691 νεὼς,
2673 627 2769 680 καὶ
2809 627 2928 680 ἀλλ’
2956 627 3092 682 ἄττα
3124 629 3434 697 θεοφιλεῖας
3463 632 3600 698 ἔργα
3632 631 3903 699 διαπρατ-

2323 719 2568 786 τόμενος,
2626 719 2865 789 σπουδὴν
2913 720 2996 773 ὅτι
3044 722 3310 791 πλείστην
3367 723 3604 792 μάλιστα
3647 723 3708 773 τὸ
3758 723 3905 774 κατὰ

2325 810 2562 877 Χριστὸν
2584 811 2917 874 αὐξάνεσθαι
2942 812 3122 882 δόγμα
3153 814 3248 866 καὶ
3275 815 3352 876 εἰς
3386 814 3516 882 ὅσην
3560 817 3662 881 γῆν
3697 817 3721 864 ὁ
3747 812 3903 880 ἥλιος

2324 899 2852 971 ἐφορᾷ,διατρέχειν
2900 901 3088 957 ἐτίθει.
3152 903 3218 955 Ὀ
3252 903 3315 971 δὴ
3363 903 3459 955 καὶ
3505 904 3645 956 κατα
3699 903 3904 953 σκοπὸν

2324 990 2518 1060 ἐκείνῳ
2551 990 2806 1044 ἐκσαῖνον
2840 993 3179 1063 καθεωρᾶτο.
3220 993 3422 1046 Βαθεῖά
3451 1010 3508 1045 τε
3561 995 3752 1062 εἰρήνη
3790 994 3904 1053 τοῖς

2323 1082 2666 1152 Χριστιανῶν
2716 1084 3012 1154 ἐπεχόρευε
3076 1086 3392 1155 πράγμασι,
3435 1085 3544 1139 τῶν
3582 1085 3902 1153 σκανδάλων

2325 1176 2542 1228 πάντων
2576 1174 2821 1228 ἐκποδὼν
2865 1175 2942 1237 ὡς
2989 1175 3156 1244 τάχος
3205 1175 3610 1246 γεγενημένων.
3658 1174 3802 1241 Ἐγὼ
3848 1173 3904 1224 δὲ

2324 1267 2424 1336 ήδη
2463 1269 2557 1321 καὶ
2594 1271 2659 1338 τῇ
2689 1267 2896 1339 ἐϐδόμῃ
2915 1268 3024 1319 τῶν
3056 1255 3311 1338 ἱστοριῶν
3341 1269 3585 1336 ἐπιθήσω
3629 1267 3689 1318 τὸ
3715 1266 3903 1330 τέλος,

2323 1358 2516 1428 χρόνον
2546 1360 2683 1412 ἐτῶν
2709 1360 3044 1434 περιεχούσῃ
3077 1360 3238 1413 ἕκτον
3271 1377 3328 1412 τε
3355 1361 3450 1411 καὶ
3479 1359 3728 1412 εξκοστὸν
3755 1376 3769 1391 ·
3829 1352 3907 1411 ὧν

2323 1451 2391 1506 τὰ
2425 1451 2527 1522 μὲν
2554 1453 2729 1505 εῐκοσι
2784 1452 3164 1523 Διοκλητιανὸς
3198 1452 3292 1506 καὶ
3325 1452 3714 1521 Μαειμιανοςὸ
3777 1451 3906 1518 Ἕρο

2325 1543 2570 1607 κούλλιος
2591 1540 2768 1614 ἦρξαν
2799 1561 2815 1576 ’
2855 1545 2925 1597 τὰ
2974 1544 3033 1597 δὲ
3068 1544 3162 1596 ἐπὶ
3210 1543 3420 1605 τούτοις
3456 1543 3514 1607 ἐξ
3541 1544 3590 1595 οε
3626 1544 3753 1609 περὶ
3789 1542 3910 1594 Μα-

2327 1634 2538 1704 ξιμϊνον
2573 1637 2665 1688 τὸν
2697 1635 3011 1705 Γαλλέριον,
3043 1635 3345 1701 Μαξέντιόν
3397 1652 3456 1688 τε
3508 1636 3602 1688 καὶ
3659 1638 3909 1688 Λικίνιον

2325 1729 2717 1798 ἐτυράννησαν.
2751 1727 2840 1782 Ἐν
2866 1723 2946 1790 οἷς
2967 1729 3109 1781 ἔτεσι
3131 1729 3226 1781 καὶ
3249 1730 3276 1780 ὁ
3303 1727 3472 1796 μέγας
3498 1727 3596 1796 μὲν
3619 1726 3908 1779 “asilas;

2325 1822 2734 1885 Κωνσταντῖνος
2787 1821 2916 1890 περί
2974 1839 3032 1875 τε
3086 1823 3186 1886 τὰς
3229 1821 3460 1882 Γαλλίας
3507 1821 3600 1871 καὶ
3661 1817 3910 1887 Ῥώμη-ι,

2325 1912 2479 1967 οὔπω
2513 1913 2784 1982 μόναρχος
2839 1913 3252 1982 ἀναγορευθείς.
3313 1914 3379 1965 Ἀ
3412 1911 3475 1982 δὴ
3509 1911 3567 1974 ἒξ
3627 1909 3724 1976 ἐτη
3760 1911 3912 1970 τινες

2325 2008 2437 2069 τοῖς
2467 2007 2596 2075 περὶ
2625 2005 3010 2074 Διοκλητιανὺν
3041 2007 3326 2076 τυράννοις
3359 2004 3683 2057 ἀνατιθέασι
3715 2021 3727 2034 ·
3760 2002 3912 2063 τινες

2327 2097 2383 2150 δὲ
2402 2095 2719 2166 καὶμᾶλλον
2748 2096 2825 2167 τῷ
2871 2096 2999 2167 Θείῳ
3032 2098 3436 2168 περιγράφουσι
3488 2096 3911 2161 Κιονςταιτίπμ,

2330 2186 2520 2257 ὥσπερ
2541 2186 2604 2255 δὴ
2633 2187 2726 2239 καὶ
2760 2188 2943 2256 ἡμεῖς.
2978 2183 3080 2240 Ὧν
3135 2190 3228 2240 καὶ
3291 2187 3725 2257 ὑφαιρουμένων,
3775 2202 3914 2251 συμ-

2331 2278 2508 2333 ϐαίνει
2535 2276 2627 2343 κς·’
2661 2275 2800 2332 εἶναι
2825 2279 2898 2332 τὰ
2912 2279 3007 2348 ἐτη
3032 2278 3198 2331 αὐτοῦ
3224 2295 3238 2307 ·
3272 2281 3332 2333 ἐν
3373 2277 3454 2343 οἷς
3483 2278 3740 2346 καθαρῶς
3773 2277 3915 2344 μετὰ

2336 2371 2436 2442 τὴν
2457 2368 2566 2424 τῶν
2599 2372 2880 2441 τυράννων
2914 2371 3212 2424 κατάλυσιν
3271 2369 3536 2439 μόναρχος
3577 2370 3718 2438 ἤρθη
3752 2383 3765 2396 ·
3815 2367 3917 2418 καὶ

2335 2465 2435 2534 τὴν
2471 2463 2744 2534 Ἑσπέραν
2763 2463 2955 2528 λιπὼν,
2974 2468 3049 2527 εἰς
3069 2465 3169 2534 τὴν
3194 2463 3309 2517 Ἕω
3342 2461 3638 2532 μετεχώρει
3670 2459 3814 2510 κατὰ
3847 2459 3917 2508 τὰ

2333 2555 2391 2607 ἐν
2419 2554 2764 2624 Νικομηδεῖς.
2794 2554 3111 2623 ἀνάκτορα·
3160 2550 3281 2606 εἶτα
3329 2553 3416 2604 διὰ
3477 2550 3709 2620 μελέτης
3760 2546 3918 2607 αἱ,τῷ

2333 2646 2430 2699 καὶ
2458 2647 2558 2716 τὴν
2588 2645 2878 2715 ἐπώνυμον
2909 2647 3065 2698 πόλιν
3097 2647 3334 2712 ἐγείρειν
3381 2644 3590 2709 ἐγενετο
3611 2656 3626 2672 ο
3671 2637 3920 2704 ὁπηνίκα

2336 2737 2544 2806 κόσμου
2580 2738 2679 2807 μὲν
2709 2736 2829 2800 ἔτος
2859 2743 3035 2809 ,εωιε’,
3061 2737 3168 2790 ἀπὸ
3187 2737 3244 2788 δὲ
3266 2738 3364 2803 τῆς
3405 2735 3554 2795 Θείας
3579 2731 3668 2785 τοῦ
3701 2730 3919 2799 Κυρίου

2337 2830 2651 2898 γεννήσεως
2671 2830 3082 2899 τριακοσιοστὸν
3113 2833 3209 2882 καὶ
3237 2829 3465 2881 δέκατον
3491 2831 3585 2881 ἐπε
3597 2829 3840 2896 ραίνετο.

655 2924 985 2993 subtractis,
1018 2913 1219 2998 reliqui
1269 2927 1412 2984 ﬁunt
1456 2929 1648 3000 viginti
1679 2943 1773 2984 sex
1814 2930 1943 2983 anni
1985 2929 2106 2999 ejus
2135 2928 2238 2998 (4),
2302 2927 2506 2997 quibus
2565 2934 2689 2995 post
2751 2933 3109 2996 tyrannorum
3139 2929 3481 2980 eversionem
3527 2923 3676 2977 solus
3708 2922 3824 2991 ipse
3861 2933 3919 2977 et

657 3037 801 3077 unus
868 3023 1129 3094 princeps
1183 3027 1398 3082 sincere
1450 3041 1516 3082 ac
1562 3028 1666 3082 rite
1739 3027 2030 3097 imperium
2092 3023 2526 3080 administravit;
2579 3022 2648 3078 Et
2691 3021 2989 3078 Occidente
3067 3023 3286 3087 relicto,
3337 3021 3390 3075 in
3440 3019 3705 3082 Orientis,
3761 3019 3919 3087 quod

653 3113 992 3172 Nicomediae
1058 3120 1183 3186 fuit,
1216 3120 1502 3190 imperiale
1537 3121 1803 3191 palatium
1829 3128 1916 3175 est
1953 3119 2258 3190 profectus,
2297 3127 2353 3173 et
2385 3118 2649 3188 deinceps
2677 3131 2874 3187 magno
2894 3117 3062 3172 etiam
3095 3116 3280 3171 studio
3313 3115 3503 3169 urbem
3568 3115 3672 3168 sibi
3704 3128 3920 3183 cogno-

656 3212 862 3266 minem
924 3212 1192 3268 condidit.
1262 3213 1381 3280 Quo
1417 3224 1662 3284 tempore
1693 3230 1722 3269 a
1761 3214 1984 3270 condito
2021 3212 2160 3268 orbe
2216 3211 2321 3267 fuit
2353 3227 2533 3267 annus
2577 3209 2873 3281 quinquies
2910 3209 3234 3265 millesimus
3279 3209 3771 3278 octingentesimus
3819 3207 3922 3260 de-

658 3309 837 3363 cimus
866 3310 1094 3380 quintus
1128 3310 1206 3380 (5)
1242 3351 1258 3377 ,
1339 3326 1371 3364 a
1416 3311 1623 3366 Christi
1701 3309 1994 3366 nativitate

2062 3307 2487 3364 trecentesimus
2519 3305 2790 3363 decimus.

731 3452 809 3522 (i)
855 3451 1069 3508 Plinius
1113 3453 1258 3507 libro
1296 3451 1486 3515 tertio,
1519 3467 1641 3521 cap.
1678 3452 1846 3522 18:1
1885 3449 2030 3519 Argo
2075 3449 2229 3522 navis
2258 3454 2300 3514 ο
2334 3449 2631 3522 quentibus
2685 3447 2862 3522 latro,_
2911 3445 3100 3500 decem
3140 3443 3474 3522 novissimis
3519 3441 3781 3511 pupillus,
3845 3443 3919 3495 ob

658 3519 888 3577 ﬂumine
923 3524 976 3576 in
1010 3539 1162 3577 mare
1197 3523 1536 3577 Adriaticum
1569 3519 1872 3582 descendit,
1902 3535 2002 3574 nec
2037 3519 2227 3589 procul

660 3592 946 3660 Tergeste.
979 3593 1091 3646 Nec
1136 3595 1245 3662 jam
1287 3602 1502 3648 constat
1539 3608 1649 3661 quo
1695 3590 1940 3662 (lumine.
1977 3590 2232 3662 [Intueris

661 3664 943 3731 trajectam
996 3660 1178 3731 Alpes,
1237 3660 1619 3731 diligentiores
1678 3661 1921 3715 tradunt.
1977 3660 2230 3713 Subiisse

662 3727 846 3786 autem
880 3733 1037 3797 lstro,
1066 3727 1201 3785 dein
1228 3727 1364 3796 Sao,
1389 3727 1514 3786 dein
1562 3731 1865 3797 Nauporto,
1895 3733 1984 3782 cui
2032 3743 2232 3783 nomen

663 3818 729 3880 ex
777 3816 840 3880 ea
888 3817 1051 3856 causa
1096 3813 1200 3866 est,
1253 3805 1396 3857 inter
1446 3801 1736 3856 Aimonam
1787 3799 2060 3869 Alpesque
2109 3813 2239 3852 exo-

664 3872 856 3926 rienti.

740 3941 816 4009 (2)
861 3959 878 3992 ι
913 3941 1204 4011 Utcunque
1255 3941 1647 3996 Constantinus
1695 3939 1942 4008 optimus
1984 3937 2242 4011 princeps

667 4022 724 4063 et
759 4010 1269 4066 Christianissimus
1311 4013 1496 4074 fuerit,
1526 4013 1594 4065 de
1615 4025 1681 4064 eo
1711 4020 1893 4063 tamen
1935 4023 1965 4061 a
2011 4010 2241 4076 quibus-

669 4081 797 4133 dam
851 4082 932 4136 sic
983 4084 1261 4136 memoria:
1315 4081 1615 4150 proditum,
1668 4089 1728 4134 ut
1779 4079 1969 4150 decem
2026 4079 2242 4150 primos

670 4166 846 4205 annos
896 4146 1383 4221 pmstantissinfus
1441 4149 1756 4212 diceretur,
1803 4146 2096 4204 duodecim
2149 4162 2236 4202 sc-

2335 3514 2657 3573 immodicas
2685 3517 3022 3585 largitiones.
3068 3534 3087 3566 ι
3132 3514 3377 3583 (Egnat.)

2406 3588 2486 3658 (5)
2520 3587 2834 3659 secundum
2863 3585 3022 3645 alios,
3055 3585 3245 3654 viginti
3274 3585 3434 3637 duos.
3528 3653 3561 3659 __
3794 3649 3804 3659 ο

2413 3653 2490 3725 (4)
2543 3656 2756 3712 Licinio
2802 3653 3137 3725 postremum
3188 3667 3482 3725 oppresso,
3521 3653 3924 3725 Constantinus

2345 3720 2495 3781 solus
2523 3720 2819 3794 imperavit
2844 3725 3002 3777 annis
3025 3723 3115 3785 26,
3136 3720 3262 3776 cum
3293 3722 3506 3775 Licinio
3533 3732 3588 3794 et
3614 3720 3919 3794 Maximino

2343 3788 2704 3864 (Maxentium
2742 3795 2985 3864 (omitto)
3038 3794 3488 3864 circiterannos
3538 3791 3589 3846 6.
3632 3792 3770 3864 .-\_nte
3819 3788 3923 3864 hos

2345 3859 2616 3920 Constans
2655 3863 2912 3927 Cblorus,
2947 3861 3291 3916 Constantini
3350 3871 3524 3929 pater,
3557 3872 3609 3913 ct
3642 3859 3926 3912 Callerius

2347 3935 2700 3999 Maximinus,
2745 3948 3009 4003 posquam
3045 3933 3431 4003 Diocletianus
3460 3943 3516 3985 et
3549 3930 3922 4003 Maximianus

2388 4020 2647 4074 urpuram
2673 3998 2928 4073 posuere,
2962 4016 3136 4055 annos
3164 4001 3278 4056 fere
3309 4002 3370 4066 4;
3405 4001 3513 4056 duo
3545 4000 3632 4054 isti
3661 3998 3830 4051 simul
3864 3999 3921 4060 Li,

2397 4073 2716 4129 iocletianus
2744 4073 2891 4127 solus
2926 4088 3100 4126 annos
3130 4073 3183 4125 4.

2421 4146 2499 4215 (5)
2544 4143 2858 4200 Secundum
2901 4142 3232 4207 neotericos,
3261 4139 3421 4196 $291.
