4024 6200
433 257 491 310 Η
817 251 824 256 ’
1139 254 1229 309 ΑΒ
1270 253 1328 308 S.
1370 253 1572 307 PETRI
1616 253 1895 307 DAMIAM
1935 254 2019 308 ΟΡ

2129 255 2371 312 ΤΟΜΕΜ
2413 257 2543 311 SEU
2587 259 2865 314 PARTEM
2907 261 2966 316 Ill
3631 272 3693 324 η

427 369 670 438 Eventus
693 368 913 440 quidem
946 385 1056 423 rem
1091 369 1259 440 ipsam
1294 367 1639 423 confirmavit
1668 387 1679 422 :
1714 383 1838 421 nam
1871 369 1937 420 ab
1963 383 2028 422 eo
2059 379 2322 440 tempore,
2353 386 2462 441 quo
2493 368 2552 425 S.
2579 371 2920 439 Benedictus,
2961 377 3206 432 instituto
3233 378 3423 443 choro,
3451 382 3696 438 alutltttns

423 475 552 516 suos
581 462 636 516 in
667 459 828 517 Urbis
867 461 1120 516 basilicas
1159 459 1528 530 ecclesiasque
1571 459 1705 515 alias
1756 462 2055 518 introduxit
2098 481 2266 534 usque
2309 467 2374 520 ad
2424 467 2768 524 millesimum
2817 471 3172 526 centesimum
3218 471 3693 544 quadragesimum

425 562 680 622 quartum
715 569 938 618 anmnn,
966 553 1114 608 clero
1157 555 1274 624 ipso
1316 562 1444 607 tunc
1474 563 1693 606 creante
1736 563 1790 606 ct
1820 553 2052 624 cligente
2085 557 2386 627 pontifices,
2418 559 2764 614 continenter
2791 576 3059 614 summum
3107 562 3474 630 pontificatum
3508 575 3694 630 gerere

424 656 842 700 consueverant.
874 646 1024 714 Quod
1058 647 1101 702 si
1133 655 1319 718 postea
1353 645 1494 700 serie
1525 647 1824 716 interrupta
1860 648 2134 710 nonnulli,
2163 657 2219 702 ιιι
2245 647 2504 705 Silvester
2536 649 2574 702 ll
2595 691 2609 711 ,
2638 649 2887 704 Clemens
2915 668 3130 721 quoque
3168 651 3206 706 ll
3246 665 3298 706 et
3339 652 3453 711 alii.
3482 667 3587 705 non
3627 667 3690 705 ex

421 735 572 791 clero
606 735 852 790 Romano
881 739 948 792 ad
977 753 1285 808 supremam
1322 737 1465 791 illam
1497 737 1816 808 dignitatem
1850 740 2110 810 assumpti
2145 741 2380 805 fuerint,
2415 757 2520 796 non
2551 751 2635 796 est
2669 751 2849 797 tamen
2879 743 3102 799 dubium
3139 743 3267 814 quin
3315 743 3414 812 ipsi
3457 743 3694 810 ejusdem

423 830 756 885 Benedictini
784 831 990 886 ordinis
1017 832 1350 902 professores
1381 831 1705 886 exstiterint.
1729 830 1997 887 Pr:eterea
2030 834 2361 903 posteriores
2381 835 2675 897 sexdecim,
2706 835 2796 904 qui
2829 843 3046 890 centum
3083 849 3252 888 annos
3275 833 3368 889 Dei
3400 834 3692 889 Ecclesium

421 919 816 990 gubernarunt,
842 932 1060 977 centum
1090 922 1208 976 fere
1237 921 1544 990 quindecim
1575 923 1845 991 prioribus
1878 925 2277 992 superadditos,
2311 926 2410 979 bos
2440 935 2495 979 et
2519 925 2638 979 illos
2660 941 2850 980 omnes
2873 927 2951 981 vel
2983 927 3034 980 in
3067 935 3378 980 sanctorum
3408 940 3694 979 numerum

419 1007 620 1064 relatos
657 1025 1015 1075 veneramur,
1065 1011 1147 1064 vel
1191 1012 1434 1064 omnium
1475 1011 1737 1064 virtutum
1783 1027 1983 1081 genere
2027 1014 2329 1067 eminentes
2374 1015 2716 1083 suspicimus.
2747 1014 2886 1081 Quid
2933 1015 3161 1070 referam
3191 1024 3323 1084 quot
3351 1025 3694 1086 quantosque

419 1095 480 1152 S.
510 1097 575 1150 Β.
607 1099 666 1152 Ε.
697 1100 998 1154 cardinales
1027 1100 1314 1155 habuerit?
1342 1116 1462 1154 cum
1491 1101 1618 1155 nulli
1652 1111 1742 1154 aut
1763 1103 1922 1172 pauci
1953 1102 2156 1158 fuerint
2183 1104 2273 1174 qui
2301 1120 2366 1159 ea
2399 1112 2716 1174 tempestate
2743 1121 2809 1160 ex
2834 1106 3306 1161 Benedictinorum
3336 1106 3589 1163 claustris
3624 1108 3690 1162 ad

418 1188 565 1244 illam
600 1190 1008 1260 amplitudinem
1037 1205 1142 1244 non
1175 1191 1542 1245 ascenderint.
1577 1191 1755 1246 Taceo
1799 1193 2249 1248 innumerabilem
2284 1192 2441 1262 hujus
2481 1204 2683 1250 sanctae
2723 1194 3040 1263 propaginis
3080 1208 3177 1263 per
3216 1202 3386 1247 totum
3421 1202 3686 1249 terrarum

405 1283 603 1336 corbem
638 1283 1059 1338 multitudinem.
1099 1282 1214 1337 Non
1252 1297 1494 1338 memoro
1520 1293 1803 1353 quantum
1827 1284 2004 1348 italia,
2033 1284 2247 1352 Anglia,
2281 1283 2604 1349 Germania,
2638 1285 2903 1354 Belgium,
2929 1283 3230 1348 Vasconia,
3263 1285 3545 1350 Bobemia,
3580 1285 3690 1341 Un-

416 1370 591 1434 garia,
629 1371 850 1435 Suevia,
873 1372 1099 1438 ‘Gotliia,
1126 1372 1373 1437 Polonia,
1408 1373 1774 1428 Benedictinis
1799 1382 1875 1427 tot
1902 1390 1967 1428 eo
1994 1376 2174 1429 missis
2196 1375 2456 1444 apostolis
2490 1394 2504 1430 :
2540 1391 2603 1431 ac
2637 1376 2851 1430 tandem
2887 1376 3036 1430 India
3066 1375 3432 1431 Occidentalis
3459 1377 3685 1432 Dartbo-

416 1460 608 1517 lommo
637 1463 809 1535 Bnylt,
843 1459 1263 1528 Tarraconensi,
1293 1465 1681 1521 Montisferrati
1712 1467 1979 1522 monacho
2007 1466 2414 1537 (quinquaginta
2454 1483 2592 1538 pene
2628 1468 2787 1522 annis
2812 1477 3103 1537 antequam
3138 1468 3197 1522 Β.
3227 1467 3318 1522 Fr.
3356 1467 3622 1524 Xavcrius
3658 1484 3687 1520 a

416 1548 479 1604 Β.
513 1551 721 1622 lgnatio
753 1554 879 1607 illuc
910 1555 1254 1625 mitteretur)
1291 1555 1464 1624 primo
1502 1555 1570 1609 ab
1605 1555 1913 1610 Alexandro
1946 1555 2012 1610 Vl
2049 1557 2116 1610 ad
2157 1571 2282 1610 eum
2314 1555 2562 1626 apostolo
2592 1557 2858 1626 delegato,
2889 1557 3140 1612 debeant.
3173 1556 3290 1612 Non
3335 1557 3514 1612 refero
3559 1569 3690 1628 quot

404 1653 514 1710 'per
543 1656 756 1696 omnem
783 1653 998 1696 :etatcm
1029 1659 1329 1713 sexumqne
1361 1653 1630 1714 martyres
1677 1654 1838 1714 atque
1885 1647 2140 1715 virgines,
2183 1655 2317 1718 quot
2352 1661 2450 1717 per
2489 1661 2704 1702 omnem
2754 1647 2981 1717 gradqu
3031 1648 3392 1714 confessores,
3431 1659 3565 1720 quot
3593 1666 3690 1719 per

413 1748 606 1787 omnes
638 1733 906 1790 Ecclesias
949 1745 1215 1805 pastores,
1259 1749 1462 1805 perque
1500 1751 1688 1790 onmes
1728 1736 2036 1792 academias
2082 1737 2322 1806 insignes
2349 1737 2602 1792 doctores
2643 1737 2837 1807 adepta
2870 1736 3051 1792 fuerit.
3089 1739 3145 1792 In
3177 1738 3340 1794 Petro
3371 1749 3549 1794 tamen
3583 1740 3686 1794 Da-

415 1821 582 1876 miani
620 1823 731 1878 haec
760 1826 938 1880 omnia
989 1825 1040 1879 in
1092 1841 1218 1882 suos
1265 1827 1391 1880 olim
1427 1827 1600 1882 divisa
1643 1827 1901 1898 singulari
1946 1828 2038 1886 Dei
2077 1829 2342 1884 beneficio
2373 1828 2666 1898 conjuncta
2697 1837 2752 1884 et
2798 1830 3046 1900 cepulata
3088 1818 3201 1900 jam
3231 1830 3408 1896 videt;
3450 1838 3688 1900 rtqucm

414 1911 469 1964 in
500 1927 667 1968 earne
697 1913 962 1970 viventem
996 1925 1231 1970 tractare
1263 1933 1366 1972 non
1400 1927 1599 1986 potest,
1628 1919 1874 1973 eumdem
1913 1919 1969 1974 in
1998 1920 2214 1990 scriptis
2252 1920 2549 1989 spirantem
2579 1921 2838 1976 admirari
2869 1937 2976 1976 non
3009 1923 3228 1977 desinit.

469 2005 619 2060 “Cum
647 2007 731 2062 ha:
758 2007 866 2062 sint
901 2009 1196 2077 potissima:
1225 2026 1422 2076 causae,
1451 2009 1764 2066 beatissime
1793 2011 1975 2075 Pater,
2005 2028 2176 2082 quare
2200 2013 2336 2068 tanti
2368 2012 2468 2068 viri
2500 2014 2806 2068 doctrinam
2837 2015 2942 2068 hoc
2980 2014 3032 2068 in
3065 2014 3202 2068 libro
3227 2020 3535 2067 contentam
3577 2027 3683 2064 non

404 2098 614 2154 minori
647 2115 808 2168 quam
844 2099 978 2154 alios
1010 2102 1310 2169 patrocinio
1341 2103 1626 2172 pretioque
1654 2103 1950 2170 suscipias,
1983 2103 2231 2159 ultimam
2262 2115 2442 2159 tamen
2477 2104 2749 2174 adjiciam,
2785 2120 2948 2174 quam
2975 2104 3138 2158 etiam
3185 2104 3278 2157 tibi
3326 2111 3536 2172 gratam
3572 2101 3689 2156 fore

409 2205 519 2246 non
566 2192 771 2249 dubito.
818 2193 1104 2248 Etenim-si
1136 2211 1165 2248 a
1203 2193 1556 2250 Benedictino
1585 2195 1763 2265 capite
1804 2197 1870 2251 ad
1890 2195 2141 2250 membra
2175 2197 2407 2252 transire
2434 2211 2499 2251 ac
2539 2196 2868 2252 descendere
2892 2195 3103 2260 fas-est,
3131 2210 3223 2249 me
3247 2193 3425 2264 ipsum
3459 2193 3686 2246 novissi—

413 2295 562 2337 mum
595 2282 832 2348 invenio,
867 2300 974 2338 non
999 2298 1096 2354 per
1123 2299 1208 2338 me
1237 2284 1414 2356 ipsum
1444 2285 1640 2358 (sentio
1664 2302 1898 2356 namque
1923 2302 2083 2357 quam
2115 2288 2218 2342 sim
2245 2288 2451 2343 inutilis
2475 2297 2529 2342 et
2553 2289 2829 2360 exiguus),
2860 2290 2951 2342 sed
2976 2303 3072 2359 per
3099 2285 3333 2354 traderes
3363 2300 3531 2348 meos,
3554 2297 3688 2352 quos

407 2373 577 2426 etiam
607 2373 824 2444 aliquod
859 2391 1052 2429 nomen
1083 2376 1354 2445 decusque
1384 2391 1481 2445 pro
1507 2378 1636 2432 sede
1677 2377 1977 2448 apostolica
2004 2379 2238 2448 gessisse
2263 2394 2368 2434 non
2415 2379 2679 2449 negarim.
2723 2376 3016 2432 Gentilium
3061 2379 3205 2431 enim
3284 2376 3421 2430 mihi
3467 2375 3685 2444 indigno
3765 2412 3769 2416 ι

403 2461 794 2531 (lajetanorum
827 2465 1452 2534 domus-antiquissima,
1480 2480 1600 2535 qum
1627 2465 1820 2533 Roma,
1855 2475 1910 2522 et
1927 2466 2159 2538 Cajeta,
2186 2467 2340 2536 cujus
2370 2467 2734 2539 principatum
2763 2469 2830 2522 ad
2859 2468 3183 2538 quingentos
3209 2467 3324 2522 fere
3348 2481 3522 2521 annos
3547 2465 3689 2519 obti-

399 2551 550 2616 -nuit,
581 2551 734 2607 Pisas
759 2554 1090 2622 demigrans,
1121 2571 1228 2609 non
1255 2556 1420 2610 oblita
1460 2554 1724 2623 majorum
1753 2572 1972 2612 suorum
1999 2572 2126 2626 erga
2159 2557 2438 2612 Romanos
2466 2557 2757 2625 pontifices
2784 2559 3164 2620 observantiae,
3200 2556 3271 2609 ibi
3303 2570 3396 2609 eos
3424 2563 3608 2608 sancte
3631 2562 3690 2607 ct

411 2642 677 2712 intrepide
702 2644 770 2698 ab
802 2634 1190 2713 imperatorum
1223 2645 1363 2698 illius
1392 2646 1652 2714 temporis
1683 2645 1735 2698 vi
1761 2654 1813 2699 et
1846 2645 2139 2700 multorum
2169 2643 2462 2699 insolentia
2487 2659 2595 2698 non
2627 2643 2793 2697 semel
2827 2641 3145 2706 defensavit,
3173 2655 3469 2711 eorumque
3492 2649 3682 2694 aucto-

408 2734 623 2788 ritatem
655 2735 743 2786 diu
776 2723 978 2788 sartam
1012 2743 1316 2804 lectamque
1343 2735 1709 2789 conservavit.
1737 2735 1906 2805 Cujus
1936 2745 1991 2790 et
2019 2734 2336 2789 meritorum
2368 2734 2684 2802 magnitudo
2709 2749 2772 2788 ex
2805 2747 2869 2788 eo
2897 2733 3169 2804 colligitur
3188 2733 3331 2801 quod
3356 2732 3424 2786 ab
3450 2744 3517 2785 eo
3543 2743 3685 2785 tem-

397 2838 541 2893 .pore
574 2824 687 2879 haec
733 2840 836 2878 una
867 2823 1272 2893 Cajetana,~tot
1317 2825 1592 2894 tantisque
1623 2825 2118 2894 sellis-ajmstolicte
2159 2831 2318 2878 aucta
2368 2823 2538 2876 titulis
2580 2833 2636 2878 et
2679 2823 2998 2888 honoribus,
3044 2831 3270 2878 caeteras
3309 2820 3430 2877 fere
3473 2821 3686 2876 Pisano:

411 2916 626 2988 reipub.
670 2914 907 2970 familias
931 2915 1260 2970 e-anteeeiluit
1289 2933 1302 2970 :
1328 2925 1428 2970 ter
1456 2916 1624 2980 enim,
1659 2925 1718 2969 ut
1763 2915 1866 2970 alia
1915 2914 2363 2985 prmterrnittam,
2407 2912 2750 2967 cardinalitia
2794 2912 3054 2982 dignitate
3100 2909 3366 2980 perfulsit.
3403 2908 3576 2964 Porro
3615 2925 3684 2964 ex

407 3009 597 3062 eadem
630 3005 798 3061 multo
824 3014 984 3061 antea
1015 3005 1241 3060 Romam
1278 3005 1379 3060 sibi
1412 3006 1643 3074 patriam
1666 3005 1944 3060 incolente
1981 3001 2266 3059 nonnullos
2299 3018 2570 3059 summum
2611 3001 2986 3073 pontificatum
3011 3001 3330 3065 obtinuisse,
3361 3007 3416 3054 et
3457 2999 3686 3056 diversis

400 3100 747 3171 temporibus
773 3101 1094 3171 complures
1119 3101 1186 3155 ad
1211 3100 1624 3156 cardinalatum
1657 3099 1992 3171 pervenisse,
2011 3109 2190 3170 atque
2215 3099 2380 3154 etiam
2413 3109 2522 3153 tam
2542 3097 2814 3154 Romana:
2844 3099 3056 3166 reipub.
3085 3112 3248 3166 quam
3285 3096 3594 3168 Campania:
3621 3108 3686 3152 -et

399 3191 729 3249 iPatrimonii
772 3191 1092 3264 prtefectura
1125 3192 1354 3247 donatos
1389 3205 1510 3246 esse
1537 3197 1773 3245 constat.
1810 3189 1874 3244 In
1908 3189 2104 3258 quibus
2129 3189 2330 3256 Cajctte
2364 3188 2530 3243 doces
2561 3204 2626 3243 ac
2656 3188 2991 3250 Fundorum,
3025 3187 3358 3257 comitesque
3386 3187 3684 3243 Ciccanen-

407 3283 570 3349 sium,
600 3292 764 3353 atque
794 3281 1028 3352 Signizc,
1049 3295 1260 3336 necnon
1288 3289 1343 3336 ct
1372 3279 1554 3335 Vicani
1583 3279 1875 3349 principes,
1904 3279 2080 3350 ipsius
2098 3281 2284 3350 gentis
2313 3280 2546 3344 soboles,
2575 3280 2931 3348 complurium
2971 3278 3250 3333 civitatum
3281 3288 3338 3333 et
3362 3280 3682 3348 oppidorum

395 3383 669 3448 perpetuo
693 3373 816 3442 jure
860 3371 1179 3426 fruebantur
1207 3389 1221 3425 :
1255 3371 1419 3442 idque
1455 3371 1798 3441 potissimum
1823 3369 2120 3426 ‘Leonardo
2145 3372 2393 3437 Aretino,
2426 3373 2543 3426 viro
2583 3371 2928 3440 gravissimo,
2956 3385 3079 3426 cum
3112 3370 3339 3427 vetustis
3362 3371 3682 3438 Annalibus,

408 3466 552 3536 quod
578 3480 677 3534 pro
709 3463 968 3517 Romanis
995 3461 1344 3532 pontiﬁcibus
1381 3462 1812 3532 quamplurimos
1844 3461 2057 3516 labores
2083 3462 2372 3527 subierint,
2401 3461 2802 3515 attestantibus.

483 3557 680 3614 Verum
716 3555 832 3626 jam
865 3555 940 3609 nil
969 3555 1200 3627 amplius
1230 3555 1338 3610 tuis
1364 3555 1803 3610 antecessoribus
1831 3553 2029 3610 collata
2059 3554 2318 3622 obsequia
2351 3567 2808 3617 commemorans,
2843 3553 3109 3623 prepitius
3141 3561 3261 3607 tuas
3302 3552 3372 3608 ad
3404 3566 3490 3608 res
3525 3566 3684 3607 acce-

407 3654 555 3712 dam,
583 3663 690 3718 quo
720 3655 864 3700 tuam
894 3646 1052 3700 inme
1078 3647 1306 3714 gratiam
1335 3660 1611 3715 nunquam
1643 3645 2009 3710 minuendam,
2040 3645 2149 3705 imo
2176 3646 2346 3715 magis
2369 3643 2668 3714 augendam
2692 3643 2807 3698 fore
2834 3644 3069 3699 confido.
3097 3644 3342 3703 Noveris.
3371 3642 3684 3724 beatissime

409 3744 593 3808 Pater,
627 3741 946 3797 Ursinorum
969 3739 1240 3794 familiam
1269 3753 1466 3809 genere
1488 3749 1548 3796 et
1574 3739 1732 3794 rebus
1754 3740 1932 3810 gestis
1967 3739 2508 3808 nobilissimam,pro
2539 3747 2734 3794 tuenda
2759 3737 3072 3808 pontificum
3101 3739 3348 3795 libertate
3374 3753 3528 3794 suam
3557 3754 3682 3792 cum

408 3851 544 3889 mea:
573 3835 751 3904 gentis
779 3848 880 3902 ope
905 3843 962 3887 ct
992 3832 1192 3886 virtute
1223 3840 1535 3896 strenuam,
1565 3841 1622 3884 ut
1667 3848 1764 3901 pro
1793 3840 1978 3886 sancta
2009 3832 2137 3886 sede
2173 3847 2516 3886 communem
2547 3831 2781 3901 .pcriculi
2811 3840 2867 3885 et
2894 3831 3094 3886 laboris
3137 3830 3363 3902 gloriam
3397 3844 3682 3899 compara-

411 3937 555 3992 rent,
595 3927 752 3982 lidem
787 3934 844 3981 et
871 3922 1418 3994 rolmr-conjunxisse
1450 3941 1462 3975 :
1495 3932 1658 3992 atque
1685 3931 1742 3974 ut
1775 3924 1913 3977 hanc
1955 3921 2171 3991 pietatis
2207 3936 2271 3976 ac
2299 3921 2514 3975 virtutis
2540 3921 2884 3974 concordiam
2928 3929 3137 3976 natura:
3164 3920 3370 3974 viribus
3389 3917 3685 3975 confirma-

402 4027 556 4084 .rent,
587 4017 788 4072 mutuis
819 4014 1150 4069 matrimonii
1199 4013 1428 4067 nexibus
1457 4026 1829 4080 saepenumero
1855 4009 2155 4078 colligasse.
2187 4009 2323 4065 llinc
2353 4025 2481 4064 vero
2521 4009 2603 4064 ha:
2632 4009 2752 4063 dua:
2779 4009 2975 4078 planta:
3016 4009 3116 4062 sibi
3159 4008 3387 4062 invicem
3421 4006 3595 4060 insita:
3621 4015 3686 4060 et

409 4115 692 4173 connexio,
722 4108 994 4178 Caietanze
1024 4107 1184 4160 simul
1227 4115 1279 4160 ct
1313 4103 1520 4158 lit-sinas-
1563 4104 1738 4173 gentis
1777 4102 2122 4172 splendorem
2170 4117 2475 4172 nomenque
2506 4102 2669 4156 edere
2707 4100 3073 4168 incmperunt,
3107 4099 3248 4151 inter
3275 4111 3394 4166 quae
3420 4097 3501 4167 (nt
3537 4112 3683 4152 mtuo

415 4198 480 4252 de
510 4199 741 4269 posteris
769 4194 1045 4263 Cajetanis
1077 4192 1306 4261 taceam)
1335 4191 1573 4246 Joannes
1619 4191 1707 4244 ille
1734 4189 1936 4244 exstitit
1960 4228 1977 4254 ,
2002 4186 2165 4242 Urbis
2193 4197 2412 4244 senator
2440 4189 2828 4260 amplissimus,
2870 4187 2972 4240 etsi
3019 4196 3171 4257 patre
3200 4185 3394 4240 Ursino
3428 4195 3608 4250 natus,
3645 4201 3681 4240 a

418 4306 590 4351 matre
611 4302 797 4348 tainen
831 4290 1002 4347 Perna
1032 4289 1232 4357 (iajetaa
1259 4287 1478 4343 ducum.
1509 4296 1563 4339 ct
1591 4285 1791 4339 Gelasii
1841 4283 1880 4337 ll
1918 4281 2125 4352 gentili,
2165 4284 2459 4353 Cajetanus
2501 4281 2760 4353 appellari
2806 4280 2992 4345 voluit,
3033 4295 3192 4350 quem
3231 4280 3396 4335 etiam
3440 4281 3688 4348 sequitur

414 4385 655 4441 Joannes
688 4382 824 4437 alter
851 4380 1164 4450 Cajetanus,
1210 4378 1388 4446 magni
1433 4375 1670 4443 Matthaei
1702 4373 1883 4429 Ursini
1921 4364 2288 4428 Romanorum
2321 4372 2610 4438 senatoris,
2637 4379 2694 4427 et
2714 4369 2910 4425 Perna:
2932 4369 3110 4440 gentis
3135 4367 3375 4438 ejusdem
3412 4368 3684 4436 Cajetanzc

418 4480 584 4544 filius,
612 4483 704 4548 qui
735 4476 1178 4544 divu-ua’quadam
1208 4487 1416 4526 mormn
1438 4470 1625 4524 indole
1651 4467 1902 4523 Nicolaus
1933 4466 1996 4522 ιιι
2025 4467 2077 4522 in
2107 4467 2424 4536 pontificatu
2451 4462 2698 4518 sublimis
2726 4461 2969 4517 emicuit.
2999 4460 3258 4530 Denique,
3292 4467 3350 4512 ut
3377 4459 3528 4528 plura
3562 4473 3686 4528 qua:

414 4571 631 4640 generis
657 4571 815 4639 hujus
844 4575 1156 4637 suppetunt,
1185 4564 1431 4634 exempla
1462 4573 1809 4632 praeteream,
1845 4559 2170 4630 Neapoleoni
2203 4558 2464 4630 Cajetano
2493 4556 2733 4627 ejusdem
2765 4553 2944 4624 magni
2985 4551 3221 4606 Mattbaci
3251 4551 3380 4614 filio,
3417 4559 3685 4620 qnotquot

421 4659 580 4718 hodie
611 4669 900 4731 supersunt
931 4676 996 4714 ex
1034 4657 1242 4712 lli-sinis
1271 4657 1560 4726 pritwipes.
1592 4655 1857 4725 originem
1885 4668 2038 4708 suam
2072 4652 2275 4708 referre
2305 4653 2522 4707 debent.

490 4752 886 4820 Quamobrem,
925 4749 1265 4806 sanctissime
1307 4747 1488 4806 Pater.
1531 4763 1654 4803 mnu
1691 4762 1755 4802 cx
1788 4745 2142 4801 Benedictina
2173 4744 2460 4814 religione,
2497 4753 2553 4798 et
2581 4742 2714 4796 meis
2744 4737 3039 4808 majoribus
3065 4745 3234 4792 totum
3260 4752 3346 4792 me
3370 4735 3683 4815 apos‘olicze

419 4845 564 4902 sedis
589 4844 899 4916 agnoverint
921 4885 934 4906 ,
971 4840 1220 4896 emndem
1253 4854 1339 4894 me
1371 4838 1463 4893 tibi
1495 4839 1658 4892 etiam
1689 4837 1949 4907 singulari
1986 4833 2343 4890 beneficentia
2386 4840 2499 4885 tam
2541 4838 2693 4885 arcte
2737 4827 3058 4892 devinxisti,
3100 4834 3156 4880 ut
3198 4841 3297 4896 pro
3345 4825 3577 4880 nominis
3608 4823 3682 4878 tui

405 4937 585 5006 "gloria
614 4946 672 4992 et
697 4934 961 5004 dignitate
992 4934 1154 4986 vitam
1185 4946 1487 5000 exponere,
1511 4929 1899 4985 beneficiorum
1923 4935 1978 4982 et
2007 4924 2342 4983 lnereditatis
2365 4924 2498 4979 mibi
2526 4921 2650 4991 jure
2675 4920 2936 4991 obtigisse
2962 4918 3304 4976 crediderim.
3339 4917 3481 4974 Deos
3505 4933 3685 4973 olom.-

401 5039 607 5106 Διιηισδιιε
646 5038 698 5084 te
737 5028 802 5081 ad
849 5025 1100 5081 Ecclesia:
1136 5039 1245 5078 sua!
1286 5025 1680 5080 firmamentum
1717 5017 2019 5073 diutissime
2055 5025 2237 5073 servet
2273 5015 2618 5070 incolumem.
