4024 6200
478 319 537 373 15
1857 316 2066 371 PROU

2150 317 2423 371 )Ml'lNA.‘
3628 316 3695 369 Η

1288 708 1970 821 CAJETANI
2068 702 2858 818 PRAEFATIO.

467 1081 475 1087 ’
544 1086 675 1136 Cum
706 1084 810 1136 duo
841 1081 1178 1152 potissimum
1222 1078 1350 1137 sint.
1400 1076 1638 1130 studiose
1683 1082 1897 1135 uector,
1930 1083 2049 1140 qua
2075 1072 2128 1132 Α
2223 1070 2280 1123 In
2310 1068 2501 1137 primis
2530 1068 2857 1124 sanctissimi
2902 1071 3000 1124 viri
3039 1073 3211 1141 patria
3245 1071 3501 1126 Ravenna
3533 1088 3628 1126 sua
3668 1075 3723 1126 in

473 1177 617 1229 sacri
661 1169 897 1228 doctoris
940 1172 1137 1240 scripta
1185 1168 1447 1224 extollere
1497 1182 1561 1220 ac
1610 1164 1885 1218 illustrare
1929 1177 2051 1230 pos-

471 1278 634 1319 sunt:
668 1266 896 1318 alterum
918 1265 1042 1317 vitae
1073 1261 1379 1317 innocentia
1405 1269 1460 1314 et
1485 1258 1787 1326 integritas,
1819 1256 2049 1309 alterum

471 1362 732 1414 doctrina:
763 1359 1077 1412 orthodoxa:
1107 1354 1239 1409 fides
1268 1363 1323 1408 et
1366 1353 1690 1413 auctoritas;
1724 1365 1830 1404 non
1865 1347 2052 1403 dubito

471 1451 604 1520 quin
654 1448 918 1503 in'Petro
966 1445 1247 1509 Damiani,
1296 1442 1554 1498 cardinali
1606 1439 1952 1495 sanctissimo
1997 1445 2053 1493 et

475 1540 828 1602 doctissimo,
883 1548 1173 1605 utrumque
1232 1536 1494 1603 reperias.
1546 1532 1604 1587 Si
1658 1533 1822 1586 vitam
1875 1530 2047 1592 illius.

476 1646 639 1700 quam
686 1630 737 1683 in
771 1629 930 1683 terris
960 1628 1089 1695 egit,
1133 1625 1386 1695 aspicias,
1433 1623 1709 1678 cielestem
1746 1636 1968 1691 prorsus
1997 1627 2054 1673 et

477 1722 776 1792 angelicam
827 1720 1061 1782 dixeris,
1106 1718 1431 1787 dignamque
1484 1716 1603 1769 ideo
1659 1730 1762 1783 qua
1810 1711 2052 1767 Ecclesia

474 1815 592 1867 hrec
636 1811 871 1866 militans
902 1810 968 1863 ad
1011 1809 1093 1862 sui
1139 1806 1398 1877 temporis
1442 1805 1733 1859 evertenda
1768 1803 1921 1867 vitia,
1965 1817 2051 1855 er-

475 1917 629 1956 rores
658 1901 1024 1960 debellandos,
1068 1898 1297 1951 virtutes
1328 1894 1706 1955 exstruendas,
1739 1906 1918 1946 mores
1965 1890 2049 1943 in~

466 1994 797 2048 staurandos
823 1987 1132 2045 l'rueretur.’
1148 1989 1360 2043 Etenim
1392 2000 1582 2039 omnes
1611 1984 1701 2053 qui
1736 1984 1912 2052 ipsum
1940 1980 2051 2036 elo-

476 2084 627 2152 quia,
659 2096 821 2153 Opere
852 2091 905 2135 ct
948 2078 1199 2146 exemplo
1242 2076 1485 2131 miranda
1515 2074 1698 2128 dicere
1740 2081 1795 2125 et
1835 2080 2049 2140 patrare

478 2174 743 2235 viderant,
779 2170 869 2240 qui
916 2170 1032 2238 ejus
1061 2165 1436 2221 admirabilem
1479 2178 1606 2234 erga
1642 2163 1806 2216 Deum
1849 2175 1913 2214 ac
1947 2159 2046 2213 lto-

475 2263 652 2317 mines
681 2263 960 2331 pietatem,
996 2258 1368 2313 incredibilem
1401 2254 1719 2324 sapientiam
1740 2292 1753 2315 ,
1784 2266 1905 2306 cum
1948 2264 2046 2317 po—

474 2356 647 2409 tentia
694 2353 1135 2414 submissionem,
1172 2365 1298 2404 cum
1339 2348 1534 2416 opibus
1563 2360 1627 2399 ac
1665 2343 1868 2398 divitiis
1898 2341 2049 2395 abdi-

2152 1159 2372 1213 civitate
2398 1158 2755 1227 universaque
2797 1159 3016 1214 dimcesi
3052 1159 3198 1214 illum
3245 1161 3538 1215 inviolabili
3584 1161 3725 1215 festo

2152 1249 2465 1319 duplicique
2489 1249 2664 1304 cilicio
2689 1248 3053 1304 concelebrat.

2226 1338 2429 1392 Deinde
2454 1338 2735 1402 Faventia,
2762 1339 2850 1392 ubi
2876 1339 3013 1393 obiit
3040 1349 3096 1393 et
3128 1354 3344 1394 sacrum
3373 1342 3453 1395 sui
3483 1345 3727 1411 corporis

2150 1430 2380 1501 spolium
2426 1430 2734 1501 dereliquit,
2773 1446 2839 1485 ex
2868 1446 2934 1485 eo
2973 1432 3085 1501 jam
3135 1441 3376 1501 tempore
3404 1449 3514 1503 quo
3542 1436 3719 1507 singn~

2151 1519 2253 1575 lari
2281 1519 2440 1589 hujus
2465 1521 2636 1575 sancti
2663 1521 2965 1589 patrocinio
2989 1520 3266 1574 Gallorum
3290 1523 3570 1579 obsidione
3590 1524 3727 1579 libe-

2154 1619 2271 1664 rata
2303 1611 2426 1674 fuit,
2457 1610 2631 1679 ipsum
2658 1611 2909 1665 eumdem
2940 1610 3124 1679 (quem
3157 1611 3271 1665 suis
3298 1628 3463 1667 unum
3493 1631 3558 1668 ex
3586 1631 3726 1685 qua-

2152 1709 2275 1754 tuor
2304 1699 2704 1769 protectoribus
2732 1699 2898 1753 multo
2925 1710 3083 1755 antea
3109 1704 3442 1771 susceperat)
3473 1704 3728 1758 anniver-

2151 1791 2299 1845 sario
2324 1807 2449 1846 cum
2480 1791 2655 1846 tribus
2680 1791 2803 1845 aliis
2839 1791 2976 1846 festo
3007 1793 3302 1848 inviolabili
3330 1794 3608 1850 celebrare
3635 1797 3728 1851 de-

2150 1881 2324 1935 crevit
2351 1898 2365 1933 :
2395 1888 2556 1950 atque
2580 1882 2770 1935 eadem
2798 1880 3112 1936 celebritate
3136 1892 3190 1935 et
3218 1881 3392 1937 cilicio
3415 1894 3726 1953 vrueratur,‘

2151 1972 2238 2025 dic.
2270 1986 2461 2041 nempe
2492 1971 2564 2025 22
2605 1971 2918 2037 Februarii;
2957 1973 3047 2041 qui
3080 1982 3280 2040 tamen,
3322 1975 3463 2043 quod
3495 1975 3634 2031 testo
3662 1975 3720 2030 S.

2151 2060 2299 2114 Petri
2342 2061 2697 2117 Antiocheam
2739 2062 3013 2118 cathedra:
3052 2074 3370 2134 occupatur,
3412 2080 3629 2135 semper
3673 2068 3724 2121 in

2149 2163 2466 2222 sequentem
2500 2153 2846 2210 transfertur.
2888 2156 3006 2222 Quo
3032 2156 3121 2210 die
3165 2173 3288 2211 cum
3333 2157 3478 2213 clero
3508 2160 3726 2230 religio-

2151 2259 2443 2313 sorninque
2472 2245 2752 2300 ordinibus
2798 2256 2854 2301 et
2894 2248 3312 2318 magistratuum
3350 2250 3609 2306 comitatu
3657 2257 3728 2305 ah

2152 2332 2389 2389 Ecclesia
2432 2333 2617 2404 Majori
2647 2350 2817 2404 usque
2852 2336 2920 2390 ad
2947 2340 3116 2392 aedem
3144 2338 3204 2393 S.
3237 2338 3420 2394 Maria:
3449 2341 3515 2394 de
3546 2341 3728 2412 Auge.

480 2450 771 2510 rationem,
798 2461 919 2500 cum
949 2443 1132 2499 l'omiie
1155 2441 1444 2510 carnisque
1471 2438 1726 2492 illecehra
1756 2436 2045 2507 puritatem
2079 2436 2122 2496 B
2152 2423 2235 2487 15$.
2265 2424 2353 2477 Ubi
2377 2424 2678 2493 dCPOSilum
2707 2434 2793 2480 οει
2813 2441 3033 2496 corpus.
3062 2427 3376 2484 Solemnitct'
3395 2431 3725 2500 proceditui.

474 2541 821 2609 conjiinetam
868 2543 1225 2606 agnoverunt,
1279 2534 1494 2585 beatum
1544 2542 1654 2582 uno
1708 2541 1805 2581 ore
1856 2525 2050 2595 przedi-

472 2641 688 2692 raiites,
713 2641 873 2699 atque
899 2629 1183 2696 quemdam
1216 2623 1327 2678 fere
1367 2620 1617 2699 angelum
1651 2619 1955 2679 credentes.
1983 2632 2050 2671 ex

473 2736 715 2789 quanam
752 2696 1003 2790 suprema
1045 2714 1351 2770 hicrareliia
1394 2696 1615 2782 spiritus
1648 2720 1751 2763 ISte
1791 2710 1845 2761 in
1879 2716 2052 2762 terras

476 2811 837 2875 descenderit,
876 2809 1173 2878 diiudicare
1204 2821 1307 2860 non
1337 2809 1605 2874 poterant.
1642 2799 1700 2854 Si
1730 2799 1870 2868 vulgi
1900 2813 2051 2854 com-

478 2903 628 2956 muni
654 2903 909 2970 opinione
937 2910 992 2954 et
1037 2896 1311 2968 prieconio
1338 2894 1520 2948 nescio
1546 2891 1674 2961 quid
1716 2890 1963 2943 veritatis
1989 2905 2053 2943 ac

478 2993 715 3047 numinis
734 2993 1059 3051 continetur,
1091 2986 1218 3057 quid
1247 2984 1539 3057 gloriosius
1556 2991 1611 3037 et
1636 2981 1870 3037 divinius
1890 2995 2049 3051 quam

477 3086 639 3139 unius
666 3085 811 3138 vices
856 3083 946 3135 Dei
989 3079 1229 3152 gerentis
1260 3078 1312 3130 in
1346 3076 1508 3130 terris
1553 3074 1865 3128 testimonio
1907 3088 2053 3127 coni-

477 3172 755 3227 mendari?
796 3172 1099 3225 Alexander
1142 3182 1373 3235 namque.
1422 3163 1693 3220 secundus
1734 3162 2050 3216 Damianum

479 3266 771 3330 viventem,
820 3279 974 3317 suum
1005 3260 1220 3316 oculum
1254 3270 1309 3314 et
1345 3257 1622 3312 immobile
1653 3255 1797 3309 sedis
1824 3254 2049 3325 Aposto-

480 3356 598 3412 lica:
626 3357 1021 3411 ﬁrmamentum
1052 3369 1147 3424 per
1185 3344 1729 3419 litterasappellavit.
1765 3346 1905 3402 Vere
1934 3346 2055 3414 qui-

476 3448 598 3501 dem
628 3447 835 3511 oculus,
863 3460 987 3499 vere
1012 3443 1265 3498 Ecclesia:
1289 3441 1687 3494 ﬁrmamentum
1722 3435 1810 3490 ille
1835 3435 2048 3499 dicitur,

480 3544 535 3594 in
568 3555 674 3609 quo
718 3539 878 3593 veluti
926 3538 978 3590 in
1013 3538 1355 3590 ﬁrmamento
1378 3531 1603 3602 jnstitiae
1635 3527 1938 3584 immortale
1968 3527 2050 3579 lu-
2098 3538 2105 3547 '

479 3647 627 3694 men,
668 3641 723 3683 et
762 3628 867 3683 ﬁsa
898 3628 1141 3682 omnium
1186 3624 1446 3679 virtutum
1478 3623 1669 3693 .sidera
1716 3618 2048 3683 relucebant,

477 3740 596 3793 qua:
624 3736 860 3792 purpura
894 3721 1042 3775 illum
1073 3718 1246 3786 magis
1282 3715 1602 3786 pretiosum,
1634 3711 1851 3780 Deoque
1875 3718 1928 3764 et
1954 3709 2051 3764 lio-

479 3816 717 3871 ininibns
760 3811 1109 3886 spectabilem
1158 3808 1508 3864 exhibebant.
1559 3803 1859 3858 Lucernam
1908 3800 2049 3854 hanc

478 3909 710 3964 lucidam
733 3918 789 3961 et
819 3907 1125 3969 ardentem,
1148 3916 1269 3971 qua:
1297 3900 1352 3955 in
1380 3896 1743 3953 Benedictina:
1776 3891 2049 3961 religionis

484 4000 664 4053 modio
692 3999 908 4052 latitare
935 4005 990 4051 et
1015 3992 1273 4050 abscondi
1303 3996 1555 4045 contenta
1582 3994 1720 4049 erat,
1751 3984 1893 4037 Deus
1921 3981 2046 4050 Opi.

482 4088 621 4143 Max.
652 4089 718 4142 ab
736 4085 955 4143 excelso
995 4083 1178 4154 gloria:
1202 4095 1313 4135 suae
1354 4078 1492 4133 solio
1520 4076 1836 4146 respiciens,
1870 4072 1921 4125 in
1953 4071 2047 4125 Ec-

479 4177 656 4233 clesia:
683 4192 794 4230 sua:
820 4173 1168 4235 candelabro,
1212 4169 1331 4223 loco
1360 4168 1506 4222 edito
1548 4174 1606 4220 et
1650 4160 1907 4217 eminenti
1939 4159 2051 4214 eol-

479 4268 708 4331 locavit;
750 4265 892 4319 unde
931 4263 1219 4333 conspicua
1248 4258 1626 4314 miraculorum
1656 4262 1712 4310 et
1745 4252 2051 4309 sanctitatis

480 4356 599 4411 luce
644 4357 994 4417 claresceret,
1041 4362 1203 4421 atque
1246 4352 1319 4405 ita
1364 4349 1477 4403 sedi
1524 4344 1832 4416 apostolica:
1877 4342 2051 4396 subsi-

479 4451 653 4513 dium,
698 4448 1005 4520 purpuratis
1049 4443 1377 4514 exemplum,
1429 4439 1735 4509 pastoribus
1784 4435 2049 4507 regulam,

481 4540 700 4595 tandem
756 4539 893 4591 viain
943 4536 1156 4594 caeteris
1202 4532 1498 4588 salutarem
1548 4528 1901 4583 ministraret.
1953 4524 2051 4577 Hic

482 4628 676 4684 Petrus
699 4626 937 4681 Damiani
974 4625 1200 4687 exstitit,
1227 4622 1423 4677 Lector
1451 4616 1860 4680 humanissime,
1888 4629 2048 4685 quem

483 4717 527 4771 si
550 4718 815 4770 viventem
847 4716 1077 4786 populus
1144 4712 1264 4783 ejus
1298 4708 1538 4765 cades-tis
1567 4706 1827 4761 doctrina:
1856 4704 2051 4774 pabulo

482 4818 778 4865 recreatus.
824 4804 1100 4861 miraculis
1139 4801 1492 4871 stupefactus,
1536 4798 1761 4866 vitaeque
1802 4793 2052 4863 exemplo

479 4899 852 4961 conﬁrmatus,
877 4905 1121 4952 sanetum
1146 4905 1199 4949 et
1226 4894 1439 4948 beatum
1472 4888 1799 4958 praedicavit.
1827 4897 1880 4941 et
1905 4899 2051 4939 sum-

483 5005 603 5043 inus
627 4989 863 5058 pontifex
904 4987 996 5041 tali
1022 4986 1295 5047 eumdem,
1324 4992 1383 5036 ut
1421 4982 1622 5045 vidisti,
1652 4978 1900 5033 encomio
1932 4975 2049 5029 illii-

480 5084 692 5144 stravit,
725 5080 857 5135 nihil
888 5089 971 5135 est
997 5078 1139 5147 quod
1169 5079 1235 5131 de
1275 5075 1518 5144 ejusdem
1548 5081 1667 5143 post
1691 5071 1897 5126 obitum
1925 5084 2048 5123 san-

479 5177 670 5227 ctitate
696 5175 931 5234 dubites,
975 5182 1137 5239 atque
1177 5170 1338 5225 etiam
1370 5182 1477 5237 quo
1522 5174 1681 5236 pacto
1708 5173 1764 5218 et
1802 5170 2047 5230 tempore

479 5263 672 5317 Petrus
715 5261 955 5317 Dainiaiii
1005 5262 1058 5314 in
1103 5267 1410 5314 sanctorum
1453 5270 1737 5311 numerum
1778 5253 2046 5321 ascriptus

480 5356 664 5418 fuerit,
693 5355 958 5412 curiosius
979 5350 1319 5406 iuseruteris.
1352 5348 1560 5403 Etenim
1585 5363 1650 5400 ex
1684 5355 1761 5399 tot
1781 5358 2044 5399 annorum

477 5445 692 5499 saeculis
721 5444 854 5500 nihil
887 5458 1113 5513 nsquam
1147 5439 1471 5501 invenimus,
1500 5452 1663 5507 quam
1696 5436 1921 5490 duarum
1950 5432 2046 5487 Er-

475 5534 764 5589 elcsiaruiu
818 5532 1152 5590 Ravennatis
1205 5540 1263 5585 et
1316 5528 1628 5586 Faventinus
1680 5522 2052 5596 irrel‘ragabilc

476 5623 869 5687 testimonium.
899 5619 1054 5689 cujus
1092 5620 1179 5676 vls
1211 5619 1390 5674 omnis
1432 5633 1497 5672 ac
1541 5614 1745 5671 veritas
1782 5613 1835 5667 in
1883 5612 2048 5668 veteri

458 5713 867 5791 consuetudine
907 5721 960 5768 et
992 5709 1402 5767 imuiemoralrili
1451 5706 1755 5781 traditione,
1779 5704 2043 5760 consistit.

2075 5132 2125 5193 D

2220 2515 2487 2570 Praeterea
2536 2516 2763 2587 singulis
2798 2518 2910 2574 fere
2952 2519 3132 2585 annis,
3175 2521 3373 2590 quibus
3409 2522 3727 2577 ordiotlicii

2149 2605 2412 2659 recitandi
2438 2605 2764 2673 excluditur,
2796 2608 2848 2662 in
2873 2622 2939 2663 eo
2960 2624 3057 2677 per
3079 2611 3194 2666 hiec
3219 2612 3381 2666 verba
3409 2614 3686 2681 reponitur
3711 2631 3726 2667 :

2154 2692 2415 2749 ,l’icesima
2459 2696 2612 2747 tertia
2654 2696 2739 2748 die
2783 2694 3085 2761 Februarii,
3134 2694 3281 2752 Petri
3325 2697 3576 2755 Damiani
3621 2719 3731 2769 cpi-

2150 2788 2291 2855 δευρὶ
2339 2797 2387 2840 et
2430 2786 2743 2855 confessoris
2784 2786 3019 2844 Recenti.
3074 2789 3223 2857 dupl.
3277 2791 3378 2859 [ait
3428 2792 3560 2847 heri.
3611 2792 3730 2858 Quo

2150 2880 2316 2933 etiam
2363 2882 2554 2935 ordine
2598 2895 2719 2933 cum
2769 2880 2972 2933 sanctis
3014 2880 3282 2949 episcopis
3327 2881 3730 2939 confessoribus

2152 2970 2380 3039 aliisque
2408 2970 2681 3025 eielitibus
2707 2971 2775 3023 ah
2806 2970 3044 3039 antiquis
3073 2971 3405 3040 temporibus
3436 2972 3486 3025 in
3516 2970 3728 3029 Litania

2152 3060 2357 3130 positus
2386 3060 2666 3114 invocatus
2693 3069 2797 3123 est.
2828 3060 3005 3129 Atque
3031 3069 3086 3115 et
3129 3060 3183 3114 in
3224 3062 3605 3118 vetustissimis
3634 3081 3727 3118 ea-

2154 3153 2420 3216 rumdem,
2450 3151 2781 3213 Ravennatis
2824 3152 3091 3221 prmcipue
3120 3167 3185 3207 ac
3213 3152 3521 3210 Faventiam
3550 3155 3731 3211 Eeclc-

2152 3243 2352 3299 siarum
2411 3245 2638 3310 tabulis,
2696 3245 3168 3315 monumentisque
3222 3245 3469 3302 Daniiani
3530 3263 3727 3304 nomen

2154 3336 2295 3393 inter
2336 3346 2551 3391 sanctos
2587 3345 2850 3407 perpetuo
2886 3346 3337 3392 eonnumeratum
3365 3339 3552 3406 fuisse,
3580 3356 3730 3398 como

2153 3436 2363 3498 portum
2388 3428 2550 3481 etiam
2584 3428 2777 3484 habeo.

2223 3516 2394 3588 llujus
2425 3532 2639 3588 quoque
2668 3520 2837 3574 nostri
2871 3519 3171 3575 beatissimi
3206 3520 3444 3578 doctoris
3473 3525 3731 3580 sanctita-

2156 3618 2262 3663 tem
2286 3610 2630 3665 commendat
2667 3611 2905 3665 tiimulus
2936 3620 3063 3667 ante
3108 3622 3379 3668 trecentos
3419 3613 3531 3670 fere
3558 3632 3730 3671 annos

2154 3698 2382 3752 candido
2427 3716 2492 3753 ex
2524 3716 2817 3765 marmore,
2866 3700 2984 3755 loco
3011 3712 3133 3772 post
3162 3701 3335 3769 majus
3385 3704 3553 3761 altare
3583 3709 3730 3761 edito

2076 3782 2121 3842 C
2151 3796 2207 3841 et
2233 3788 2448 3842 sublimi
2478 3798 2852 3853 constructus,
2896 3788 3200 3858 hujusaodi
3243 3791 3386 3846 inter
3416 3793 3519 3849 alia
3550 3795 3729 3850 verb's

2152 3881 2204 3935 in
2260 3896 2532 3937 marmore
2582 3882 2816 3937 incisis:
2864 3884 2928 3937 Α.
2972 3883 3041 3940 D.
3094 3884 3451 3954 Μειςειιη,
3495 3890 3580 3945 die
3631 3908 3726 3945 xui

2152 3974 2344 4044 Aprilis
2374 3972 2685 4027 translatum
2737 3974 2837 4042 fuit
2881 3991 3070 4044 corpus
3100 3975 3159 4029 S.
3205 3975 3353 4030 Petri
3388 3978 3640 4035 Damiani
3673 3986 3727 4036 in
3811 4006 3821 4017 -

2148 4073 2332 4119 sancta
2381 4065 2640 4133 scriptura
2698 4065 2899 4118 doctor.
2956 4075 3003 4118 et
3050 4062 3308 4121 Ostiensis
3361 4070 3610 4138 episcopi,
3659 4092 3724 4125 ac

2150 4163 2318 4224 (ipost.
2367 4154 2478 4208 sed.
2521 4154 2697 4224 legati.
2746 4153 2948 4210 Ibidem
2997 4156 3164 4210 etiam
3207 4177 3219 4211 :
3268 4155 3414 4213 Obiit
3461 4165 3727 4230 conlisio:-

2151 4243 2346 4299 Christi
2378 4243 2569 4298 Petrus
2601 4244 2874 4310 Damiani,
2910 4241 3168 4299 Ostiensis
3195 4249 3487 4318 episcopus,
3517 4260 3562 4303 et
3593 4249 3724 4304 Car-

2149 4334 2342 4389 dinalis
2372 4335 2754 4399 sanctissimus,
2786 4348 2880 4388 vni
2925 4332 3053 4390 Kal.
3099 4333 3300 4390 Martii.
3344 4335 3514 4404 Quem
3547 4348 3726 4393 tumn-

2150 4425 2285 4491 liim,
2316 4425 2563 4495 quamvis
2586 4424 3046 4495 antiquissimum,
3087 4425 3207 4494 pius
3234 4424 3322 4481 ille
3351 4428 3579 4498 p0pnlus
3606 4430 3722 4484 vita

2153 4531 2217 4571 ac
2245 4515 2448 4571 recenti
2483 4516 2740 4587 religione
2765 4516 2918 4581 colit,
2959 4516 3236 4571 osculatur
3262 4526 3317 4572 et
3356 4521 3724 4589 amplectitur,

2152 4606 2373 4674 suisque
2404 4605 2458 4659 in
2489 4608 2650 4661 rebus
2679 4621 2920 4676 prmsens
2953 4607 3232 4678 experitur
3259 4608 3538 4665 auxilium.
3574 4611 3726 4669 Undo

2153 4711 2258 4750 non
2292 4694 2561 4749 immerito
2592 4697 2785 4751 votivis
2814 4696 3025 4751 tabellis
3065 4696 3416 4769 donariisque
3449 4706 3725 4773 appensis.

2151 4799 2215 4839 ac
2272 4788 2518 4841 accensis
2568 4785 2862 4841 luminibus
2921 4787 3228 4843 nobilitant.
3285 4788 3506 4849 Necnon
3565 4804 3620 4849 et
3671 4798 3723 4850 in

2152 4877 2326 4931 sancti
2362 4876 2520 4946 hujus
2566 4877 2665 4930 viri
2709 4876 3047 4940 celebritate,
3080 4878 3197 4947 ejus
3226 4876 3447 4949 effigies,
3481 4896 3599 4951 qua:
3642 4892 3725 4936 tu-

2152 4966 2297 5020 mulo
2332 4967 2577 5030 inhieret,
2626 4965 2882 5036 pastorali
2928 4967 3167 5021 induitur
3204 4980 3523 5024 ornamento
3553 4988 3726 5041 popu-

2152 5060 2298 5130 lique
2342 5054 2642 5124 frequentia
2683 5059 2954 5112 visitatur.
3003 5057 3128 5113 lliec
3167 5060 3348 5115 omnia
3398 5044 3727 5118 authenticis

2153 5149 2388 5221 przefata:
2417 5148 2696 5217 utriusque
2735 5145 2978 5201 ecclesia:
3025 5162 3090 5199 ac
3131 5147 3366 5202 civitatis
3404 5152 3730 5209 testimoniis

2153 5242 2219 5295 ad
2249 5256 2338 5295 me
2366 5242 2703 5295 transmissis
2732 5238 3143 5294 COtlﬁTtlrallltll'.

2225 5330 2334 5386 Nec
2374 5330 2553 5386 minus
2577 5333 2684 5386 erit
2720 5342 3099 5400 argumentum
3129 5328 3480 5397 complurium
3515 5331 3731 5403 religio-

2154 5435 2335 5478 sorum
2369 5421 2522 5485 fides,
2550 5422 2640 5490 qui
2686 5421 3039 5475 testatiSsiine
3085 5426 3135 5476 cl
3177 5418 3389 5473 oculate
3417 5428 3685 5479 testantur
3711 5465 3728 5487 .

2152 5530 2275 5570 cum
2303 5513 2372 5568 ab
2412 5512 2539 5568 hinc
2568 5511 2681 5568 lere
2723 5512 2883 5566 annis
2912 5513 3096 5583 viginti
3127 5514 3228 5567 hoc
3266 5494 3723 5582 ecpiilcruinape-

2153 5606 2374 5669 rirctur,
2400 5604 2673 5659 inventum
2695 5601 2860 5657 fuisse
2880 5601 3023 5656 Petri
3049 5602 3288 5658 Damiani
3317 5615 3515 5667 corpus
3542 5605 3722 5657 incor-

2156 5708 2393 5768 ruptum.
2425 5691 2502 5749 Ne
2526 5708 2656 5751 vero
2683 5691 2866 5748 oeulos
2895 5690 3148 5765 deceptos
3181 5694 3343 5751 fuisse
3386 5693 3510 5765 quis
3538 5692 3727 5749 existi-
