4018 6194
304 296 373 355 η
1010 293 1100 348 AD
1140 292 1199 347 S.
1241 289 1449 345 PETRI
1489 286 1770 345 DAMIAM
1810 285 2247 343 OPP."TOMUM
2291 288 2421 345 SEU
2460 289 2739 345 PARTEM
2781 290 2860 345 Ill.
3506 292 3570 345 lli

304 421 450 476 met,
500 409 716 481 ipsimet
764 405 1056 472 monachi,
1108 404 1199 476 qui
1239 419 1353 459 rem
1398 411 1565 457 totam
1612 400 2239 459 curiosiusAcumenta
2286 403 2533 464 noverit,
2571 418 2636 456 ex
2668 404 2867 472 quibus
2913 412 3166 471 tanquam
3215 418 3277 458 ex
3331 404 3569 461 fontibus

226 542 231 543 κ
301 503 687 563 inspexerunt,
718 496 1020 561 amrmant,
1073 495 1321 551 eumdem
1368 493 1461 548 Dei
1508 492 1683 545 virum
1714 505 1879 560 parva

302 607 423 648 esse
447 592 696 661 corporis
725 597 934 645 statura
964 605 976 641 :
1010 601 1284 656 unumque
1328 586 1397 640 ab
1427 599 1493 639 eo
1517 593 1645 639 tunc
1674 581 1750 636 illi
1783 582 1882 637 ab-

298 691 549 737 straxere
586 680 910 743 brachium,
958 686 1010 731 ut
1064 678 1167 731 hoc
1220 691 1344 731 cum
1399 674 1521 731 aliis
1566 681 1880 729 sanctorum

300 774 551 843 reliquiis
583 773 648 827 ad
673 772 933 826 festorum
966 770 1227 825 solemnia
1261 768 1418 822 altari
1452 767 1661 837 majori,
1692 782 1880 837 quem-

291 863 590 917 admodum
624 866 675 917 in
722 863 860 917 hanc
896 874 1066 930 usque
1094 861 1234 915 diem
1295 868 1555 913 consuete
1610 866 1905 931 servatpr,,

295 960 653 1024 exponerent.

292 1074 297 1079 ’
372 1048 571 1105 Ultimo
604 1047 813 1102 accedit
839 1057 1087 1101 veterum
1129 1059 1192 1100 ae
1239 1044 1607 1100 recentiorum
1637 1044 1877 1101 auctori-

300 1152 402 1205 tas,
432 1142 521 1209 qui
548 1141 763 1195 Petrum
796 1141 938 1194 hunc
987 1148 1232 1194 nostrum
1271 1138 1578 1193 sanctitatis
1600 1147 1654 1193 et
1683 1139 1879 1194 doctrio

299 1249 380 1287 na:
411 1233 565 1287 laude
594 1233 943 1303 conspicuum
969 1230 1244 1300 appellare
1273 1246 1377 1283 non
1409 1230 1679 1293 dubitant,
1705 1230 1798 1300 qui
1826 1238 1881 1285 et

285 1323 511 1391 ‘qmties
557 1323 703 1375 illius
751 1320 1075 1374 sententiam
1122 1319 1234 1373 suis
1281 1320 1523 1374 inserere
1567 1320 1788 1386 scriptis
1825 1328 1881 1375 et

297 1411 650 1465 cuncionibus
692 1410 911 1473 volunt,
942 1409 1287 1464 eumdemeo
1331 1410 1504 1465 sancti
1547 1408 1706 1465 titulo
1742 1425 1880 1479 pra-

298 1500 563 1554 nnmiunt.
595 1500 725 1567 Quae
752 1499 932 1552 omnia
962 1499 1011 1553 si
1054 1499 1235 1553 minus
1260 1498 1507 1554 sufﬁcere
1554 1499 1840 1553 videantur
1862 1539 1875 1561 ,

281 1593 487 1648 "eadem
509 1592 861 1646 dubitationis
881 1592 1019 1647 ratio
1040 1592 1224 1646 multis
1248 1593 1297 1645 in
1326 1593 1531 1648 sanctis
1552 1593 1876 1664 insurgeret,

281 1688 439 1749 ‘qnos.
484 1691 664 1734 tamen
714 1681 793 1733 vel
837 1680 1094 1748 privatim,
1144 1681 1225 1735 vel
1271 1682 1583 1736 communis
1623 1682 1880 1740 Ecclesia

1988 490 2188 545 diversi
2241 492 2486 546 scientiae
2538 492 2876 561 professores
2933 493 3085 547 utilia
3137 509 3202 548 ac
3261 498 3566 552 necessaria

1987 581 2207 636 haurire
2234 592 2507 651 poterunt.
2558 583 2899 655 Quapropter
2930 600 3035 639 non
3068 601 3256 655 parum
3288 588 3568 643 industria:

1983 680 2040 727 et
2084 672 2286 729 laboris
2331 675 2719 746 insumpsimus
2762 677 2926 732 hasce
2955 678 3277 748 margaritas
3323 694 3422 734 suo
3450 680 3567 735 sin-

1983 763 2137 831 gulas
2176 764 2294 819 loco
2334 766 2654 835 disponere,
2705 782 2840 837 quas
2888 780 3110 826 sanctus
3156 770 3378 835 doctor,
3409 781 3568 842 prout

1983 861 2213 923 tempus,
2242 854 2390 909 locus
2417 856 2665 926 ratioque
2692 857 3022 927 postulabat,
3046 858 3321 915 effundere
3341 876 3569 915 consue-

1980 954 2152 997 verat.
2178 943 2311 999 Cum
2341 959 2469 1015 ergo
2493 947 2727 1016 primum
2757 948 3140 1016 opusculorum
3177 959 3381 1004 tomum
3414 950 3567 1020 quai
3614 930 3623 937 ’

1982 1034 2197 1105 politica
2228 1038 2595 1092 continentem
2634 1038 2902 1107 politicis;
2938 1041 3236 1097 secundum
3269 1042 3357 1096 ubi
3396 1056 3568 1097 sacrm

1982 1126 2100 1184 ioca
2146 1130 2354 1199 pagina:
2384 1142 2767 1200 exponuntur,
2802 1133 3278 1190 concionatoribus
3320 1136 3567 1192 dedisse-

1982 1233 2105 1272 mus
2140 1235 2153 1271 :
2201 1220 2344 1273 hunc
2377 1222 2622 1287 tertium,
2657 1224 2749 1293 qui
2796 1224 2952 1293 quasi
2982 1225 3380 1281 contentiosam
3415 1229 3567 1283 tlzeo-

1980 1306 2178 1379 logiam
2207 1324 2328 1363 cum
2354 1310 2625 1368 hazreticis
2653 1329 2718 1366 ac
2739 1314 3105 1371 schismaticis
3131 1318 3390 1386 agitatam
3418 1334 3566 1374 com-

1979 1401 2254 1471 plectitur,
2284 1404 2551 1475 tbeologis
2572 1406 2917 1462 scholasticis
2936 1410 3300 1479 assignamus.
3330 1409 3409 1465 Ne
3436 1426 3566 1466 vero

1980 1492 2071 1560 qui
2122 1494 2443 1549 eruditionis
2498 1497 2677 1549 studio
2728 1497 3069 1552 delectantur
3096 1537 3126 1561 ,.
3162 1514 3261 1553 sua
3288 1499 3567 1570 voluptate

1982 1584 2305 1640 defraudare
2332 1587 2645 1653 videamur,
2688 1598 2938 1658 quartum
2968 1597 3026 1642 et
3052 1588 3326 1654 ultimum,
3355 1591 3449 1659 qui
3480 1592 3566 1645 di-

1984 1676 2124 1730 versi
2175 1677 2389 1747 generis
2440 1678 2684 1732 carmina
2717 1688 2775 1734 ct
2824 1694 3009 1734 sacras
3054 1694 3245 1750 preces
3287 1682 3563 1743 continet.

295 1786 591 1825 consensus
634 1771 905 1833 celebrat;
962 1788 1084 1825 cum
1138 1768 1271 1825 nihil
1320 1772 1468 1826 aliud
1522 1788 1685 1843 quam
1725 1783 1877 1828 vetus
1908 1753 1955 1811 Β
1986 1768 2114 1821 viris
2141 1769 2271 1838 ipsis
2297 1770 2528 1825 eruditis
2557 1772 2980 1827 asservabimus.
3010 1770 3126 1826 Non
3157 1780 3337 1826 tamen
3367 1773 3566 1843 singuli

286 1865 629 1919 consuetudo
658 1873 715 1919 et
746 1864 965 1919 traditio
988 1880 1087 1934 pro
1114 1881 1304 1921 eorum
1332 1865 1441 1922 lidc
1466 1880 1531 1921 ac
1561 1868 1876 1923 testimonio

297 1953 508 2007 militet.

364 2044 550 2111 Quoad
593 2056 735 2099 vero.
775 2045 950 2101 sancti
997 2045 1099 2100 viri
1151 2046 1463 2101 doctrinam
1512 2047 1724 2111 attinet,
1776 2048 1878 2103 hoc

284 2136 481 2192 animo
521 2136 715 2191 Lector
743 2137 948 2208 inﬁgat,
994 2147 1158 2209 atque
1176 2152 1311 2194 eam
1353 2153 1538 2207 parem
1563 2142 1800 2210 pondere
1827 2150 1881 2195 et

294 2228 470 2294 pretio
497 2236 743 2283 veterum
771 2228 987 2283 Patrum
1036 2229 1398 2285 monumentis
1423 2245 1549 2285 esse
1574 2241 1681 2286 non
1727 2232 1878 2302 igno-

286 2324 395 2370 ret.
443 2316 556 2372 liae
604 2319 755 2373 enim
791 2320 1094 2375 orthodoxa
1142 2320 1277 2378 lides
1323 2322 1630 2388 roboratur,
1685 2324 1877 2395 religio

293 2413 563 2469 catholica
616 2411 943 2479 iliustratnr,
989 2413 1165 2483 pietas
1204 2415 1556 2481 accenditur,
1609 2416 1875 2472 iminanus

279 2518 451 2559 verror
468 2514 525 2560 et
554 2506 803 2576 impietas
821 2506 1118 2571 evanescit,
1145 2514 1307 2577 atque
1332 2506 1387 2561 in
1414 2505 1609 2562 coelum
1646 2507 1731 2561 via
1758 2524 1877 2561 mu-

293 2596 443 2650 nitur
478 2606 534 2652 ct
560 2599 881 2653 ostenditur.
929 2595 1203 2653 Praeterea
1228 2598 1387 2653 unice
1430 2607 1484 2653 et
1528 2598 1878 2669 singulariter

292 2687 755 2743 commendandus
797 2696 881 2742 est
911 2699 1096 2744 noster
1125 2690 1214 2744 hic
1249 2690 1465 2754 doctor,
1496 2690 1639 2759 quod
1686 2688 1875 2744 instre-

286 2782 439 2832 ctam
461 2785 525 2832 et
538 2776 768 2847 simplici
799 2776 938 2848 stylo
982 2778 1207 2849 cepiosa
1229 2788 1286 2833 et
1311 2779 1465 2834 varia
1507 2780 1751 2835 intexere
1775 2780 1875 2833 do-

1982 1870 2170 1913 csacte
2194 1875 2307 1914 rem
2334 1859 2459 1915 hinc
2489 1876 2645 1916 suam
2675 1876 2869 1917 eruere
2900 1876 3059 1932 posse
3079 1858 3421 1928 existiment,
3439 1864 3565 1933 quia

1981 1951 2065 2006 vir
2093 1961 2312 2005 sanctus
2338 1967 2443 2007 non
2485 1967 2552 2006 ex
2578 1951 2840 2024 professo,
2875 1962 2938 2007 ut
2962 1952 3217 2017 diximus,
3248 1963 3564 2024 argumenta

1984 2043 2098 2098 haec
2134 2044 2285 2100 varia
2313 2049 2691 2114 pertractavit,
2719 2061 2818 2102 nec
2853 2048 2985 2102 tanti
3017 2046 3115 2100 viri
3147 2060 3299 2101 meas
3329 2061 3564 2116 unquam

1983 2133 2085 2190 fuit
2116 2152 2268 2192 suam
2299 2136 2437 2193 velle
2462 2136 2770 2193 doctrinam
2801 2139 3082 2194 hominum
3126 2138 3407 2208 applausui
3430 2179 3451 2201 ,
3472 2140 3566 2194 sed

1983 2230 2255 2283 communi
2298 2230 2479 2299 potius
2521 2230 2724 2295 saluti,
2759 2231 2959 2299 Deique
2986 2230 3170 2300 gloria:
3219 2230 3564 2300 potissimum

1980 2322 2384 2378 commendare.
2410 2322 2777 2389 Quamobrem
2806 2332 3052 2378 nostrum
3086 2322 3412 2378 inserviendi
3441 2337 3565 2376 om-

1981 2416 2139 2470 nibus
2171 2414 2431 2478 auimum,
2466 2430 2682 2484 quaeso,
2724 2424 2914 2485 gratus
2940 2429 3005 2470 ac
3034 2414 3192 2469 lmtus
3224 2413 3484 2484 accipias,
3513 2423 3569 2467 et

1986 2506 2085 2561 viri
2116 2505 2447 2563 sanctissimi
2479 2506 2812 2573 doctrinam,
2833 2522 2998 2577 quam
3023 2508 3113 2562 his
3130 2508 3251 2577 ejus
3269 2508 3320 2559 in
3351 2505 3568 2576 scriptis

1979 2598 2337 2667 exhibemus,
2375 2599 2504 2654 totis
2551 2601 2757 2656 viribus
2810 2600 3063 2669 assequi,
3094 2609 3147 2653 et
3193 2600 3250 2651 in
3289 2612 3350 2652 ea
3400 2598 3565 2650 vitam

1984 2689 2189 2744 imitari
2212 2707 2283 2744 ne
2310 2691 2548 2745 desinas.
2579 2689 2729 2745 Vale.

312 2954 3559 2984 MM

1239 3135 1998 3231 COROLLARIA
2070 3136 2601 3244 QUIEDAM

995 3330 1083 3385 ΒΕ
1122 3328 1306 3385 Vl'UE
1342 3328 1577 3415 1.Λοοξ
1614 3327 1702 3385 AC
1739 3326 2172 3386 SANCTITATE
2210 3329 2270 3382 Β.
2312 3327 2519 3387 PETRI
2555 3329 2864 3387 nautam.

1697 3491 2052 3503 ..ι-ῃ

290 3703 393 3765 ἰοἷο
431 3708 500 3762 ll
535 3722 669 3779 papa
696 3706 750 3759 in
790 3698 1073 3775 diplomate
1095 3703 1143 3757 ei
1177 3701 1352 3757 adhuc
1384 3698 1569 3758 viventi
1600 3717 1872 3760 concesso.

366 3802 474 3856 Leo
496 3799 799 3869 episcopus,
829 3808 1018 3850 servus
1047 3807 1329 3848 servorum
1369 3794 1482 3850 Dei.

362 3889 688 3961 Apostoiicae
726 3887 868 3942 sedis
907 3882 1168 3955 competit
1195 3886 1509 3941 auctoritati
1549 3896 1603 3943 et
1633 3886 1879 3959 legaliter

297 3984 539 4040 ordinata
577 3989 817 4037 statuere
840 4020 855 4044 ,
886 3986 941 4033 et
987 3976 1103 4033 Deo
1134 3978 1302 4033 semel
1329 3977 1543 4045 oblata,
1574 3991 1635 4036 ut
1684 3982 1874 4037 incon—

300 4078 446 4133 vulsa
498 4084 826 4139 serventur,
860 4070 913 4125 in
942 4078 1218 4140 posterum
1260 4071 1546 4142 providere
1576 4090 1587 4126 :
1628 4089 1699 4128 ne
1736 4075 1878 4144 quod

292 4162 534 4232 priorum
566 4167 757 4220 devota
791 4162 898 4215 Deo
920 4162 1093 4230 pietas
1117 4159 1355 4226 inchoat,
1382 4165 1724 4231 sequentium
1755 4179 1880 4235 pra-

300 4258 434 4312 titas
462 4255 724 4325 sacrilega
755 4294 769 4317 ,
814 4252 961 4322 quod
1001 4250 1175 4315 absit,
1224 4252 1530 4306 temeritate
1576 4252 1876 4311 subvertet.

299 4354 634 4418 Quapropter
678 4345 930 4398 Eremum
961 4354 1080 4411 quae
1130 4340 1331 4395 dicitur
1358 4339 1491 4396 Ocri‘
1515 4383 1528 4405 ,
1560 4344 1612 4398 in
1664 4344 1880 4400 Saxeno

300 4440 549 4496 videlicet
573 4438 846 4495 territorio
880 4433 1252 4498 constitutam,
1285 4433 1407 4499 tibi,
1436 4434 1596 4490 Petro
1621 4436 1879 4493 Damiano

305 4533 450 4599 prior
481 4530 726 4597 ejusdem
778 4527 986 4589 Eremi,
1024 4526 1244 4595 tuisque
1292 4528 1705 4582 successoribus
1736 4530 1880 4599 adju-

305 4610 553 4678 dicamus
590 4640 602 4675 :
646 4630 701 4675 et
754 4622 926 4690 ipsam
978 4619 1231 4673 Eremum
1283 4620 1337 4672 in
1383 4635 1481 4674 suo
1524 4632 1665 4674 statu
1711 4624 1881 4694 persi-

296 4721 460 4779 stere,
482 4722 537 4767 et
564 4713 615 4767 in
642 4722 960 4783 perpetuum
988 4710 1169 4766 valere
1190 4713 1556 4768 decernimus.
1592 4714 1697 4769 Nec
1725 4716 1883 4770 liceat

298 4798 391 4857 ulli
442 4804 780 4867 mortalium,
817 4818 921 4858 non
964 4812 1174 4871 parvae,
1232 4818 1335 4857 non
1383 4816 1589 4873 magum
1640 4822 1884 4875 persona:

299 4894 470 4961 ipsam
502 4892 825 4962 quandoque
851 4891 1104 4945 Eremum
1153 4892 1221 4945 ad
1250 4893 1431 4946 szeculi
1457 4893 1587 4961 jura
1615 4896 1880 4965 redigere,

1908 3622 1952 3682 c
1985 3626 2140 3683 sunt,
2174 3618 2258 3672 vel
2292 3618 2546 3688 deinceps
2585 3619 2925 3688 anquisitum
2958 3627 3068 3683 est,
3118 3621 3323 3691 absque
3367 3620 3564 3692 injust-.1

1980 3708 2381 3780 cujuscumque
2404 3707 2674 3774 molestia,
2705 3712 2889 3780 quiete
2913 3720 2968 3766 et
2987 3713 3276 3782 tranquille
3303 3714 3565 3769 detineat.

1981 3799 2094 3855 Nec
2124 3800 2216 3854 ulli
2250 3800 2528 3854 hominem
2561 3800 2719 3854 liceat
2764 3801 2823 3854 in
2855 3802 3032 3871 ipsam
3058 3800 3315 3857 Eremtrm
3343 3819 3441 3875 per
3471 3805 3570 3860 lio-

1980 3892 2158 3947 stilem
2187 3892 2451 3962 impetum
2483 3890 2748 3946 violenter
2787 3892 3108 3963 irnunpere,
3146 3904 3202 3949 et
3239 3910 3426 3951 servos
3448 3897 3568 3963 Dei,

1980 3984 2071 4053 qui
2100 3983 2207 4038 illic
2234 3983 2620 4046 habitaverint,
2654 3982 2737 4037 vel
2780 3983 3072 4052 expellere,
3104 3984 3189 4039 vel
3214 3986 3571 4055 depraedatio-

1982 4073 2140 4127 nibus
2190 4072 2478 4136 infeStare;
2518 4072 2667 4126 salvo
2711 4080 2888 4127 tamen
2935 4073 3058 4142 jure
3110 4073 3351 4127 ﬁdelium
3399 4073 3567 4129 laico-

1981 4178 2122 4229 rum,
2152 4163 2241 4233 qui
2263 4162 2503 4230 ejusdem
2524 4161 2706 4216 Eremi
2720 4162 2931 4232 patroni
2950 4170 3095 4228 sunt,
3114 4172 3173 4215 et
3192 4177 3309 4216 eam
3330 4177 3427 4232 pro
3446 4164 3570 4217 ani-

1982 4270 2193 4309 marum
2218 4268 2441 4308 suarum
2467 4254 2706 4308 remedio
2735 4254 3113 4309 condiderunt.
3149 4250 3209 4307 Si
3233 4254 3358 4321 quis
3384 4264 3568 4308 autem

1981 4346 2142 4413 hujus
2163 4345 2330 4399 nostri
2352 4344 2629 4413 apostolici
2663 4344 2865 4399 decreti
2908 4349 3203 4397 temerator
3243 4345 3566 4409 exstiterit,

1980 4435 2084 4490 nisi
2109 4436 2389 4506 resipiscat
2411 4446 2571 4505 atque
2604 4437 2656 4489 in
2687 4436 2936 4491 omnibus
2958 4444 3179 4504 apertus
3200 4436 3292 4491 Dei
3316 4435 3572 4490 inimicus

1983 4526 2271 4580 emendare
2296 4534 2629 4590 contemnat,
2658 4526 3023 4580 anathematis
3071 4540 3139 4581 se
3164 4526 3399 4581 vinculis
3424 4526 3538 4582 obii
3554 4556 3571 4566 ο

1985 4616 2217 4687 gandum
2250 4615 2621 4670 indubitanter
2644 4627 2922 4687 agnoscat.

2752 4726 2814 4782 η’.

1986 4818 2281 4891 Alexander
2308 4816 2370 4891 I_l
2490 4818 2675 4891 litteris
2697 4819 2793 4891 _ad
2821 4816 3124 4891 Galliarum,
3155 4819 3406 4887 prmities
3447 4837 3572 4891 apo-

1976 4896 1979 4899 '
2058 4888 2277 4950 stolicis,
2310 4888 2375 4940 de
2404 4887 2469 4939 Β.
2500 4886 2663 4939 Petro
2688 4887 2937 4942 Βηπιὶαηί
2969 4888 3277 4957 legationem
3299 4886 3488 4945 iisdem
3516 4894 3568 4943 in

296 4958 567 5034 velalicui
594 4958 815 5049 prorsus
859 4980 1193 5035 monasterio
1223 4958 1531 5052 subjugare.
1572 4958 1879 5039 Enimvero

2055 4959 2295 5027 partibus
2323 4960 2563 5021 abeunte,
2593 4958 2668 5011 sic
2694 4958 2970 5028 "mgni/ire
2995 4959 3247 5029 loquitur.

298 5072 613 5140 [medic-tum
640 5071 815 5125 locum
844 5086 942 5141 per
970 5073 1322 5141 semetipsum
1351 5074 1567 5142 quidem
1617 5074 1732 5129 fieri
1765 5091 1901 5151 mo-q

299 5164 632 5227 nasteriutn,
674 5163 719 5216 si
748 5176 1045 5231 congruunt
1072 5162 1248 5216 visum
1298 5163 1483 5225 fuerit,
1536 5182 1638 5218 non
1684 5167 1876 5220 abnui-

302 5265 422 5304 mus
444 5271 458 5315 ;
477 5252 585 5318 jnri
614 5267 742 5307 vero
776 5252 1000 5305 alterius
1032 5254 1344 5307 monasterii
1369 5254 1584 5321 subjici,
1613 5256 1878 5311 omnimo-

301 5338 385 5393 dis
414 5342 781 5409 prohibemus.
825 5328 939 5395 Non
972 5342 1117 5395 enim
1167 5341 1502 5410 ignoramus,
1538 5344 1665 5411 quia
1696 5343 1879 5409 hujus-

299 5430 446 5484 modi
469 5431 767 5497 suppositio
790 5428 1109 5499 plerumque
1131 5429 1232 5484 laci
1261 5442 1345 5483 est
1372 5431 1577 5498 absque
1605 5431 1880 5486 dubietate

303 5520 623 5575 destructio.
659 5516 948 5573 Sa‘hcimus
979 5520 1182 5585 etiam,
1234 5528 1292 5572 ut
1342 5518 1551 5589 plebem
1584 5518 1647 5571 S.
1694 5519 1881 5576 Maria

304 5608 533 5681 positam
563 5610 614 5662 in
639 5610 779 5675 loco,
812 5612 907 5679 qui
925 5608 1387 5673 dicitur‘Vincole,
1412 5607 1633 5677 priclhta
1661 5610 1885 5665 Eremus

305 5710 564 5769 perpetuo
590 5702 709 5769 jure
741 5698 1033 5768 possideat.
1067 5698 1171 5752 Sed
1198 5709 1252 5753 et
1281 5691 1497 5768 prmdii
1532 5695 1575 5753 Si
1603 5715 1707 5767 qua
1744 5716 1884 5754 nunc

2055 5065 2715 5133 Acesanmtepiseopee,
2752 5077 2947 5119 servus
2964 5071 3251 5119 servorum
3279 5065 3394 5127 Dei.
3432 5067 3571 5122 Gen-

1987 5166 2141 5208 vrsm
2172 5153 2429 5206 Remens":
2454 5152 2863 5223 archiepiscopo
2889 5168 3013 5207 cum
3046 5154 3163 5208 suis
3182 5153 3567 5223 suiraganeis,

1985 5246 2029 5300 si
2101 5244 2406 5299 obedierint
2439 5282 2454 5307 ,
2520 5252 2759 5299 salutem
2814 5254 2875 5299 et
2934 5244 3303 5314 apostolicam
3348 5246 3568 5300 benedi-

1986 5335 2242 5390 ctidnem.

1978 5446 1981 5449 ν
2059 5427 2285 5497 Siquod
2302 5424 2460 5482 ofﬁcii
2478 5426 2649 5482 vestri
2671 5435 2773 5490 est,
2800 5428 3255 5497 cxsequeremi‘ei,
3278 5440 3391 5481 non
3406 5424 3571 5481 abba-

1991 5530 2101 5574 tem
2123 5560 2140 5579 .
2189 5520 2287 5575 sed
2331 5519 2640 5574 maleﬁcum
2669 5514 3048 5590 Reginaldom,
3082 5534 3112 5572 a
3144 5518 3309 5574 Petro
3336 5515 3567 5574 Ostiensi

1988 5610 2272 5679 episcopo.
2317 5620 2375 5664 et
2418 5624 2449 5662 a
2484 5609 2645 5664 vobis
2684 5609 2749 5664 in-
2784 5609 3033 5665 conciliis
3053 5607 3481 5681 justo-ration.
3508 5612 3568 5656 ιη

1994 5704 2146 5756 nobis
2178 5704 2409 5757 relatum
2437 5719 2468 5755 e
2493 5709 2539 5767 1,’
2563 5700 3008 5769 condemnatum,
3030 5702 3095 5755 ab
3120 5702 3237 5772 ipso
3259 5697 3430 5757 sancti
3456 5694 3565 5749 3k"
