4018 6194
337 307 398 364 21
1361 307 1600 364 OPL'SC.
1639 307 1676 362 l.
1715 337 1782 347 -
1823 307 1906 360 DE
1943 307 2095 360 l’lnli
2133 305 2546 364 CATHOIJCA.
3517 309 3589 364 39

339 423 462 490 quia
509 419 636 474 mihi
698 416 1013 472 notissimus
1060 432 1119 470 es
1172 432 1267 486 per
1317 417 1626 474 unanimem
1665 417 1918 474 fraternae
1951 420 1996 479 Λ
2026 413 2148 473 lem.
2191 419 2292 488 Qui
2327 419 2566 491 profecto
2593 439 2698 476 non
2732 423 2798 479 de
2837 424 2995 481 Patre
3025 429 3268 498 procedit
3298 431 3349 486 in
3381 433 3600 501 Filium,

337 512 647 568 dilectionis
701 509 979 575 allectum,
1019 509 1267 574 conﬁdis,
1315 525 1400 565 me
1431 509 1541 566 illic
1579 511 1916 582 potissimum

337 603 602 673 malagma
659 601 848 656 salutis
885 615 1176 670 apponere,
1236 601 1326 654 ubi
1363 599 1484 654 ﬁdei
1524 609 1627 656 tua:
1659 597 1856 656 nervos
1888 617 1918 655 a

337 693 679 749 certitudiuis
711 692 901 746 robore
929 691 1172 744 noverim
1201 689 1364 756 paulo
1389 689 1616 744 debilius
1641 690 1916 746 vacillare.

337 789 396 840 l-Zt
431 787 530 840 hoc
557 783 1114 855 irreprehensibilitcr
1163 799 1300 855 agis,
1333 793 1390 837 ut
1415 783 1570 853 quasi
1601 783 1922 838 fundamen-

337 887 450 930 tmn
483 877 603 932 ﬁdei
634 877 774 930 inter
799 875 912 944 ipsa
943 890 1096 930 nova:
1127 874 1501 930 conversionis
1526 887 1627 930 ture
1647 875 1924 930 rudimen-

336 980 388 1022 ta
425 967 750 1034 constituas,
795 969 848 1022 in
889 979 998 1038 qno
1028 969 1208 1022 securi
1235 969 1436 1040 operis,
1465 979 1718 1040 tanquam
1755 969 1912 1040 spiri-

333 1062 497 1116 tualis
533 1060 748 1116 aediﬁcii
803 1061 1077 1124 machina,
1112 1076 1388 1130 nunquam
1421 1061 1638 1132 lapsura
1695 1077 1922 1117 consur-

331 1162 443 1222 gat.
471 1151 762 1206 Laudamia
807 1158 958 1206 certe
1003 1150 1192 1220 petitio
1227 1164 1322 1206 :et
1355 1139 1498 1222 quod
1534 1153 1788 1224 exigitur,
1815 1167 1920 1206 non

333 1245 590 1306 otiosum,
645 1242 739 1295 sed
801 1242 1044 1311 apprime
1101 1249 1184 1295 est.
1241 1244 1628 1299 necessarium.
1686 1243 1921 1298 Proinde

333 1343 522 1390 Iuncta
562 1341 666 1387 tua:
709 1331 1012 1388 devotionis
1055 1331 1331 1397 instantia,
1386 1333 1513 1402 quia
1565 1348 1675 1386 rem
1713 1331 1923 1403 ﬂagitat

331 1426 556 1496 justam,
590 1440 697 1478 non
723 1433 964 1479 meretur
987 1425 1040 1479 in
1063 1440 1157 1479 sua
1181 1424 1442 1494 petitione
1473 1423 1760 1494 repulsam.
1791 1423 1920 1478 Sine

339 1518 442 1572 ﬁde
469 1515 668 1586 quippe
695 1531 794 1571 nee
822 1516 874 1570 in
901 1516 1346 1580 Christovivere,
1371 1531 1470 1571 nec
1499 1515 1609 1570 Deo
1633 1530 1920 1584 possumus

335 1605 442 1658 ulla
475 1606 688 1674 penitus
714 1605 1029 1673 operatione
1065 1605 1295 1674 placere.
1332 1605 1482 1670 Quod
1513 1614 1568 1659 et
1599 1606 1918 1675 apostolica.

335 1698 498 1752 simul
533 1710 588 1753 et
618 1700 932 1770 prophetica
981 1709 1210 1754 testatur
1239 1701 1556 1756 auctoritas.
1595 1700 1730 1755 Nam
1776 1697 1920 1768 Apoc

2025 517 2080 563 et
2110 507 2176 564 de
2212 507 2350 564 Filio
2379 510 2619 580 procedit
2677 513 2744 568 ad
2789 516 3226 574 sanetiﬁeandam
3269 534 3599 592 creaturam,

2023 601 2165 655 sicut
2221 602 2438 670 quidam
2478 601 2642 672 impie
2673 619 2736 660 ac
2777 607 3094 675 pestilenter
3139 610 3599 685 intelligunt;.sed

2023 692 2180 746 simul
2216 692 2284 746 ab
2311 703 2539 763 utroque
2570 697 2832 764 procedit.
2863 695 3022 752 Pater
3047 701 3190 754 enim
3229 703 3386 760 talem
3417 707 3602 776 genuit

2023 785 2241 850 Filium,
2263 796 2322 840 ut
2354 789 2806 856 quemadmodum
2861 790 2926 845 de
2958 807 3036 858 se,
3069 793 3140 848 ita
3171 810 3384 865 quoque
3413 800 3479 854 de
3511 798 3600 857 illo

2022 877 2280 948 procedat
2309 877 2543 948 Spiritus
2567 880 2832 935 veritatis.

2093 969 2417 1025 Constanter
2463 971 2665 1040 itaque,
2717 972 2788 1028 ﬁli
2850 975 3194 1042 charissime,
3250 994 3314 1033 ac
3369 977 3600 1034 ﬁrmiter

2021 1069 2206 1126 crede,
2251 1061 2488 1126 Patrem,
2538 1072 2594 1119 et
2641 1063 2857 1130 Filium,
2918 1077 2973 1122 et
3029 1067 3292 1139 Spiritum
3350 1083 3597 1126 sanctum

2023 1167 2188 1207 unum
2232 1168 2355 1208 esse
2393 1154 2587 1218 solum,
2616 1163 2670 1210 et
2706 1171 2890 1212 verum
2935 1159 3122 1225 Deum,
3151 1161 3596 1232 omnipotentem.

2021 1253 2304 1312 retentum,
2339 1245 2852 1311 incommutabilem,
2907 1249 3314 1318 impassibilem.
3363 1253 3488 1307 Sola
3519 1263 3604 1310 est

2021 1333 2166 1388 enim
2195 1323 2676 1402 incommutabilis,
2705 1347 2759 1392 et
2791 1339 2994 1408 absque
3037 1341 3140 1394 ulla
3171 1357 3391 1411 prorsus
3427 1345 3602 1400 varie-

2025 1425 2148 1479 tatis
2175 1424 2482 1482 alternitate
2531 1429 2854 1494 substantia,
2911 1429 2995 1486 vel
3026 1433 3282 1498 essentia,
3315 1450 3433 1504 qua:
3462 1434 3604 1490 Deus

2021 1529 2123 1572 est.
2173 1517 2269 1574 Cui
2302 1520 2544 1588 profecto
2587 1520 2760 1591 ipsum
2809 1539 2953 1587 esse,
2987 1526 3128 1581 unde
3166 1529 3400 1582 essentia
3439 1541 3602 1592 voea-

2021 1608 2204 1663 bnlum
2240 1611 2423 1672 trahit,
2451 1613 2782 1680 permaxima
2808 1629 2870 1668 ac
2893 1615 3174 1670 verissime
3199 1617 3476 1686 competit.
3501 1615 3602 1672 Cui

2023 1697 2228 1753 scilicet
2253 1715 2476 1754 summa:
2500 1716 2565 1754 ac
2599 1701 2855 1772 singulari
2887 1703 3204 1760 substantiae
3251 1721 3441 1760 nomen
3473 1704 3601 1760 illud

335 1807 362 1843 ιι
386 1789 456 1842 oli
487 1804 586 1842 vox
613 1799 696 1843 est
729 1807 746 1844 1
772 1808 788 1840 ι
826 1789 956 1843 Sine
981 1789 1085 1844 ﬁde
1109 1791 1438 1861 impossibile
1461 1799 1544 1846 est
1570 1790 1785 1860 placere
1809 1790 1917 1844 Deo
1949 1776 1990 1834 Β
2021 1789 2236 1858 proprie
2287 1805 2348 1844 ac
2405 1789 2755 1860 singulariter
2801 1795 3066 1862 congruit,
3112 1794 3253 1864 quod
3305 1795 3476 1850 Grzeci
3523 1798 3602 1850 di-

335 1879 522 1948 (llebr.
554 1882 650 1952 ιι).
685 1901 701 1932 ι
735 1881 788 1952 3
815 1881 918 1936 Per
943 1883 1262 1952 prophetam
1285 1898 1416 1936 vero
1443 1883 1641 1938 dicitur
1676 1901 1694 1933 ι
1730 1879 1920 1938 Justus

333 1985 514 2028 autem
541 1990 606 2028 ex
648 1973 752 2028 ﬁde
785 1975 914 2029 vivit
941 1992 954 2031 :
991 1976 1134 2044 quod
1165 1975 1210 2031 si
1259 1977 1530 2032 subtraxit
1558 1991 1641 2042 se,
1672 1991 1778 2030 non
1808 1977 1922 2047 pla-

327 2065 472 2120 cebit
499 2065 692 2120 anima:
732 2081 863 2139 mea:
894 2065 1122 2137 (Hebae.
1203 2082 1284 2132 tt;
1319 2066 1484 2121 Hebr.
1525 2067 1605 2138 ι).
1649 2084 1668 2118 ι

403 2157 574 2226 igitur
635 2156 934 2210 secundum
986 2163 1273 2224 utramque
1325 2157 1648 2212 sententiam
1703 2155 1919 2224 placere

335 2249 444 2301 Deo
471 2262 574 2300 non
623 2261 934 2314 possumus,
974 2246 1077 2301 nisi
1110 2258 1314 2302 rectam
1356 2263 1497 2303 vera:
1527 2247 1648 2303 ﬁdei
1681 2248 1918 2318 regulam

333 2347 634 2388 teneamus.
667 2333 828 2390 Fides
856 2345 939 2391 est
967 2337 1120 2405 origo
1151 2337 1434 2401 virtutum,
1482 2337 1616 2394 ﬁdes
1651 2338 1918 2393 bonorum

329 2443 558 2496 operum
609 2428 1040 2494 l'umlamentum,
1074 2429 1207 2484 ﬁdes
1249 2439 1329 2484 est
1364 2431 1526 2484 totius
1553 2431 1802 2485 humana:
1832 2447 1921 2486 sa-

333 2514 464 2570 lutis
513 2517 816 2572 exordium.
851 2517 953 2572 Per
981 2517 1136 2586 cujus
1187 2521 1392 2574 semita:
1443 2521 1640 2574 lineam
1671 2521 1920 2591 quisquis

335 2618 492 2663 caute
520 2625 632 2664 non
655 2609 922 2682 graditur,
951 2611 1156 2665 erroris
1190 2611 1403 2682 laqueo,
1439 2627 1658 2667 necesse
1690 2620 1796 2676 est,
1829 2628 1922 2667 ca-

331 2703 528 2772 piatur.
587 2702 929 2774 Quapmpter
980 2704 1024 2758 si
1055 2704 1324 2774 quispiam
1383 2705 1632 2760 videatur
1678 2705 1920 2774 arripere

331 2794 456 2848 boni
506 2795 689 2864 operis
731 2794 1056 2860 institutum,
1122 2806 1300 2850 tamen
1357 2794 1562 2865 absque
1592 2805 1738 2851 recta
1791 2794 1916 2858 ﬁde,

331 2885 480 2942 nullo
507 2887 664 2942 modo
689 2896 868 2958 potest
898 2887 963 2942 ad
997 2888 1227 2942 ﬁliorum
1255 2888 1348 2942 Dei
1379 2889 1653 2958 pertinere
1685 2901 1914 2946 consor-

333 2980 490 3033 tium.
523 2979 596 3042 Et
630 2980 720 3050 qui
754 2995 860 3034 non
891 2980 1042 3034 novit
1073 2979 1352 3034 ambulare
1383 2997 1480 3051 per
1503 2981 1685 3050 ﬁdem,
1713 3001 1905 3056 nequa-

330 3087 496 3142 quam
519 3072 824 3142 pertingere
849 3071 1044 3126 valebit
1070 3072 1136 3125 ad
1167 3071 1400 3140 speciem
1435 3089 1447 3124 :
1477 3081 1658 3143 atque,
1688 3085 1744 3130 ut
1763 3076 1916 3134 brevi

331 3173 528 3215 cuneta
559 3160 899 3222 concludam,
925 3161 1041 3215 sine
1075 3169 1221 3216 recta
1249 3161 1352 3216 ﬁde
1377 3163 1499 3228 quis
1528 3179 1629 3219 nec
1647 3164 1934 3235 justiﬁca-r.

331 3253 500 3308 lionis
536 3253 890 3324 consequitur
924 3255 1178 3324 gratiam,
1222 3269 1322 3309 nee
1362 3254 1526 3310 vitam
1573 3267 1916 3326 promeretur

329 3355 614 3398 :eternam.
643 3341 760 3398 .lam
805 3343 970 3415 igitur
996 3345 1061 3397 ad
1091 3345 1268 3399 vivmn
1303 3346 1404 3410 rei,
1431 3355 1595 3418 atque
1621 3349 1686 3402 ad
1715 3363 1912 3420 propo-

327 3435 448 3489 sita‘
477 3435 715 3490 materiae
754 3446 1030 3499 centrum,
1053 3437 1169 3506 ipso
1198 3437 1354 3504 duce,
1390 3439 1456 3496 de
1485 3455 1592 3510 quo
1622 3441 1910 3512 loquimur,

325 3527 669 3583 accedamus.

849 3621 1075 3678 CAPUT
1114 3621 1404 3679 PRIMUM.

813 3711 944 3778 ρυω
1001 3709 1257 3768 credénda
1295 3715 1418 3768 sint.

403 3801 458 3856 lu
489 3803 679 3872 primis
717 3818 846 3874 ergo
869 3804 1176 3874 quicunque
1229 3821 1410 3871 verus,
1444 3815 1608 3877 atque
1641 3811 1913 3880 perfectus

327 3891 445 3945 vult
499 3907 618 3947 esse
671 3893 990 3958 catholicus,
1022 3895 1208 3949 credat
1247 3911 1473 3951 necesse
1517 3907 1623 3964 est,
1652 3899 1706 3954 in
1743 3901 1910 3956 Demn

323 3979 546 4034 Patrem
573 3983 1018 4054 omnipotentem,
1061 3993 1376 4040 cunctorum
1403 3985 1720 4056 visibilium,
1751 3999 1912 4060 atque

325 4071 682 4127 iuvisihilium
725 4076 1084 4130 conditorem.
1131 4075 1330 4132 Credat
1367 4085 1416 4131 et
1461 4076 1516 4130 itt
1553 4077 1746 4133 Filium
1795 4079 1912 4149 ejus

326 4163 686 4233 unigenitum,
737 4163 974 4220 Verbum
1021 4165 1254 4232 scilicet,
1302 4167 1558 4222 virtutem
1611 4178 1772 4239 atque
1823 4187 1911 4226 sa-

323 4252 612 4322 pientiam,
653 4269 752 4324 per
779 4271 939 4324 quem
983 4265 1165 4310 creata
1205 4265 1334 4312 sunt
1359 4258 1632 4313 universa.
1672 4260 1772 4327 Qui
1803 4277 1908 4317 non

319 4355 568 4408 creatus,
604 4347 696 4400 sed
743 4357 868 4402 ante
914 4348 1110 4404 saecula
1143 4349 1390 4420 genitus;
1430 4366 1588 4406 verus
1635 4353 1777 4408 Deus
1815 4370 1911 4422 per

320 4435 530 4498 onmia,
563 4436 703 4490 sicut
743 4437 924 4504 Pater,
956 4449 1008 4493 et
1033 4440 1192 4494 unius
1220 4455 1341 4494 cum
1377 4439 1537 4496 Patre
1567 4443 1907 4510 substantiae,

321 4529 580 4596 quamvis
623 4529 842 4582 alterius
875 4529 946 4583 sit
991 4545 1270 4598 personae.
1297 4530 1405 4586 Nec
1449 4533 1720 4601 posterior
1773 4543 1904 4589 tent-

321 4637 478 4691 pore,
513 4621 592 4676 vel
622 4621 846 4676 inferior
873 4623 1154 4694 dignitate,
1187 4623 1269 4676 vel
1308 4624 1654 4693 impotentior
1675 4634 1759 4680 est
1791 4627 1906 4682 vir-

321 4723 474 4778 tute;
511 4713 604 4768 sed
633 4715 852 4770 omnino
877 4723 1056 4770 tantus
1080 4725 1166 4770 est
1191 4715 1420 4784 genitus,
1454 4725 1692 4786 quantus
1713 4727 1767 4772 et
1797 4718 1906 4782 ille,

319 4805 422 4872 qui
451 4806 655 4874 genuit.
687 4805 754 4862 Et
782 4821 1090 4876 quanquam
1130 4809 1340 4878 genitus
1364 4824 1392 4862 a
1423 4807 1584 4862 Patre
1619 4809 1788 4863 Filius
1818 4826 1905 4865 as-

323 4902 574 4958 scratur,
624 4895 826 4948 nullum
874 4905 1052 4952 tamen
1085 4897 1158 4960 ei,
1187 4899 1326 4952 sicut
1361 4915 1461 4952 nec
1498 4899 1666 4964 Patri,
1701 4910 1910 4969 tempus

319 4985 642 5040 ascribitur.
697 4985 830 5040 Nam
881 4987 972 5057 qui
1023 4987 1238 5042 Patrem
1290 4989 1578 5044 conﬁtetur
1617 4999 1901 5053 aeternum,

319 5074 697 5128 necessarium
728 5085 830 5139 est,
873 5085 1006 5131 utet
1035 5078 1224 5131 Filium
1271 5077 1320 5132 ei
1351 5078 1638 5148 perhibent
1680 5089 1904 5134 coaeter-

317 5177 477 5220 nnm.
513 5161 774 5218 Nimirum
805 5166 894 5235 qui
927 5167 1098 5238 [quia]
1129 5167 1294 5224 Pater,
1317 5177 1442 5222 ante
1471 5169 1662 5224 saecula
1691 5185 1906 5241 semper

315 5255 562 5320 exstitit,
590 5257 792 5326 absque
815 5258 922 5312 ullo
941 5261 1358 5328 prorsnsini'tio,
1391 5271 1444 5316 et
1471 5261 1664 5316 Filium
1694 5279 1908 5333 semper

321 5343 538 5398 habuit.
573 5343 756 5415 Neque
776 5347 919 5400 enim
943 5362 1061 5402 esse
1083 5347 1242 5404 Pater
1269 5350 1597 5404 :eternaliter
1623 5353 1904 5420 potuisset,

321 5435 368 5488 si
399 5433 595 5488 Filium
621 5437 952 5492 mterualiter
983 5455 1087 5492 non
1122 5439 1360 5494 haberet.
1403 5439 1597 5494 Credat
1625 5451 1676 5494 et
1703 5441 1754 5495 in
1787 5443 1908 5512 Spi-

321 5527 488 5578 ritum
542 5535 812 5592 sanctum,
860 5543 1043 5582 verum
1088 5529 1270 5598 utique
1300 5529 1482 5591 Deum,
1517 5547 1582 5586 ex
1623 5531 1800 5594 Patre,
1833 5533 1908 5588 si-

319 5615 436 5668 mul
495 5632 560 5670 ac
604 5615 742 5670 Filio
796 5620 1207 5688 procedentem;
1249 5631 1301 5673 et
1342 5623 1554 5690 utrique
1585 5621 1906 5682 substantia,

317 5709 590 5775 praemia,
625 5709 919 5774 voluntate,
955 5721 1112 5780 atque
1155 5712 1454 5768 aeternitate
1496 5729 1709 5781 semper
1730 5705 1906 5781 requa—

2021 1886 2174 1942 cuut,
2206 1893 2308 1942 ou;
2341 1875 2532 1933 Latine
2561 1881 2778 1946 dicitur,
2824 1892 2928 1937 est.
2959 1883 3109 1938 Unde
3135 1883 3192 1956 ἀ.
3225 1895 3279 1940 et
3309 1885 3603 1956 Apostolus

2020 1967 2096 2022 ait
2128 1986 2142 2022 :
2181 1987 2198 2020 ι
2235 1968 2350 2024 Non
2400 1981 2484 2024 est
2527 1970 2578 2024 in
2619 1971 2709 2026 illo
2740 1981 2843 2037 est,
2889 1981 2940 2026 et
2974 1989 3077 2028 non
3109 1993 3121 2029 :
3155 1976 3248 2029 sed
3289 1984 3372 2029 est
3401 1976 3454 2029 in
3486 1977 3599 2038 illo.

2019 2068 2102 2114 est
2127 2056 2213 2130 (II
2238 2058 2360 2114 Cor.
2389 2059 2452 2128 ι).
2488 2079 2508 2114 ι
2547 2059 2663 2132 Ipse
2702 2078 2916 2133 quoque
2947 2064 3205 2120 Dominus
3231 2066 3298 2120 ad
3323 2065 3544 2138 Moysen
3587 2084 3598 2117 :

2026 2172 2042 2200 ι
2101 2151 2231 2220 Ego,
2283 2152 2482 2221 inquit,
2510 2168 2648 2216 Slltll,
2712 2153 2804 2222 qui
2852 2170 2992 2209 sum.
3023 2155 3130 2210 Et:
3179 2155 3268 2210 Sic
3298 2156 3446 2211 dices
3477 2156 3604 2210 ﬁliis

2021 2242 2184 2296 Israel
2240 2261 2252 2297 :
2307 2243 2400 2314 qui
2453 2252 2559 2308 est,
2612 2243 2760 2300 misit
2811 2261 2896 2300 me
2945 2246 3029 2324 ad.
3063 2261 3157 2300 vos
3205 2244 3404 2304 (Exod.
3433 2247 3539 2304 In).
3579 2266 3594 2296 ι

2020 2335 2380 2400 Οιιιιιιίιιὺτρηι
2411 2335 2536 2388 dum
2583 2350 2770 2400 unam,
2787 2333 3112 2406 simplicem,
3129 2333 3606 2406 atqueindivisibi-

2022 2426 2125 2479 lem
2183 2427 2270 2480 Dei
2312 2427 2672 2482 substantiam
2727 2427 2981 2491 dicimus,
3014 2428 3336 2484 Trinitatem
3367 2444 3492 2484 vero
3547 2429 3600 2482 in

2023 2517 2295 2571 vocabulis
2317 2517 2710 2582 discernamus,
2739 2534 3012 2588 unumque
3047 2519 3404 2574 conﬁteantur
3427 2521 3596 2575 Deum

2021 2607 2254 2670 Patrem,
2301 2616 2356 2660 et
2405 2605 2622 2672 Filium,
2651 2619 2706 2662 et.
2741 2608 3002 2678 Spiritum
3050 2621 3320 2675 sanctum,
3377 2611 3602 2666 omnino

2020 2700 2297 2754 sciendum
2323 2711 2408 2754 est
2439 2719 2452 2754 :
2477 2701 2601 2772 quia
2626 2709 2680 2754 et
2710 2701 2912 2772 quique
2950 2703 3192 2773 siugulus
3217 2705 3410 2758 horum
3439 2705 3600 2768 Dens,

2020 2803 2074 2848 et
2113 2793 2270 2850 simul
2311 2810 2502 2850 omnes
2552 2811 2692 2850 unus
2741 2806 2824 2852 est
2871 2797 3031 2852 Deus.
3062 2796 3318 2866 Singulos
3371 2798 3602 2868 quisque

2023 2883 2214 2938 horum
2259 2885 2442 2956 plena,
2466 2894 2520 2938 et
2548 2885 2811 2954 perfecta,
2860 2895 2916 2939 ct
2941 2895 3141 2940 aeterna
3175 2888 3516 2941 substantia:
3547 2898 3602 2941 et

2021 2969 2181 3028 simul
2204 2989 2392 3028 omnes
2413 2989 2567 3045 mque
2595 2976 2822 3046 simplex
2854 2987 2908 3031 et
2935 2992 3040 3030 una
3087 2977 3408 3032 substantia.
3451 2977 3604 3034 Unde

2023 3081 2130 3120 non
2159 3075 2242 3120 est
2275 3066 2450 3135 majus
2503 3067 2724 3137 aliquid,
2759 3067 2842 3122 vel
2872 3069 3081 3137 plenius
3115 3068 3296 3130 Pater,
3321 3079 3375 3124 et
3413 3067 3603 3135 Filius,

2019 3165 2074 3211 et
2113 3156 2349 3227 Spiritus
2389 3167 2610 3214 sanctus
2661 3159 2818 3214 simul
2861 3160 3012 3224 dicti,
3039 3176 3199 3229 quam
3225 3177 3354 3216 eum
3405 3161 3604 3216 dicitur

2021 3264 2124 3302 una
2155 3248 2406 3317 quaelibet
2452 3265 2518 3304 ex
2563 3251 2750 3304 eadem
2791 3259 2981 3304 sancta
3036 3249 3302 3306 Trinitate
3347 3267 3598 3322 persona.

2019 3340 2374 3411 Omnipotens
2419 3341 2566 3396 enim
2621 3341 2759 3398 Deus
2795 3358 2890 3413 per
2937 3333 3360 3398 Immensitatem
3396 3355 3602 3399 natura:

2017 3448 2148 3496 sum,
2180 3440 2348 3488 totam
2381 3443 2690 3488 creaturam
2722 3449 2876 3488 suam
2905 3443 2962 3490 et
2991 3434 3200 3506 implet,
3227 3447 3282 3490 et
3309 3437 3548 3492 continet
3585 3455 3596 3489 :

2017 3532 2179 3591 atque
2221 3523 2344 3578 ideo
2382 3531 2572 3588 totum,
2613 3523 2874 3594 quidquid
2931 3533 3036 3590 est,
3091 3527 3276 3595 implet
3307 3527 3488 3594 Pater,
3522 3539 3601 3582 to-

2019 3624 2130 3669 tum
2161 3617 2348 3682 Filius,
2405 3627 2576 3672 totum
2625 3617 2861 3688 Spiritus
2889 3627 3115 3675 sanctus
3139 3639 3152 3672 :
3178 3621 3302 3689 quia
3341 3619 3521 3688 Pater,
3548 3633 3602 3676 et

2019 3705 2222 3772 Filius,
2284 3717 2340 3764 et
2394 3710 2629 3780 Spiritus
2676 3719 2900 3764 sanctus
2953 3711 3275 3767 naturaliter
3329 3729 3467 3768 unus
3517 3722 3602 3769 est

2017 3794 2178 3852 Deus.

2089 3887 2375 3954 Quocirca,
2425 3889 2500 3943 ﬁli
2543 3889 2636 3954 mi,
2669 3907 2792 3944 cum
2827 3892 3044 3955 litaniis,
3081 3894 3160 3946 vel
3183 3895 3520 3950 orationibus
3547 3906 3598 3949 te

2014 3979 2281 4047 contingit
2303 3979 2576 4046 insistere,
2609 3981 2714 4036 noli
2751 3980 2948 4044 facere,
2971 3983 3113 4052 quod
3147 3985 3364 4056 quidam
3389 3987 3596 4056 simpli—

2016 4084 2106 4123 ces
2135 4067 2306 4139 magis
2353 4071 2688 4137 ignoranler,
2721 4087 2880 4141 quam
2931 4074 3221 4129 inﬁdeliter
3251 4055 3456 4130 faciunt
3483 4117 3497 4135 .
3542 4088 3598 4132 ut

2015 4174 2210 4214 nomen
2253 4160 2456 4227 Patris,
2490 4163 2573 4216 vel
2613 4162 2755 4226 Filii,
2809 4164 2892 4218 vel
2947 4164 3180 4234 Spiritus
3219 4177 3392 4223 sanctt
3430 4185 3596 4223 some:

2017 4249 2234 4306 invoees
2299 4269 2310 4304 :
2375 4267 2569 4307 nomen
2621 4267 2747 4308 vero
2777 4264 2980 4308 sanctae
3020 4256 3303 4312 Trinitatis
3333 4267 3588 4328 tanquam

2013 4341 2132 4410 plus
2180 4341 2400 4411 aliquid,
2452 4353 2507 4396 et
2555 4344 2620 4398 ad
2693 4346 2951 4415 majorem
3003 4352 3358 4404 reverentiam
3401 4353 3597 4420 saepius

2017 4429 2179 4486 iteres
2210 4449 2223 4485 :
2251 4431 2473 4486 utsicut
2503 4431 2620 4502 plus
2639 4444 2722 4488 est
2753 4435 3038 4491 multitudo
3063 4449 3395 4504 sanctorum,
3427 4457 3590 4511 quam

2018 4536 2156 4574 unus
2200 4521 2271 4576 sit
2317 4521 2573 4588 Sanctus,
2602 4524 2696 4588 ita,
2725 4525 2866 4594 quod
2890 4527 3050 4590 absit,
3085 4527 3255 4595 majus
3282 4530 3484 4600 aliquid
3525 4533 3598 4585 sit

2015 4607 2251 4666 Trinitas
2281 4621 2407 4674 tota,
2441 4629 2604 4682 qualn
2647 4612 2886 4680 ejusdem
2927 4625 3129 4670 sancta:
3180 4615 3460 4672 Trinitatis
3491 4635 3593 4673 una

2017 4717 2266 4772 persona.
2320 4702 2470 4768 Quod
2535 4703 2716 4772 itaque
2788 4705 3022 4758 ﬁdelium
3074 4708 3245 4774 pietas
3289 4708 3494 4778 altjicit,
3541 4720 3595 4764 et

2017 4794 2333 4847 orthodoxze
2363 4793 2484 4848 ﬁdei
2533 4795 2714 4865 regula
2763 4812 2867 4850 nou
2919 4798 3176 4852 admittit.
3221 4800 3440 4869 Absque
3487 4801 3590 4856 ulla

2018 4891 2272 4945 nimirum
2319 4890 2593 4945 dubietate
2624 4893 2948 4946 credendum
2981 4903 3082 4956 cst,
3109 4895 3250 4962 quod
3291 4894 3454 4950 Pater
3479 4896 3592 4964 ple-

2017 4999 2138 5044 nus,
2171 4991 2223 5036 et
2253 4979 2522 5051 perfectus
2573 4989 2659 5036 est
2711 4981 2880 5046 Deus,
2914 4983 3082 5038 Filius
3136 4984 3322 5053 plenus
3365 4996 3418 5038 et
3471 4999 3590 5052 per-

2018 5074 2191 5130 fectus
2229 5082 2310 5127 est
2351 5071 2524 5136 Deus;
2559 5071 2793 5140 Spiritus
2835 5083 3054 5128 sanctus
3081 5074 3267 5141 plenus
3288 5115 3300 5138 ,
3327 5083 3380 5126 et
3409 5072 3590 5142 perte-

2014 5175 2134 5221 ctus
2163 5173 2247 5220 est
2279 5164 2438 5218 Deus.
2477 5161 2592 5217 Non
2627 5172 2804 5218 tamen
2834 5173 2944 5218 tres
2970 5165 3060 5224 dii,
3103 5164 3278 5228 Pater,
3319 5174 3370 5218 et
3400 5163 3586 5227 Filius.

2014 5267 2068 5314 et
2097 5258 2331 5328 Spiritus
2351 5265 2596 5320 smtctus,
2617 5257 2710 5312 sed
2751 5273 2888 5312 unus
2935 5266 3016 5311 est
3043 5257 3182 5310 Deus
3207 5257 3396 5324 plenus
3425 5266 3589 5326 atque

2017 5351 2307 5420 perlectus.
2352 5347 2462 5402 Nec
2513 5348 2712 5416 aliquid
2749 5347 2920 5416 majus
2954 5347 3260 5416 signiﬁcant
3297 5355 3406 5399 tres
3429 5348 3594 5402 simul

2015 5441 2164 5503 dicti,
2212 5439 2398 5502 Pater,
2430 5447 2483 5494 et
2513 5437 2700 5502 Filius,
2758 5448 2810 5492 et
2858 5437 3091 5506 Spiritth
3132 5445 3371 5502 sanctus,
3425 5453 3585 5507 quam

2014 5531 2238 5599 quilibet
2269 5547 2425 5590 Imus.
2472 5529 2584 5584 sive
2615 5529 2796 5594 Pater,
2839 5527 2950 5582 sive
2993 5526 3180 5595 Filius,
3213 5529 3326 5582 sive
3355 5529 3590 5598 Spiritus

2015 5633 2234 5676 sanctus
2307 5622 2652 5699 singulariter
2727 5619 3054 5674 nominetur.
3119 5621 3314 5676 [Eadem
3393 5622 3589 5690 quippe

2018 5715 2328 5782 nmgnitado
2384 5723 2463 5766 est
2518 5715 2568 5766 in
2601 5725 2922 5781 unaquaque
2975 5729 3202 5781 peratum
3245 5714 3587 5784 singularzter
