4018 6194
360 359 478 429 ’,εδ
827 355 884 410 S.
925 353 1126 409 PETRI
1163 331 1445 408 οΑΜιΑΝἰ
1483 351 1633 411 OPP.
1675 348 1912 405 TOMUS
1951 347 2080 404 δεῖ]
2121 349 2300 403 PARS
2340 347 2423 404 ΙΙΙ.
2455 379 2523 390 -
2559 348 2924 408 ΟΡυΒΟΗΑ
2966 353 3191 410 ιτΑιιιΑ.
3563 357 3647 410 ‘24

408 471 571 530 dicta.
603 485 720 538 qua:
749 477 832 523 est
869 469 921 522 in
961 477 1070 523 tota
1115 466 1378 528 Trinitate
1411 467 1770 523 communiter
1804 465 1976 520 nomi-
2006 466 2051 524 Α
2083 471 2297 528 ternus,
2328 449 2569 530 ejusdem
2597 465 2981 522 immensitatis
3009 478 3063 522 et
3093 469 3375 538 potentiae,
3407 468 3650 537 ejusdem

410 569 534 612 nata
563 574 577 612 :
609 560 842 633 alioquin
862 554 988 614 cum
1023 559 1154 631 jure.
1175 558 1408 623 dicatur,
1438 558 1600 613 Pater
1621 557 1785 624 Deus,
1808 557 1978 614 Filius

417 651 581 717 Deus,
601 651 832 720 Spiritus
856 661 1076 716 sanctus
1100 653 1262 716 Deus,
1285 648 1528 721 singulns
1558 650 1750 704 horum
1785 649 1980 720 imper-

409 743 578 795 fectus
611 753 751 797 esset
793 744 935 796 Deus
966 761 978 795 :
1010 746 1051 797 si
1085 743 1291 812 plenior
1325 741 1465 796 Deus
1510 741 1560 795 in
1593 741 1784 805 tribus,
1815 756 1976 812 quam

410 834 460 886 in
493 848 594 885 una
627 832 896 886 rideretur
925 849 1044 893 esse
1091 847 1338 902 persona.
1380 830 1484 889 Sed
1515 831 1653 896 absit
1681 831 1780 894 hoc
1807 846 1838 893 a
1865 832 1978 900 plc-

410 933 513 977 tate
543 922 797 986 ﬁdi-lium,
827 925 914 992 qui
948 924 1174 993 simplici
1215 932 1425 998 natura:
1457 923 1754 979 divinitatis
1783 921 1973 991 majus,

406 1013 686 1075 veliuinus
717 1015 915 1084 aliquid
948 1032 1052 1068 non
1085 1015 1380 1070 ascribunt.

475 1111 606 1162 (lum
656 1109 834 1177 itaque
883 1117 1064 1179 tantus
1108 1107 1253 1161 solus
1281 1109 1351 1162 sit
1379 1107 1557 1167 Pater.
1592 1109 1673 1162 vel
1716 1109 1862 1163 solus
1891 1107 1978 1162 Fi-

351 1231 357 1236 σ
406 1198 526 1258 lius.
576 1199 658 1252 vel
706 1199 850 1254 solus
884 1198 1122 1266 Spiritus
1154 1207 1373 1258 sanctus
1415 1209 1656 1267 quantus
1695 1209 1785 1263 est
1815 1198 1977 1254 simul

407 1289 588 1352 Pater,
608 1297 657 1342 et
683 1288 868 1351 Fiijus,
898 1299 951 1341 et
982 1287 1218 1357 Spiritus
1239 1299 1480 1353 sanctus,
1509 1290 1653 1343 nullo
1694 1290 1852 1343 modo
1885 1289 1978 1344 trio-

404 1379 521 1444 plerk
549 1379 806 1432 dicendus
833 1387 918 1430 est
940 1378 1246 1448 Deus,quia.
1266 1396 1385 1433 cum
1415 1380 1846 1449 minuinequeat,
1872 1397 1976 1435 non

347 1472 350 1474 ⁷
403 1475 483 1522 est
517 1468 702 1532 etiam,
725 1483 833 1537 quo
873 1484 1086 1536 semper
1120 1471 1306 1522 eadem
1333 1468 1664 1534 illasumina:
1694 1469 1975 1526 Trinitatis

405 1556 669 1624 perfectio.
715 1567 943 1612 crescat.
1014 1557 1210 1611 Plenus
1250 1557 1429 1626 igitur,
1485 1568 1648 1628 atque
1703 1560 1975 1628 perfectus

406 1647 563 1707 tiens,
589 1646 711 1705 sive
731 1646 894 1711 Pater
918 1647 1226 1718 singillatim
1251 1648 1479 1706 dicatur.
1509 1649 1621 1703 sive
1653 1649 1845 1717 Filius,
1864 1653 1975 1706 sive

404 1735 638 1802 Spiritus
666 1745 970 1801 s:metus,_ct
1000 1739 1208 1807 plenus,
1244 1748 1406 1812 atque
1437 1741 1871 1810 perfectusDeus
1893 1756 1976 1800 est

2080 552 2370 608 voluntatis
2391 553 2873 626 inseparabilisqne
2897 565 3121 612 naturai.
3147 557 3279 624 Quia
3311 573 3651 629 nequaquam

2079 641 2185 696 illis
2223 641 2276 697 in
2317 643 2500 715 aliquo
2539 645 2717 697 minor
2753 654 2873 709 est,
2908 661 2937 699 a
2974 647 3173 715 quibus
3211 649 3325 716 ipse
3361 649 3647 720 procedit:

2077 737 2171 792 sed
2202 752 2322 793 cum
2357 737 2463 792 illis
2493 737 2653 793 simul
2693 748 2753 792 ut
2784 754 2969 793 revera
3012 741 3152 794 Deus
3181 742 3529 809 omnipotens
3559 758 3650 798 co~

2079 824 2230 890 litur,
2285 841 2406 880 cum
2463 826 2570 881 illis
2618 828 2902 896 aequaliter
2956 830 3234 883 aduratur.
3287 831 3456 887 Totus
3507 832 3651 887 enim

2077 924 2261 971 manet
2311 917 2364 970 in
2411 917 2608 982 Patre,
2662 927 2808 972 totus
2847 919 2898 972 in
2938 919 3115 982 Filio;
3160 930 3308 977 tutus
3344 923 3583 989 procedit
3621 939 3652 976 a

2077 1006 2273 1073 Patre,
2310 1017 2456 1063 totus
2488 1010 2734 1079 procedit
2764 1027 2793 1064 a
2825 1011 2982 1065 Filio.
3013 1011 3067 1065 In
3097 1011 3292 1079 quibus
3326 1013 3402 1066 sic
3433 1021 3611 1067 manet
3637 1054 3650 1072 .

2077 1106 2136 1152 ut
2168 1114 2384 1170 semper
2414 1101 2482 1155 ab
2511 1110 2744 1169 utroque
2771 1101 3027 1171 procedat
3052 1119 3066 1166 ;
3098 1104 3176 1156 sic
3206 1103 3481 1172 procedit,
3514 1112 3572 1156 ut
3600 1105 3652 1157 in

2077 1187 2156 1242 eis
2184 1187 2614 1258 inseparabiliter
2642 1189 3016 1248 maucat.Cum
3034 1193 3227 1261 quibus
3255 1192 3466 1247 scilicet
3497 1203 3654 1246 natu-

2079 1278 2279 1344 ralem,
2307 1290 2360 1335 et
2386 1281 2801 1339 coessentialem
2853 1283 3018 1338 habet
3047 1293 3102 1342 et
3131 1286 3357 1341 unitatis
3417 1286 3657 1355 plenitu-

2077 1370 2286 1436 dinem,
2317 1381 2370 1426 et
2397 1371 2751 1440 plenitudinis
2777 1376 3059 1432 unitatem.
3092 1377 3156 1431 Et
3185 1377 3298 1432 lucc
3325 1393 3532 1433 summa
3562 1371 3652 1433 illa

2076 1462 2316 1516 charitas
2345 1472 2428 1516 est
2449 1503 2464 1529 ,
2498 1479 2600 1533 qua
2629 1465 2840 1534 genitus
2869 1482 2896 1519 a
2923 1467 3172 1537 gignente
3204 1467 3443 1537 diligitur
3469 1484 3652 1522 suum-

2077 1566 2187 1620 que
2224 1550 2398 1621 diligit
2435 1553 2760 1623 genitorem.
2803 1553 3036 1624 ideoque
3076 1572 3184 1611 non
3224 1557 3453 1626 amplius
3486 1573 3649 1626 quam

2077 1643 2176 1697 tria
2229 1653 2384 1708 sunt,
2437 1653 2491 1697 et
2539 1647 2903 1701 essentialiter
2949 1648 3223 1712 indivisa,
3273 1657 3326 1703 et
3379 1649 3650 1718 tripartita

2079 1735 2411 1803 preprietate
2457 1736 2734 1790 distincta.
2790 1737 2942 1792 Unus
2981 1739 3207 1809 diligens
3249 1755 3406 1802 eum,
3453 1739 3541 1808 qni
3587 1741 3654 1795 de

405 1827 562 1890 simul
594 1827 777 1891 Pater,
809 1839 863 1882 et
888 1829 1075 1897 Filius,
1113 1841 1168 1884 et
1197 1830 1432 1902 Spiritus
1461 1845 1680 1889 sanctus
1712 1854 1733 1888 :-
1752 1837 1976 1906 ideoque
2009 1821 2049 1877 Β
2080 1827 2169 1882 illo
2197 1838 2318 1894 05H
2351 1839 2405 1884 ει
2435 1846 2574 1883 "MS
2611 1830 2838 1903 (“"88'15
2865 1845 2986 1883 cum
3010 1871 3024 1892 ν
3065 1846 3092 1882 τι
3134 1845 3241 1898 (illo
3279 1839 3402 1906 est}
3445 1838 3498 1883 ει
3538 1830 3652 1900 ipsa

407 1917 576 1970 tritius
604 1915 764 1981 Deus,
790 1933 896 1974 non
924 1919 1110 1988 triplex
1139 1937 1256 1974 esse
1281 1923 1538 1984 dicendus
1566 1933 1666 1983 est.

473 2006 737 2072 Prmtcrea
788 2025 893 2064 non
923 2019 1005 2063 est
1048 2012 1100 2065 in
1132 2013 1231 2066 hac
1270 2024 1456 2068 sancta
1486 2004 1753 2072 Trinitate
1783 2017 1980 2088 gradus

405 2099 679 2166 temporis,
715 2114 830 2163 non,
861 2100 1116 2154 discretio
1147 2104 1556 2175 magnitudinis,
1605 2122 1710 2159 non
1745 2107 1978 2162 varietas

405 2186 699 2255 dignitatis.
735 2187 1047 2252 Nihilgcnim
1075 2192 1184 2246 illic
1219 2177 1300 2247 cst
1414 2197 1686 2265 antiquius
1715 2207 1976 2268 tempore,

406 2283 476 2344 nil
505 2284 648 2352 quod
699 2286 1000 2354 quantitate
1038 2287 1270 2352 differat,
1305 2269 1377 2342 nil
1424 2291 1564 2360 quod
1606 2292 1808 2349 honore
1845 2309 1978 2363 prsc-

399 2374 558 2429 cellat
587 2391 599 2428 :
637 2377 729 2431 sed
757 2385 866 2430 tota
901 2377 990 2433 illa
1016 2378 1314 2445 divinitatis
1341 2383 1570 2443 essentia
1613 2383 1684 2436 ita
1715 2384 1978 2452 simplicis

401 2475 482 2527 est
514 2475 746 2534 natura,
767 2476 823 2519 ut
850 2468 1086 2536 exceptis
1131 2472 1406 2530 vocabulis
1442 2489 1561 2542 qua!
1587 2461 1985 2543 preprietateut

403 2556 646 2619 iudicant
686 2572 1070 2626 personarum,
1098 2560 1358 2630 quidquid
1391 2563 1455 2617 de
1492 2546 1854 2639 una-persona
1887 2582 1978 2635 po-

349 2655 354 2658 ‘
403 2646 894 2705 testcsscntiallter
921 2647 1038 2712 dici,
1089 2651 1155 2705 de
1200 2651 1374 2706 tribus
1398 2654 1562 2708 etiam
1617 2657 1976 2720 valeatindif—

353 2771 361 2779 -
406 2741 641 2803 ferenter
685 2740 928 2812 intelligi.
962 2741 1266 2805 Notandwn
1297 2760 1455 2811 sane,
1495 2748 1636 2815 quod
1679 2749 1838 2802 homo
1869 2765 1971 2802 non

351 2849 357 2855 ··
402 2831 468 2884 ad
495 2831 664 2893 unius.
681 2846 944 2901 personae,
982 2834 1074 2888 sed
1106 2835 1172 2889 ad
1202 2835 1372 2890 totius
1419 2836 1698 2892 Trinitatis
1725 2837 1971 2898 sitcrea-

401 2929 486 2974 tus
535 2921 843 2992 imaginem.
891 2922 1044 2982 Unde
1073 2941 1177 2978 non
1210 2926 1404 2996 legitur
1435 2945 1448 2980 :
1489 2927 1704 2982 Faciam
1741 2929 1808 2983 ad
1837 2929 1971 2983 ima-

351 3015 356 3020 '
402 3011 576 3090 ginem
621 3027 813 3076 meam,
873 3016 1012 3078 sed:
1051 3034 1069 3062 σ
1107 3016 1422 3085 Faciamus,
1471 3019 1980 3088 inquit,hominem_

352 3133 358 3140 -
402 3100 466 3166 ad
494 3100 777 3170 imaginem
808 3115 1044 3162 nostrain
1075 3104 1224 3177 (Gen.
1257 3107 1314 3178 l).
1359 3128 1376 3160 ι

1022 3197 1250 3264 CAPUT
1291 3201 1350 3258 ll.

655 3284 889 3348 Ila'resis
914 3288 1026 3341 Arii
1057 3301 1103 3341 et
1144 3289 1365 3344 Sabellii
1393 3294 1718 3362 confutatur.

373 3405 378 3409 -
473 3375 674 3441 Porro,
733 3378 870 3431 sicut
920 3379 1305 3443 confundentes
1353 3382 1578 3450 Aritun,
1629 3401 1789 3440 unam
1829 3402 1978 3441 cam-

409 3465 639 3534 demque
678 3467 842 3530 totius
878 3467 1161 3534 Trinitatis
1199 3486 1322 3526 esse
1360 3473 1714 3539 substantiam
1753 3476 1987 3532 conﬁte-t

406 3573 567 3622 mura;
624 3557 694 3619 ita
742 3559 1101 3626 nihilominus
1137 3571 1187 3616 et
1237 3563 1570 3632 impietatem
1623 3565 1842 3630 Sabellii
1877 3569 1974 3622 de-

406 3651 719 3717 eiulantes,
747 3660 856 3706 tres
904 3667 1167 3722 personas
1226 3656 1536 3720 inconfusas
1586 3667 1642 3718 et
1699 3660 1978 3730 signantem

407 3753 738 3811 expressas,
761 3743 862 3797 sub
898 3758 994 3801 sua
1035 3744 1295 3814 cujusque
1328 3747 1656 3816 preprzietate
1684 3749 1971 3819 distingui-

406 3845 544 3894 mus.
584 3829 708 3893 Non.
739 3832 918 3898 enim,
958 3844 1013 3887 ut
1056 3836 1309 3891 haeretica
1350 3849 1745 3900 commentatur
1776 3842 1975 3913 impie-

407 3929 530 3984 tas,
581 3921 694 3990 ipse
751 3922 892 3984 Dctts
937 3923 1116 3989 Pater,
1174 3929 1387 4002 quando
1445 3931 1585 3994 vult,
1640 3931 1802 3988 Pater
1849 3944 1982 4002 est;

405 4013 633 4078 quando.
674 4014 832 4084 vult,
871 4016 1037 4080 Filius
1095 4029 1228 4087 est;
1278 4023 1491 4089 quando
1544 4023 1688 4092 vult,
1740 4025 1977 4095 Spiritus

408 4114 630 4159 sanctus
659 4115 742 4163 est
773 4124 797 4173 ξ
821 4111 914 4164 sed
951 4126 1284 4180 unaqnzrqne
1323 4129 1548 4184 persona
1573 4157 1586 4179 ,
1628 4116 1707 4172 sic
1744 4121 1976 4188 quadam

412 4201 480 4248 ab
521 4197 642 4251 aliis
675 4201 1004 4277 proprietate
1041 4203 1388 4273 distinguitur
1420 4247 1434 4269 ,
1476 4215 1531 4259 ut
1569 4207 1729 4264 Pater
1765 4226 1979 4280 semper

409 4285 480 4336 sit
512 4283 691 4348 Pater,
724 4296 779 4341 et
808 4304 1082 4357 nunquam
1116 4290 1312 4356 Filius,
1345 4295 1428 4351 vel
1460 4295 1695 4364 Spiritus
1724 4310 1974 4363 sanctus;

422 4374 588 4437 [filius
638 4385 818 4432 autem
873 4394 1088 4451 semper
1138 4383 1207 4436 sit
1242 4383 1441 4448 Filius,
1494 4395 1552 4448 et
1593 4404 1866 4459 nunquam
1910 4392 1980 4447 sit

413 4465 592 4532 l‘atcn,
631 4468 715 4527 vel
751 4469 998 4539 Spiritus.
1015 4483 1268 4541 sanctus;
1313 4477 1546 4549 Spiritus
1591 4492 1809 4540 sanctus
1849 4500 1982 4540 vero
2009 4515 2055 4574 ο

413 4572 692 4626 nunquam.
717 4561 789 4621 sit
816 4561 996 4627 Pater,
1030 4565 1112 4624 vel
1139 4564 1335 4632 Filius,
1369 4571 1461 4625 sed
1500 4586 1714 4640 semper
1744 4571 1978 4640 Spiritus

414 4658 650 4706 sanctus.
721 4649 1079 4716 Quamobrem
1143 4671 1245 4718 non
1303 4660 1629 4712 attendenda
1689 4668 1773 4712 est
1838 4661 1978 4724 nuda

413 4737 676 4798 duntaxat
725 4741 1022 4806 diversitas.
1068 4747 1382 4812 nominum,
1440 4749 1532 4810 sed
1584 4749 1855 4810 subtiliter
1903 4750 1982 4804 di-

409 4831 726 4899 stinguenda
759 4837 1061 4905 proprietas
1091 4854 1464 4907 personarum.

479 4920 641 4984 Pater
671 4924 848 4994 itaque
879 4934 979 4990 hinc
1008 4929 1167 4993 habet
1196 4931 1472 5004 proprium
1495 4971 1518 4997 ,ι
1539 4931 1680 4999 quod
1707 4946 1780 4997 ex
1805 4932 1978 4985 omni-

415 5010 514 5068 bus
541 5026 898 5092 quascumque
938 5027 1106 5081 sunt,
1144 5018 1290 5078 solus
1330 5028 1412 5072 est
1437 5059 1450 5081 ,
1493 5021 1587 5089 qui
1623 5021 1692 5074 ab
1731 5021 1840 5074 alio
1872 5037 1978 5084 non

379 5110 542 5153 est:
597 5116 660 5161 ac
709 5121 803 5172 per
853 5107 953 5160 hoc
1003 5108 1158 5162 solus
1203 5110 1515 5177 agnoscitur
1549 5111 1601 5164 in
1639 5111 1993 5180 paternitatis

416 5207 536 5246 csse
585 5208 854 5262 persona,
905 5213 1018 5258 non.
1057 5197 1204 5251 solus
1238 5207 1321 5255 est
1361 5199 1412 5252 in
1453 5199 1670 5262 deitatis
1721 5203 1986 5266 essentia._

418 5284 744 5355 Unigenitus.
771 5301 898 5345 vero
942 5288 1033 5347 Dei
1083 5287 1251 5349 Filius
1301 5289 1404 5346 hoc
1455 5292 1740 5362 proprium.
1781 5291 1977 5357 habet,

413 5378 553 5443 quod
582 5377 726 5432 solus
756 5392 821 5431 ex
855 5376 1004 5441 solo,
1044 5378 1095 5432 id
1130 5387 1246 5444 est,
1284 5395 1314 5434 a
1349 5379 1510 5439 Patre
1547 5382 1986 5445 consubstantia~.

380 5467 554 5531 liter,
593 5478 649 5522 et
683 5467 1118 5526 coessentialitcr
1155 5471 1312 5528 solus
1341 5480 1424 5527 est
1462 5474 1677 5543 genitus
1715 5493 1739 5540 ε,
1770 5482 1824 5528 et
1863 5475 1978 5537 hare

412 5557 530 5623 l‘ilii
561 5559 862 5627 proprietas
890 5569 992 5614 est.
1026 5561 1262 5631 Spiritus
1288 5572 1466 5625 autem
1500 5565 1670 5618 sancti
1705 5564 1977 5633 proprium

409 5657 520 5709 est.
553 5652 692 5718 quod
741 5651 899 5704 simul
945 5667 972 5704 a
1018 5652 1177 5708 Patre
1215 5655 1457 5724 procedit
1503 5664 1558 5709 et
1599 5653 1764 5718 Filio,
1809 5664 1862 5709 et
1900 5665 1984 5708 est

410 5737 692 5821 utriusque
733 5741 965 5810 Spiritus
1006 5745 1475 5799 consulistanlialis
1510 5745 1727 5812 utique,
1759 5745 1808 5797 'rt
1844 5761 1983 5798 co:c-

2080 1919 2334 1983 dilectio,
2376 1920 2440 1973 de
2477 1936 2582 1989 qua
2618 1901 2859 1974 dicitur:
2900 1939 2916 1971 ι
2949 1920 3082 1987 Quia
3125 1922 3264 1975 Deus
3301 1901 3538 1975 charilas
3571 1931 3654 1976 est

2080 2009 2148 2078 (1
2214 2009 2375 2064 Joan.
2417 2010 2531 2081 iv).
2572 2030 2589 2059 ›
2627 2009 2686 2065 Et
2729 2012 2844 2066 haec
2881 2020 2962 2066 est
2999 2027 3243 2074 summa,
3277 2006 3564 2064 inetfabilis
3600 2022 3654 2064 et

2082 2103 2643 2172 incomprehensibilis
2683 2103 2955 2169 Trinitas,
2988 2119 3092 2158 non
3125 2103 3299 2157 dicam
3333 2104 3488 2156 unius
3529 2102 3654 2166 Dci,

2080 2196 2174 2250 sed
2216 2213 2352 2250 llllllS
2394 2197 2554 2252 Dens.
2600 2197 2710 2251 Nec
2749 2212 2887 2252 unus
2923 2197 3169 2261 vertitur,
3204 2195 3286 2248 vel
3323 2203 3562 2247 mutatur
3600 2195 3654 2248 in

2081 2287 2313 2348 alterum
2345 2302 2359 2351 ;
2396 2288 2488 2341 sed
2530 2289 2672 2356 quod
2712 2297 2833 2350 est,
2872 2287 2990 2342 sine
3027 2285 3270 2355 qualibet
3307 2287 3606 2339 mutatione
3633 2326 3648 2349 ,

2077 2376 2366 2459 qugitcr
2404 2387 2688 2446 permanet
2723 2378 3010 2431 illibatum.
3043 2377 3134 2431 Ait
3159 2377 3303 2432 enim
3343 2376 3601 2446 propheta
3637 2390 3652 2427 ε

2088 2487 2112 2525 ι,
2153 2469 2477 2541 Egredictur
2507 2471 2572 2525 de
2612 2485 2706 2524 ore
2742 2485 2862 2524 meo
2895 2469 3122 2539 justitiaa
3159 2469 3380 2524 verlnnn
3411 2509 3426 2533 ,
3459 2478 3509 2522 et
3549 2485 3651 2520 non

2082 2572 2384 2616 revertetur
2420 2561 2590 2631 (lani.
2621 2563 2783 2634 xcv).
2839 2582 2856 2614 ι
2889 2563 3027 2629 Quid
3069 2571 3152 2616 est
3186 2580 3203 2612 ι
3271 2578 3375 2615 non
3419 2569 3650 2614 reverte—

2081 2663 2168 2706 tur
2189 2653 2224 2704 Ἅι
2245 2673 2261 2701 ι
2294 2651 2369 2706 Nc
2401 2652 2741 2707 Sabellianus
2768 2653 2910 2706 dicat
2942 2652 3067 2720 quia
3100 2652 3210 2720 ipse
3241 2660 3321 2703 est
3350 2649 3529 2712 Pater,
3561 2649 3654 2718 qui

2075 2752 2129 2795 et
2160 2742 2328 2796 Filius
2360 2751 2444 2796 cst
2475 2759 2489 2795 :
2521 2743 2605 2796 vel
2637 2741 3110 2811 Patripasslanus,
3151 2741 3400 2810 quando,
3442 2739 3654 2809 inquit,

2034 2849 2035 2852 ‘
2076 2832 2190 2886 vult
2213 2874 2226 2897 ,
2263 2831 2424 2886 Pater
2451 2842 2536 2887 est
2560 2872 2574 2896 ,
2607 2841 2662 2887 et
2691 2818 2904 2901 quando
2933 2830 3070 2895 vult,
3112 2830 3281 2894 Filius
3310 2839 3410 2885 est.
3454 2830 3650 2904 Egres.

2076 2939 2194 2977 sum
2228 2924 2393 2992 igitur
2429 2923 2652 2977 verbum
2682 2938 2789 2977 non
2828 2923 3136 2985 revertitur,
3168 2922 3294 2991 quia
3325 2920 3486 2988 Pater
3511 2935 3653 2976 5(3an

2079 3033 2176 3088 per
2208 3016 2372 3080 Pater
2402 3026 2484 3072 cst
2505 3058 2526 3083 λ
2550 3026 2604 3071 et
2631 3016 2800 3084 Filius
2829 3032 3042 3086 semper
3069 3015 3236 3071 Filius
3263 3026 3365 3070 est.

2285 3177 2288 3180 ν
2699 3107 2924 3164 CAPUT
2963 3107 3048 3172 Ill}

2273 3201 2348 3255 De
2367 3210 2694 3256 sacramento
2728 3201 3016 3256 Dominica:
3034 3201 3455 3262 lucarnationis.
3487 3261 3489 3263 ,

2146 3292 2431 3350 Credimus
2457 3293 2642 3358 etiam,
2674 3294 2799 3363 quia
2827 3293 2915 3348 Dei
2941 3287 3138 3361 Filius,
3166 3307 3324 3365 quem
3349 3311 3414 3351 ex
3438 3297 3655 3367 propria

2077 3384 2376 3440 substantia
2395 3384 2533 3441 Deus
2554 3385 2716 3445 Pater
2736 3395 2861 3440 ante
2885 3387 3077 3442 Stccula
3099 3389 3317 3460 genuit,
3343 3406 3527 3444 verum
3555 3407 3651 3452 na.—

2079 3484 2213 3530 turae
2235 3484 2437 3531 nostra:
2457 3477 2730 3532 hominem
2760 3479 2950 3542 induit,
2978 3495 3041 3534 ac
3063 3481 3127 3535 de
3153 3481 3411 3536 maternis
3435 3484 3653 3538 visceri-

2077 3566 2176 3620 bus
2201 3568 2521 3647 intemerata
2541 3567 2852 3638 virginitate
2875 3572 3155 3638 processit.
3183 3571 3316 3624 Nam
3341 3574 3431 3641 qui
3454 3573 3520 3627 de
3543 3570 3659 3627 Deo

2080 3657 2240 3723 Deus,
2255 3657 2320 3713 de
2333 3659 2701 3728 omnipotente
2722 3669 2838 3714 erat
2865 3662 3234 3732 omnipotens;
3264 3679 3368 3717 non
3388 3665 3656 3735 posterior

2079 3755 2341 3818 tempore,
2365 3764 2469 3803 non
2494 3748 2717 3804 inferior
2742 3749 3020 3818 majestate
3038 3794 3054 3817 ,
3079 3769 3183 3813 non
3209 3763 3353 3809 certe
3379 3754 3666 3815 dissimilis

2077 3837 2271 3908 gloria,
2296 3854 2401 3893 non
2423 3839 2626 3895 divisus
2647 3843 2911 3902 essentia;
2941 3842 3078 3896 idem
3103 3844 3414 3913 scn'ipiterni
3437 3844 3655 3899 Genito-

2080 3930 2156 3984 ris
2179 3930 2489 4000 unigenitus
2513 3931 2893 4000 sempiternus.
2922 3943 3078 3987 natus
3102 3943 3184 3988 est
3207 3935 3272 3988 de
3300 3934 3502 4004 Spiritu
3526 3951 3662 3992 san-_

2079 4027 2167 4078 elo
2203 4028 2254 4074 et
2283 4020 2491 4094 virgine
2520 4020 2708 4074 Maria.
2763 4021 2898 4094 Quia
2927 4023 3003 4076 sic
3034 4025 3321 4091 assumpsit
3351 4024 3619 4078 hominem
3639 4064 3653 4084 ,

2080 4122 2143 4166 ul
2161 4128 2264 4166 non
2288 4123 2619 4182 permutaret
2645 4114 2694 4165 in
2717 4115 2895 4183 aliquo
2916 4115 3166 4176 deitatem
3195 4132 3207 4166 :
3238 4130 3418 4166 vi'raut
3451 4113 3653 4168 scilicet

2081 4218 2333 4264 carnem,
2369 4210 2424 4255 et
2459 4217 2640 4254 veram
2686 4201 2904 4255 sibimet
2952 4201 3184 4254 animam
3225 4202 3658 4259 substantialiter

2081 4289 2339 4349 counivit,
2375 4296 2431 4340 ut
2461 4288 2756 4341 secundum
2799 4288 2969 4356 ipsam
3012 4289 3398 4346 Immanitatcm
3428 4301 3656 4349 mortem

2083 4375 2363 4429 moriendo
2385 4375 2702 4438 tiostrueret,
2738 4385 2790 4430 et
2821 4376 3112 4443 diabolum,
3147 4381 3235 4453 qui
3268 4381 3458 4435 mortis
3487 4381 3654 4435 hahe-

2081 4466 2172 4520 but
2200 4465 2482 4534 imperium
2505 4506 2518 4529 ,
2549 4474 2848 4535 superaret.
2883 4467 2997 4522 Non
3028 4469 3169 4523 enim
3203 4472 3281 4525 sic
3312 4471 3652 4543 intelligenda

2080 4566 2164 4614 est
2193 4556 2278 4609 illa
2307 4557 2584 4625 generatio
2620 4557 2967 4628 singulariter
2996 4561 3350 4626 admirabilis,
3390 4572 3445 4617 et
3484 4565 3650 4618 mira-

2082 4646 2260 4700 biliter
2309 4645 2614 4714 singularis,
2663 4657 2721 4703 ut
2762 4666 2860 4720 per
2887 4651 3179 4706 novitatem
3205 4654 3498 4709 ereationis
3527 4670 3654 4724 pro-

2081 4740 2288 4806 prietas
2326 4737 2506 4796 ablata
2551 4739 2623 4793 sit
2661 4741 2898 4810 generis.
2948 4743 3201 4814 Virgineo
3245 4744 3452 4800 scilicet
3502 4757 3666 4800 utero.

2085 4827 2322 4897 Spiritus
2366 4838 2585 4884 sanctus
2629 4829 3017 4891 fecunditatem
3051 4833 3300 4899 contulit,
3345 4835 3546 4890 veritas
3574 4845 3660 4890 ta-.

2086 4935 2208 4974 men
2258 4921 2505 4990 corporis
2542 4936 2605 4974 ex
2657 4931 2916 4977 maternae
2947 4933 3154 4978 natura:
3185 4924 3492 4982 conditione
3527 4942 3654 4996 pro-

2083 5013 2272 5077 cessit,
2305 5028 2467 5081 quam
2511 5025 2634 5068 mox
2678 5014 2958 5068 rationalis
2981 5015 3104 5069 vita:
3130 5017 3361 5084 spiritus
3379 5018 3662 5080 animavit.

2085 5102 2521 5162 Condetunanius
2552 5103 2697 5157 enim
2734 5103 3246 5175 Apollinarem,qui
3281 5121 3384 5164 non
3422 5108 3656 5162 hominis

2083 5200 2355 5258 mentem,
2377 5193 2470 5246 sed
2500 5193 2672 5249 solani
2705 5193 2821 5248 sine
2852 5195 3059 5249 ratione
3091 5196 3326 5250 animam
3357 5198 3656 5267 suscepisse

2083 5285 2332 5352 perbibet
2375 5283 2734 5346 Salvatorem.
2781 5286 3312 5357 Dogmatizatenim,
3359 5289 3485 5356 quia
3511 5288 3657 5346 sutil-

2083 5390 2209 5434 cere
2237 5375 2410 5445 potuit
2433 5374 2545 5438 sola
2568 5375 2846 5440 divinitas,
2878 5385 2936 5430 ut
2963 5386 3194 5431 mentem
3227 5377 3412 5443 daret,
3441 5387 3495 5431 et
3527 5393 3657 5438 eon-

2083 5467 2263 5522 silium
2303 5467 2581 5537 sapientia:
2620 5468 2902 5528 rationalis
2932 5468 3254 5524 infunderet.
3291 5469 3443 5538 Quod
3472 5471 3654 5540 procul

2087 5562 2251 5616 dubio
2295 5563 2629 5617 tantumdem
2668 5572 2772 5628 cst,
2817 5579 2881 5618 ac
2916 5565 2960 5618 si
2992 5565 3173 5619 dicat:
3208 5565 3532 5636 Redemptor
3561 5581 3654 5617 no-

2086 5662 2198 5707 ster
2228 5669 2331 5707 non
2361 5654 2692 5710 humu'fttil.
2743 5653 2834 5710 sed
2878 5657 3116 5710 membra
3151 5658 3411 5711 duntaxat
3438 5655 3653 5710 humani

2090 5743 2330 5820 corporis
2375 5743 2581 5796 habuit.
2632 5743 2879 5798 Animam
2911 5745 3118 5800 scilicet
3147 5755 3200 5800 et
3227 5763 3420 5815 corpus
3457 5744 3658 5804 habent
