4018 6194
521 316 594 371 2:.
1577 308 1817 368 orusc.
1861 310 1899 364 ι.
1941 339 2010 351 .-
2048 308 2136 364 ne
2169 305 2327 364 nos
2362 301 2774 362 CATHOLICA.
3187 369 3192 374 _
3229 369 3232 372 ρ
3730 298 3801 356 se

527 438 578 482 et
611 423 863 480 aninmlia
911 423 1091 482 bruta.
1141 419 1238 479 scd
1281 421 1556 482 rationem
1577 439 1689 478 non
1734 423 1952 488 habent,
1993 436 2112 491 qua:
2141 423 2188 490 Α
2222 437 2240 469 r
2273 417 2328 472 in
2373 415 2486 472 sole
2531 415 2701 484 calor,
2745 423 2801 472 et
2838 412 3094 488 Splendor
3125 412 3176 468 in
3207 427 3312 466 uno
3340 412 3488 468 radio
3519 421 3668 480 sunt,
3704 416 3802 472 sed

528 513 724 576 mentis
746 520 830 567 est
863 510 1102 586 propria.

599 603 706 663 Sed
731 603 777 658 si
807 601 1113 658 detestandi
1145 610 1272 656 sunt
1301 599 1612 668 Maniehzei,
1645 602 1740 673 qui
1771 616 1894 660 eum
1925 614 2118 660 verum

526 710 726 762 corpus
777 693 1055 758 habuisse,
1109 694 1254 764 quod
1297 693 1545 750 inﬁmum
1590 704 1673 750 est
1715 695 1767 748 in
1816 693 2033 749 homine
2096 733 2117 757 ,

527 785 830 854 denegarat:
861 791 1066 852 quanto
1094 783 1269 853 magis
1307 782 1396 838 isti
1425 783 1820 842 condemnandi
1851 792 1997 848 sunt,
2023 783 2119 852 qui

525 874 739 930 scilicet
773 875 874 930 hoc
907 889 1056 940 eum,
1085 873 1230 943 quod
1261 873 1526 942 optimum
1552 874 1712 928 estin
1739 873 1978 935 homine,
2009 887 2114 928 non

528 965 782 1024 habuisse
826 964 1189 1020 conﬁrmant?
1235 965 1394 1020 Absit
1441 965 1638 1034 igitur,
1697 974 1754 1018 ut
1795 963 2118 1029 credamus,

529 1063 671 1128 quod
699 1058 962 1112 conﬁnxit
991 1057 1282 1112 temeraria
1310 1057 1550 1120 accitas,
1577 1065 1633 1110 et
1656 1057 1890 1123 superba
1932 1055 2120 1123 loqua-

530 1155 688 1210 citas.
734 1150 914 1213 Absit,
967 1149 1213 1216 inquam,
1261 1149 1357 1204 Dei
1403 1149 1570 1204 Filius
1615 1149 1793 1204 minus
1822 1148 2024 1217 aliquid
2053 1148 2120 1202 de

533 1245 771 1300 luunana
808 1243 1116 1312 suscepisse
1156 1251 1373 1305 natura,
1416 1251 1472 1296 et
1512 1240 1593 1294 vel
1642 1242 1693 1295 in
1736 1257 1919 1302 carne,
1951 1238 2032 1294 vel
2064 1239 2119 1294 in

532 1334 749 1396 anima,
799 1333 881 1388 vel
936 1333 988 1388 in
1034 1347 1197 1386 sensu
1250 1325 1585 1402 assumptmu
1641 1333 1914 1386 hominem
1962 1331 2121 1388 nobis

508 1426 706 1503 _t‘uisse
757 1424 1116 1488 dissimilem;
1167 1439 1326 1493 quem
1371 1425 1576 1492 absque
1611 1425 1723 1486 sola
1762 1425 1972 1494 peccati
2000 1439 2118 1480 ma-

534 1515 680 1582 cula,
724 1529 844 1588 quae
892 1514 1158 1570 naturalis
1198 1530 1305 1569 non
1338 1524 1420 1570 est
1460 1516 1565 1578 his,
1604 1525 1825 1585 pr0pter
1861 1530 1998 1584 quos
2035 1529 2122 1572 as-

537 1618 786 1679 sumptus
809 1618 910 1671 est,
937 1610 1296 1664 conﬁteantur
1319 1610 1542 1666 omnino
1567 1610 1734 1665 luisse
1758 1610 2116 1666 couformem.

537 1699 669 1756 Nam
720 1699 924 1754 ideirco
973 1698 1064 1756 Dei
1119 1700 1406 1764 mediator,
1448 1709 1503 1758 et
1549 1699 1830 1756 hominum
1875 1699 2114 1754 dicitur:

2221 506 2372 566 calor
2415 506 2679 568 exsiccat,
2731 503 2991 574 splendor
3037 501 3344 568 illuminat;
3390 512 3444 559 et
3492 518 3614 557 cum
3657 503 3802 559 aliud

2222 601 2373 660 calor
2398 602 2529 670 agit,
2564 599 2709 654 aliud
2741 599 3020 670 splendor,
3050 605 3105 653 et
3135 606 3312 652 tamen
3353 596 3418 651 ab
3445 595 3673 656 invicem
3703 610 3802 652 ne-

2220 701 2428 764 queunt
2475 691 2744 762 separari.
2781 689 2874 744 Sic
2901 699 2953 748 et
2981 688 3152 743 Filius
3195 687 3434 758 suscepit
3470 701 3712 749 carnem,
3752 695 3808 739 et

2225 805 2335 844 uon
2368 785 2610 842 deseruit
2641 784 2879 840 Patrem.
2911 782 2968 837 lu
3003 781 3214 836 cithara
3260 795 3476 852 quoque
3521 794 3644 835 cum
3694 794 3804 841 ars.

2222 894 2416 938 manus
2464 887 2518 932 et
2565 875 2766 930 chorda
2815 874 3097 944 eooperari
3139 888 3243 930 non
3287 872 3624 934 dubitentur,
3670 884 3807 923 unus

2223 983 2404 1026 tamen
2448 984 2613 1024 sonus
2649 967 2889 1022 auditur.
2930 965 3008 1018 Ita
3038 965 3218 1027 Pater,
3269 973 3323 1017 et
3367 962 3560 1029 Filius,
3600 971 3654 1016 et
3684 959 3808 1030 Spi-

2221 1066 2360 1119 ritus
2409 1071 2653 1123 sanctus,
2721 1059 2878 1118 simul
2931 1058 3138 1113 Christi
3196 1054 3471 1124 cooperati
3515 1061 3641 1108 sunt
3698 1052 3804 1107 hu-

2223 1155 2580 1218 manitatem,
2644 1152 2737 1208 sed
2805 1150 2952 1206 solus
3010 1149 3181 1204 Filius
3253 1149 3491 1218 suscepit
3549 1149 3803 1220 humani-

2225 1256 2410 1300 tatem.
2442 1266 2460 1296 ι

2295 1334 2450 1403 Quod
2493 1351 2537 1390 ει
2581 1344 2639 1390 et
2688 1335 2791 1391 hoc
2842 1332 2982 1388 forte
3027 1340 3247 1397 movet,
3294 1331 3566 1401 quomodo
3623 1345 3804 1386 verum

2224 1427 2425 1483 Christi
2471 1443 2667 1497 corpus
2698 1425 2823 1490 fuit,
2864 1425 3007 1494 quod
3046 1424 3194 1478 salva
3225 1423 3554 1493 virginitate,
3597 1437 3660 1476 ex
3693 1436 3808 1481 ma-

2224 1518 2397 1573 ternis
2447 1517 2748 1571 visceribus
2791 1514 2975 1584 egredi
3024 1513 3218 1582 putuit.
3258 1511 3412 1577 Quod
3459 1511 3510 1564 in
3551 1515 3804 1580 promptu

2223 1617 2326 1674 est,
2385 1607 2560 1664 oculis
2605 1606 2824 1670 adhibe,
2879 1613 2936 1661 et
2989 1620 3055 1659 ex
3104 1603 3344 1659 minimis
3386 1603 3648 1668 immensa
3684 1617 3806 1671 per-

2225 1699 2420 1770 pende.
2464 1699 2607 1754 Solis
2643 1699 2826 1753 radius
2857 1697 2928 1752 ita
2959 1695 3212 1766 specular
3238 1705 3511 1764 penetrat,
3535 1703 3592 1752 et
3615 1693 3806 1748 utobi-

535 1791 662 1857 quia
711 1791 850 1846 sicut
893 1805 1056 1845 verus
1102 1792 1267 1854 Deus,
1313 1791 1385 1848 ita
1425 1806 1587 1846 verus
1617 1801 1702 1846 est
1722 1791 1885 1846 homo
1912 1792 2120 1846 habens
2151 1797 2195 1858 Β
2225 1807 2340 1846 cem
2368 1793 2484 1861 ejus
2511 1791 2810 1846 insensibili
2836 1790 3138 1845 subtilitate
3161 1797 3526 1858 pertranseat.
3549 1796 3603 1842 et
3627 1797 3805 1844 tamen

530 1881 779 1940 eamdem
801 1897 925 1937 cum
950 1881 1113 1940 Patre
1135 1882 1187 1936 in
1217 1881 1500 1938 divinitate
1522 1890 1796 1946 naturam,
1816 1891 1870 1934 et
1894 1881 1948 1935 in
1973 1880 2118 1936 nullo

536 1974 810 2028 diversam
839 1973 1195 2030 humanitatis
1222 1988 1345 2028 cum
1377 1982 1553 2031 matre
1583 1973 1973 2038 substantiam;
2014 1973 2116 2027 ha-

535 2066 670 2123 bens
696 2081 763 2119 ex
796 2063 948 2121 nobis
991 2079 1162 2135 usque
1189 2065 1257 2120 ad
1291 2075 1521 2121 mortem
1569 2065 1875 2135 iniquitatis
1917 2074 2118 2118 nostra:

534 2168 788 2223 paruam,
859 2153 1065 2209 habens
1117 2154 1616 2210 incommutabilem
1669 2170 1738 2210 ex
1792 2154 1905 2209 Deo
1957 2153 2119 2209 Patre

535 2245 586 2319 7
607 2245 901 2316 justitiam,
953 2265 971 2300 ι
993 2246 1083 2316 qui
1125 2247 1420 2304 cruciﬁxus
1459 2256 1543 2303 est
1575 2263 1644 2302 ex
1673 2247 1988 2303 inﬁrmitate
2017 2263 2116 2302 no-

535 2346 671 2404 stra,
710 2338 807 2396 sed
854 2338 985 2399 vivit
1014 2353 1078 2394 es
1111 2338 1312 2396 virtute
1338 2353 1436 2394 sua
1470 2337 1677 2409 (llCor.
1705 2339 1848 2400 xm).
1881 2358 1900 2392 ι
1934 2339 2120 2397 Sensit

538 2430 680 2482 enim
709 2429 1122 2498 participatione
1148 2429 1370 2484 humani
1409 2428 1634 2486 aﬁ'ectus
1671 2441 1920 2496 mortem,
1955 2446 2117 2501 quam

535 2530 735 2591 sponte
761 2530 1108 2590 susceperat;
1145 2538 1250 2575 non
1277 2532 1486 2577 natura:
1509 2539 1621 2579 sum
1648 2533 1968 2592 potestatem
1997 2539 2120 2595 per-

535 2612 695 2673 dens,
719 2625 817 2683 per
838 2627 999 2680 quam
1023 2621 1220 2669 cuncta
1247 2613 1502 2672 viviﬁeat.
1533 2614 1650 2684 Ipse
1676 2616 1882 2670 scilicet
1904 2627 2115 2683 auctor,

534 2713 592 2761 et
621 2719 757 2774 opus
786 2705 1048 2770 auctoris,
1084 2706 1212 2781 quia
1247 2705 1360 2774 ipse
1391 2723 1449 2762 se
1479 2708 1633 2775 quasi
1661 2708 1915 2762 sacerdos
1944 2709 2117 2763 sacri-

539 2795 720 2855 licium
758 2796 994 2862 obtulit;
1042 2806 1097 2852 et
1134 2797 1274 2851 idem
1311 2797 1423 2866 ipse
1459 2797 1601 2853 velut
1635 2799 1812 2856 hostia
1836 2801 2120 2856 suavitatis

540 2885 590 2940 in
622 2902 784 2940 cruce
808 2887 1081 2956 pependit.
1109 2885 1268 2942 Salva
1293 2888 1548 2947 nimirum
1571 2890 1899 2962 proprietate
1921 2893 2121 2948 utrius-

536 2990 644 3048 quc
671 2984 902 3039 miturae,
935 2975 1065 3030 etin
1099 2992 1260 3030 uuam
1295 2987 1526 3033 coeunte
1554 2995 1844 3049 personam
1867 2991 2118 3050 suscepta

536 3074 619 3121 est
649 3078 677 3116 a
712 3062 994 3136 majestate
1035 3065 1333 3130 humilitas,
1373 3083 1404 3121 a
1443 3069 1642 3130 virtute
1689 3069 2002 3136 inlirmitas,
2051 3072 2119 3128 ab

2221 1881 2340 1951 ejus
2379 1883 2712 1938 soliditatem
2760 1882 3106 1952 aliquatenus
3132 1896 3237 1936 non
3265 1879 3562 1951 infringat:
3591 1888 3646 1935 et
3683 1878 3808 1934 talis

2222 1973 2558 2030 intrinsecus
2615 1974 2898 2044 cernitur,
2939 1973 3118 2044 qualis
3169 1972 3383 2028 videtur
3443 1972 3801 2028 extrinsecus.

2221 2067 2407 2136 Itaque
2446 2083 2569 2124 cum
2610 2067 2932 2139 ingreditur,
2961 2081 3136 2136 neque
3180 2081 3304 2122 cum
3341 2066 3622 2136 egreditur
3648 2064 3806 2120 dissi-

2219 2168 2347 2231 pat:
2378 2159 2504 2229 quia
2525 2169 2578 2214 et
2602 2161 2876 2232 ingressu,
2903 2169 2959 2214 et
2981 2174 3204 2228 egressu
3236 2159 3354 2228 ejus
3382 2158 3631 2228 speeular
3665 2158 3803 2212 inte»-

2219 2268 2377 2325 grum
2399 2253 2457 2324 8
2484 2261 2812 2323 perseverat.
2843 2251 3104 2322 Specular
3133 2251 3318 2320 itaque
3347 2266 3454 2308 non
3491 2250 3692 2320 frangit
3721 2263 3806 2304 ra-

2220 2344 2343 2398 dius
2382 2343 2543 2407 solis,
2576 2353 2631 2399 et
2671 2343 3042 2414 integritatem
3081 2342 3311 2410 virginis
3339 2353 3670 2396 conservare
3699 2354 3810 2394 non

2221 2432 2396 2503 potuit
2436 2432 2716 2488 nascentis
2750 2432 3148 2501 omnipotentia
3200 2429 3623 2501 Redemptoris?
3669 2427 3812 2482 Nam:

2220 2521 2507 2592 virginalis
2559 2522 2848 2594 integritas
2895 2521 2975 2576 sic
3021 2522 3331 2589 incorrupta
3378 2519 3622 2588 peperit,
3666 2519 3812 2574 sicut

2223 2610 2482 2665 inviolata
2513 2611 2783 2680 concepit.
2815 2609 2988 2664 Verus
3015 2610 3158 2664 enim
3179 2649 3194 2675 ,
3226 2618 3280 2661 et
3309 2609 3499 2678 plenus
3523 2607 3665 2662 Dens
3691 2615 3806 2671 est,

2221 2702 2364 2757 sicut
2395 2716 2592 2766 verus,
2626 2710 2682 2756 ct
2711 2701 2901 2770 plenus
2937 2700 3100 2754 homo
3122 2739 3144 2770 ,ν
3169 2700 3260 2770 qui
3301 2715 3369 2754 ex
3405 2715 3469 2752 ea
3503 2709 3662 2753 natus
3699 2705 3805 2754 est.

2221 2792 2548 2862 Nullamque
2594 2801 2680 2848 est
2727 2792 2781 2846 in
2836 2791 2941 2848 hac
2995 2791 3202 2846 unitate
3250 2790 3627 2854 mendacium,
3678 2790 3805 2845 dum

2223 2885 2454 2939 invicem
2497 2898 2742 2939 connexa
2793 2891 2952 2946 sunt,
3005 2891 3060 2936 et
3110 2882 3386 2964 humilitas
3439 2881 3706 2947 hominis,
3753 2888 3812 2934 et

2223 2973 2532 3028 sublimitas
2569 2972 2810 3028 deitatis.
2856 2970 3010 3026 Sicut
3045 2971 3189 3026 enim
3227 2969 3371 3025 Deus
3409 2985 3515 3025 non
3548 2971 3820 3034 minuitur

2227 3063 2617 3130 inclinatione,
2656 3064 2737 3119 sic
2779 3065 2941 3118 homo
2985 3079 3092 3118 non
3141 3063 3481 3118 consumitur
3525 3063 3806 3133 dignitate.

535 3156 836 3210 :utrrnitate
884 3155 1191 3215 mortaILtas
1223 3175 1234 3218 ς
1269 3166 1324 3211 ει
1356 3159 1424 3210 ad
1455 3159 1875 3227 persolvendum
1927 3162 2118 3220 condi-
2150 3151 2194 3212 C
2224 3155 2352 3227 Agit
2399 3155 2545 3211 enim
2605 3165 2836 3226 utraque
2889 3163 3120 3219 natura.
3172 3155 3314 3224 quod
3364 3156 3644 3225 [tl'vpl'illm
3694 3167 3808 3219 (εει,

538 3243 703 3298 tionis
733 3254 929 3298 nostra:
954 3245 1213 3309 debitum,
1246 3257 1454 3303 natura:
1483 3249 1779 3306 inviolabili
1820 3263 2010 3309 natura
2035 3261 2120 3309 est

539 3334 688 3389 unita
722 3336 994 3404 passibilis
1024 3354 1037 3390 :
1071 3346 1130 3391 ut
1167 3353 1326 3404 unus,
1361 3338 1613 3409 idemque
1646 3339 1910 3396 mediator
1947 3343 2039 3397 Dei
2065 3351 2123 3399 et

535 3419 817 3484 horninum
845 3436 898 3481 et
928 3427 1063 3488 mori
1088 3438 1272 3504 posset
1302 3444 1368 3483 ex
1393 3445 1523 3497 uno,
1552 3440 1606 3487 et
1633 3433 1772 3489 mari
1803 3448 1908 3492 non
1936 3445 2122 3508 posset

525 3531 606 3579 ex
636 3517 831 3580 altero.

1151 3613 1377 3671 CAPUT
1416 3614 1503 3674 ιγ.

538 3702 817 3775 Quomodo
859 3705 1002 3762 solus
1043 3704 1218 3761 Filius
1265 3725 1475 3780 carnem
1523 3711 1770 3780 suscepit,
1801 3719 1849 3764 et
1901 3719 2121 3770 mortem

1219 3779 1433 3832 subivit.
1537 3779 1540 3781 “
1737 3811 1748 3820 -

611 3883 717 3944 Sed
749 3885 835 3947 hic
868 3885 988 3949 tibi.
1023 3885 1096 3948 (ili
1119 3927 1133 3951 ,
1164 3889 1420 3958 cogitatio
1450 3889 1699 3946 fortassis
1724 3893 1972 3962 obrepat,
2002 3909 2125 3963 qua

537 3976 690 4035 velut
732 3991 796 4036 ex
838 3979 1220 4052 consequentia
1261 3980 1489 4036 rationis
1532 3981 1795 4051 objiciet:
1851 3983 1976 4038 dum
2034 3983 2124 4041 ιἰτ

543 4067 670 4128 lius,
699 4069 980 4138 inquiens,
1017 4073 1176 4126 unius
1213 4088 1335 4128 cum
1369 4072 1534 4136 Patre
1571 4076 1920 4141 substantiae,
1959 4086 2013 4132 et
2047 4077 2124 4132 ina

538 4160 860 4234 separabilis
901 4163 1155 4218 credatur
1203 4179 1324 4219 esse
1373 4177 1580 4221 natura:
1607 4207 1622 4231 ,
1684 4169 1956 4236 quomodo
2003 4169 2124 4224 sine

542 4249 704 4314 Patre
733 4252 922 4322 Filius,
946 4253 1027 4307 vel
1056 4256 1407 4316 [humanitatis
1431 4257 1601 4324 potuit
1625 4256 1847 4312 induere
1868 4256 2122 4322 formam.

540 4343 628 4397 vel
670 4343 816 4400 solus
853 4347 1120 4415 passionis
1166 4347 1419 4405 toleravit
1455 4348 1758 4417 injuriam?
1789 4350 1947 4420 Quod
1993 4344 2146 4420 quia,

541 4434 784 4491 divinum
809 4446 865 4490 et
897 4427 1540 4518 inacccssibileest,quod
1561 4456 1628 4494 ex
1650 4441 1817 4510 ipsms
1839 4439 2124 4499 iuell'abilis

541 4543 754 4584 naturae
832 4529 1132 4591 manifestis
1171 4533 1554 4601 comprehendi
1605 4535 1792 4603 nequit
1823 4533 2058 4598 iudiciis,
2093 4549 2124 4590 a

541 4619 830 4675 catholicis
871 4635 1013 4690 εει-βε
1055 4622 1370 4680 doctoribus
1412 4623 1706 4686 visibilium
1739 4637 1918 4677 rerum
1946 4624 2127 4678 decla-

544 4720 702 4767 ratur
740 4713 1025 4782 exclnplis.
1075 4712 1227 4768 Unde
1269 4723 1324 4768 et
1367 4714 1558 4770 beatus
1594 4715 1833 4780 loquitur
1855 4715 2120 4790 AugusL:

549 4819 576 4861 ι
599 4801 756 4858 Aliud
789 4811 892 4868 est,
925 4803 1115 4874 inquit,
1154 4804 1357 4868 anima,
1390 4804 1534 4858 aliud
1565 4809 1734 4870 ratio;
1767 4815 1824 4861 et
1854 4814 2032 4860 tamen
2067 4821 2122 4865 tu.

548 4895 733 4956 anima
769 4904 852 4950 est
892 4897 1152 4951 ratiozet
1198 4912 1304 4950 una
1353 4897 1571 4973 quidem
1622 4906 1708 4957 est
1755 4898 1968 4973 anima,
2025 4897 2123 4954 sed

547 4984 696 5039 aliud
726 4985 907 5046 anima
959 4987 1096 5057 agit,
1139 4987 1285 5042 aliud
1326 4971 1483 5042 ratio.
1516 4987 1648 5054 Nam
1682 4989 1861 5042 anima
1891 4971 2044 5052 vivit,
2069 4996 2126 5048 et

547 5078 693 5132 ratio
718 5079 878 5155 sapit,
902 5088 957 5139 et
984 5081 1049 5133 ad
1073 5079 1310 5138 animam
1341 5081 1582 5151 pertinet
1606 5079 1736 5143 vita,
1763 5077 1830 5140 ad
1857 5079 2126 5141 rationem

543 5170 783 5247 pertinet
811 5173 1111 5242 sapientia;
1139 5183 1192 5230 et
1221 5183 1397 5228 tamen
1420 5188 1519 5228 nec
1541 5173 1720 5227 anima
1746 5173 1864 5228 sine
1892 5172 2124 5240 ratione,

542 5280 650 5324 nec
691 5266 827 5322 ratio
876 5266 992 5322 sine
1033 5267 1234 5328 anima.
1276 5266 1338 5320 Et
1373 5281 1496 5322 cum
1536 5280 1702 5320 unum
1756 5265 1886 5328 sint,
1942 5264 2124 5320 anima

541 5355 663 5412 sola
691 5356 1152 5426 susceptt'vitam,
1187 5357 1326 5418 ratio
1349 5356 1460 5410 sola
1500 5355 1740 5426 suscepit
1782 5355 2123 5424 sapientiam.

545 5447 642 5504 Sic
665 5456 719 5500 et
745 5447 908 5503 Pater
930 5459 987 5503 et
1013 5447 1210 5514 Filius,
1228 5449 1353 5502 licet
1379 5464 1542 5502 unum
1572 5449 1700 5511 sint,
1732 5457 1788 5501 et
1817 5462 1956 5501 unus
1985 5447 2134 5502 Deus.

546 5540 646 5604 sit,
676 5541 742 5595 ad
764 5541 939 5598 solum
963 5541 1241 5604 Christum
1268 5551 1506 5611 pertinet
1530 5556 1686 5606 caro,
1707 5541 1846 5598 sicut
1867 5542 1934 5596 ad
1955 5539 2123 5602 solam

543 5629 814 5683 rationem
855 5632 1092 5700 pertinet
1127 5611 1415 5700 sapientia,
1465 5630 1591 5685 licet
1635 5647 1741 5685 non
1796 5631 2012 5685 recedat
2056 5629 2125 5683 ab

515 5720 800 5778 ⁸ειιιίιιιιδνν
866 5721 1006 5779 Ecce
1061 5722 1254 5777 iterum
1313 5721 1456 5777 aliud
1508 5725 1714 5790 praebet
1771 5721 2117 5800 cxcu'plum:

2157 4499 2205 4561 D

2228 3248 2409 3304 Verbo
2443 3248 2650 3304 scilicet
2689 3257 2982 3319 operante,
3021 3248 3165 3318 quod
3201 3248 3362 3303 Verbi
3400 3257 3520 3310 est,
3556 3257 3614 3301 et
3645 3262 3811 3302 carne

2224 3343 2550 3398 naturaliter
2600 3352 2971 3413 exsequente,
3032 3340 3176 3411 quod
3233 3340 3418 3396 carnis
3469 3348 3573 3396 est.
3627 3338 3808 3396 Unum

2224 3441 2369 3498 enim
2397 3441 2592 3498 horum
2620 3448 2876 3496 coruscat
2907 3438 3206 3505 miraculis,
3239 3438 3472 3495 alterum
3503 3435 3807 3492 succumbit

2226 3531 2470 3601 injuriis.
2503 3532 2610 3586 Sed
2641 3546 2741 3588 nec
2772 3540 3024 3587 creatura
3055 3532 3108 3585 in
3137 3530 3474 3587 divinitatem
3501 3544 3680 3593 versa,
3711 3542 3810 3583 nec

2223 3620 2279 3679 in
2307 3629 2616 3679 creaturam
2642 3621 2901 3676 divinitas
2928 3629 3011 3676 est
3038 3628 3266 3676 mutata.
3297 3619 3372 3673 Ex
3394 3619 3606 3674 duabus
3630 3619 3771 3675 enim
3791 3659 3810 3685 ,

2230 3721 2286 3771 et
2318 3713 2372 3770 in
2411 3711 2625 3768 duabus
2660 3713 2873 3768 naturis
2907 3713 2990 3768 sic
3015 3712 3338 3768 mediatoris
3372 3711 3499 3775 Dei,
3541 3720 3598 3766 et
3635 3711 3809 3766 horni-

2224 3818 2362 3864 uum
2391 3817 2627 3874 persona
2658 3803 2944 3868 consistit,
2979 3812 3038 3857 ut
3066 3811 3352 3874 postquam
3387 3802 3480 3858 Dei
3518 3801 3688 3857 Filius
3722 3801 3808 3856 fa-

2227 3903 2351 3956 ctus
2379 3903 2466 3955 est
2494 3895 2659 3951 homo
2679 3934 2694 3960 ,
2727 3909 3075 3964 nequaquam
3105 3896 3248 3951 sicut
3275 3895 3529 3951 haeretica
3557 3896 3812 3966 blaspheo.

2226 3992 2340 4039 mat
2391 3984 2677 4064 impietas,
2727 3983 2811 4038 vel
2861 3984 3154 4040 humanam
3199 3993 3451 4038 naturam
3501 3987 3812 4046 divinitatis

2227 4075 2508 4146 plenitudo
2531 4085 2914 4140 consumeret,
2941 4075 3028 4133 vel
3055 4077 3108 4131 in
3135 4075 3490 4132 humanitatis
3514 4080 3813 4134 essentiam

2226 4169 2486 4227 divinitas
2508 4168 2862 4241 demigraret.
2903 4166 3038 4224 Nam
3069 4183 3194 4224 cum
3219 4168 3496 4224 hominem
3525 4169 3680 4222 Deus
3715 4183 3805 4224 ese

2225 4261 2492 4330 sumpsit,
2550 4259 3010 4322 incommutabilis
3061 4260 3316 4324 omnino,
3370 4268 3424 4314 et
3463 4258 3822 4330 impassibilis,

2226 4355 2410 4408 divina
2459 4352 2577 4422 ejus
2626 4362 2822 4411 natura
2868 4353 3186 4424 permansit.
3240 4352 3317 4406 Ex
3367 4350 3576 4406 duabus
3621 4352 3816 4420 itaque.

2231 4446 2474 4510 naturis;
2505 4445 2763 4516 quoniam
2793 4446 3081 4516 utramque
3112 4442 3509 4498 indivisibiliter
3537 4442 3807 4504 connivit;

2233 4540 2286 4594 in
2327 4538 2536 4594 duabus
2574 4546 2756 4590 autem
2782 4577 2797 4600 ,
2837 4537 3094 4605 quoniam
3128 4536 3493 4604 incorruptam
3527 4543 3824 4603 utramque-

2236 4630 2502 4684 servavit.
2564 4627 2889 4698 Unigenitus
2946 4627 3090 4687 enim
3147 4626 3241 4688 Dei
3293 4625 3465 4679 Filius
3517 4622 3809 4693 perfectam

2230 4719 2470 4775 hominis
2507 4719 2780 4782 animam,
2823 4733 3155 4786 carnemque
3191 4717 3528 4792 suscipiens,
3564 4727 3619 4799 et
3671 4732 3806 4772 con-

2231 4812 2610 4867 substantialis
2637 4820 2722 4865 est
2753 4809 2898 4864 Patri
2927 4810 2978 4863 in
2999 4809 3183 4863 .forma
3213 4810 3343 4873 Dei,
3373 4821 3427 4864 ct
3452 4811 3810 4864 consubstan-

2231 4902 2377 4958 tialis
2414 4910 2500 4958 est
2539 4899 2733 4962 matri,
2775 4899 2829 4953 in
2869 4897 3046 4952 forma
3080 4899 3244 4953 servi.
3285 4898 3396 4953 Nec
3423 4899 3549 4969 quia
3582 4899 3810 4959 inﬁrmi-

2235 4992 2364 5054 tatis
2392 4991 2636 5060 suscepit
2665 4990 2920 5050 humanee
2949 4989 3280 5044 consortium
3300 5029 3315 5052 ,
3352 4989 3475 5048 ideo
3501 4997 3811 5050 nostrorum

2234 5085 2507 5155 particeps
2557 5084 2734 5141 factus
2779 5090 2863 5136 est
2916 5081 3256 5137 delictorum.
3309 5080 3616 5149 Assumpsit
3663 5079 3811 5141 enim

2221 5175 2466 5233 Iormam
2519 5172 2660 5228 servi
2711 5171 2829 5230 siue
2867 5171 3190 5241 contagione
3225 5170 3404 5225 servili
3429 5209 3443 5227 .
3482 5168 3660 5221 divina
3691 5183 3814 5231 non

2234 5266 2465 5329 minuit,
2508 5266 2745 5323 humana
2784 5263 3050 5334 provexit.
3092 5263 3381 5328 Assumpta
3420 5257 3686 5327 siquidem
3724 5267 3814 5320 est

2234 5358 2300 5414 de
2342 5365 2516 5411 matre
2557 5353 2767 5409 Domini
2810 5362 3035 5415 natura,
3079 5367 3184 5406 non
3222 5348 3396 5418 culpa.
3442 5346 3555 5403 Nec
3589 5346 3817 5418 propria,

2231 5449 2407 5520 potuit
2435 5457 2618 5502 errata
2645 5447 2996 5504 contrahere,
3027 5444 3118 5512 qui
3145 5442 3295 5495 venit
3319 5440 3494 5494 aliena
3523 5440 3816 5502 mundare,

2233 5540 2328 5598 Sic
2356 5539 2504 5595 enim
2547 5538 2599 5591 in
2632 5553 2699 5592 eo
2729 5535 3074 5602 cognoscitur
3105 5534 3383 5598 humanae,
3419 5543 3582 5602 atque
3610 5529 3820 5587 divina

2233 5641 2444 5688 natura:
2489 5629 2796 5699 proprietas
2845 5625 3116 5680 individua
3167 5638 3525 5693 permanere;
3581 5629 3639 5675 ut
3685 5634 3820 5680 cunt

2233 5724 2512 5778 videamus
2564 5720 2614 5773 in
2672 5735 2734 5772 co
2783 5715 3108 5770 naturaliter
3159 5714 3305 5772 aliud.
3357 5714 3590 5768 Verbum
3638 5725 3809 5774 esse,
