4018 6194
275 311 348 369 37
707 313 765 368 S.
807 313 1009 370 PETRI
1046 315 1326 372 DAMIANI
1363 315 1511 371 ()Pl'.
1549 314 1785 374 TOMUS
1826 315 1954 373 δεῖιῖ
1999 315 2180 373 PARS
2214 317 2297 372 ill.
2335 350 2401 361 -—
2442 316 2802 377 οιιυδυυιέι
2848 321 3083 379 VARIA.

3485 327 3572 383 '28

277 441 436 492 quam
467 441 686 482 carnem
712 468 724 491 ,
757 442 919 483 unum
953 437 1130 484 tamen
1156 429 1248 484 Dei
1277 427 1471 485 Filium
1491 473 1504 496 ,
1538 440 1593 485 et
1619 427 1856 486 Verbum
1889 431 1933 489 Α
1964 427 2219 484 humana:
2265 439 2472 486 natura:
2500 433 2704 487 veritas
2731 433 2946 500 claruit,
2972 445 3027 489 et
3064 437 3268 492 divinae
3289 440 3544 509 potentis

251 513 652 587 'proﬁteamur,
694 528 748 572 et
785 535 1030 575 carnem.
1071 520 1167 576 Est
1211 522 1356 577 enim
1404 537 1568 577 verus
1619 522 1760 577 Deus
1803 533 1858 576 et

279 622 443 664 verus
493 609 688 674 homo,
733 607 875 669 Deus
929 610 1210 677 videlicet,
1261 627 1360 682 per
1411 612 1495 676 id,
1543 611 1716 680 quod,
1747 631 1766 663 ι
1800 612 1855 666 In

275 701 544 770 principio
567 709 687 755 erat
718 700 975 766 Verbum,
1005 713 1056 758 et
1083 703 1319 759 Verbum
1349 714 1463 759 erat
1494 704 1634 774 apud
1662 703 1854 769 Deum,

274 800 330 845 ct
370 792 510 846 Dens
548 805 669 847 erat
706 791 942 847 Verbum
977 793 1177 864 (Joan.
1209 795 1312 866 ι);
1348 815 1364 846 ι
1394 796 1555 850 homo
1594 811 1722 848 vero
1760 806 1856 865 per

275 883 359 945 id,
400 884 578 952 quod,
609 901 628 935 ι
659 882 896 940 Verbum
936 903 1066 942 caro
1104 886 1306 942 factum
1347 897 1459 954 est,
1500 898 1557 941 et
1595 889 1856 942 habitavit

275 972 328 1025 in
374 973 528 1028 nobis
564 974 742 1047 (Ibid.
768 976 808 1045 ).
843 997 860 1030 ι
915 977 1055 1034 Deus
1109 995 1208 1048 per
1253 980 1336 1044 id,
1385 981 1526 1049 quod
1553 1021 1567 1044 ,
1610 999 1627 1031 ι
1660 980 1851 1035 Omnia

271 1081 370 1134 per
407 1066 583 1136 ipsum
624 1067 762 1124 facta
804 1079 963 1134 sunt,
997 1081 1057 1126 ct
1081 1074 1197 1127 sine
1227 1073 1344 1142 ipso
1375 1073 1576 1126 factum
1607 1082 1691 1128 est
1722 1074 1854 1128 nihil

273 1162 288 1221 (
320 1155 460 1210 Ibid.
489 1158 548 1228 );
587 1178 604 1212 ι
668 1160 832 1215 homo
896 1177 991 1230 per
1044 1163 1125 1222 id,
1162 1164 1336 1232 quod,
1369 1183 1385 1214 ι
1419 1164 1615 1220 Factus
1653 1174 1739 1220 est
1785 1181 1850 1219 ex

274 1248 502 1305 muliere
525 1291 540 1314 .
572 1250 750 1308 factus
786 1255 886 1307 sub
919 1255 1035 1324 lege
1068 1253 1224 1323 (Gal.
1260 1256 1376 1326 tv).
1411 1275 1428 1308 ι
1458 1256 1686 1310 Infantia
1719 1273 1855 1327 par-

269 1337 383 1391 vuli
437 1341 749 1395 ostenditur
780 1343 833 1396 in
873 1343 1180 1400 humilitate
1208 1361 1496 1410 cunarum,
1546 1347 1854 1403 sublimitas

273 1425 542 1483 Altissimi
577 1429 892 1486 declaratur
923 1432 976 1486 in
1009 1434 1234 1488 vocibus
1265 1435 1579 1505 augetur-um

913 1523 1143 1582 CAPUT
1177 1525 1239 1580 ν.

373 1611 443 1666 1η
474 1611 742 1668 Trinitate-
764 1616 1025 1684 quomodo
1057 1617 1458 1686 distinguantur
1483 1634 1736 1686 personw.

339 1703 515 1772 Super
544 1703 646 1760 hoc
675 1714 943 1774 praeterea
975 1722 1189 1762 summo
1220 1708 1435 1778 negotio
1461 1707 1846 1778 disputantem,

1962 518 2478 577 inconnnutabilitas
2499 531 2699 576 arterna
2723 525 3037 593 permansit.
3067 540 3118 581 In
3144 527 3358 582 Christo
3378 526 3543 600 Igitur

1961 619 2276 663 naturarum
2308 611 2694 668 discretionem
2724 615 2985 680 dicimus,
3015 633 3119 670 non
3159 631 3432 684 personm;
3489 619 3540 693 in

1959 708 2146 752 saneta
2186 715 2314 755 vero
2359 701 2625 759 Trinitate
2655 707 3006 775 personarum
3054 709 3375 763 eontitemnr
3423 726 3543 766 esse

1959 787 2290 851 distantiam.
2327 806 2431 844 non
2466 803 2690 846 naturae.
2725 793 2983 860 Quamvis
3001 798 3144 850 enim
3171 807 3229 850 ιιι
3261 798 3417 851 boum
3459 800 3541 852 iu-

1959 888 2039 932 tra
2094 880 2251 934 unius
2316 884 2617 951 corpusculi
2676 884 2918 940 latuisset
2960 889 3541 956 angustias.omnium

1960 979 2138 1025 tamen
2166 987 2342 1026 rerum
2368 983 2425 1026 ut
2450 973 2613 1039 Dens,
2641 978 2860 1046 regebat
2885 987 2940 1034 et
2968 979 3254 1035 visibilium
3275 1022 3290 1044 ,
3326 992 3380 1036 et
3411 982 3544 1035 invi—

1958 1059 2195 1114 sibilium
2235 1074 2539 1119 creaturas.
2575 1064 2840 1123 Neealius
2882 1079 2988 1133 est,
3019 1086 3116 1140 per
3159 1086 3317 1140 quem
3359 1083 3541 1127 creata

1956 1161 2084 1204 sunt
2101 1153 2318 1218 omnia;
2350 1155 2508 1218 alius,
2528 1158 2618 1225 qui
2649 1167 2867 1213 creatus
2897 1171 2980 1214 est
3008 1162 3200 1228 homo;
3229 1163 3368 1216 idem
3391 1179 3539 1216 erea-

1961 1252 2048 1296 tor
2077 1253 2136 1298 et
2161 1257 2440 1312 creatura;
2497 1250 2636 1303 idem
2683 1253 2923 1307 medicus
2970 1265 3021 1308 et
3069 1256 3538 1310 medicinatidem

1955 1337 2211 1389 sacerdos
2231 1346 2287 1391 et
2317 1337 2514 1394 hostia.
2543 1341 2884 1398 lntmensitas
2904 1346 3105 1416 quippe
3120 1346 3316 1402 divina:
3337 1347 3542 1417 magni-

1959 1424 2161 1478 tudinis
2196 1425 2295 1480 ista
2326 1435 2442 1493 est,
2463 1437 2520 1480 ut
2554 1429 2938 1501 intell‘gamus-
2965 1448 3088 1487 eum
3142 1435 3282 1488 intra
3334 1436 3537 1500 oninia.

1955 1515 2049 1568 sed
2083 1529 2188 1569 non
2217 1517 2516 1584 inclusum;
2548 1529 2702 1576 evtra
2733 1523 2936 1589 omnia,
2968 1525 3062 1579 sed
3106 1541 3211 1580 non
3241 1526 3536 1581 exclusum.

1954 1605 2078 1659 ideo
2104 1605 2320 1660 scilicet
2345 1608 2593 1677 interior,
2624 1620 2683 1664 ut
2705 1622 2898 1682 cuneta
2930 1614 3238 1678 contineaz;
3294 1616 3413 1670 ideo
3441 1631 3537 1671 ex-

1957 1694 2144 1756 terior,
2182 1705 2239 1748 ut
2269 1697 2451 1752 omnia
2485 1698 2970 1771 incircumscriptae
3011 1719 3122 1758 suae
3154 1703 3542 1771 liiagnitndinis

264 1810 492 1851 necesse
529 1805 613 1851 εει
637 1837 651 1863 ,
679 1806 734 1851 θ(
771 1797 1063 1854 discretam
1107 1808 1290 1854 tenere
1315 1799 1615 1864 ρειυιριεηιι,
1645 1809 1699 1853 ει
1723 1814 1851 1854 cau—
1882 1783 2321 1843 B-‘immensitate
2353 1789 2660 1845 concludat.
2694 1792 2796 1846 l'er
2827 1794 2879 1847 id
2927 1809 3056 1864 ergo
3103 1796 3246 1864 quod
3303 1797 3542 1851 exterior

265 1896 375 1941 tam
403 1886 609 1943 librare
624 1889 1007 1945 substantiam.
1032 1890 1376 1962 Distinguere
1388 1893 1598 1962 quippe
1611 1891 1849 1962 compel-

262 1976 426 2033 limur
453 1981 505 2034 in
535 1981 829 2037 divinitate
849 1998 1145 2052 personas,
1178 2001 1300 2039 cum
1329 1985 1569 2040 divinam
1612 2003 1719 2041 non
1761 2001 1853 2039 au-

261 2069 488 2126 deamus
511 2087 770 2143 separare
791 2077 1174 2131 substantiam.
1199 2077 1379 2134 Patris
1401 2079 1544 2133 enim
1565 2121 1579 2142 ,
1608 2089 1661 2133 et
1687 2080 1846 2146 Filii,

261 2174 317 2217 et
345 2164 582 2234 Spiritus
607 2167 782 2221 sancti
817 2178 927 2223 tres
960 2170 1234 2224 credinms
1265 2187 1385 2226 esse
1415 2187 1694 2240 personas,
1726 2189 1848 2229 cum

257 2251 323 2322 9
353 2268 512 2307 unam
539 2265 747 2309 tantmn
779 2258 1116 2328 simplicem,
1148 2275 1213 2314 ac
1245 2276 1467 2330 prorsus
1514 2263 1850 2332 inseparabi-

260 2349 364 2402 lem
401 2349 762 2406 conliteamur
788 2355 1100 2408 essentiam.
1145 2355 1185 2408 E
1220 2363 1406 2409 contra
1432 2371 1560 2410 vero
1613 2359 1746 2411 diras
1794 2358 1846 2412 in

258 2437 477 2492 tlhristo
504 2439 763 2511 integras,
795 2452 958 2513 atque
986 2443 1259 2514 perfectas
1299 2446 1600 2501 divinitatis
1645 2457 1698 2502 et
1750 2448 1849 2502 lm-

263 2529 544 2585 manitatis
571 2533 918 2602 perhibemus
943 2551 1063 2590 esse
1094 2539 1452 2606 substantias,
1500 2556 1624 2594 cum
1677 2541 1844 2596 solam

259 2633 418 2672 unam
444 2635 754 2676 asset-mnus
783 2640 905 2678 etim
937 2625 1146 2680 habere
1168 2644 1478 2696 personam.
1509 2629 1618 2683 Nec
1648 2631 1730 2685 fas
1766 2641 1847 2687 est

255 2709 460 2774 dicere,
488 2711 556 2767 d‘e
597 2712 780 2774 Patre.
813 2725 865 2768 et
895 2715 1052 2780 Filio,
1085 2727 1138 2770 et
1183 2718 1386 2788 Spiritu
1437 2731 1626 2776 sancto
1678 2721 1843 2788 aliud,

255 2815 378 2854 cum
419 2817 522 2855 una
564 2803 632 2856 sit
671 2804 913 2858 omnium
951 2807 1249 2877 eademque
1289 2818 1516 2874 natura;
1567 2813 1660 2865 sed
1696 2812 1846 2869 alius

257 2899 492 2957 tantum,
520 2909 641 2947 cum
671 2911 776 2949 non
801 2896 1108 2966 ambigatur
1138 2897 1190 2952 in
1219 2900 1299 2953 eis
1332 2916 1684 2970 personat-un
1727 2919 1846 2959 esse

253 2981 535 3038 distantia.
583 2983 638 3038 In
674 2984 893 3040 Cl.t’ist0
946 2996 1128 3041 autent
1173 3004 1276 3043 non
1309 2989 1465 3055 alius,
1497 3006 1618 3047 cum
1673 2991 1762 3047 Dei
1792 3003 1846 3047 ct

258 3074 492 3130 bomin's
515 3090 620 3129 una
656 3079 1027 3132 tantummodo
1049 3079 1120 3133 sit
1144 3093 1409 3149 persona;
1442 3083 1535 3136 sed
1565 3083 1710 3137 aliud
1737 3083 1841 3138 diri

253 3165 436 3228 debet,
467 3180 586 3219 cum
617 3165 828 3235 gemina
860 3167 1088 3222 t‘liversar
1113 3169 1430 3225 substantiae
1458 3171 1532 3225 si:
1553 3183 1765 3228 natura.
1799 3171 1840 3227 E

253 3264 450 3309 contra
470 3253 754 3312 Nestorit‘ts
778 3257 1090 3328 episcopus,
1118 3269 1170 3314 et
1220 3260 1493 3332 Eutychos
1532 3265 1840 3319 archiman-

255 3344 398 3398 ttrita
429 3360 550 3398 cum
575 3345 834 3400 Dioscoro
870 3347 972 3402 hac
1002 3349 1232 3404 invicem
1274 3351 1416 3405 inter
1460 3367 1522 3405 se
1566 3352 1842 3422 discrepa-

255 3436 402 3491 tione
414 3446 810 3508 compugnant;
856 3449 915 3493 ut
943 3440 1031 3494 ille
1049 3439 1326 3495 Christum
1351 3459 1542 3512 purum
1568 3444 1838 3499 hominem

251 3542 374 3581 esse
401 3527 703 3597 perhibent.
734 3530 819 3584 isti
848 3545 975 3585 vero
1007 3531 1176 3586 solam
1209 3533 1281 3586 illi
1312 3543 1561 3587 naturam
1587 3535 1840 3588 divinita-

253 3618 326 3671 tis
352 3619 648 3673 ascrihan-t.
676 3619 822 3686 Quos
859 3622 1058 3676 merito
1084 3632 1270 3678 saneta
1306 3623 1547 3679 Ecclesia
1579 3641 1608 3678 a
1644 3625 1842 3680 limini-

253 3709 354 3764 l:us
378 3709 497 3763 suis
521 3711 732 3765 curavit
768 3711 1055 3768 excludere
1075 3753 1089 3776 ,
1125 3726 1183 3768 ut
1210 3715 1308 3789 soli
1338 3716 1470 3771 loris
1500 3718 1619 3772 sine
1645 3719 1839 3774 inulto-

253 3815 372 3855 rum
398 3802 638 3871 pernicie
659 3805 1058 3874 compellantur
1093 3809 1159 3860 ad
1189 3808 1418 3863 invicem
1453 3811 1683 3881 litigare.
1734 3811 1840 3867 Nos

252 3901 434 3948 autem
459 3894 541 3948 sie
567 3896 886 3966 mysterium
931 3895 1225 3952 Dominicze
1253 3899 1644 3956 incarnationis
1679 3903 1839 3957 indu-

251 3984 493 4038 bitanter
528 3984 879 4053 intelligimus
899 4027 913 4049 ,
939 3997 997 4039 ut
1025 3989 1273 4057 quamvis
1298 4006 1400 4042 una
1431 3993 1698 4047 veraciter
1721 4009 1841 4062 per-

252 4089 382 4128 sona
408 4073 503 4129 Dei
526 4077 803 4141 credatur,
825 4085 880 4130 et
905 4077 1164 4143 hominis,
1197 4095 1302 4134 non
1337 4089 1514 4137 tttmen
1553 4099 1658 4138 una
1686 4086 1756 4139 sit
1787 4086 1838 4140 iu

249 4181 318 4220 eo
345 4176 540 4220 natura
572 4167 872 4222 divinitatis
919 4180 975 4223 et
1025 4172 1228 4226 carnis.
1281 4172 1466 4242 Neque
1517 4176 1568 4228 in
1625 4176 1841 4231 Christo

251 4257 507 4312 divinitas
528 4258 630 4312 hoc
657 4267 748 4313 cst.
769 4261 912 4328 quod
951 4277 1100 4324 caro,
1135 4263 1217 4316 vel
1255 4279 1384 4318 caro
1421 4265 1521 4318 hoc
1550 4281 1672 4320 esse
1697 4267 1837 4334 quod

252 4349 506 4404 divinitas
532 4352 735 4419 potuit;
771 4351 865 4404 sed
899 4351 1198 4408 divinitatis
1227 4365 1282 4409 et
1306 4355 1659 4410 humanitatis
1692 4367 1844 4412 utra-

251 4455 357 4506 que
388 4447 586 4493 natura
611 4439 1092 4507 inconnnutabilis,
1119 4454 1173 4499 et
1205 4444 1484 4511 inconfusa
1515 4446 1567 4500 in
1616 4461 1711 4500 sua
1762 4448 1838 4500 ni-

1951 1886 2054 1940 cst,
2088 1891 2210 1931 esse
2239 1888 2458 1934 creator
2484 1883 2823 1948 ostenditur;
2872 1899 2969 1953 per
3003 1885 3072 1944 id,
3103 1887 3246 1954 quod
3297 1887 3538 1951 interior,

1951 1966 2304 2036 gubernator,
2335 1978 2397 2024 et
2417 1985 2594 2026 reetor
2629 1989 2808 2028 rerum
2839 1977 3092 2031 omnium
3112 1980 3540 2034 demonstratur.

2479 2064 2583 2134 ιο
2641 2065 2869 2121 CAPUT
2925 2067 3010 2122 vt.

2200 2152 2472 2219 Quomodo
2513 2155 2733 2212 Verbum
2759 2175 2792 2211 α
2817 2158 3289 2230 Patre-generetur.

2021 2247 2269 2304 Nonnulli
2300 2265 2432 2306 vero
2459 2253 2586 2307 dum
2632 2255 2827 2309 divina:
2875 2257 3238 2326 generationis
3286 2257 3541 2330 indagare

1949 2343 2275 2411 mysterium
2295 2345 2539 2414 cupiunt,
2569 2347 2934 2416 corporalium
2956 2349 3340 2420 cogitationum
3365 2350 3538 2420 phan-

1949 2434 2272 2488 tasmatihus
2300 2435 2615 2490 illuduntur.
2681 2437 2952 2509 Nunquid,
2997 2440 3266 2510 inquTunt,
3298 2442 3542 2513 omnipo-

1950 2532 2067 2579 lens
2097 2526 2239 2581 Deus
2279 2529 2434 2582 duxit
2461 2545 2708 2594 uxorem,
2750 2531 2874 2600 quia
2919 2533 3101 2602 genuit
3143 2534 3393 2603 prolem?
3437 2534 3540 2591 Sed

1947 2630 2015 2671 ex
2045 2628 2225 2674 nostra
2256 2635 2542 2688 possumus
2565 2623 2871 2676 inlirmitatc
2901 2624 3174 2693 colligere,
3205 2625 3332 2693 quid
3363 2626 3416 2678 in
3452 2641 3541 2680 ar-

1947 2722 2078 2761 cana
2116 2709 2281 2764 divini
2328 2713 2506 2780 operis
2547 2713 2838 2767 debeamus
2887 2714 3250 2783 prol‘unditatc
3290 2731 3534 2786 pensare.

1948 2795 2106 2852 Prius
2136 2800 2278 2853 enim
2313 2800 2363 2854 in
2405 2801 2685 2856 architecti
2739 2803 2900 2856 corde
2947 2804 3227 2858 consilium
3275 2806 3536 2870 nascitur,

1949 2898 2007 2943 ut
2053 2889 2244 2943 futura?
2293 2891 2482 2945 domus
2512 2892 2818 2946 'a'dilieium
2866 2904 3234 2948 construatur.
3282 2895 3387 2950 Cor
3408 2913 3552 2966 ergo-

1947 2987 2087 3054 g'tol
2117 2986 2246 3040 latet
2277 2987 2562 3040 consilium
2595 2997 2812 3057 generat
2839 3029 2853 3050 ,
2890 2997 2941 3041 ut
2985 2989 3174 3042 domus
3217 2987 3416 3044 fabrica
3444 3006 3539 3060 per

1947 3078 2157 3134 diversa
2193 3079 2456 3147 parietum
2501 3088 2554 3132 et
2586 3079 2900 3149 anguloznm
2959 3079 3281 3135 lineamenta
3314 3096 3538 3135 consur-

1948 3179 2058 3240 gat.
2111 3169 2407 3223 Consilium
2450 3186 2580 3240 ergo
2621 3171 2775 3238 quasi
2816 3171 2954 3224 lilius
2980 3182 3067 3225 est
3094 3171 3272 3225 cordis
3295 3171 3535 3238 humani,

1943 3258 2088 3327 quo'l
2139 3260 2386 3313 videlicet
2441 3269 2493 3313 et
2548 3261 2612 3313 ad
2673 3262 3095 3314 constrncmluin
3149 3261 3432 3315 aedilicium
3487 3261 3537 3315 in

1941 3355 2211 3403 exterora
2261 3353 2525 3420 prorupit,
2579 3361 2631 3404 et
2683 3351 3031 3406 nihilominus
3064 3360 3241 3405 tamen
3287 3361 3452 3405 tottnn
3487 3353 3537 3406 in

1938 3442 2232 3510 cogitantis
2271 3441 2435 3495 corde
2473 3442 2787 3511 permansit.
2849 3442 2904 3495 Si
2949 3457 3077 3511 ergo
3121 3459 3215 3511 per
3254 3442 3534 3496 consilium

1943 3531 2095 3601 quasi
2129 3530 2308 3584 cordis
2339 3530 2526 3593 lilium,
2553 3532 2744 3584 domus
2773 3531 3002 3601 erigitur
3049 3532 3272 3592 fabrica,
3321 3531 3535 3601 qualem

1944 3632 2194 3692 putamus
2249 3621 2338 3675 Dei
2393 3621 2608 3684 Filium,
2651 3621 2884 3676 Verbum
2935 3622 3201 3685 videlicet,
3254 3636 3349 3691 per
3394 3623 3535 3690 quod

1939 3723 2122 3768 creata
2171 3722 2297 3767 sunt
2337 3713 2635 3767 universa?
2681 3712 2813 3768 Cum
2855 3730 2982 3784 ergo
3014 3731 3109 3769 eor
3139 3713 3373 3768 liondnis
3420 3714 3536 3768 sine

1944 3814 2117 3859 matre
2154 3805 2331 3857 valeat
2360 3820 2621 3874 generare
2650 3804 2956 3871 consilium,
2991 3814 3193 3874 quanto
3220 3805 3389 3875 magis
3417 3819 3536 3857 om-

1943 3897 2190 3965 nipotens
2221 3895 2380 3948 Pater
2414 3895 2480 3948 de
2513 3910 2570 3948 se
2603 3895 2718 3948 solo
2745 3896 2962 3966 gignere
3004 3895 3168 3948 valuit
3203 3893 3540 3950 inell‘abiliter

1945 3985 2225 4040 Verbum?
2285 3986 2436 4052 Quod
2479 3986 2730 4040 nimirum
2759 4003 2880 4040 cum
2909 3987 3141 4040 humana
3182 3985 3420 4039 membra
3449 4000 3539 4038 su-

1935 4078 2137 4144 scepit,
2167 4094 2505 4147 nequaquam
2533 4089 2769 4147 paterna:
2794 4078 3014 4132 Deitatis
3033 4093 3228 4131 arcana
3259 4076 3492 4130 deseruit
3517 4091 3533 4139 ;

1941 4179 1994 4222 et
2020 4185 2140 4223 cum
2173 4170 2438 4223 velamine
2471 4178 2554 4222 est
2584 4178 2785 4221 nostra:
2811 4168 2991 4221 carnis
3023 4167 3256 4227 indutus,
3289 4165 3533 4236 virginali

1941 4271 2099 4312 utero
2141 4268 2388 4326 receptus
2429 4267 2534 4320 est,
2569 4272 2674 4311 non
2709 4257 2962 4311 inclusus.
3007 4256 3072 4308 Et
3109 4256 3236 4324 quid
3281 4256 3380 4309 hoc
3431 4256 3533 4309 mi-

1941 4367 2060 4406 rum
2092 4351 2157 4403 de
2191 4349 2366 4404 Verbo
2401 4350 2520 4413 Dei,
2549 4365 2670 4401 ctttn
2708 4360 2759 4403 et
2797 4365 2977 4403 sermo
3021 4349 3144 4413 iste,
3169 4363 3328 4417 quem
3353 4347 3535 4402 carnis

1941 4443 2121 4509 lingua
2175 4441 2562 4507 depromimus,
2625 4439 2694 4492 ita
2747 4440 2879 4492 uber
2925 4439 3172 4494 sensibus
3221 4437 3428 4502 inﬂuat,
3475 4446 3538 4492 ut

251 4529 545 4584 hilominus
573 4531 905 4602 proprietate
933 4535 1251 4602 permansit.
1302 4535 1601 4590 iltnnanam
1653 4537 1834 4606 itaque
1863 4511 1920 4571 θ
1940 4547 2065 4586 eum
2105 4547 2201 4586 cor
2239 4531 2572 4586 audientium
2611 4538 2812 4597 captat,
2851 4531 2946 4583 sed
2977 4545 3082 4582 non
3115 4527 3382 4592 includat;
3408 4543 3532 4582 nam

253 4622 638 4689 substantiam,
673 4624 858 4690 idest,
893 4641 1078 4680 veram
1125 4643 1368 4690 carnem,
1413 4637 1469 4681 ct
1516 4628 1832 4682 rationalem

252 4714 489 4768 animam
529 4734 558 4770 a
583 4715 674 4770 Dei
701 4715 838 4771 Filio
861 4718 1186 4772 conﬁtemur
1213 4717 1380 4772 fuisse
1428 4731 1732 4788 susceptam
1781 4719 1832 4771 in

253 4804 460 4860 unitate
487 4821 753 4874 personw,
787 4822 892 4859 non
929 4808 979 4859 in
1009 4807 1216 4860 unitate
1243 4817 1470 4860 naturae.

326 4896 721 4952 lncarnationis
748 4912 878 4966 ergo
923 4897 1216 4952 Dominieze
1241 4909 1642 4953 sacramentum
1694 4901 1835 4955 sicut

253 4992 308 5044 in
342 4991 559 5046 Christe
581 5006 868 5058 personatn
893 5006 996 5043 non
1022 4990 1150 5044 fecit
1175 4992 1463 5060 duplicem,
1486 4995 1565 5047 sic
1593 4996 1840 5050 humana:

255 5093 463 5138 natura:
495 5082 892 5151 susceptionem
917 5091 1119 5135 sant-ue
1148 5082 1401 5136 Trinitati
1436 5100 1539 5136 non
1569 5085 1694 5139 fecit
1720 5101 1843 5141 esse

254 5191 373 5228 cum
400 5190 596 5228 nuncin
631 5192 643 5225 :
687 5184 1041 5242 permanente
1068 5173 1346 5227 .duntaxat
1390 5176 1674 5245 utriusque
1719 5192 1845 5246 pro-

257 5267 486 5333 prietate
541 5266 891 5331 substantiae,
948 5277 1330 5336 perseverante
1391 5269 1741 5322 nihilominus
1789 5280 1845 5324 et

259 5355 532 5408 individua
582 5371 798 5426 semper
849 5357 1056 5410 unitate
1107 5372 1369 5426 personm.
1424 5358 1501 5410 Ad
1553 5374 1839 5427 personam

256 5448 458 5518 quippe
479 5447 598 5500 Filii
626 5449 996 5503 tantummodo
1029 5449 1242 5504 servilis
1281 5449 1367 5503 illa
1418 5450 1602 5504 formae
1650 5466 1837 5506 susce—

255 5539 372 5602 ptio
410 5535 664 5605 pertinet,
698 5539 782 5590 eui
829 5548 1007 5594 tamen
1060 5539 1193 5592 nihil
1242 5538 1436 5592 divinae
1495 5538 1843 5608 plenitudinis

263 5629 502 5691 abstulit,
535 5627 666 5683 nihil
711 5628 1043 5685 inexhausta:
1094 5629 1392 5698 maiestatis
1435 5630 1654 5684 ademit.
1708 5629 1843 5684 llinc

261 5732 364 5788 cst,
390 5722 531 5792 quod
563 5720 614 5774 in
647 5737 772 5785 uno,
807 5723 1102 5791 eodemque
1145 5721 1502 5793 Rcdemptore
1553 5733 1735 5777 nostro
1789 5733 1841 5776 et

1944 4635 2057 4678 ntst'
2077 4633 2384 4690 caperetur,
2418 4622 2690 4675 neminem
2733 4635 2951 4689 prorsus
2988 4621 3309 4683 instrueret;
3363 4619 3408 4673 si
3457 4619 3536 4672 in-

1942 4716 2284 4780 cluderetur,
2317 4715 2383 4768 ad
2411 4713 2545 4768 alios
2575 4728 2679 4766 non
2706 4713 2928 4766 veniret.

2014 4807 2178 4861 Multo
2207 4808 2386 4875 itaque
2418 4806 2646 4875 plenius,
2679 4816 2750 4864 et,
2777 4815 2835 4857 ut
2865 4804 2936 4858 ita
2972 4804 3181 4874 loquar,
3212 4801 3534 4856 ineﬂ'abilins

1947 4902 2036 4956 Dei
2072 4900 2240 4954 Filius
2266 4899 2333 4952 ad
2360 4913 2457 4952 nos
2485 4914 2580 4968 per
2605 4897 2998 4953 lncarnatiouis
3019 4897 3335 4967 mysterium
3363 4897 3530 4959 venit,

1939 5002 1995 5047 et
2024 4991 2370 5046 nihilominus
2395 4990 2533 5060 apud
2573 4990 2787 5044 Patrem
2818 4989 2871 5042 in
2893 4988 3176 5042 divinitate
3206 4989 3527 5057 permansit.

1943 5083 2043 5149 Qui
2070 5097 2250 5136 veram
2287 5095 2505 5135 carnem
2535 5095 2596 5133 ex
2630 5078 2907 5148 virginalis
2937 5078 3076 5133 uteri
3105 5077 3402 5132 visceribus
3445 5079 3526 5130 in-

1943 5175 2139 5234 duens,
2185 5173 2261 5226 sic
2296 5181 2580 5240 utramque
2623 5171 2790 5225 voluit
2820 5172 2974 5224 un'ire
2998 5180 3269 5236 naturam,
3309 5181 3364 5224 ut
3393 5171 3530 5225 idem

1941 5271 2089 5317 esset
2119 5263 2279 5315 homo
2321 5276 2479 5314 verus
2506 5261 2596 5329 qui
2624 5261 2890 5314 veraciter
2921 5268 3040 5313 erat
3072 5261 3211 5314 Deus
3240 5277 3252 5312 :
3284 5270 3335 5314 et
3369 5259 3527 5321 idem,

1943 5355 2034 5424 qui
2070 5361 2189 5408 erat
2220 5355 2400 5418 homo,
2425 5360 2570 5405 esset
2603 5351 2786 5420 procul
2824 5351 2986 5406 dubio
3016 5351 3174 5406 Deus.
3225 5352 3367 5404 'l'alis
3389 5351 3530 5404 enim

1948 5445 2050 5496 fuit
2079 5443 2164 5497 illa
2189 5442 2479 5511 susceptio,
2512 5457 2633 5509 quae
2661 5451 2714 5494 ct
2739 5441 2903 5495 Detnn
2931 5442 3202 5496 hominem
3233 5441 3455 5503 luceret,
3479 5451 3534 5496 et

1946 5537 2217 5593 imminent
2247 5536 2436 5590 Deum.
2489 5537 2620 5589 Dum
2647 5552 2776 5606 ergo
2809 5536 3035 5590 formam
3065 5534 3203 5588 servi
3237 5532 3329 5586 Dei
3361 5533 3542 5588 forma.

1947 5629 2206 5699 suscepit,
2253 5636 2539 5696 utrumque
2570 5629 2727 5690 Deus,
2760 5637 3049 5696 utrumque
3088 5640 3246 5680 verus
3271 5635 3352 5678 εει
3377 5627 3534 5679 homo

1949 5730 2165 5789 propter
2205 5728 2483 5787 acceptum
2529 5717 2821 5772 hominem.
2866 5720 3200 5785 {Mammium
3248 5718 3406 5785 igitur
3443 5731 3541 5769 εις
