4018 6194
436 329 510 385 ἳθ
1483 318 1725 374 OPUSC.
1767 316 1810 372 1.
1849 346 1916 354 --
1959 316 2045 371 DE
2080 314 2234 370 FIDE
2267 313 2681 371 CATIIOLICA.
3645 310 3714 362 30

435 439 741 498 «dli-mium
766 434 996 506 qsiisque
1018 441 1323 486 sanetirmu
1354 430 1679 499 pueripuam
1707 444 1736 482 a
1769 429 1878 483 Deo
1918 440 2028 482 me-
2055 429 2102 486 Λ
2132 424 2185 479 in
2215 422 2431 479 caelum.
2482 419 2619 476 "inc
2653 430 2739 476 est
2776 421 2917 490 quod
2950 419 3025 474 ait
3057 437 3069 473 :
3108 439 3126 471 ι
3155 419 3323 475 Nemo
3365 418 3607 473 ascendit
3661 419 3711 473 in

437 530 609 586 ruerit
645 524 860 594 assequi
902 522 1155 594 gratiam,
1215 535 1374 574 nemo
1420 528 1601 575 tamen
1649 534 1772 574 eum
1820 516 1931 571 Deo
1974 517 2026 570 in

438 637 599 677 unam
626 620 801 689 potuit
827 619 1122 674 convenire
1144 630 1450 683 personam.
1499 611 1621 667 Sola
1667 627 1794 665 vero
1824 611 2024 675 anima,

436 714 592 770 simul
613 723 671 770 et
691 715 858 766 «at-ot
887 708 1041 765 hristi
1064 723 1185 762 cum
1214 706 1408 769 Verbo,
1436 721 1470 759 u
1494 722 1572 757 .ns
1593 704 1857 765 Christus,
1893 716 2030 755 unus

436 818 519 861 rst
565 805 755 860 Filius.
810 801 881 858 Ut
934 802 1112 870 itaque
1155 799 1348 854 bcazus
1391 796 1677 867 Apostolus
1721 794 2025 851 distantiam

434 907 663 968 poneret
716 895 860 948 inter
899 899 1209 946 sanctorum
1257 888 1497 941 omnium
1528 888 1946 951 multitudinem,
1975 896 2029 940 et

437 994 613 1059 ipsum
658 992 992 1043 sanctorum,
1044 995 1109 1034 ac
1165 978 1329 1033 totius
1378 979 1681 1033 sanctitatis
1729 988 2028 1041 amtorem,

436 1078 551 1131 ait:
582 1096 598 1125 ι
638 1072 1007 1133 Multifariam,
1053 1070 1347 1139 multisque
1393 1070 1567 1123 modis
1616 1068 1742 1123 olim
1780 1068 1921 1121 Deus
1948 1067 2029 1121 lo-

436 1184 609 1237 quens
652 1165 897 1234 patribus
928 1163 980 1218 iu
1021 1163 1320 1232 prophetis,
1367 1160 1660 1215 novissime
1690 1159 1877 1213 diebus
1917 1160 2031 1212 ist's

436 1258 650 1312 locutus
687 1264 769 1309 est
792 1254 947 1307 nobis
975 1253 1026 1307 in
1063 1252 1238 1315 Filio,
1268 1268 1426 1320 quem
1456 1251 1735 1306 constituit
1763 1251 2028 1303 lueredem

438 1349 840 1409 universorum,
893 1358 988 1415 per
1027 1360 1188 1413 quem
1234 1344 1359 1398 fecit
1386 1352 1439 1397 ct
1464 1342 1659 1398 sa-cula
1690 1342 1872 1411 (llebr.
1914 1342 1971 1409 I).
2007 1359 2025 1392 ι

438 1442 545 1496 Se]
585 1439 731 1493 a'iud
790 1445 872 1491 est
924 1438 1090 1491 Deum
1141 1436 1284 1506 loqui
1329 1454 1425 1505 rer
1463 1453 1554 1489 ir.)
1604 1438 2030 1505 prophetarum;

437 1534 580 1588 alLud
614 1548 708 1603 per
738 1532 912 1601 ipsum
940 1539 1270 1585 coartarnum
1304 1530 1430 1595 sibi,
1477 1540 1531 1584 et
1575 1528 2033 1584 rozsubstantiale

438 1637 567 1680 an'e
615 1622 831 1686 s:rcula,
872 1620 1132 1676 Verbum.
1181 1621 1338 1675 Aliud
1380 1630 1463 1675 est
1505 1622 1648 1675 enim
1697 1621 1929 1675 \‘crlznm
1979 1620 2030 1673 in

437 1732 643 1776 carne,
690 1714 836 1767 alittd
883 1721 968 1766 est
1017 1712 1250 1767 Vetbnu
1302 1724 1432 1767 Caro
1474 1711 1694 1766 factum.
1743 1711 1902 1765 Aliud
1950 1718 2033 1765 est

439 1804 583 1858 Dens
610 1805 660 1857 in
690 1803 909 1857 homine
931 1843 945 1866 ,
988 1802 1133 1856 aliud
1173 1803 1311 1855 Deus
1342 1802 1520 1856 homo.
1578 1802 1736 1855 Aliud
1767 1812 1849 1855 est
1880 1802 2029 1857 verti

437 1899 708 1963 tn'uister,
751 1896 892 1950 alinl
933 1895 1212 1965 magister.
1264 1897 1360 1965 ιι
1408 1895 1558 1949 Alius
1604 1895 1726 1949 iifei
1777 1894 2035 1948 dicendus

437 2002 524 2045 est
576 2000 807 2053 amtor,
872 1989 1010 2042 alius
1058 1988 1403 2057 prmdieator.
1447 1988 1599 2042 Aliud
1647 1998 1727 2040 est
1770 1996 2035 2056 praeterea

440 2084 702 2155 Spiritum
746 2096 995 2136 saucium
1038 2096 1136 2149 per
1181 2078 1555 2148 Propitetalem
1605 2077 1879 2147 suscipere
1910 2093 2034 2147 gra-

440 2178 605 2241 tiam,
644 2174 787 2227 aliud
816 2188 939 2227 eum
972 2173 1172 2227 habere
1204 2169 1633 2227 substantialiter
1659 2184 1754 2238 per
1775 2176 2031 2222 naturam

444 2271 706 2335 Quamvis
726 2270 875 2323 enim
898 2270 1139 2339 Spiritus
1164 2268 1216 2320 in
1237 2265 1520 2321 Christum
1548 2280 1645 2336 per
1668 2262 2038 2318 columbiuam

450 2364 798 2416 descenderit
846 2361 1087 2431 speciem
1117 2361 1341 2428 (Matth.
1377 2363 1484 2429 ιιι),
1532 2372 1638 2413 non
1688 2366 1865 2411 tamen
1913 2366 2040 2408 eum

444 2444 611 2513 potuit
647 2443 901 2496 divinitas
929 2442 1303 2512 Redemptoris
1344 2443 1612 2511 accipere,
1654 2441 1909 2510 quoniam
1948 2452 2037 2492 se-

440 2534 682 2588 cundum
726 2533 1025 2588 divinitatis
1072 2534 1364 2606 essentiam
1413 2532 1605 2596 Pater,
1649 2541 1704 2587 et
1754 2532 1941 2597 Filius,
1986 2542 2039 2587 et
2080 2570 2081 2573 η

443 2624 676 2691 S,i:'itis
706 2633 948 2688 sant-tus,
984 2640 1122 2677 unus
1152 2633 1235 2677 est
1268 2626 1429 2677 Detts.

514 2718 736 2771 Constat
770 2732 919 2785 ergo,
951 2716 1074 2784 quia
1111 2714 1371 2784 Spiritum
1422 2725 1670 2772 sanctum
1704 2716 1954 2772 Christus
1986 2718 2039 2771 iu

443 2808 624 2862 anima
670 2806 911 2876 su~cepit
951 2806 1207 2869 humana,
1246 2822 1350 2858 non
1392 2806 1443 2860 in
1488 2808 1574 2862 div
1600 2808 1793 2872 nitate,
1824 2826 1927 2877 qua
1958 2810 2035 2862 vi-

446 2899 638 2952 delicet
664 2912 785 2952 cum
810 2899 997 2951 colem
1022 2897 1223 2965 Spiritu
1254 2905 1441 2951 sant-lo
1467 2914 1602 2951 unus
1623 2908 1704 2953 est
1739 2898 1790 2951 in
1824 2911 2037 2952 natura.

447 2987 615 3059 Igitur
657 2998 859 3043 :eterna
900 2987 1154 3041 divinitas
1186 2986 1305 3040 F.lii
1340 3003 1462 3041 cum
1502 2987 1658 3057 plena
1705 2988 2041 3042 humanitate

448 3097 568 3149 sua,
606 3089 661 3132 et
697 3081 883 3133 eadem
932 3080 1086 3149 plena
1142 3078 1451 3133 lmtnai.ilas
1492 3077 1612 3132 Filii
1646 3070 1788 3132 ὐἷιιεί
1814 3062 2040 3150 'aet‘erngt

450 3169 734 3224 divinita'e
776 3185 896 3233 sua,
931 3186 1032 3221 una
1063 3179 1146 3223 est
1172 3170 1221 3222 in
1255 3180 1440 3224 saneta
1486 3170 1752 3223 Trinitate
1788 3180 2041 3239 persona,

448 3273 501 3314 et
527 3261 641 3316 lucc
676 3277 781 3313 non
810 3261 1083 3330 adoptiva,
1110 3260 1202 3315 sed
1232 3261 1481 3330 propria;
1514 3278 1618 3315 non
1657 3262 2041 3331 nuncupatim.

450 3351 547 3404 sc’l
576 3350 969 3417 coessentialis,
1013 3361 1177 3420 atque
1220 3349 1480 3421 perfecta.
1532 3345 1601 3404 Εἴ
1645 3350 1757 3420 ipse
1797 3346 1954 3405 'tct'vis
1995 3353 2045 3405 ir.

451 3440 757 3504 dviuitate,
797 3450 960 3509 atque
1000 3441 1334 3495 humanitate
1374 3457 1469 3494 sua
1511 3442 1840 3509 tmigenitns,
1873 3452 1924 3495 ct
1962 3456 2047 3495 ve.

453 3546 547 3585 rus
574 3531 664 3585 Dei
696 3530 864 3586 Filius
896 3544 911 3584 :
951 3531 1199 3602 idemque
1236 3542 1378 3587 totus
1431 3533 1482 3587 in
1528 3532 1831 3598 divinitate,
1883 3542 2048 3603 atque

454 3621 790 3677 humanitate
830 3638 924 3677 sua
962 3639 1121 3677 verus
1155 3632 1237 3679 est
1260 3624 1495 3680 hominis
1524 3624 1683 3686 lililts,
1726 3641 1829 3677 non
1860 3625 2048 3695 utique

456 3712 868 3785 uunrupativus,
891 3717 1028 3772 sicut
1054 3717 1341 3787 llispanira
1370 3717 1592 3772 haeresis
1616 3732 1860 3772 asserere
1886 3718 2047 3787 impia

459 3808 756 3861 temeritate
778 3808 1150 3883 praesumpsit;
1180 3810 1490 3879 perlubens,
1523 3809 1614 3864 Dei
1650 3809 1845 3863 Filium
1873 3808 1927 3863 in
1961 3808 2045 3863 rii-

456 3898 577 3949 vina
611 3908 801 3952 natura
837 3900 1002 3954 Deum
1034 3916 1152 3955 esse
1181 3916 1388 3967 verum,
1420 3901 1738 3983 iuJuuuana
1770 3916 2051 3972 nuncupa-

462 3989 535 4039 tiv
558 4005 644 4051 nn,
690 3990 772 4043 vei
815 3991 1165 4060 aimptivtnu;
1211 3999 1267 4045 ut
1307 3992 1459 4061 quasi
1490 3992 1607 4047 dua:
1634 3993 1686 4046 in
1723 3992 1940 4047 Christo
1970 3992 2047 4045 vi-

459 4086 681 4136 ili-:nitur
702 4096 823 4137 ease
850 4098 1111 4154 personae.
1149 4084 1215 4138 Et
1253 4085 1364 4155 ipse
1392 4100 1488 4154 per
1516 4085 1853 4140 divinitatem
1884 4101 2045 4139 verus

461 4175 552 4229 Dei
583 4176 654 4229 sit
682 4176 870 4240 Filius,
900 4177 991 4231 sed
1024 4178 1074 4230 in
1106 4178 1445 4233 humanitate
1473 4178 1542 4237 sit
1572 4179 1877 4248 adoptivus.
1909 4180 2044 4235 Cum

459 4275 666 4320 constet
691 4268 875 4337 utique
895 4278 1046 4333 Juxta
1076 4267 1358 4322 catholica:
1387 4266 1505 4323 ﬁdei
1552 4269 1813 4339 regulam,
1860 4270 2047 4340 unige-

462 4358 629 4409 nitum
663 4357 752 4411 Dei
782 4356 975 4411 Filium
1000 4357 1051 4409 in
1078 4357 1283 4410 unitate
1310 4371 1389 4411 ειη
1417 4357 1707 4411 humanam
1738 4360 2044 4428 suscepisse

2130 515 2346 578 malum,
2375 514 2475 569 nisi
2505 514 2596 583 qui
2622 512 2900 568 descendit
2934 511 3001 566 de
3042 510 3203 575 caelo,
3251 510 3418 566 Filius
3458 510 3714 573 hominis,

2130 610 2325 679 quiest
2357 609 2407 661 in
2431 608 2568 663 caelo
2592 608 2774 677 (Joan.
2803 606 2906 674 ut).
2949 625 2967 657 ι
3025 605 3081 659 in
3122 615 3262 660 terra
3295 620 3426 659 sane
3457 603 3712 673 loquitur,

2129 708 2184 754 et
2214 699 2264 752 in
2295 698 2433 753 ccelo
2457 714 2516 752 se
2539 713 2655 751 esse
2683 696 2903 761 fatetur,
2930 697 3053 765 quia
3083 712 3203 749 eum
3235 696 3299 750 de
3330 695 3468 749 ctelo
3497 695 3718 749 dessen-

2131 792 2240 855 dit,
2272 790 2621 845 nihilominus
2654 790 2705 844 in
2735 789 2874 844 cmlo
2907 787 3221 857 permansit.
3278 786 3340 839 Et
3380 785 3522 839 sicut
3552 783 3719 837 Filius

2132 881 2364 936 hominis
2414 890 2519 945 est,
2565 881 2654 950 qui
2708 881 2774 935 de
2821 879 2958 934 emlo
3005 876 3345 933 descendisse
3386 874 3605 937 dicitur,
3647 874 3717 927 ita

2132 973 2298 1027 Filius
2345 972 2443 1026 Dei
2505 975 2636 1037 est,
2682 971 2771 1039 qui
2826 985 3119 1039 corporeus
3167 968 3218 1022 iu
3272 982 3435 1020 carne
3486 964 3716 1019 videtur.

2727 1078 2955 1132 CAPUT
3009 1077 3117 1131 VII.

2134 1174 2200 1227 lu
2226 1174 2434 1229 Christo
2463 1173 2639 1226 divina
2663 1182 2708 1224 et
2732 1172 2961 1223 huuuma
2994 1178 3183 1222 natura
3205 1184 3314 1221 sese
3345 1165 3717 1233 manifestarit.

2204 1265 2259 1319 In
2282 1264 2497 1319 Christo
2523 1262 2685 1332 igitur
2710 1268 2763 1314 ct
2788 1260 2963 1313 unitas
2988 1268 3069 1312 est
3092 1272 3353 1327 personm,
3386 1265 3441 1309 et
3465 1256 3584 1309 dua:
3596 1263 3724 1308 sunt

2134 1356 2414 1412 inconfusa
2467 1368 2705 1423 semper,
2740 1361 2902 1420 atque
2944 1350 3198 1403 distincta
3248 1347 3580 1417 proprietate
3624 1360 3723 1400 na-

2136 1460 2269 1503 tura:
2287 1468 2298 1501 :
2318 1463 2420 1501 una
2440 1446 2649 1501 scilicet
2668 1444 2717 1497 in
2738 1458 2802 1496 eo
2827 1453 3016 1495 natura
3040 1450 3121 1495 est
3143 1455 3263 1509 qua:
3285 1438 3434 1493 ducit
3459 1436 3722 1508 originem

2134 1556 2199 1594 rx
2223 1550 2374 1593 utero
2396 1536 2676 1605 virginali;
2706 1534 2897 1597 altera,
2918 1547 3037 1601 qua:
3060 1530 3175 1584 sine
3197 1529 3304 1583 ullo
3323 1543 3546 1597 prorsus
3572 1526 3727 1581 initio

2135 1640 2399 1685 coit-terna
2418 1637 2500 1683 cst
2517 1629 2623 1681 Deo
2640 1625 2806 1678 Patri.
2829 1623 2941 1679 Una
2959 1638 3063 1692 qua
3084 1621 3332 1691 vagiebat
3362 1620 3416 1671 in
3442 1618 3628 1681 cuuis;
3649 1617 3727 1671 al-

2140 1735 2252 1780 tera
2281 1731 2382 1787 est,
2422 1721 2531 1790 12
2555 1734 2650 1788 per
2682 1733 2842 1787 quam
2872 1714 3201 1769 adorabatur
3230 1728 3259 1766 a
3294 1711 3461 1782 Magis
3487 1710 3724 1783 (Luem;

2144 1818 2334 1875 Matth.
2421 1818 2504 1889 tt).
2556 1816 2665 1869 Una
2705 1830 2807 1883 qua
2835 1820 2991 1867 aetate
3016 1810 3331 1887 prpticiebat
3352 1816 3404 1862 el
3430 1804 3725 1875 sapientia;

2137 1912 2330 1973 altera,
2361 1923 2468 1978 qua
2516 1905 2610 1960 Dei
2649 1904 2822 1957 virtus
2882 1903 2994 1971 ipsa
3062 1916 3126 1955 ac
3183 1900 3274 1953 Dei
3323 1906 3407 1951 est
3463 1894 3727 1965 sapientia

2138 2000 2185 2072 (l
2216 1999 2341 2053 Cor.
2431 2013 2444 2050 I
2473 1996 2513 2065 ).
2544 1995 2680 2059 Una,
2712 2008 2816 2063 qua
2850 2000 2973 2061 post
3001 1988 3348 2045 continentiae
3374 1984 3726 2055 quadragesi-

2139 2090 2295 2145 malis
2323 2088 2557 2142 inediam
2584 2082 2803 2153 jejunus
2828 2082 3020 2137 esuriit
3050 2078 3265 2152 (Matth.
3302 2077 3399 2145 tv),
3431 2073 3729 2137 altera,cui

2137 2196 2234 2248 per
2263 2177 2613 2249 snlijectionis
2636 2174 2869 2230 oliicium
2891 2172 3136 2242 provinus
3163 2167 3399 2239 angelica
3424 2162 3732 2219 sublimitas

2140 2274 2486 2331 ministravit.
2514 2272 2652 2333 Una,
2679 2286 2782 2339 qua
2809 2266 3111 2321 dormiebat
3139 2264 3190 2318 in
3220 2262 3366 2324 navi,
3389 2269 3444 2314 et
3464 2257 3733 2314 excitatus

2138 2377 2221 2422 est
2250 2382 2278 2421 a
2310 2364 2587 2435 discipulis
2618 2362 2811 2433 (Marc.
2848 2359 2952 2429 tv);
2991 2357 3185 2420 altera,
3235 2369 3340 2423 qua
3371 2350 3729 2421 procellarum

2140 2456 2558 2527 tempestatibus
2603 2452 2923 2523 imperabat,
2953 2461 3007 2504 et
3042 2448 3239 2503 ventis.
3277 2445 3413 2508 Una,
3451 2460 3555 2513 qua
3597 2442 3732 2498 fusis

2140 2548 2395 2619 larrymis
2440 2554 2715 2600 mortumn
2770 2541 3003 2596 deﬂebat
3054 2538 3325 2600 amicum;
3384 2535 3574 2599 altera,
3625 2548 3733 2602 qua

2142 2641 2378 2694 animam
2431 2636 2548 2703 ejus
2595 2641 2813 2689 revocat
2855 2632 2923 2685 ab
2956 2630 3190 2693 inferno,
3221 2636 3273 2681 et
3308 2625 3733 2696 quatriduanum

2141 2733 2373 2787 cidaver
2405 2728 2671 2784 incolume
2700 2724 2986 2779 resuscitat
3020 2722 3086 2776 de
3127 2719 3375 2790 sepulcro
3419 2716 3600 2787 (Joan.
3631 2717 3734 2779 xu).

2149 2825 2262 2879 lina
2317 2833 2417 2885 est,
2466 2837 2571 2891 qua
2624 2819 2874 2873 tristatur
2918 2830 3088 2885 usque
3137 2813 3203 2867 ad
3258 2820 3486 2865 mortem
3517 2808 3735 2881 (Matth.

2148 2917 2337 2979 sxw);
2373 2914 2565 2975 altera,
2595 2926 2699 2981 qua
2732 2908 2986 2980 ponendi,
3030 2914 3085 2961 et
3135 2902 3441 2958 resumendi
3495 2900 3734 2954 animam

2148 3005 2564 3073 sna-ii'iiabe're‘
2613 3004 2674 3055 se.
2717 2998 2969 3073 perhibet
3012 3002 3335 3065 potestatem
3381 2990 3563 3061 (Joan.
3641 2988 3735 3062 ι).

2143 3070 2429 3166 Ἰῖιῖεἶ,.ἰιῆοεδ
2468 3078 2728 3146 tinnitu-i1
2752 3070 2966 3151 'inaris,
2994 3096 3047 3142 et
3087 3085 3407 3153 confragosa
3464 3080 3737 3135 volumina

2148 3187 2309 3239 siccis
2337 3184 2506 3255 putuit
2553 3182 2767 3235 calcare
2814 3177 3057 3247 vestigiis
3108 3173 3489 3244 (Matt/Law);
3543 3169 3737 3232 altera,

2102 3278 2251 3365 '.tjita
2290 3273 2591 3354 frigieits'it:
2633 3268 2939 3344 Emptum,
2968 3267 3232 3323 saevitiam
3286 3262 3580 3318 declinavit
3630 3260 3736 3314 lle-

2140 3350 2325 3424 rodis.‘
2347 3357 2600 3428 U'na'cst,
2754 3358 3024 3415 "rs-iubeo!
3058 3359 3111 3411 in
3151 3364 3336 3410 monte
3382 3350 3739 3420 transﬁgura-

2150 3468 2237 3512 tus
2269 3454 2465 3511 ell‘ulsit
2496 3451 2895 3524 (MatthJHt);
2930 3448 3416 3516 altera.perquam
3447 3442 3737 3495 recedente

2148 3550 2379 3611 visione,
2407 3546 2520 3600 sola
2562 3543 2897 3598 inﬁrmitatis
2944 3543 3191 3596 humana:
3252 3537 3423 3591 forma
3474 3530 3735 3587 remansit

2149 3636 2326 3709 (Ibid.
2354 3635 2415 3705 ).,
2538 3635 2655 3690 Una
2692 3642 2951 3704 praeterea
2987 3631 3059 3684 illi
3094 3638 3285 3683 natura
3315 3634 3417 3687 est,
3454 3640 3550 3693 per
3575 3636 3736 3690 quam

2148 3733 2194 3788 ei
2247 3731 2447 3785 dicitur
2477 3748 2489 3783 :
2540 3749 2554 3780 ι
2607 3730 2773 3783 Filius
2802 3741 2952 3781 mens
2980 3742 3039 3779 es
3071 3734 3146 3785 tu,
3179 3736 3277 3791 ego
3311 3718 3471 3773 hodie
3498 3714 3656 3787 genui
3689 3722 3740 3767 te

2148 3822 2375 3894 (Psalm.
2407 3821 2501 3891 II);
2528 3841 2545 3872 ι
2573 3820 2739 3874 altera
2768 3833 3055 3889 perquam,
3075 3815 3181 3868 alio
3203 3811 3465 3882 prepbeta
3484 3812 3738 3866 testante,

2148 3914 2348 3968 dictum
2373 3922 2495 3966 est:
2528 3930 2545 3962 ι
2581 3910 2782 3965 Servus
2814 3924 2966 3961 meus
2989 3922 3049 3960 es
3081 3915 3155 3969 tu,
3190 3904 3314 3970 quia
3343 3901 3394 3953 in
3438 3908 3487 3952 te
3535 3895 3736 3966 gloria-

2146 4004 2247 4058 bor
2277 4002 2411 4074 (lsa.
2435 4001 2605 4070 xm).
2643 4018 2660 4051 ›
2728 3998 2862 4052 Nam
2892 3997 3188 4051 secundum
3221 3990 3364 4043 aliud
3393 3997 3475 4041 est
3499 3986 3587 4038 illa
3614 4000 3739 4045 vox,

2148 4111 2253 4165 qua
2288 4094 2491 4147 dicitur
2522 4110 2534 4145 :
2567 4110 2584 4141 r
2621 4090 2700 4144 Ex
2760 4099 2916 4142 utero
2961 4096 3086 4139 autc
3136 4082 3419 4136 luciferum
3468 4075 3629 4146 genui
3692 4082 3742 4127 te

2150 4184 2550 4259 (Halanus);
2598 4204 2616 4236 ι
2648 4193 2703 4238 et
2731 4179 3025 4237 secundmn
3057 4175 3199 4229 aliud
3252 4172 3341 4226 illa
3392 4190 3405 4224 ε
3467 4189 3485 4220 ι
3544 4167 3739 4259 Parum

2149 4256 2251 4343 est,
2286 4256 2565 4347 iuquit,ut
2595 4275 2670 4329 sis
2701 4272 2831 4328 tnihi
2864 4284 3055 4325 servus
3092 4268 3159 4320 ad
3200 4261 3539 4317 suscitandas
3570 4256 3742 4347 tribus

2147 4344 2407 4435 Jacob,et
2438 4369 2574 4423 ﬁnes
2604 4364 2766 4421 Israel
2795 4358 3188 4419 convertendos
3223 4354 3357 4425 (lsa.
3377 4350 3544 4419 κως).
3576 4368 3594 4399 ι
3627 4344 3739 4401 Una

461 4460 727 4512 murram.
758 4462 966 4504 smnia
998 4450 1211 4518 quidem
1242 4449 1523 4518 utriusque
1549 4451 1879 4519 proprietate
1909 4452 2042 4506 sub-
2076 4492 2126 4552 υ
2153 4464 2319 4533 igitur
2354 4470 2438 4516 cst
2476 4461 2527 4514 in
2558 4459 2782 4515 Christo
2814 4456 3141 4516 substantia,
3198 4448 3281 4504 vel
3336 4460 3587 4516 persona,
3642 4440 3738 4495 sed

460 4552 540 4593 sla
570 4542 690 4604 .tim,
717 4558 775 4595 se
799 4544 808 4593 l
836 4541 1059 4595 iu.!ivisa
1083 4556 1323 4611 prorsus,
1348 4556 1411 4595 ac
1436 4541 1663 4610 simplici
1693 4553 2050 4612 permanente

460 4633 663 4685 raritate
691 4632 968 4701 persona‘:
1000 4632 1226 4700 ileoque
1272 4647 1369 4686 ucc
1405 4632 1508 4685 duo
1539 4633 1762 4697 Christi,
1812 4634 1892 4686 vel
1941 4634 2048 4687 duo

459 4728 583 4773 sont
615 4720 765 4781 Filii;
799 4721 893 4774 sed
942 4722 1099 4785 Deus,
1137 4733 1190 4775 ct
1223 4721 1403 4785 homo,
1441 4737 1578 4776 unus
1608 4722 1876 4786 Christus,
1911 4740 2048 4776 unus

462 4822 547 4865 est
595 4812 939 4883 singulariter
980 4813 1169 4866 Filius.
1222 4812 1335 4866 Non
1381 4814 1524 4866 enim
1577 4814 1731 4867 locali
1785 4824 1929 4866 metu
1982 4814 2047 4866 a.|

464 4907 673 4957 lentam
708 4903 831 4975 Virg
857 4921 977 4959 nem
1016 4904 1167 4959 Verbi
1203 4906 1455 4959 divinitas
1480 4905 1647 4970 venit,
1671 4904 1763 4957 sed
1798 4904 2049 4959 iuetl'abili

464 4997 712 5066 patentim
742 5014 851 5053 sua:
884 5000 1143 5063 mysterio
1183 4997 1271 5051 Dei
1313 4997 1481 5051 Filius
1518 5008 1571 5050 et
1621 5006 1831 5051 u'erum
1864 4996 2051 5051 Matris

462 5107 493 5158 ε
519 5089 759 5159 gnendus
791 5090 1063 5159 implevit;
1108 5100 1160 5143 et
1192 5090 1538 5144 nihilominus
1563 5090 1615 5144 in
1650 5099 1887 5160 paterna:
1914 5090 2047 5143 divi—

464 5183 645 5234 nitatis
671 5198 740 5235 un
768 5192 873 5236 tate
902 5183 1215 5251 permulsit.
1264 5183 1438 5235 Veniet
1465 5198 1492 5236 s
1519 5184 1584 5235 (ιιι
1612 5198 1647 5243 ιι
1672 5201 1743 5244 is,
1782 5190 1837 5233 tt:
1866 5181 2046 5234 aufer-

465 5281 545 5326 trt
572 5289 601 5325 a
634 5276 783 5329 nobis
821 5275 964 5343 quod
1011 5275 1215 5328 invenit
1247 5274 1296 5328 in
1340 5276 1493 5329 nobis
1524 5293 1534 5328 :
1565 5284 1617 5328 et
1666 5274 1883 5328 olI'rrret
1935 5276 2049 5343 ipse

464 5380 562 5432 (to
588 5366 757 5427 nobis,
799 5368 940 5436 quod
965 5368 1278 5434 sumpsitex
1308 5367 1482 5419 nobis.
1540 5366 1649 5419 Nec
1692 5366 1835 5420 rnizn
1890 5363 2049 5419 \‘erbi

466 5458 610 5511 d.vin
639 5469 738 5521 tas,
774 5460 852 5511 νισι
887 5461 937 5513 iu
977 5473 1154 5527 ΙιὲΙΙ⁸ζρδ
1197 5460 1382 5522 dividi,
1414 5458 1494 5511 vel
1522 5476 1550 5510 a
1577 5457 1738 5511 Patre
1770 5457 1941 5525 potuit
1967 5472 2051 5511 se—

464 5551 643 5620 parari
676 5568 686 5602 :
722 5552 813 5604 s'd
848 5552 917 5605 ub
940 5569 1041 5621 que
1072 5563 1243 5616 totus,
1276 5552 1471 5621 ubique
1504 5550 1791 5620 perfectus.
1838 5550 1913 5603 Ita
1946 5567 2048 5605 non

465 5642 705 5694 deseruit
738 5643 950 5700 Patri-tu
973 5686 984 5707 .
1020 5664 1139 5699 cum
1170 5647 1439 5701 descendit
1473 5648 1536 5697 al
1568 5643 1871 5713 Virg'ncm,
1914 5642 2051 5696 sicut

469 5752 574 5789 non
607 5736 841 5791 deseruit
888 5741 1164 5802 tundunt,
1203 5756 1321 5793 «'uzn
1370 5739 1538 5791 vi-tor
1582 5736 1769 5790 nmrtis
1810 5736 2049 5789 ascendit

2160 4531 2262 4606 non
2288 4568 2393 4605 una
2424 4550 2747 4612 substantia,
2780 4548 2859 4602 vel
2891 4554 3103 4600 natura.
3135 4542 3204 4598 Ut
3233 4553 3561 4610 quamquam
3597 4531 3741 4586 aliud

2156 4644 2357 4706 divina,
2416 4642 2561 4695 aliud
2618 4639 2919 4694 substantia
2982 4637 3053 4690 sit
3114 4636 3371 4692 humana,
3422 4627 3473 4681 iu
3525 4623 3743 4679 Christo

2160 4742 2335 4786 tamen
2370 4731 2517 4785 nullo
2539 4732 2697 4785 modo
2720 4729 2857 4782 alius
2883 4727 3025 4780 ﬁlius
3056 4722 3312 4780 hutuiuis.
3330 4719 3467 4772 alius
3489 4714 3743 4771 credatur

2158 4838 2276 4876 esse
2302 4822 2441 4875 (Elius
2468 4822 2582 4874 Dei.
2607 4820 2687 4874 Ab
2713 4821 2829 4887 ipso
2857 4817 3054 4886 quippe
3088 4810 3382 4867 Dominica-
3413 4802 3742 4860 luearnatio-

2161 4916 2245 4970 uis
2271 4914 2496 4969 exordio
2519 4921 2572 4967 et
2598 4912 2737 4965 Deus
2765 4910 2816 4962 in
2847 4908 3122 4962 hominem
3152 4900 3390 4961 transiit,
3420 4906 3473 4950 et
3504 4896 3665 4947 homo
3687 4890 3739 4944 in

2163 5011 2363 5073 Deum;
2394 5018 2452 5060 ut
2479 5018 2531 5061 et
2563 5006 2629 5068 is,
2653 5003 2743 5074 qui
2770 5017 2833 5055 ex
2868 5002 2977 5055 Deo
3005 4999 3165 5054 Patre
3195 5004 3321 5049 ante
3350 4989 3545 5047 szecula
3585 4992 3743 5038 natus

2160 5110 2262 5161 est,
2288 5109 2341 5153 et
2366 5113 2495 5152 vere
2525 5096 2597 5150 sit
2628 5093 2862 5149 hominis
2892 5090 3057 5152 ﬁlius,
3084 5097 3138 5141 et
3169 5100 3297 5139 vere
3329 5083 3397 5136 sit
3429 5082 3588 5132 homo
3630 5090 3644 5125 :
3688 5079 3743 5125 ct

2163 5193 2227 5255 is,
2256 5191 2345 5260 qni
2374 5191 2424 5243 in
2460 5190 2564 5243 [ine
2608 5185 2929 5242 saeculorum
2978 5182 3045 5236 de
3096 5176 3307 5245 virgine
3363 5180 3520 5225 natus
3561 5174 3664 5227 est,
3690 5172 3744 5217 et

2162 5300 2287 5338 vere
2345 5284 2414 5336 sit
2474 5280 2567 5333 Dei
2633 5280 2815 5343 tilius,
2861 5286 2915 5330 et
2980 5288 3142 5328 vetus
3208 5268 3279 5322 sit
3343 5260 3528 5334 procul
3581 5257 3743 5311 dubio

2162 5375 2322 5429 Deus.

2232 5466 2371 5519 Duas
2401 5481 2531 5534 ergo
2562 5462 2875 5517 nativitates
2905 5467 3049 5511 recte
3076 5453 3399 5507 conﬁtentur
3424 5450 3475 5501 in
3503 5446 3741 5503 Christo.

2161 5573 2321 5611 uuam
2362 5556 2425 5610 de
2452 5554 2613 5609 Patre
2640 5555 2755 5607 sine
2785 5552 2961 5613 initio,
2994 5558 3046 5601 et
3096 5547 3212 5601 sine
3262 5554 3502 5611 tempore
3548 5536 3740 5604 sempi-

2162 5656 2392 5707 tvrnam,
2419 5656 2473 5701 et
2504 5654 2829 5699 coteternam
2862 5658 2957 5711 per
2992 5638 3171 5694 otnnia
3212 5636 3472 5707 genitori;
3515 5632 3741 5683 alteram

2162 5742 2223 5794 de
2286 5750 2530 5791 materna
2591 5734 2892 5789 substantia
2948 5735 3047 5787 sub
3111 5728 3382 5785 curriculo
3434 5720 3737 5790 ινιιινυτίιίί-
