4018 6194
319 347 414 404 ’51
777 345 837 400 S.
876 344 1080 401 PETRI
1119 343 1399 400 DAMIANI
1437 334 1585 401 OPP.
1632 343 1866 401 TOMUS
1906 343 1933 397 ε

2026 341 2036 396 1
2071 341 2264 397 PARS
2289 341 2373 396 III.
2413 370 2478 380 ο·-
2520 336 2880 394 OPUSCULA
2920 335 3149 390 VAliIA.

3527 329 3609 385 32

350 459 735 512 Convenerunt
760 456 907 513 enim
937 456 1158 511 sibimet
1184 458 1428 513 invicem
1462 438 1514 512 in
1542 437 1762 513 Christo
1789 441 1927 511 divi;
1959 460 2004 518 Α
2035 464 2155 509 ctus
2191 453 2341 509 visus
2364 463 2447 508 est
2471 453 2670 523 specie,
2699 460 2753 504 et
2790 461 3044 518 tanquam
3073 448 3165 503 Dei
3187 446 3360 502 Filius
3388 446 3441 499 in
3472 445 3612 500 veri-

277 586 281 594 .
354 551 519 610 nitas,
545 554 594 602 et
621 547 864 602 humana
885 547 1160 612 conditio;
1189 547 1252 602 ut
1277 557 1334 604 et
1347 547 1579 603 Verbum
1597 561 1732 602 caro
1754 544 1928 612 iteret,

347 647 403 692 et
429 639 486 692 in
519 635 692 693 Deum
720 651 849 693 caro
881 639 1160 704 transiret,
1205 649 1477 709 quatenus
1520 653 1669 698 .uuus
1713 638 1930 694 Emma-

349 725 472 784 nuel
509 741 574 782 ex
616 738 851 798 utraque
887 730 1189 785 substantia
1239 731 1570 802 proveniret,
1604 731 1693 800 qui
1746 730 1839 784 Dei
1877 739 1932 785 et

351 819 627 873 Innninum
655 820 886 874 idoneus
910 821 1465 875 mediatorexisteret.
1485 823 1538 874 In
1563 837 1670 890 quo
1684 820 1931 876 videlicet

350 907 618 962 naturalia
642 910 846 978 proprii
877 911 1082 979 vigoris
1099 911 1220 982 jura
1249 921 1568 976 servantur,
1599 921 1653 966 et
1687 891 1933 967 subliini-

347 1007 433 1052 tas
466 999 694 1055 Deitatis
714 1011 770 1055 et
801 1001 1078 1057 humilitas
1114 1005 1317 1058 carnis.
1346 1004 1461 1058 Non
1499 1020 1630 1075 ergo
1656 1005 1815 1069 alius,
1836 1006 1930 1060 sed

350 1107 490 1145 unus
513 1092 765 1162 idemque
797 1099 930 1148 (luas
959 1096 1308 1164 operationes
1329 1096 1595 1159 exercuit,
1620 1106 1673 1149 et
1705 1107 1931 1164 utraque

343 1191 570 1251 operata
596 1193 681 1237 est
707 1181 882 1238 ferina
936 1185 1017 1237 vel
1061 1194 1254 1238 natura
1285 1199 1408 1239 eum
1437 1185 1658 1239 alterius
1684 1200 1930 1239 commn-

346 1273 529 1337 itione,
553 1274 697 1342 quod
743 1275 1020 1343 proprium
1071 1275 1259 1329 habuit
1309 1291 1324 1329 :
1387 1276 1676 1330 Diviuitate
1724 1276 1933 1330 scilicet

346 1365 785 1422 communicatae
831 1366 1088 1433 operibus
1131 1366 1331 1430 carnis,
1380 1375 1438 1421 et
1487 1381 1654 1421 car-ue
1691 1381 1934 1422 commu-

345 1454 564 1508 nieante
614 1457 870 1524 operibus
934 1456 1248 1512 divinitatis.
1292 1457 1434 1512 Idem
1472 1459 1652 1527 itaque
1681 1458 1851 1522 Dens,
1879 1465 1932 1510 et

329 1545 511 1601 homo
540 1547 595 1600 in
618 1562 728 1601 una
756 1548 1132 1612 subsistentia,
1165 1549 1244 1603 vel
1283 1565 1534 1618 persona,
1578 1550 1674 1604 sed
1719 1550 1930 1619 gemina

347 1639 629 1708 utriusque
651 1649 866 1694 servata
893 1643 1192 1711 proprietas
1217 1642 1555 1704 substantiae,
1577 1649 1930 1710 permanente

344 1737 561 1793 natura,
579 1741 637 1783 ut
654 1739 939 1800 utramque
955 1732 1201 1788 videlicet
1226 1747 1399 1801 neque
1412 1733 1635 1790 dividat.
1651 1747 1748 1787 nec
1761 1732 1932 1786 unitio

2002 532 2128 597 tate
2138 529 2325 595 carnis
2341 539 2594 604 dignatus
2612 547 2697 592 est
2717 547 2978 606 apparere
2996 533 3217 606 (Matth.
3245 548 3327 603 tu;
3353 534 3521 590 Nam.
3545 537 3608 604 ι).

2016 633 2249 703 Quidam
2279 646 2517 703 namque
2541 629 2868 702 persuadere
2900 630 3079 684 conati
3114 637 3264 694 sum,
3291 626 3605 682 Deli-hlium

2020 743 2128 783 non
2173 725 2341 780 fuisse
2389 735 2577 777 natum
2619 736 2680 774 ex
2729 720 2954 783 femina,
3013 721 3160 775 sicut
3193 735 3310 786 .nec
3361 719 3604 790 Spiritus

2017 828 2243 876 sanctus
2295 827 2455 871 natus
2501 823 2584 870 est
2611 813 2680 868 de
2731 812 3006 868 columba.
3051 812 3168 866 Non
3205 809 3376 872 ettiin,
3427 812 3601 874 aiunt,

2025 913 2278 969 columba
2315 911 2408 964 illa
2441 909 2507 961 de
2527 922 2632 960 ovo
2659 917 2742 962 est
2773 917 2922 970 nata,
2956 921 3080 960 cum
3117 916 3296 958 latin-vn
3342 904 3600 964 humanis

2020 1007 2198 1062 oculis
2237 1004 2598 1074 corporaliter
2625 1002 2695 1056 sit
2729 1011 3044 1070 conspecta.
3091 998 3301 1063 Quibus
3349 999 3604 1052 nimirum

2021 1116 2050 1156 a
2083 1112 2230 1155 recte
2255 1097 2604 1154 credentibus
2625 1094 2986 1164 respondetur
3003 1109 3021 1143 :
3047 1092 3172 1160 quia
3215 1091 3322 1143 illic
3345 1089 3608 1158 Spiritum

2023 1204 2273 1252 sanctum
2299 1193 2621 1261 apparuisse
2639 1187 2918 1262 Joanniin
2948 1185 3218 1239 columba:
3246 1183 3428 1252 specie
3469 1181 3606 1249 legi-

2027 1283 2344 1355 mus(Joan.
2367 1283 2525 1352 i),ubi
2542 1293 2594 1337 et
2612 1281 2894 1337 Christum
2915 1289 3104 1333 natum
3130 1279 3296 1332 fuisse
3317 1279 3384 1329 de
3407 1273 3607 1329 leuiina

2034 1362 2336 1429 reperimus
2365 1359 2519 1429 (Lac.
2569 1375 2607 1413 ιι
2635 1360 2673 1428 ).
2700 1358 2765 1412 Et
2791 1373 2893 1411 non
2926 1365 3139 1425 oportet
3162 1373 3226 1410 ex
3250 1365 3402 1425 parte
3429 1356 3606 1410 Evan-

2034 1448 2175 1516 gelio
2232 1448 2475 1510 credere,
2511 1457 2562 1500 et
2609 1463 2672 1500 ex
2724 1455 2878 1516 parte
2922 1461 3030 1500 non
3078 1447 3318 1500 credere.
3361 1446 3511 1512 Quod
3561 1447 3606 1500 si

2033 1537 2306 1591 credimus
2335 1537 2659 1604 Evangelia,
2695 1535 2959 1602 Spiritum
2987 1542 3231 1588 san-etum
3264 1534 3316 1588 in
3347 1533 3610 1589 columba:

2033 1626 2208 1682 forma
2243 1639 2614 1696 conspectmu.
2657 1627 2946 1680 credamus
2992 1639 3208 1693 quoque
3257 1638 3477 1678 necesse
3505 1633 3606 1686 est,

2033 1719 2450 1788 Redemptorem
2474 1727 2722 1775 nostrum
2746 1719 2810 1770 de
2833 1716 3040 1787 virgine
3061 1716 3226 1770 fuisse
3249 1716 3606 1786 progenitum.

341 1817 491 1872 facta
520 1815 836 1874 transfundat.
869 1820 1103 1878 Verbum
1131 1822 1277 1875 enim
1311 1822 1542 1885 Verbum
1569 1832 1685 1886 est,
1717 1832 1773 1876 et
1819 1835 1926 1876 non
1958 1804 2003 1866 Β
2035 1809 2218 1878 0³³1⁵6
2259 1818 2438 1863 autem
2472 1807 2708 1878 δνίνίιιιε
2734 1818 2960 1862 Sancum
2986 1822 3326 1876 ηείιιιείιιιτηιι
3359 1815 3517 1860 ηθίυε
3540 1821 3608 1861 ex

344 1921 475 1961 caro
500 1926 512 1961 :
547 1916 600 1962 et
625 1923 755 1961 caro
784 1922 912 1964 caro
937 1919 1044 1975 est,
1074 1922 1128 1965 et
1154 1927 1258 1965 non
1297 1909 1526 1965 Verbum
1555 1920 1658 1966 est.
1690 1911 1798 1967 Sed
1827 1927 1932 1966 una

344 2007 427 2050 est
448 1998 696 2067 operatio
724 1999 998 2064 carnis,et
1023 1999 1204 2064 Verbi,
1230 2001 1356 2072 quia
1383 2008 1440 2054 et
1471 2016 1573 2054 una
1597 2009 1679 2054 est
1703 2015 1931 2070 persona

346 2086 442 2141 Dei
486 2095 541 2143 et
578 2086 836 2143 hominis.
870 2087 1021 2145 Unde
1058 2087 1336 2144 Joannes:
1373 2108 1396 2141 ι
1425 2091 1576 2156 Quod
1597 2089 1930 2162 luit,inquil,

349 2177 450 2248 13
484 2177 552 2234 ab
583 2179 758 2244 initio,
792 2181 935 2249 quod
962 2181 1289 2245 aulivimus,
1331 2189 1383 2236 et
1410 2182 1672 2245 vidimus,
1705 2193 1758 2235 et
1791 2197 1915 2250 per-
1969 2227 1972 2229 .

341 2270 644 2340 speximus,
676 2283 732 2328 et
763 2287 957 2327 manus
989 2284 1191 2329 nostrae
1235 2283 1607 2328 u'aCtaverunt
1656 2275 1708 2328 in
1755 2274 1931 2330 Verbo

347 2362 473 2418 vitae
509 2361 560 2433 (Ι
591 2360 755 2417 Jorm.
797 2367 858 2432 t).
891 2385 909 2416 ι
951 2364 1084 2418 Cum
1120 2376 1298 2422 tamen
1340 2367 1446 2420 nisi
1486 2381 1587 2436 per
1617 2382 1931 2422 sacramen-

349 2461 462 2504 tum
497 2451 632 2504 uniti
681 2451 938 2518 hominis,
973 2452 1142 2509 Deum
1171 2471 1329 2509 nemo
1359 2455 1534 2509 valeat
1574 2471 1819 2518 cernere,
1847 2456 1928 2509 vcl

345 2541 490 2608 quod
537 2541 928 2610 iuzpossibilius
957 2552 1071 2608 est,
1103 2545 1357 2600 manibus
1391 2556 1754 2601 contrectare.
1779 2546 1933 2599 Divi-

346 2633 490 2686 nitas
515 2634 658 2688 enim
703 2635 1033 2690 humanitati
1079 2636 1158 2690 sic
1186 2637 1619 2706 inseparabiliter
1647 2649 1729 2692 est
1756 2639 1928 2703 unita,

345 2723 490 2791 quod
521 2737 640 2778 eam
680 2735 966 2793 postquam
1013 2726 1066 2779 in
1104 2727 1311 2781 unitate
1347 2742 1595 2796 persona:
1637 2728 1804 2782 semel
1835 2743 1929 2782 ac-

350 2812 524 2880 cepit,
568 2813 637 2866 ab
669 2813 758 2867 illa
793 2815 1134 2884 postmodum
1167 2817 1514 2885 aliquatenus
1547 2833 1649 2871 nou
1678 2819 1929 2874 recessit.

274 2974 276 2978 τ
351 2897 486 2995 δίιιιι
517 2903 656 2960 Deus
686 2908 848 2995 homo
874 2913 1070 2984 factus,
1102 2919 1171 2975 de
1195 2922 1458 2978 maternis
1484 2922 1780 2979 visceribus
1803 2939 1931 2995 pro-

2023 1901 2305 1969 columba,
2352 1902 2495 1956 sicut
2530 1901 2786 1955 Christus
2819 1901 3134 1969 agnoscitur
3179 1910 3336 1955 natus
3381 1915 3501 1956 esse
3543 1901 3611 1956 de

2033 1993 2270 2049 femina?
2299 1993 2425 2048 Haec
2469 2003 2553 2048 est
2583 1994 2769 2062 procul
2801 1993 2964 2047 dubio
2986 2008 3190 2057 causa,
3222 1993 3345 2062 quia
3376 1991 3610 2062 Spiritus

2033 2096 2255 2143 sanctus
2277 2102 2382 2140 non
2415 2087 2582 2151 venit,
2617 2092 2674 2140 ut
2705 2099 2802 2140 sua
2836 2085 3115 2140 columbas
3143 2086 3478 2154 apparitione
3508 2085 3612 2160 14

2031 2179 2369 2234 redimeret-z
2422 2178 2516 2232 sed
2565 2185 2623 2230 ut
2668 2191 2765 2246 per
2809 2177 2948 2230 hanc
2989 2178 3224 2243 speciem
3272 2176 3610 2245 spiritualem

2030 2287 2268 2325 sinerem
2299 2312 2314 2335 ,
2387 2279 2442 2324 et
2503 2269 2873 2324 innocentiam
2947 2267 3228 2322 visibiliter
3283 2266 3609 2338 designaret.

2032 2361 2124 2416 Dei
2150 2376 2277 2416 vero
2330 2360 2520 2424 Filius,
2574 2360 2664 2428 qui
2705 2365 2954 2414 naturam
3001 2366 3277 2422 nostram,
3318 2366 3373 2412 et
3407 2357 3610 2428 lapsam

2029 2452 2178 2504 venit
2226 2450 2459 2519 erigere,
2522 2459 2577 2502 et
2647 2449 3006 2502 inveteratam
3050 2449 3100 2502 in
3167 2447 3316 2502 vitiis
3377 2448 3612 2518 origina-

2032 2547 2170 2599 libus
2210 2557 2473 2598 renovare
2500 2584 2513 2606 ,
2553 2543 2660 2596 hoc
2698 2542 2890 2596 debuit
2938 2541 3258 2596 naturaliter
3316 2551 3370 2595 et
3426 2554 3614 2594 essen-

2034 2635 2238 2690 tialiter
2278 2635 2331 2687 in
2369 2635 2584 2687 unitate
2621 2645 2869 2701 persona:
2907 2630 3230 2699 suscipere;
3277 2627 3420 2698 quod
3465 2628 3612 2681 venit

2031 2743 2126 2798 per
2141 2726 2471 2796 passioniset
2483 2724 2894 2779 resurrectionis
2904 2737 3015 2776 sua:
3026 2723 3340 2792 mysterium
3357 2718 3609 2775 liberare.

2104 2837 2214 2894 Nec
2257 2834 2439 2892 tatncn~
2483 2836 2584 2890 hoc
2604 2834 2856 2901 dicimus,
2887 2841 2944 2888 ut
2970 2831 3145 2888 solum
3192 2831 3609 2901 Redemptorem

2037 2933 2280 2980 nostrum
2306 2938 2529 2978 carnem
2561 2925 2922 2993 assumpsisse
2947 2941 3153 2992 veram,
3205 2925 3463 2996 Spiritum
3491 2945 3620 2986 vero

347 2989 478 3113 gms
513 2995 654 3113 Deus
685 2993 848 3113 homo
889 3005 1090 3077 factus,
1136 3012 1190 3068 in
1233 3013 1608 3102 ermisﬂigpo
1633 2989 1933 3105 Epepaudit:

2036 3014 2570 3107 smmtuptz‘speciem
2616 2989 2888 3069 fateamur
2923 2989 3166 3072 induisse
3195 2989 3613 3086 phantasticam.

347 3098 458 3153 Sed
489 3107 543 3154 et
575 3099 716 3156 idem
749 3101 891 3157 Deus
913 3104 1080 3159 homo
1106 3110 1405 3164 secundum
1429 3089 1863 3168 εοιὲωοξειίῆἑιιξ

293 3213 297 3217 -
347 3187 602 3256 sepulcro
644 3190 831 3257 iacuit,
863 3192 1004 3247 idem
1049 3195 1191 3250 Deus
1231 3196 1392 3252 homo
1422 3201 1716 3254 secundum
1757 3201 1926 3256 solani
1958 3173 2002 3236 Ο

351 3281 592 3336 animam
632 3283 700 3338 ad
749 3285 947 3340 inferni
998 3289 1264 3376 profunda
1282 3287 1615 3376 fdeséeiidir.
1634 3289 1977 3376 :iﬁvinita’s'z

349 3376 520 3439 enim,
563 3393 686 3449 qua:
735 3379 790 3434 in
841 3367 1814 3455 οοιιερριιόιιὶοῦιὴῆιῇιῶοεῦὦθιιίι,
1842 3367 1975 3442 ἐῖιιέ

352 3475 530 3520 morte
558 3483 774 3537 quoque
804 3469 874 3524 ab
901 3482 1132 3542 utraque
1175 3487 1234 3528 se
1259 3475 1498 3545 suscepti
1536 3475 1771 3532 hominis
1801 3478 1926 3532 sub.

349 3559 549 3613 stantia
588 3576 696 3614 non
723 3561 988 3629 abjunxit.

419 3649 551 3716 Quis
601 3660 686 3706 est
730 3667 880 3722 ergo,
947 3670 1045 3724 per
1077 3671 1238 3726 quem
1295 3660 1471 3713 factus
1521 3669 1603 3713 est
1657 3664 1926 3717 mundus?

309 3743 598 3798 .Christus
641 3745 840 3802 Iesus:
895 3753 990 3804 sed
1033 3751 1085 3833 in
1135 3752 1304 3806 forma
1349 3754 1465 3808 Dei.
1514 3754 1645 3821 Quis
1693 3767 1796 3819 est,
1831 3773 1925 3830 per

281 3881 288 3889 .
343 3852 506 3906 quem
566 3841 877 3910 redemptus
927 3853 1009 3898 est
1055 3847 1320 3900 mundus?
1346 3848 1596 3901 Christus
1619 3846 1798 3910 Jesus,
1829 3853 1922 3904 sed
1969 3845 1981 3859 '

345 3929 400 3981 in
434 3927 606 3984 forma
646 3933 812 3986 servi.
840 3933 1098 4000 Quisnam
1141 3946 1225 3991 est
1267 3936 1558 3993 derelictus
1590 3939 1642 3992 in
1675 3939 1926 3997 inferno?

343 4021 600 4077 Christus
627 4021 803 4087 Jesus,
833 4027 924 4080 sed
953 4028 1004 4080 in
1038 4030 1216 4082 anima
1255 4030 1392 4084 sola.
1425 4030 1557 4098 Quis
1586 4039 1924 4086 resurrectu-

346 4125 440 4164 rus
481 4112 931 4183 rriduojacuit-in
973 4118 1270 4182 sepulcro?
1298 4119 1548 4174 Christus
1599 4120 1777 4186 Jesus,
1829 4124 1922 4177 sed
1975 4139 1978 4143 '

344 4201 401 4253 in
453 4215 620 4256 carne
656 4202 789 4256 sola.
823 4203 963 4273 Ergo
1000 4207 1052 4258 in
1093 4207 1176 4261 his
1217 4209 1443 4278 singulis
1487 4210 1755 4275 Christus,
1786 4224 1841 4267 et
1871 4214 1922 4267 in

279 4317 288 4325 ι
345 4291 600 4345 omnibus
625 4307 730 4345 non
752 4295 877 4356 duo,
904 4296 999 4348 sed
1031 4311 1168 4353 unus
1189 4307 1272 4350 est
1299 4299 1567 4358 Christus.
1599 4301 1739 4370 Ergo
1763 4317 1920 4368 unus,
1973 4313 1982 4318 ‘

287 4394 290 4398 ‘
346 4377 600 4459 ideuique
624 4386 838 4454 gemina
870 4385 1084 4451 vigente
1116 4397 1309 4443 natura
1346 4392 1696 4459 conspicitur,
1724 4404 1778 4448 et
1803 4409 1923 4464 quae

2025 3120 2193 3192 Simili
2216 3118 2359 3195 e’nini
2386 3151 2493 3191 non
2513 3136 2749 3206 oportuit
2783 3146 2842 3191 ut
2865 3137 3052 3193 oculos
3085 3138 3360 3194 hominum
3399 3139 3493 3195 Dei
3519 3138 3611 3195 Fi-

2031 3227 2386 3315 lipsfalleret,
2519 3229 2739 3285 omnino
2761 3245 2866 3284 non
2892 3230 3089 3294 decuit,
3120 3240 3177 3285 ut
3205 3230 3404 3299 aliquid
3435 3229 3609 3302 Spiri-

2029 3313 2679 3406 .ltEQ..S:§ttIii;l]$5ll:ttl.ltdaci0
2707 3319 3008 3375 simularet.
3043 3319 3326 3382 Nimirum,
3369 3334 3492 3374 cum
3534 3320 3609 3375 εἰς·

2029 3400 2122 3464 δξιί
2144 3400 2233 3463 ille
2261 3400 2343 3464 est
2364 3400 2579 3470 vénia‘s.
2610 3410 2682 3464 ita
2704 3409 3054 3464 nihilominus
3074 3419 3128 3463 et
3158 3411 3257 3464 iste
3280 3411 3344 3463 sit
3375 3408 3609 3478 Spiritus

2031 3505 2296 3560 veritatis.
2331 3504 2572 3573 Utraque
2613 3504 2775 3575 igitur
2819 3503 2906 3556 illa
2939 3518 3188 3572 corpora,
3239 3501 3605 3556 columbinum

2030 3598 2258 3659 scilicet,
2292 3605 2345 3652 et
2370 3598 2686 3658 humanum,
2721 3595 2793 3648 ita
2829 3593 3046 3647 fuerunt
3073 3594 3124 3646 in
3154 3593 3399 3652 veritatis
3423 3606 3606 3647 essen-

2030 3693 2126 3753 tia,
2159 3691 2297 3744 sicut
2331 3687 2580 3742 humanis
2601 3685 2877 3739 obtutibus
2902 3693 3028 3740 sunt
3050 3693 3358 3752 con5pecta.
3384 3681 3489 3738 Sed
3514 3681 3605 3738 illa

2029 3780 2289 3835 Columba:
2313 3781 2542 3848 spec'es,
2574 3786 2816 3846 peracto,
2850 3776 2992 3844 quod
3033 3762 3369 3841 imminebat,
3401 3773 3606 3828 utilita-

2031 3872 2099 3926 tis
2135 3870 2456 3933 ministerio,
2509 3869 2710 3925 desiit:
2757 3882 2955 3936 corpus
2984 3881 3114 3921 vero
3164 3866 3500 3920 Dominicum
3549 3866 3605 3919 in

2030 3961 2378 4030 suscipientis
2406 3961 2590 4030 utique
2618 3959 2774 4015 Verbi
2800 3959 2980 4014 stabili
3009 3973 3223 4029 semper
3247 3959 3451 4013 unitate
3485 3971 3608 4028 per-

2029 4053 2247 4114 mansit.
2308 4051 2676 4112 Contiteamur
2715 4068 2842 4123 ergo
2887 4067 3109 4106 necesse
3141 4060 3244 4114 est,
3275 4064 3462 4104 verum
3505 4049 3604 4102 De-

2027 4160 2118 4199 um
2168 4139 2572 4198 Emmanuelem
2642 4157 2708 4196 ex
2775 4143 2981 4195 duabus
3041 4140 3356 4194 substantiis
3419 4139 3609 4195 incon-

2029 4234 2165 4296 fuse,
2218 4244 2381 4304 atque
2423 4232 2817 4286 indivisibilitcr
2863 4232 3179 4285 existentem
3219 4248 3231 4284 :
3277 4238 3439 4300 atque
3482 4231 3605 4287 ideo

2029 4327 2238 4379 beatam
2293 4325 2564 4394 Virginem
2610 4339 2713 4376 non
2757 4322 2916 4376 modo
2960 4322 3215 4385 homini»
3271 4321 3364 4376 sed
3412 4331 3468 4376 ct
3509 4321 3604 4381 Dei

2027 4431 2334 4470 asseramus
2385 4414 2648 4467 veraciter
2690 4413 3039 4468 Genitricem.
3086 4411 3414 4467 Naturaliter
3458 4415 3600 4468 enim

343 4486 473 4532 sunt
513 4479 792 4551 utriusque
840 4482 1156 4539 substantia:
1197 4487 1520 4543 naturaliter
1564 4500 1834 4560 operatur,
1866 4501 1923 4546 et

2029 4517 2190 4576 atque
2223 4505 2514 4559 carnaliter
2541 4506 2724 4572 genuit
2747 4520 2966 4558 carnem
2997 4503 3195 4558 factum
3225 4504 3317 4558 Dei
3346 4504 3599 4560 Verbum.

345 4581 574 4635 quaeque
623 4571 921 4628 substantia
950 4589 1072 4628 cmn
1098 4578 1475 4633 communione
1502 4580 1746 4644 alterius,
1778 4582 1921 4650 quod

345 4671 502 4710 suum
545 4671 685 4724 erat,
735 4664 948 4732 agebat,
994 4667 1290 4721 secundum
1341 4670 1630 4740 unicuique
1676 4670 1925 4725 videlicet

343 4747 563 4800 insitam
590 4751 935 4806 essentialem
963 4755 1305 4823 qualitatem,
1338 4758 1419 4811 vel
1466 4759 1766 4812 naturalem
1797 4774 1922 4829 pro-

346 4837 654 4910 prietatem.
687 4841 777 4897 Sic
813 4844 974 4914 igitur
1005 4861 1101 4900 nos
1143 4856 1359 4916 Oportet
1397 4849 1577 4901 omnia
1615 4857 1773 4902 caute
1802 4863 1922 4918 per-

341 4931 600 5006 pendere,
625 4943 892 5002 quatenus
915 4945 969 4988 et
992 4935 1147 5003 plena
1177 4939 1488 4992 humanitas
1521 4940 1571 4991 in
1605 4938 1771 4991 Deum
1797 4953 1919 4992 cre-

336 5019 500 5081 slatur
524 5032 822 5089 assumpta,
857 5033 909 5079 et
938 5024 1092 5094 plena
1123 5025 1382 5081 divinitas
1421 5028 1622 5080 homini
1659 5027 1919 5094 intelliga-

335 5116 430 5170 tur
458 5111 630 5171 unita.
676 5110 790 5168 lloc
823 5117 1194 5170 tantmumodo
1221 5127 1277 5170 ut
1321 5117 1431 5170 Deo
1488 5118 1775 5175 reddamus
1802 5133 1923 5188 quae
1985 5129 1990 5132 '

337 5197 436 5263 Dei
463 5210 627 5263 sunt;
658 5212 712 5258 et
742 5203 970 5267 homini,
1003 5221 1123 5274 qua:
1149 5219 1276 5261 sunt
1307 5207 1566 5262 hominis.

928 5318 1157 5376 CAPUT
1197 5320 1328 5376 VIII.

334 5408 520 5482 Quare
545 5409 1000 5494 Spiritussanct'ns
1025 5423 1177 5495 nutus
1207 5431 1307 5467 non
1336 5414 1529 5495 dicitur
1567 5431 1632 5472 ea:
1659 5414 1917 5480 columba,

761 5485 816 5536 in
857 5485 1007 5554 cujus
1030 5485 1198 5553 specie
1236 5485 1499 5554 apparuit.

405 5594 773 5662 Quamobrem
812 5613 935 5651 cum
967 5613 1128 5667 super
1161 5596 1468 5666 huiusmodi
1501 5598 1742 5654 themate
1773 5613 1916 5669 sirpe

337 5687 571 5757 quaestio
600 5687 907 5753 ventiletur,
966 5705 1071 5744 non
1123 5704 1288 5758 parva
1336 5687 1587 5741 distantia
1637 5698 1722 5742 cst
1774 5688 1914 5742 inter

339 5778 492 5842 illam
521 5781 916 5856 susceptionem
959 5779 1241 5846 columbae,
1268 5795 1319 5834 ιιι
1351 5783 1501 5856 cujus
1525 5769 1758 5850 Spiritus
1787 5792 1910 5834 Sal:—

2028 4593 2394 4651 Contitcamur
2414 4596 2576 4648 etiam
2604 4592 2836 4648 Verbum
2866 4596 3013 4647 carni
3039 4595 3332 4650 secundum
3359 4594 3608 4647 substan'

2030 4684 2154 4737 tiam
2185 4679 2504 4738 naturaliter
2551 4683 2920 4752 congenitum,
2954 4698 3227 4751 unumque
3257 4681 3378 4737 esse
3421 4682 3604 4737 Chris-

2029 4784 2140 4827 tum
2167 4791 2178 4826 :
2209 4771 2303 4827 sed
2334 4774 2513 4843 potius
2544 4789 2665 4830 cum
2701 4773 2812 4842 ipsa
2839 4787 3002 4826 carne
3029 4771 3187 4825 simul
3216 4780 3271 4824 ct
3309 4772 3488 4825 anima
3518 4785 3607 4826 ve-

2027 4881 2144 4917 rum
2173 4863 2339 4920 Deum
2365 4873 2419 4918 et
2441 4878 2567 4917 vere
2595 4863 2830 4926 unicum,
2860 4872 2914 4914 et
2945 4860 3242 4919 naturalem
3269 4860 3363 4915 Dei
3387 4859 3602 4924 Filium,

2027 4955 2101 5009 ita
2135 4964 2194 5009 ut
2221 4969 2562 5024 nequaquam
2585 4967 2974 5024 praesumamus
2998 4965 3241 5006 asserere
3269 4959 3602 5020 assumptum

2026 5045 2299 5099 hominem
2337 5044 2642 5106 coadorari,
2693 5041 2775 5096 vel
2821 5041 3220 5111 congloriticari
3273 5039 3381 5093 Deo
3429 5037 3603 5094 Verbo

2027 5136 2258 5191 debere:
2283 5136 2535 5191 videlicet
2561 5146 2817 5207 tanquam
2846 5134 2984 5189 alter
3010 5145 3298 5189 veneretur
3322 5135 3373 5188 in
3406 5135 3598 5187 altero.

2025 5225 2140 5284 Hoc
2165 5227 2330 5290 enim,
2357 5244 2436 5290 ro,
2469 5225 2896 5296 superadjectam
2923 5224 3182 5296 syllabam
3210 5223 3496 5299 persuadet
3521 5225 3601 5276 in-

2029 5318 2215 5387 telligi.
2242 5317 2347 5372 Sed
2367 5333 2471 5372 una
2496 5319 2674 5386 potius
2694 5332 2759 5370 ac
2773 5316 3002 5386 simplici
3022 5316 3336 5373 adoratione
3358 5313 3603 5368 colamus

1985 5419 1988 5421 ’
2027 5407 2452 5472 Emmanuelem,
2487 5422 2674 5462 verum
2713 5407 2920 5462 scilicet
2963 5406 3149 5469 Deum,
3200 5414 3254 5460 et
3306 5404 3602 5463 hominem.

2026 5500 2178 5569 Quod
2204 5502 2367 5555 etiam
2414 5501 2465 5555 in
2495 5499 2976 5554 Anathematismis
3005 5497 3067 5553 Β.
3097 5497 3280 5567 Cyrilli
3337 5496 3605 5571 reperitur

2023 5593 2323 5648 insertum:
2365 5611 2381 5643 ι
2414 5589 2523 5645 Nec
2572 5591 2700 5645 item
2743 5590 3005 5652 dicamus,
3059 5587 3200 5644 Deus
3245 5595 3504 5658 operatur
3547 5583 3602 5640 in

2020 5683 2280 5738 homine:
2309 5691 2371 5734 ut
2424 5682 2579 5752 quasi
2611 5680 2870 5753 alius_sit,
2915 5681 3006 5750 qui
3045 5677 3287 5732 exterius
3327 5674 3598 5734 cernitur;

2020 5777 2180 5842 alius,
2211 5773 2302 5847 qui
2331 5773 2656 5829 intrinsecus
2683 5780 2956 5842 operatur.
2987 5769 3092 5826 Sed
3120 5785 3283 5824 unum
3311 5765 3487 5836 potius
3510 5778 3602 5818 ve-
