4018 6194
338 288 414 342 as-
805 331 810 342 .
1373 271 1616 329 orasc.
1651 269 1690 324 l.
1722 297 1792 308 -
1823 265 1907 320 ot;
1951 253 2540 324 rtoucs'tnouca.
3137 229 3144 238 ’
3504 253 3571 306 5t

341 414 588 459 ueremur
636 398 828 459 Deum,
879 401 934 448 et
961 391 1050 461 qui
1083 387 1360 458 subjectus
1389 394 1474 442 est
1519 384 1709 446 oculis,
1736 378 1912 436 homi-
1945 376 1996 438 Α
2075 400 2386 454 Cavendum
2417 409 2500 453 εει
2527 414 2680 470 ergo,
2718 415 2785 455 ,ιο
2814 415 3102 470 suppamm
3137 398 3284 454 patr;
3307 398 3592 457 credamus

341 509 458 550 nem
480 507 495 557 ;
521 501 576 546 et
595 505 722 560 qtue
745 488 873 542 latet
895 485 1148 546 interius,
1173 481 1536 548 maiestatem.
1567 477 1692 532 ideo
1723 474 1924 546 quippe

342 585 600 641 mediator
629 591 740 644 esl,
783 577 1042 650 quoniam
1087 574 1232 627 idem
1259 572 1420 636 Deus,
1447 581 1502 622 et
1546 570 1708 623 homo
1737 581 1918 632 verus,

341 676 538 732 habens
559 688 728 728 unam
749 669 1046 722 diriuitaiis
1075 681 1198 720 cum
1229 663 1392 718 Patre
1418 673 1694 723 naturam,
1725 665 1782 714 et
1809 675 1918 712 non

340 771 600 824 diversam
659 763 1016 820 humanitatis
1070 775 1192 814 cum
1243 757 1414 812 Matre
1451 755 1829 810 substantiam.
1862 751 1920 806 in

340 871 565 929 utraque
589 855 800 910 scilicet
845 863 1040 908 natura
1073 835 1214 906 idem
1266 860 1352 906 est
1374 849 1468 904 Dei
1511 847 1704 910 Filius,
1735 854 1918 899 nostra

339 951 656 1020 suscipiens,
680 955 734 1002 et
759 946 977 1017 propria
1005 959 1114 998 non
1126 942 1410 1006 amittens,
1429 942 1484 995 in
1505 941 1724 996 homine
1749 937 1919 993 homi-

341 1057 464 1096 nem
493 1053 784 1100 renovaus,
809 1037 860 1090 in
893 1035 1191 1104 semetipso
1217 1047 1431 1102 seraper
1463 1029 1924 1087 incommutabilis

339 1147 710 1203 perseverans.
743 1150 760 1180 ι
787 1127 1098 1183 Secundum
1123 1123 1354 1181 formam
1378 1125 1574 1195 quippe
1599 1123 1694 1178 Dei
1720 1123 1922 1176 dictant

339 1235 420 1278 est
453 1242 468 1276 :
503 1242 522 1274 ι
565 1224 705 1276 Ante
735 1235 926 1276 omnes
971 1217 1138 1272 colles
1177 1217 1366 1286 genuit
1393 1231 1477 1270 me
1509 1215 1694 1284 (Prov.
1725 1213 1866 1280 vin),
1899 1231 1928 1262 s-

343 1317 390 1369 isi
423 1325 526 1378 est,
557 1324 684 1368 ante
711 1312 898 1368 omnia
951 1321 1214 1379 tempora,
1248 1317 1300 1364 et
1333 1307 1678 1377 temporalia;
1732 1321 1926 1359 secun-

342 1408 466 1460 dum
515 1421 650 1460 vero
694 1403 922 1457 formam
971 1401 1120 1456 servi
1169 1401 1372 1456 dictum
1425 1409 1554 1454 est:
1609 1415 1628 1447 ς
1667 1396 1926 1450 Dominus

341 1496 650 1550 creavitme
671 1495 724 1550 iu
759 1495 912 1548 initio
941 1495 1150 1547 viarum
1169 1507 1392 1548 suarum
1422 1490 1631 1562 (Ihid.).
1671 1509 1688 1539 l
1717 1487 1922 1542 Secun-

343 1589 470 1640 dum
503 1586 730 1642 formam
779 1585 872 1640 Dei
921 1583 1060 1639 dixit
1089 1599 1103 1637 :
1141 1601 1162 1634 ο
1197 1583 1310 1654 Ego
1342 1599 1460 1638 sum
1495 1581 1698 1636 veritas
1727 1589 1784 1634 et
1815 1578 1924 1633 vita

343 1677 528 1747 (loco.
553 1678 686 1750 xiv);
723 1697 744 1730 ι
769 1679 1066 1734 secundum
1089 1676 1322 1736 formam
1345 1675 1484 1730 servi
1516 1691 1530 1728 :
1554 1671 1666 1743 Ego
1681 1685 1796 1723 sum
1819 1669 1920 1722 via.

2007 490 2129 548 Filii
2169 490 2532 560 majestatem,
2561 491 2644 549 his
2674 494 2906 562 decepti,
2939 509 3058 563 qute
3085 493 3150 547 ad
3201 495 3430 547 formam
3463 505 3591 548 sunt

2009 585 2288 642 referenda
2335 584 2610 648 servilem,
2641 599 2803 654 quam
2848 583 3056 638 scilicet
3099 583 3454 638 immanitatis
3480 583 3594 637 for-

2007 690 2170 738 mam,
2201 682 2260 727 ut
2283 674 2538 730 ostendat
2565 673 2618 728 in
2650 687 2708 728 se
2731 673 2824 729 Dei
2857 665 3026 728 Filius
3055 689 3161 728 non
3189 673 3460 738 discretae,
3493 687 3595 728 nec

2029 780 2058 820 a
2085 767 2256 824 terius
2282 783 2402 824 esse
2429 784 2693 839 personat,
2723 779 2770 823 et
2805 783 2925 822 cum
2954 785 3014 823 ea
3045 771 3204 824 simul
3231 773 3358 825 dicit
3397 791 3409 827 :
3443 791 3461 823 ι
3497 771 3597 828 Pa-

2021 868 2106 916 ter
2141 859 2314 928 major
2339 873 2425 913 me
2454 867 2535 912 est
2567 859 2750 928 (Joan.
2783 863 2928 927 xw);
2970 879 2988 910 ι
3022 871 3074 914 et
3105 875 3224 912 cum
3253 863 3438 916 eadem
3467 863 3598 918 nihi-

2019 951 2252 1006 lominus
2274 952 2402 1005 dicit
2429 993 2441 1003 .
2465 967 2482 1002 ι
2509 951 2616 1020 Εεο
2639 961 2692 1004 et
2717 950 2876 1004 Pater
2899 965 3061 1003 unum
3083 967 3264 1004 smnus
3283 951 3464 1022 (loan.
3483 953 3593 1025 x').i

2026 1042 2164 1094 Deus
2191 1041 2380 1110 utique
2402 1041 2528 1093 dicit
2561 1058 2572 1091 :
2613 1058 2630 1090 ι
2667 1039 2828 1092 Pater
2858 1037 3034 1105 major
3059 1055 3144 1092 me
3189 1048 3289 1102 est,
3329 1058 3346 1091 ι
3388 1041 3480 1095 sed
3530 1059 3594 1098 ex

2021 1129 2336 1183 inﬁrmitate
2364 1139 2586 1183 nostra:
2618 1139 2670 1182 et
2701 1131 2866 1182 immo
2889 1129 3056 1182 dicit:
3110 1147 3127 1178 α
3173 1129 3285 1200 Ego
3330 1139 3384 1184 et
3437 1131 3598 1186 Pater

2021 1234 2186 1272 unum
2219 1233 2442 1284 sumus;
2481 1239 2498 1270 ι
2532 1222 2626 1274 sed
2661 1235 2726 1272 ex
2759 1219 2954 1272 virtute
2993 1220 3193 1274 divina.

2621 1310 2856 1365 CAPUT
2891 1311 2982 1365 1x.

2029 1399 2272 1454 Christus
2303 1412 2542 1454 naturam
2574 1403 2794 1469 suscepit
2825 1401 3136 1465 lanuuinum,
3171 1419 3272 1456 non
3298 1416 3596 1472 personant.
3623 1391 3627 1394 ’

2093 1492 2267 1546 Movet
2301 1501 2499 1555 autem,
2531 1507 2651 1546 cum
2691 1491 2782 1545 Dei
2814 1491 2980 1545 Filius
3011 1493 3084 1545 nil
3111 1493 3288 1548 minus
3317 1496 3380 1548 de
3409 1497 3600 1549 huma-

2029 1584 2220 1646 nitate,
2251 1584 2348 1636 sed
2385 1592 2554 1636 totum
2603 1594 2762 1654 atque
2799 1586 3065 1650 integrum
3110 1585 3382 1640 hominem
3416 1603 3603 1644 susce-r

2021 1673 2162 1742 pisse
2195 1673 2471 1737 credatur,
2495 1687 2599 1748 cur
2630 1689 2793 1726 unam
2845 1676 3127 1727 dutmaxat
3175 1675 3380 1730 habere
3419 1689 3604 1746 perso-

345 1767 556 1836 (lbid.).
583 1765 735 1831 Quod
760 1766 902 1821 enim
939 1784 956 1817 ι
991 1764 1224 1819 Verbum
1249 1780 1374 1820 caro
1399 1764 1596 1818 factum
1621 1778 1736 1827 est,
1761 1782 1786 1816 ν
1815 1777 1920 1814 non
1958 1755 2002 1812 Β
2029 1779 2157 1818 nam
2183 1765 2326 1818 Dens
2351 1764 2514 1818 homo
2538 1763 2716 1820 factus
2739 1768 3039 1819 asseritur.
3073 1766 3206 1820 Nam
3231 1773 3501 1838 quomodo
3531 1781 3607 1825 to-

347 1859 448 1912 hoc
473 1857 762 1929 signiﬁcat,
789 1859 932 1927 quod
961 1859 1012 1910 in
1041 1871 1268 1912 carnem
1291 1857 1467 1910 divina
1497 1856 1568 1908 sit
1591 1863 1784 1908 natura
1805 1867 1919 1907 mu—

347 1957 456 2000 tata
481 1965 494 1998 .
525 1947 642 2009 sed,
676 1947 820 2016 quod
849 1965 878 1999 a
906 1946 1080 2002 Verbo
1114 1946 1164 1999 in
1193 1947 1400 1998 unitate
1421 1959 1663 2012 persona:
1691 1944 1764 1998 sit
1789 1945 1917 1998 caro

344 2048 612 2106 suscepta.
647 2037 910 2106 Majestati
935 2037 1133 2106 quippe
1166 2037 1360 2090 divinae
1391 2051 1650 2105 corporea
1697 2035 1768 2090 de
1809 2034 1906 2088 Ma-

347 2137 426 2180 tre
453 2128 705 2181 nativitas
735 2127 810 2182 uil
833 2127 1072 2191 abstulit,
1111 2127 1244 2181 nihil
1297 2129 1542 2190 contulit,
1597 2128 1730 2182 nihil
1760 2143 1824 2182 ex
1854 2143 1916 2182 ea

345 2219 400 2270 in
455 2217 598 2270 aliud
646 2219 992 2287 permutavit.
1039 2219 1502 2274 incommutabilis
1552 2235 1744 2290 nempe
1792 2221 1920 2274 sub-

343 2310 540 2364 Stantia
571 2313 712 2362 sicut
739 2307 1080 2382 nequaquam
1108 2310 1208 2380 15
1241 2311 1292 2365 in
1321 2312 1530 2365 diversa
1553 2311 1817 2376 converti,
1843 2311 1922 2365 sic

344 2416 448 2454 nec
479 2400 642 2454 mitmi
668 2403 859 2471 potuit,
897 2419 994 2458 nec
1021 2404 1223 2473 augeri.

415 2490 584 2562 igitur
608 2495 896 2564 utriusque
919 2504 1130 2550 natura:
1157 2506 1544 2564 cognoscentes
1595 2497 1825 2561 indicia;
1865 2506 1920 2551 et

349 2585 582 2640 Verbum
607 2585 662 2638 in
697 2586 911 2666 homine
952 2585 1190 2651 Christo,
1227 2595 1280 2641 et
1327 2587 1602 2641 Christum
1647 2587 1918 2640 hominem

346 2676 634 2730 adoramus
661 2676 714 2729 in
757 2676 954 2732 Verbo.
988 2678 1226 2732 Verbum
1252 2678 1394 2732 enim
1437 2691 1566 2730 caro
1611 2678 1812 2730 Factum
1865 2679 1918 2732 in

345 2767 556 2822 duabus
579 2768 834 2822 essentiis
879 2783 1018 2822 unus
1045 2781 1128 2823 est
1156 2767 1432 2834 Christus;
1470 2769 1556 2822 ubi
1599 2767 1806 2822 scilicet
1839 2769 1920 2822 ni-

347 2858 424 2912 hil
445 2867 536 2914 est
573 2859 883 2914 utriuslibet
915 2867 1146 2923 naturas,
1173 2860 1314 2929 quoi
1351 2875 1455 2913 non
1508 2859 1578 2914 sit
1609 2859 1916 2928 utriusque.

345 2949 492 3004 idem
519 2957 602 3003 est
645 2948 900 3004 informa
951 2949 1066 3014 Dei,
1117 2951 1208 3020 qui
1256 2949 1308 3003 in
1366 2950 1538 3004 forma
1587 2949 1922 3019 conspicitur

345 3042 522 3107 servi;
549 3041 694 3098 idem:
719 3042 992 3110 passibiiis
1023 3043 1086 3096 in.
1109 3041 1400 3112 tragilitate
1429 3051 1634 3106 nostra,
1669 3051 1722 3096 et
1749 3043 1917 3095 invio—

2024 1864 2136 1908 tum
2165 1857 2402 1924 suscepit
2424 1857 2714 1920 hominem,
2739 1857 2782 1910 si
2809 1871 3098 1928 personam
3123 1857 3357 1914 hominis
3386 1875 3489 1916 non
3515 1877 3608 1917 aur-

2021 1945 2198 2014 cepit?
2227 1945 2334 1999 Aut
2362 1948 2404 1999 si
2439 1945 2530 1999 Dei
2563 1945 2754 2012 Filius,
2807 1949 2897 2016 qui
2947 1959 3032 2002 est
3077 1963 3183 2003 una
3234 1951 3286 2003 in
3337 1951 3608 2007 Trinitate‘

2021 2049 2271 2106 persona,
2303 2051 2424 2089 cum
2455 2035 2690 2090 hominis
2721 2053 2946 2102 persona
2981 2041 3343 2108 conjungitur,
3379 2057 3610 2112 quomo:

2021 2127 2087 2179 do
2137 2125 2192 2179 in
2242 2141 2404 2179 unam
2457 2127 2778 2181 convenisse
2839 2143 3126 2200 per-Onam
3189 2129 3280 2184 Dei
3341 2133 3502 2186 simul
3551 2145 3607 2189 et

2025 2215 2130 2285 16
2171 2213 2404 2269 hominis
2433 2217 2734 2270 substantia
2775 2219 3140 2286 perhibetur?
3178 2220 3330 2286 Quod
3362 2237 3482 2276 cum
3516 2239 3604 2278 so-

2021 2305 2189 2360 lerter
2233 2307 2588 2376 inquirerem,
2633 2317 2688 2360 et
2717 2310 2843 2376 quid
2877 2309 2963 2362 hic
3014 2308 3246 2363 iniretur
3279 2325 3307 2362 a
3351 2311 3608 2367 Patribus

2022 2397 2336 2468 diligentius
2361 2398 2697 2464 indagat-em,
2723 2400 2896 2468 reperi
2923 2399 3209 2455 Aicninum
3235 2404 3518 2472 scripsisse
3541 2407 3608 2458 ai

2022 2489 2275 2542 Carolum
2303 2490 2707 2558 imperatorem.
2743 2493 2886 2560 quod
2915 2511 2931 2542 ι
2967 2491 3060 2546 Dei
3092 2493 3260 2548 Filius
3287 2513 3390 2550 non
3421 2497 3610 2552 imma-

2025 2595 2146 2633 uam
2174 2593 2462 2648 pet-Sonam
2490 2581 2751 2650 suscepit,
2785 2583 2877 2637 sed
2909 2591 3181 2636 naturam.
3217 2603 3238 2636 ι
3270 2584 3426 2638 Juxta
3459 2585 3614 2654 cujus

2023 2671 2356 2723 sententiam
2397 2679 2604 2734 restat,
2646 2679 2702 2724 ut
2731 2685 2958 2740 persona
2988 2669 3109 2726 Filii
3148 2674 3501 2732 humanitatis
3527 2679 3630 2733 es?

2025 2760 2255 2814 sentiam
2286 2759 2401 2814 sine
2429 2760 2779 2815 immanitatis
2797 2773 3024 2830 persona
3051 2765 3370 2835 susceperit.
3389 2767 3615 2838 Magnus

2023 2861 2202 2905 autem
2233 2850 2344 2904 Leo
2365 2849 2621 2905 Romana:
2648 2851 2848 2921 praesul
2868 2849 3137 2917 Ecclesiae,
3166 2863 3222 2908 et
3243 2857 3428 2910 doctor
3455 2858 3614 2916 uber-

2027 2943 2194 2995 rimus
2242 2942 2367 2996 tidei
2413 2943 2732 2998 Christiana:
2783 2944 2840 2996 in
2903 2943 3187 3012 cujusdam
3246 2933 3634 3006 declat-alioue

2025 3032 2294 3086 sermonis
2333 3032 2416 3086 his
2459 3033 2629 3087 utitur
2659 3033 2838 3087 verbis
2870 3033 3038 3102 (Vide
3062 3035 3278 3092 Scholia
3318 3040 3389 3092 ad
3419 3040 3613 3095 calcem

343 3131 528 3186 labilis
549 3133 604 3188 in
642 3135 836 3188 virtute
863 3133 1076 3200 divina;
1108 3133 1248 3188 idem
1279 3135 1638 3201 incorporeus
1669 3147 1919 3196 manens,

2031 3121 2292 3190 opusculi)
2315 3136 2334 3173 :
2361 3137 2378 3170 ι
2411 3120 2531 3188 ille,
2563 3123 2659 3188 ait,
2683 3123 2945 3179 mirabilis
2973 3141 3143 3180 sacra:
3171 3129 3404 3199 Virginis
3427 3135 3632 3200 partus

343 3229 404 3273 et
433 3235 632 3288 corpus
655 3236 970 3288 assumens;
1005 3224 1148 3276 idem
1175 3231 1258 3276 est
1279 3223 1372 3291 qui
1398 3231 1455 3276 et
1476 3233 1717 3292 paternae
1739 3221 1906 3290 majes

349 3313 482 3366 latis
509 3327 618 3365 non
645 3313 848 3370 divisus
873 3314 1162 3378 est'soiio,
1185 3325 1242 3366 et
1284 3322 1464 3368 tamen
1510 3315 1579 3368 ab
1623 3315 1804 3384 impiis
1849 3323 1932 3368 est

347 3402 650 3455 cruciﬁxus
676 3402 730 3456 in
761 3402 926 3472 ligno.
955 3403 1186 3458 Constat
1200 3404 1356 3458 enim
1373 3414 1661 3473 utramque
1687 3406 1932 3458 substan-

347 3495 480 3549 tiam
529 3494 586 3548 io
629 3511 796 3550 unam
837 3497 1182 3552 concurrisse
1224 3511 1560 3566 personam:
1603 3505 1768 3565 atque
1812 3497 1932 3551 ideo

345 3602 491 3644 unus
529 3588 780 3658 ideinque
826 3597 912 3644 est
958 3603 1124 3657 super
1163 3589 1286 3644 creti
1336 3588 1710 3642 celsitudinem
1762 3573 1954 3643 victor

347 3681 546 3736 mortis
565 3679 884 3746 ascendens,
909 3689 964 3734 et
993 3695 1162 3750 usqum
1187 3680 1258 3734 ad
1283 3681 1808 3734 consummationem
1833 3691 1932 3732 sae-

347 3769 456 3824 culi
479 3772 784 3825 universam
807 3770 1104 3826 Ecclesium
1129 3787 1233 3824 non
1260 3771 1589 3840 relinquens.
1616 3769 1844 3840 Utrique
1861 3770 1938 3824 si-

349 3862 574 3932 quidem
603 3871 814 3918 natur-te
841 3864 894 3916 in
916 3863 1030 3918 suis
1054 3864 1240 3932 utique
1270 3863 1690 3933 prOprietatibus
1719 3875 1930 3931 perma-

348 3953 527 4018 nenti,
557 3961 708 4010 tanta
729 3962 814 4008 est
840 3954 1066 4010 unitatis
1077 3952 1224 4008 facta
1244 3953 1572 4017 communio,
1599 3952 1930 4022 atqu-idquid

347 4043 426 4098 ibi
453 4042 550 4098 Dei
579 4053 682 4109 est,
719 4059 828 4098 non
857 4045 925 4098 sit
961 4042 1032 4098 ab
1060 4045 1280 4098 homine
1309 4053 1626 4113 separatum
1653 4058 1666 4096 :
1695 4053 1748 4097 et
1776 4041 1931 4112 quid-
1959 4073 1964 4078 -

349 4135 484 4204 quid
503 4143 588 4189 est
615 4134 1014 4199 homini5,.‘non
1043 4136 1168 4188 sita
1197 4135 1480 4189 divini-tate
1510 4135 1763 4190 divisum.
1791 4133 1934 4188 C‘on-
1965 4155 1968 4158 ·

349 4233 512 4295 cepto
539 4227 794 4280 nimirum
835 4225 894 4278 in
935 4234 1090 4280 utero
1137 4227 1384 4296 virginis,
1435 4215 1835 4280 animtesimul
1875 4231 1930 4280 el

351 4315 510 4370 carni
533 4323 820 4382 nepuncto
841 4315 1058 4384 quidem
1085 4317 1342 4384 temporis
1355 4316 1526 4370 virtus
1539 4314 1632 4370 def
1632 4315 1714 4369 uit
1728 4313 1892 4368 Verbi
1912 4330 1934 4370 :

351 4421 460 4460 nec
482 4415 609 4460 ante
641 4404 902 4468 formata.
929 4406 1014 4459 vel
1041 4407 1278 4460 animata
1304 4415 1392 4460 est
1414 4407 1598 4470 vestis,
1636 4421 1795 4476 quam
1827 4404 1938 4460 sibi

1964 4457 2018 4518 D

2035 3227 2160 3265 rem
2208 3213 2521 3278 humanam,
2579 3231 2814 3284 vereque
2862 3217 3102 3272 divinam
3153 3235 3316 3274 unam
3360 3222 3529 3278 edidit
3559 3225 3612 3277 in

2035 3305 2183 3373 prole
2214 3321 2496 3374 personam
2528 3321 2542 3360 :
2573 3308 2701 3376 quia
2727 3321 2832 3361 non
2862 3310 2936 3362 ita
2977 3311 3335 3380 proprietates
3380 3327 3506 3368 suas
3539 3325 3617 3369 tc-

2035 3398 2148 3449 uuit
2179 3409 2406 3467 utraque
2439 3399 2763 3465 substantia,
2797 3410 2854 3453 ut
2878 3415 3231 3470 personarum
3260 3403 3310 3456 in
3339 3405 3418 3458 eis
3448 3407 3617 3474 possit

2033 3501 2154 3540 esse
2205 3489 2481 3542 discretio.
2525 3486 2632 3544 Nec
2683 3491 2766 3544 sic
2801 3503 3048 3545 creatura
3094 3493 3146 3545 in
3187 3493 3502 3549 societatem
3532 3512 3616 3550 sui

2033 3581 2308 3636 Creatoris
2337 3591 2608 3653 assumpta
2634 3593 2738 3646 est,
2772 3592 2829 3636 ut
2859 3583 2944 3638 ille
2970 3584 3260 3649 habitator,
3285 3598 3338 3640 et
3365 3587 3454 3640 illa
3472 3599 3618 3643 esset

2034 3671 2440 3738 imb.t..culuut;
2475 3677 2568 3728 sed
2600 3675 2672 3728 ita
2710 3683 2767 3727 ut
2793 3684 3002 3729 natura:
3031 3675 3190 3729 alteri
3221 3678 3390 3732 altera
3422 3679 3614 3735 misce-

2035 3769 2202 3816 ret-ur.
2246 3783 2264 3814 ι
2299 3763 2458 3830 Quod
2488 3765 2744 3816 nimirum
2774 3773 2830 3818 et
2855 3763 3156 3819 luculenter
3187 3775 3269 3820 est
3297 3768 3524 3834 dictum,
3556 3777 3612 3823 et

2035 3855 2352 3911 cautissima
2385 3854 2670 3908 verborum
2701 3856 3055 3922 suspensione
3085 3855 3358 3910 libratum.
3395 3855 3616 3911 Emme--

2035 3945 2156 3999 noei
2187 3945 2328 3999 enim
2357 3943 2634 3998 nobiscum
2669 3946 2828 4009 Deus,
2860 3958 2964 3996 una
2986 3957 3198 4012 semper
3223 3955 3305 3998 est
3327 3947 3378 3998 in
3407 3957 3598 4002 sancta
3645 4015 3648 4018 Α

2035 4039 2298 4094 Trinltate
2333 4051 2585 4108 persona,
2613 4047 2732 4106 quae
2755 4037 2897 4092 sicut
2928 4049 3201 4105 nunquam
3228 4054 3255 4090 a
3282 4038 3615 4108 plenitudine

2034 4145 2146 4188 sua:
2170 4129 2388 4186 virtutis
2423 4129 2694 4194 i‘nnninui,
2741 4128 2816 4184 ita
2868 4143 2966 4183 nec
3017 4129 3190 4196 potuit
3233 4145 3328 4197 per
3356 4129 3609 4198 copulant

2023 4231 2296 4288 susceptae
2324 4221 2681 4278 humanitatis
2714 4223 2922 4293 augeri.
2961 4217 3083 4277 [τωο
3113 4223 3334 4279 interim
3367 4225 3619 4294 exernpla

2022 4327 2331 4381 proponere
2368 4317 2512 4370 volui
2543 4333 2556 4370 :
2587 4327 2693 4372 tua:
2723 4331 2851 4372 vero
2877 4317 3549 4388 relinquaturiudustrite,
3573 4321 3618 4374 si

2024 4407 2572 4473 quisetthoiicorum
2623 4414 2910 4466 doctorum
2963 4427 3131 4482 super
3173 4411 3279 4468 hoc
3333 4412 3620 4468 eiimatius

353 4496 470 4552 Rex
495 4513 766 4566 supernus;
787 4498 1052 4560 indueret,
1085 4497 1180 4552 sed
1229 4513 1324 4566 per
1368 4497 1563 4565 ipsum,
1612 4505 1668 4552 et
1714 4497 1772 4550 in
1814 4497 1936 4566 ipso
1964 4496 2336 4569 "scripserit,
2369 4503 2642 4559 invenire.

353 4587 498 4656 repit
525 4587 656 4640 illud
685 4587 908 4642 hutnani
935 4587 1182 4656 corporis
1205 4587 1486 4656 temptant,
1531 4587 1678 4656 quod
1704 4587 1810 4640 sibi
1835 4587 1932 4640 Dei

2087 4587 2370 4659 'Epiiogus
2410 4587 2496 4640 hic
2525 4587 2604 4640 sic
2634 4599 2769 4639 nova
2799 4569 3114 4660 denuntiati,
3143 4591 3202 4638 ut
3226 4601 3346 4654 quae
3369 4581 3622 4656 superius

352 4676 530 4732 Filius
575 4677 940 4732 essentia-liter
973 4678 1236 4732 cultui-ret.
1291 4677 1382 4732 Dei
1410 4677 1606 4746 quippe
1659 4673 1832 4732 Filius
1878 4678 1938 4732 in-
2036 4682 2179 4736 dicta
2229 4687 2358 4734 sunt
2409 4679 2854 4748 comprehendat.
2897 4677 3006 4732 Sed
3051 4678 3307 4746 quoniam
3359 4678 3411 4732 in
3459 4680 3624 4734 rebus

355 4777 512 4822 utero
539 4769 768 4838 virginis
797 4769 1455 4839 cotteipiendusaccessit,
1505 4769 1686 4838 ibique
1713 4769 1932 4834 domum
2039 4772 2284 4843 m‘ysticis
2332 4787 2395 4824 ac
2447 4769 2752 4838 profundis,
2817 4769 2980 4822 rudes
3025 4765 3359 4822 audientium
3412 4769 3634 4828 animos.

355 4859 444 4911 sui
469 4860 720 4926 corporis
737 4860 906 4930 ‘sicut
951 4859 1216 4928 nstri-ptuit
1247 4859 1354 4915 esui
1380 4861 1650 4928 sapientia
1699 4859 1970 4915 Μηίων
2040 4862 2164 4934 styli
2219 4861 2505 4930 proiixitas
2557 4861 2792 4920 hebetat,
2842 4871 2900 4912 et
2947 4873 3088 4930 smpe
3145 4861 3272 4914 dum
3318 4860 3626 4915 illuminare

355 4948 426 4999 vit
459 4943 768 5016 (Proust).
1851 4999 1856 5004 .
1941 4957 1944 4964 '
2044 4959 2278 5007 utentem
2332 4959 2584 5014 conatur,
2635 4949 2926 5015 obscurat;
2989 4949 3216 5004 novitati
3263 4961 3406 5016 tum,
3445 4949 3516 5004 liii
3553 4951 3624 5004 mi

425 5037 506 5090 De
528 5039 814 5094 creatione
835 5041 1019 5114 itaque
1043 5039 1246 5095 ictum
1269 5041 1472 5096 sobolis
1499 5041 1638 5096 nihil
1683 5039 1793 5094 illic
1817 5049 1938 5093 emt
1971 5079 1984 5088 ν
2043 5039 2388 5114 charissime,
2419 5041 2783 5104 consulentes,
2815 5041 3065 5094 nolumus
3114 5041 3167 5095 in
3207 5041 3292 5096 his
3328 5051 3379 5095 te
3425 5040 3627 5095 diutius

355 5129 652 5196 ίηεεριῑιηι,
683 5131 780 5186 sed
807 5141 932 5202 post
963 5133 1246 5187 introisqu
1286 5131 1448 5187 Verbi
1495 5125 1792 5187 inanitate
1829 5133 1935 5196 sui,
2045 5131 2309 5204 protrahi,
2343 5143 2402 5186 ut
2453 5131 2600 5188 brevi
2649 5131 2877 5186 decursa
2919 5131 3242 5200 compendio
3282 5125 3546 5184 raieant‘a
3577 5139 3629 5208 te

357 5235 534 5274 novus
561 5221 996 5294 imumconeeyio
1028 5225 1266 5280 initium.
1293 5225 1354 5279 tu
1379 5237 1548 5279 utram
1569 5225 1780 5280 Christi
1819 5225 1978 5294 per-1’
2049 5227 2294 5282 tenacius
2328 5225 2737 5295 comprehendi.
2791 5223 3050 5291 Quamvis
3093 5225 3238 5280 enim
3268 5221 3419 5292 vigor
3471 5221 3525 5276 in
3578 5231 3629 5275 te

355 5323 556 5366 sonant
575 5313 798 5381 gemino
813 5327 1020 5376 conm
1028 5314 1176 5370 iente
1197 5323 1414 5376 natant-
1435 5315 1532 5370 πίε
1545 5303 1814 5370 «divitia-
1827 5325 1944 5368 mr-

357 5408 450 5455 tus
469 5401 676 5472 inesset
703 5404 778 5458 ad
795 5404 1072 5462 mirantia
1099 5419 1346 5474 openm,
1376 5414 1438 5460 et:
1475 5405 1834 5462 hmhonithlis
1857 5406 1941 5460 io-

353 5490 684 5549 ﬂrui'ttas-ad
734 5495 1074 5552 tolerantiam
1103 5497 1456 5567 passionum
1501 5497 1620 5554 Sed
1653 5503 1944 5568 utrumque
1973 5525 1978 5532 -

353 5579 508 5636 Deus
533 5582 604 5656 de
625 5592 904 5668 potestate
927 5586 1302 5656 suscipienda,
1325 5597 1620 5657 lithqu
1663 5587 1827 5643 homo
1875 5587 1946 5644 de

351 5669 670 5752 humilitate
689 5675 952 5744 suscepti.

2049 5319 2246 5390 polleat
2280 5317 2485 5371 vivacis
2513 5315 2739 5388 ingenii,
2771 5314 3142 5370 conversionis
3168 5321 3348 5368 autem
3375 5319 3480 5367 tua:
3501 5329 3626 5384 pro-

2045 5401 2382 5479 spiciendum
2411 5413 2496 5462 erit:
2529 5391 2778 5470 novitati,
2813 5421 2880 5482 ne
2908 5405 2954 5459 si
2985 5401 3290 5480 eet-vicibus
3319 5401 3424 5457 tuis
3453 5401 3627 5470 longae

2047 5495 2426 5567 disputationis
2500 5505 2640 5550 onus
2687 5493 3026 5563 imponitur,
3079 5492 3374 5548 teneriores
3449 5493 3628 5548 adlmc

2047 5589 2194 5643 vires
2217 5595 2342 5642 ante
2369 5587 2469 5642 sub
2515 5583 2663 5642 fasce
2689 5583 2970 5649 deﬁciant,
3000 5595 3163 5655 quam
3193 5571 3412 5654 portare
3454 5581 3630 5638 sarci-

1973 5693 1982 5704 '
2049 5693 2178 5736 nam
2209 5679 2443 5735 discant.
2487 5675 2677 5734 Adhuc
2703 5667 2864 5734 etiam
2897 5675 3252 5734 imbecillitati
3297 5671 3401 5730 tua:
3436 5673 3628 5729 nihili»
