4018 6194
326 333 397 390 35
855 321 1055 378 PETRI
1095 318 1372 374 DAMIANI
1415 315 1565 371 Ol’P.
1609 312 1844 368 Τολιυὸ
1879 289 2010 366 Sl'll.’
2056 310 2234 364 PARS
2269 308 2353 364 ΙΙΙ.
2394 339 2462 352 -
2500 307 2863 364 ΟΡΕΞΕΒΙΑ
2903 307 3132 363 νΑῐυᾹ.
3511 306 3580 360 58

330 445 509 498 minus
537 436 943 509 prospicientes,
973 430 1238 503 epilogum
1276 428 1329 482 in
1365 427 1469 481 fine
1498 423 1896 483 subnectimus;
1935 425 1975 482 Λ
2007 422 2102 481 cit,
2128 421 2220 475 sed
2250 419 2513 490 pronobis
2535 417 3020 472 omnibustradidit
3040 415 3384 487 illumUiom.
3404 419 3575 486 ι·ιιι).ο

329 551 405 596 ιιι,
440 547 557 601 qua:
594 528 870 599 prgcmissa
898 531 1025 578 sunt
1058 519 1409 574 uberioribus
1437 515 1638 576 verbis,
1667 528 1807 566 nunc
1851 511 1900 563 in

329 638 494 676 unum
524 626 801 674 contracta
837 614 1112 683 reperias:
1160 621 1213 663 et
1259 608 1412 678 quasi
1447 622 1551 661 non
1591 616 1697 658 tam
1742 602 1900 672 repli-

327 725 473 774 cata,
505 725 665 780 quam
691 707 869 760 addita
900 704 1107 757 facilius
1134 699 1526 770 apprehendas.

399 800 570 855 Crede
599 798 781 867 igitur,
816 794 914 856 fili,
941 791 1106 846 Deum
1133 791 1555 859 omnipotentem
1587 787 1907 841 substantia-

332 895 452 948 liter
476 908 672 951 unum.
706 888 1061 958 personaliter
1091 886 1312 939 trinum.
1343 883 1472 949 Qum
1505 882 1755 936 nimirmu
1787 897 1908 952 pcr—

328 1001 474 1040 sonze
503 983 745 1052 quamvis
772 996 865 1033 sua
893 979 1000 1032 sint
1033 978 1361 1048 proprietate
1393 975 1688 1034 distinctae,
1719 973 1770 1025 in
1795 973 1907 1026 suis

333 1086 512 1126 tamen
544 1071 802 1139 operibus
834 1068 1140 1120 nullatenus
1169 1074 1294 1118 sunt
1324 1063 1525 1116 divisae.
1563 1063 1624 1115 Et
1657 1077 1910 1131 persona-

333 1179 449 1215 rum
497 1160 712 1228 quidem
768 1157 1084 1210 distantiam
1119 1169 1390 1222 nunquam
1441 1151 1638 1204 clarius
1684 1149 1910 1204 manife-

329 1252 574 1316 stiusque
610 1247 1024 1316 pcrpemlimus,
1066 1259 1226 1312 (piam
1278 1258 1399 1296 cum
1452 1241 1775 1309 baptismum
1809 1239 1911 1291 Do-

333 1344 462 1395 mini
493 1343 557 1394 ad
598 1339 912 1392 memoriam
961 1351 1298 1390 revocamus.
1350 1333 1607 1387 Videmus
1653 1333 1815 1391 enim,
1858 1338 1912 1384 et

333 1447 587 1502 tanquam
632 1431 911 1501 proposito
967 1427 1152 1481 divino
1201 1425 1508 1496 spectaculo
1569 1435 1907 1486 contuemur,

330 1524 470 1592 apud
502 1521 774 1576 Jordauicr
801 1519 1037 1572 fluminis
1057 1519 1342 1588 gurgitem,
1366 1516 1733 1570 commendari
1761 1515 1913 1568 nobis

331 1616 636 1667 divinarum
667 1626 1016 1681 personarum
1048 1610 1379 1662 individuam
1406 1607 1748 1660 Trinitatem.
1779 1605 1912 1659 Nam

333 1720 452 1756 eum
485 1703 790 1770 baptizatus
821 1709 965 1754 esset
1008 1701 1194 1770 Agnus
1229 1699 1339 1762 ille,
1385 1699 1474 1766 qui
1511 1698 1646 1751 tollit
1695 1706 1915 1766 peccata

2007 512 2158 565 Fecit
2194 522 2249 564 et
2292 509 2480 574 Filius,
2523 511 2663 563 sicut
2713 511 2954 564 dicitur:
2990 529 3007 560 ι
3046 511 3144 576 Qui
3172 525 3256 564 me
3287 509 3496 573 dilexit,
3528 523 3581 563 ιί

2005 601 2222 654 ινιιιιὶιιιι
2253 602 2597 669 semetipsum
2623 616 2719 668 pro
2743 617 2827 653 me
2849 599 3049 669 (Colat.
3079 600 3161 672 ιι).
3193 619 3209 652 ι
3241 598 3389 654 Fecit
3417 604 3580 654 etiam

2006 701 2057 744 et
2088 691 2322 760 Spiritus
2371 699 2586 743 suetus
2611 734 2624 755 ,
2680 691 2745 744 de
2782 706 2888 759 quo
2919 692 3177 760 srrip'um
3209 701 3290 742 est
3319 709 3333 743 :
3372 710 3389 741 ι
3428 690 3588 744 Beni-

2007 799 2142 853 gnus
2170 793 2252 837 cst
2295 784 2529 853 Spiritus
2556 785 2835 854 sapientia
2856 825 2870 844 .
2908 793 2963 838 et
3006 801 3108 836 non
3140 783 3385 836 liberavit
3418 783 3586 837 male-

2008 877 2206 930 dictum
2238 891 2267 929 a
2298 876 2453 929 labiis
2484 877 2598 930 suis
2645 876 2799 946 (Sor.
2854 877 2914 946 ι).
2948 895 2965 927 ι
3002 876 3318 930 Maledictus
3350 890 3478 929 vero
3513 877 3590 928 (ιζ-

2008 975 2127 1021 ctus
2160 975 2242 1020 cst
2289 966 2538 1022 Christus
2574 968 2704 1034 quia
2757 965 3008 1036 pependit
3045 967 3094 1019 in
3150 981 3336 1029 cruce,
3385 966 3452 1020 de
3483 980 3588 1035 quo

2009 1056 2140 1110 dicit
2167 1056 2495 1126 Apostolus:
2531 1075 2548 1106 ι
2583 1055 2834 1110 Christus
2871 1066 2928 1108 ut
2969 1071 3065 1108 nos
3116 1055 3370 1109 liberaret
3415 1072 3442 1106 a
3477 1070 3590 1108 ma-

2010 1145 2204 1199 ledicto
2232 1146 2386 1214 legis,
2417 1145 2591 1201 factus
2617 1159 2700 1202 est
2733 1147 3049 1200 maledictns
3071 1144 3271 1215 (Gulu'.
3302 1154 3404 1213 ιιι).
3429 1165 3447 1196 ι
3471 1144 3593 1215 8ρῖ-

2012 1239 2151 1291 ritus
2197 1253 2325 1303 ergo
2358 1253 2461 1290 non
2513 1236 2764 1290 liberavit
2809 1237 3151 1290 tuttletlirltttll
3189 1253 3218 1288 a
3258 1236 3414 1288 labiis
3439 1236 3586 1297 suis;

2013 1328 2136 1395 quia
2167 1327 2432 1396 paSsiOtis
2460 1329 2756 1396 mortisque
2778 1328 3061 1396 supplicia,
3091 1345 3210 1395 qua:
3237 1343 3334 1396 per
3354 1328 3587 1396 prophe-

2017 1426 2189 1470 tarum
2234 1432 2326 1470 ora
2376 1432 2410 1485 p
2443 1417 2656 1480 zedixit,
2697 1419 2880 1471 omnia
2923 1419 3199 1472 Christum
3248 1418 3432 1475 subire
3473 1433 3593 1488 prr-

2017 1508 2182 1562 misit.
2217 1509 2506 1563 Enimvero
2558 1525 2805 1564 resurrec
2836 1510 3012 1564 ioucm
3064 1509 3186 1565 Filii
3239 1511 3368 1568 fecit
3415 1511 3589 1574 l‘ata-r,

2015 1601 2156 1655 sicut
2181 1602 2381 1655 dicitur
2417 1615 2432 1654 :
2469 1620 2486 1652 ι
2520 1601 2747 1670 Propter
2795 1603 2938 1671 quod
2991 1602 3141 1657 illum
3191 1604 3489 1670 exultavit,
3542 1616 3594 1659 rt

2017 1692 2236 1746 donavit
2278 1693 2352 1746 illi
2398 1707 2625 1758 nomen,
2659 1693 2803 1762 quod
2851 1704 2936 1748 est
2983 1709 3146 1761 super
3191 1710 3350 1748 omne
3403 1711 3594 1750 nomen

336 1792 543 1854 Inundi,
585 1790 830 1860 protinus
871 1790 1044 1857 aperti
1097 1799 1222 1842 sunt
1252 1789 1394 1852 εαξη,
1437 1798 1492 1840 ει
1522 1787 1758 1856 Spiritus
1785 1803 1911 1840 sam-

2027 1780 2274 1853 [Pltilipp.
2309 1784 2391 1852 ιι).
2432 1802 2450 1836 ι

334 1892 454 1935 ctus
478 1898 641 1950 super
664 1898 785 1933 cum
813 1881 864 1934 in
893 1881 1071 1950 specie
1095 1880 1358 1934 columba:
1388 1881 1694 1934 descendit:
1719 1878 1911 1933 deinde

336 1991 431 2026 vos
467 1973 638 2027 Patris
669 1974 903 2026 intonuit
931 1989 944 2025 :
973 1991 990 2022 ι
1024 1971 1122 2024 llic
1143 1983 1244 2034 est,
1274 1973 1545 2042 inquiens,
1571 1967 1736 2026 Filius
1762 1986 1914 2025 meus

333 2065 586 2127 dilectus,
623 2065 672 2116 in
703 2080 809 2132 quo
839 2063 966 2117 mihi
1002 2064 1138 2117 bene
1166 2064 1463 2132 eomplacui
1495 2063 1710 2132 (Matth.
1751 2062 1853 2133 ιιι).
1877 2059 1906 2114 ι

339 2155 608 2209 llahemus
642 2169 772 2224 ergo
802 2155 1116 2209 distinctam
1151 2157 1432 2225 perspicue
1461 2155 1804 2208 Trinitatem.
1857 2153 1913 2206 In

334 2260 466 2300 voce
494 2245 710 2300 Patrem
730 2286 744 2310 ,
773 2245 825 2300 in
861 2245 1077 2298 homine
1107 2243 1300 2298 Filium
1326 2287 1341 2304 .
1376 2247 1427 2298 in
1465 2245 1714 2299 columba
1745 2243 1917 2314 Spiri-

337 2348 449 2391 ιιιιη
481 2349 752 2392 sanetum.

409 2430 531 2485 Ιιςιιε
593 2432 775 2501 itaque
832 2438 1019 2484 sancta
1072 2429 1332 2491 Trinitas,
1366 2429 1504 2483 sicut
1559 2429 1609 2482 in
1667 2428 1778 2482 suis
1826 2441 1918 2478 vo-

337 2520 544 2574 cabulis
607 2528 690 2574 est
751 2520 1038 2584 distincta,
1093 2521 1171 2574 sic
1231 2521 1280 2572 in
1334 2520 1434 2571 hoc
1490 2519 1606 2571 loco
1656 2527 1915 2583 quantum

339 2609 439 2678 17
469 2610 536 2662 ad
587 2608 820 2661 litteram
860 2609 912 2661 in
963 2624 1057 2661 sua
1114 2610 1320 2662 videtur
1351 2608 1666 2675 operatione
1715 2606 1914 2659 divisa.

336 2701 446 2754 Nec
492 2700 595 2755 dici
646 2708 823 2768 potest
865 2708 921 2752 ut
958 2698 1150 2757 Filius.
1196 2698 1289 2767 qui
1334 2698 1613 2751 videbatur
1658 2697 1708 2750 in
1747 2695 1917 2749 forma

335 2791 476 2844 servi
504 2832 517 2853 ,
547 2790 615 2845 sit
653 2790 833 2853 Pater,
882 2797 974 2842 aut
1023 2787 1257 2857 Spiritus
1288 2797 1540 2852 sanctus;
1577 2795 1670 2839 aut
1699 2803 1800 2840 vos
1833 2785 1918 2840 illa

271 2903 278 2910 ι
338 2895 459 2949 qua:
490 2881 553 2934 de
583 2879 721 2935 caelo
752 2877 889 2933 facta
927 2887 1032 2942 est,
1071 2878 1142 2931 sit
1172 2877 1317 2938 Filii,
1351 2878 1432 2930 vel
1463 2876 1698 2946 Spiritus
1726 2878 1918 2942 sancti,

339 2981 433 3024 aut
468 2970 714 3023 columba
745 2969 816 3023 sit
843 2968 1039 3032 Patris,
1077 2969 1155 3022 vel
1188 2967 1340 3033 Filii;
1373 2984 1495 3022 cum
1531 2969 1704 3037 ipsum
1741 2970 1923 3038 perhi-

344 3064 468 3117 bcat
497 3061 846 3132 Evangelium
878 3079 891 3114 :
932 3079 949 3112 ι
990 3060 1126 3127 Quia
1157 3060 1436 3116 descendit
1463 3077 1623 3130 super
1647 3076 1768 3114 eum
1801 3061 1923 3131 Spi-

2087 1873 2446 1928 Resuscitavit
2469 1889 2600 1946 ergo
2643 1873 2808 1930 Pater
2842 1875 3036 1930 Filium
3065 1917 3079 1941 ,
3103 1892 3265 1947 quem
3295 1893 3326 1930 a
3371 1881 3598 1932 mortus

2013 1966 2282 2030 excitans,
2315 1981 2480 2034 super
2501 1981 2694 2020 omnes
2727 1966 3076 2036 singulariter
3104 1969 3380 2022 exultavit.
3411 1969 3602 2023 Resns-

2014 2056 2200 2111 citavit
2226 2063 2280 2109 et
2308 2057 2656 2126 semetipsum
2699 2056 2972 2124 Christus,
3014 2060 3075 2114 si:
3097 2067 3156 2114 ut
3189 2061 3302 2128 ipse
3331 2062 3383 2114 in
3431 2061 3598 2132 figura

2016 2147 2097 2199 sui
2147 2148 2390 2215 corporis
2442 2146 2615 2201 dicit:
2654 2167 2670 2200 ι
2710 2147 2914 2204 Solvite
2963 2151 3222 2219 templum
3268 2153 3410 2216 hoc,
3446 2163 3498 2207 et
3546 2155 3600 2206 in

2019 2241 2196 2294 triduo
2227 2242 2501 2296 suscitabo
2531 2242 2660 2295 illud
2693 2243 2873 2312 (Joan.
2909 2245 2989 2313 ιι).
3023 2264 3040 2297 ι
3092 2227 3262 2299 Porro
3295 2255 3518 2308 autem,
3548 2256 3626 2300 ut.

2020 2331 2132 2400 ipse
2159 2347 2218 2385 se
2245 2332 2526 2386 evidenter
2573 2337 2822 2387 ostendat
2857 2350 2968 2388 sua:
3016 2335 3304 2405 passionis,
3336 2351 3398 2388 ac
3429 2351 3605 2390 resur-

2019 2423 2276 2476 rectionis
2306 2434 2604 2490 auctorem,
2638 2441 2741 2478 una
2780 2426 3016 2479 breviter
3046 2428 3312 2480 sententia
3363 2441 3605 2497 compre-

2020 2514 2206 2566 hendit
2238 2529 2252 2566 :
2292 2532 2310 2563 ι
2345 2513 2697 2577 Ροιεειιιιειιι,
2731 2515 2946 2585 inquit,
2997 2516 3172 2571 habeo
3218 2518 3446 2586 ponendi
3489 2519 3603 2570 aui-

2021 2615 2162 2652 uuuu
2202 2615 2397 2666 meam,
2432 2611 2488 2654 et
2535 2611 2856 2671 potestatent
2906 2605 3079 2658 habeo
3113 2608 3305 2676 iter-pm
3359 2611 3604 2661 sumendi

2022 2705 2141 2744 eam
2167 2690 2350 2760 (Joan.
2377 2694 2453 2761 ιι).
2481 2712 2498 2743 ι
2527 2693 2678 2759 Quod
2699 2709 2884 2748 rursus
2902 2695 3134 2749 inculcat
3152 2696 3366 2750 dicens:
3393 2681 3414 2747 ι
3439 2695 3606 2751 Nemo

2025 2780 2164 2834 tollit
2187 2797 2306 2835 eam
2331 2797 2360 2835 a
2396 2798 2502 2846 me,
2530 2785 2624 2837 sed
2651 2799 2751 2852 ego
2778 2799 2918 2852 pono
2963 2801 3104 2848 eam,
3145 2795 3202 2840 et
3228 2788 3420 2842 iterum
3452 2805 3607 2843 sumo

2024 2887 2143 2925 eam
2211 2871 2460 2943 (lbid.).
2498 2893 2515 2923 ι
2551 2874 2702 2938 Quod
2755 2884 2932 2928 autem
2989 2886 3044 2930 et
3101 2875 3334 2946 Spiritus
3390 2890 3609 2933 sanctus

2028 2977 2149 3013 rum
2181 2959 2341 3015 Patre
2379 2971 2433 3014 et
2465 2960 2599 3015 Filio
2646 2964 3059 3018 resurrectionis
3101 2976 3294 3020 auctor
3322 2968 3414 3031 sit,
3443 2978 3610 3022 tesra‘

2029 3062 2115 3105 tur
2145 3051 2450 3118 Apostolus,
2490 3052 2597 3122 18
2621 3053 2807 3107 dicens
2841 3071 2853 3106 :
2885 3072 2902 3104 ι
2941 3053 3093 3120 Quod
3123 3057 3168 3109 si
3200 3056 3436 3125 Spiritus
3461 3056 3571 3128 ejus
3592 3099 3607 3121 ,

345 3165 481 3232 "ius
514 3159 733 3207 sanctus
764 3152 815 3204 ίη
848 3151 1026 3221 specie
1063 3149 1324 3205 columba:
1351 3149 1566 3220 (ιωτω,
1607 3169 1626 3202 ,
1660 3153 1765 3205 δε]
1792 3151 1924 3206 ﬁdes
1952 3142 1997 3204 (ζ
2026 3143 2118 3209 qui
2165 3143 2450 3196 suscitavit
2477 3143 2659 3198 Jesum
2692 3162 2720 3198 a
2765 3147 2993 3200 mortuis
3017 3187 3030 3211 ,
3069 3148 3277 3204 habitat
3323 3152 3374 3203 in
3418 3153 3609 3206 vobs:

341 3253 510 3306 recta,
546 3242 677 3297 fides
727 3257 851 3296 vera
881 3283 895 3305 ,
925 3258 1029 3296 non
1071 3243 1277 3297 scilicet
1328 3244 1582 3312 opinione
1631 3259 1924 3313 praesump-

343 3335 506 3390 tionis
532 3335 756 3400 incerta,
782 3333 874 3388 sed
901 3333 1145 3389 lectionis
1175 3334 1482 3389 testimonio
1503 3337 1788 3400 roborata;
1825 3350 1923 3390 nec

345 3426 598 3482 Iitcrctica
631 3425 936 3479 temeritate
966 3423 1268 3494 fluctivaga,
1299 3424 1389 3478 sed
1421 3424 1715 3495 apostolica
1745 3425 1925 3494 potius

343 3517 576 3570 veritate
608 3514 854 3579 fundata,
899 3514 998 3569 hoc
1032 3523 1278 3583 patenter
1302 3515 1559 3579 insinuat,
1592 3515 1732 3582 quod
1762 3514 1922 3584 quid-

267 3616 269 3619 ‘
343 3605 472 3673 quid
512 3604 772 3663 divinitus
801 3604 1001 3672 agitur,
1053 3604 1154 3657 hoc
1191 3612 1302 3656 tota
1333 3613 1517 3657 saneta
1557 3603 1798 3658 Trinitas
1836 3604 1921 3658 in-

345 3694 719 3766 separabiliter
763 3703 1040 3764 operatur.
1079 3693 1214 3748 Nam
1262 3709 1383 3748 eum
1443 3695 1589 3750 solus
1639 3695 1675 3748 l"
1682 3696 1804 3749 ilius
1853 3695 1926 3750 sit

346 3795 503 3844 natus
539 3801 606 3841 ex
660 3785 822 3840 Maria
876 3785 1080 3856 virgine
1103 3826 1118 3850 ,
1147 3785 1292 3840 salus
1318 3784 1488 3839 Filius
1521 3786 1593 3840 sit
1630 3800 1927 3853 suspensus

347 3875 402 3929 in
434 3873 818 3940 cruce,,solus
861 3874 928 3927 de
978 3883 1151 3928 morte
1201 3874 1466 3938 surrexit;
1518 3874 1692 3943 ipsum
1744 3881 1924 3928 taineu

347 3964 958 4019 lucarnationisdivinte
997 3964 1347 4034 mysterium,
1399 3964 1686 4033 passionis,
1735 3980 1799 4020 ac
1843 3980 1954 4020 rev

349 4054 740 4116 surrectionis,
771 4053 968 4117 Pater,
1022 4051 1181 4106 simul
1229 4068 1292 4107 ac
1338 4051 1544 4120 Filius,
1591 4061 1646 4107 et
1690 4052 1926 4124 Spiritus

349 4155 569 4200 sanctus
593 4153 849 4215 operatus
879 4154 982 4198 est.
1037 4142 1170 4198 Nam
1216 4144 1360 4214 quod
1389 4159 1512 4198 eum
1549 4145 1710 4200 Pater
1755 4145 1922 4211 misit,

352 4238 452 4292 hoc
481 4247 585 4302 est,
614 4237 882 4290 incarnari
907 4237 1208 4300 constituit,
1238 4237 1370 4292 dicit
1393 4237 1682 4306 Apostolus
1706 4255 1720 4290 :
1751 4257 1767 4287 ιι
1791 4236 1925 4292 Cum

353 4339 531 4381 autem
559 4327 705 4380 venit
749 4326 1026 4398 plenitudo
1058 4328 1348 4396 temporis,
1387 4328 1534 4382 misit
1563 4326 1704 4383 Deus
1730 4327 1924 4383 Filium

353 4435 508 4473 suum
551 4417 750 4472 factum
780 4433 843 4471 ex
879 4417 1124 4483 muliere,
1148 4419 1350 4474 factum
1371 4419 1470 4475 sub
1489 4419 1603 4489 lege
1623 4417 1766 4490 (Gal.
1791 4417 1920 4489 tv).i

2030 3234 2120 3301 qui
2148 3232 2428 3286 suscitavit
2453 3231 2639 3288 Jesum
2675 3236 2950 3290 Christum
2977 3253 3008 3290 a
3037 3240 3285 3304 mortuis,
3319 3240 3618 3296 vivit’icalut

2030 3339 2084 3383 et
2114 3331 2361 3384 mortalia
2421 3345 2649 3400 corpora
2721 3342 2900 3386 vestra
2949 3341 3170 3403 propter
3215 3335 3609 3391 inhabitantem

2032 3420 2295 3489 Spiritum
2326 3419 2446 3489 ejus
2470 3421 2522 3475 in
2565 3421 2716 3476 vobis
2747 3421 2921 3493 (Rom.
2953 3423 3094 3494 vlli).
3130 3441 3149 3476 ι

2099 3511 2232 3566 Nam
2262 3512 2304 3566 si
2339 3527 2442 3568 nos
2466 3523 2686 3582 propter
2729 3513 3122 3568 inhabitantem
3153 3515 3310 3570 nobis
3337 3515 3602 3586 Spiritum

2031 3603 2083 3658 in
2113 3605 2216 3658 fine
2245 3602 2552 3658 vivificandi
2582 3589 2790 3670 sumus,
2819 3614 3034 3658 constat
3058 3606 3184 3675 quia
3213 3607 3316 3662 hoc
3355 3607 3470 3676 jam
3502 3615 3614 3679 cont

2030 3695 2266 3764 Spiritus
2291 3705 2513 3750 sanctus
2540 3695 2592 3748 in
2623 3695 2874 3750 Ecclesia:
2894 3696 3097 3765 capite,
3119 3699 3262 3767 quod
3288 3707 3371 3753 est
3393 3709 3614 3754 acturus

2029 3786 2085 3840 in
2117 3800 2365 3854 corpore.

2101 3874 2176 3929 De
2197 3875 2480 3930 miraculis
2502 3890 2741 3946 quoque,
2759 3877 2842 3932 vel
2867 3878 3200 3948 quibuslibet
3221 3880 3342 3936 aliis
3361 3882 3618 3951 operibus

2030 3966 2175 4021 idem
2199 3982 2297 4037 per
2325 3968 2506 4022 omnia
2537 3970 2882 4026 sentiendum
2911 3981 3017 4037 est,
3048 3981 3107 4026 ut
3131 3983 3240 4028 tota
3280 3985 3464 4029 sancta
3487 3973 3604 4042 fl‘rio

2030 4058 2174 4114 nitas
2202 4059 2330 4115 illud
2358 4060 2565 4131 absque
2594 4061 2758 4117 dubio
2793 4063 3054 4118 credatur
3081 4066 3315 4129 etlicere,
3344 4066 3611 4134 quidquid

2031 4147 2098 4204 ad
2156 4164 2317 4202 unam
2372 4164 2658 4218 personam
2708 4151 2922 4204 videtur
2967 4151 3278 4219 specialiter
3322 4153 3610 4221 pertinere.

2033 4239 2275 4294 Virtutes
2301 4255 2451 4304 vero,
2478 4249 2532 4292 et
2554 4241 2706 4309 signa
2730 4255 2851 4309 qnte
2865 4240 3118 4295 Christus
3137 4240 3406 4309 exhibuit,
3427 4241 3616 4309 Pater,

2032 4333 2087 4381 et
2111 4325 2300 4391 Filius,
2344 4336 2400 4381 et
2445 4327 2678 4396 Spiritus
2724 4339 2966 4394 sanctus,
2995 4329 3431 4400 inseparabiliter
3465 4333 3613 4389 fecit.

2035 4417 2173 4474 Hinc
2226 4418 2354 4474 illud
2398 4431 2480 4475 est
2513 4437 2526 4474 :
2560 4438 2578 4471 ι
2605 4419 2765 4474 Pater
2802 4420 2856 4474 in
2911 4434 2997 4474 me
3044 4435 3286 4486 manens,
3337 4423 3450 4497 ipse
3485 4423 3618 4482 facit

354 4509 496 4563 Misit
529 4524 760 4578 namque
789 4507 950 4563 Pater
994 4481 1191 4564 Filium
1216 4550 1231 4574 ,
1265 4510 1411 4565 misit
1453 4518 1510 4564 et
1540 4481 1777 4582 Spiritus
1799 4481 1926 4563 san-
1957 4481 2004 4539 θ
2029 4524 2194 4578 opera
2214 4508 2397 4580 (Joan.
2417 4509 2550 4580 xtv).
2577 4529 2596 4560 ι
2621 4509 2758 4564 llinc
2777 4510 2842 4564 de
2861 4508 3068 4578 Spiritu
3101 4481 3292 4567 sancto
3320 4481 3491 4572 dicit:
3518 4533 3535 4567 ι

353 4609 495 4657 etus.
527 4598 678 4668 Quod
725 4599 838 4667 ipse
865 4599 906 4654 F
913 4599 1034 4655 ilius
1072 4615 1170 4671 per
1199 4600 1516 4670 prophetam
1547 4599 1815 4669 perhibet,
1846 4599 1927 4653 di-

356 4706 528 4747 cens:
564 4709 580 4741 ι
616 4689 851 4758 Spiritus
884 4689 1094 4744 Domini
1141 4705 1304 4758 super
1330 4706 1432 4751 me.
1471 4704 1537 4744 eo
1583 4689 1728 4759 quod
1776 4688 1929 4743 unxit

359 4799 473 4846 me,
505 4783 571 4836 ad
603 4781 1031 4835 annuntiandum
1068 4782 1364 4835 mansuetis
1394 4779 1542 4833 misit
1573 4795 1660 4832 me
1683 4820 1700 4844 ,
1732 4786 1791 4833 ut
1821 4793 1932 4832 me-

359 4879 516 4931 derer
545 4877 794 4931 contritis
822 4876 1003 4939 corde,
1032 4882 1088 4928 et
1113 4873 1464 4942 prtedicarem
1495 4870 1724 4940 captivis
1755 4869 1932 4924 indul-

356 4967 612 5038 gentiam,
635 4974 689 5019 et
717 4964 915 5019 clausis
944 4962 1293 5031 aperitionem
1322 4957 1616 5032 (lauant).
1645 4979 1663 5011 ι
1694 4960 1768 5015 De
1797 4958 1936 5013 Filio

357 5070 570 5127 quoque
597 5055 730 5108 dicit
771 5051 1058 5122 Apostolus
1095 5068 1109 5103 :
1147 5069 1164 5100 ι
1197 5049 1331 5116 Quia
1378 5065 1500 5104 cum
1543 5050 1594 5102 in
1625 5049 1796 5104 forma
1839 5048 1931 5104 Dei

358 5157 533 5211 esset,
562 5162 666 5200 non
710 5144 951 5212 rapinam
982 5140 1280 5196 arbitratus
1311 5149 1395 5197 est
1425 5156 1546 5196 esse
1583 5156 1642 5196 se
1667 5141 1933 5211 aqualem

363 5236 493 5301 Deo,
524 5236 617 5290 sed
639 5233 988 5303 semetipsum
1019 5231 1340 5297 exinanivit,
1367 5228 1598 5285 formam
1629 5232 1771 5285 servi
1793 5232 1934 5287 accl-

364 5327 513 5397 piens
543 5326 795 5397 (Philipp.
818 5325 900 5396 ιι).
941 5339 959 5376 ι
1844 5372 1848 5377 ,

435 5416 569 5472 Cum
596 5432 724 5490 ergo
753 5417 899 5471 solus
923 5415 995 5470 sit
1024 5412 1191 5469 Filius
1224 5413 1541 5476 incarnatus
1565 5456 1580 5478 ,
1605 5414 1933 5471 incarnatio-

367 5523 487 5562 nem
517 5516 693 5561 tamen
714 5506 834 5562 Filii
862 5507 1041 5570 Pater,
1070 5514 1125 5559 et
1155 5503 1344 5570 Filius,
1368 5515 1418 5560 et
1452 5505 1685 5577 Spiritus
1712 5517 1938 5562 sanctus

365 5597 524 5652 simul
554 5605 636 5651 est
670 5606 942 5666 operatus.
987 5597 1299 5655 Passionetu
1351 5612 1565 5670 quoque
1607 5597 1725 5654 Filii
1775 5597 1940 5654 Pater

365 5691 526 5752 tccit,
561 5689 700 5742 sicut
741 5688 938 5745 dicitur
977 5709 989 5744 :
1029 5707 1048 5740 ι
1078 5689 1180 5756 Qui
1206 5691 1427 5760 proprio
1461 5690 1569 5746 lilio
1600 5706 1704 5746 non
1743 5704 1936 5761 peper-

2035 4603 2090 4656 in
2131 4602 2298 4672 digito
2330 4601 2422 4654 Dei
2471 4599 2630 4668 ejicio
2663 4601 2952 4666 daemonia,
2985 4601 3230 4672 profecto
3263 4606 3408 4660 venit
3441 4607 3494 4661 in
3520 4623 3617 4664 vos

2035 4708 2263 4763 regnum
2291 4692 2384 4748 Dei
2410 4690 2564 4762 (Luc.
2598 4692 2699 4762 χι.)
2725 4711 2742 4743 ι
2783 4691 2936 4748 lianc
2966 4694 3130 4765 igitur
3157 4696 3617 4766 incomprehensi-

2037 4780 2201 4836 bilem
2228 4781 2551 4836 Trinitatem
2589 4797 2695 4836 non
2725 4783 3006 4838 brevitatis
3036 4785 3190 4840 limes
3223 4786 3468 4851 includit,
3505 4805 3611 4844 nou

2039 4870 2266 4928 latitudo
2311 4871 2498 4926 localis
2550 4873 2816 4938 extendit,
2864 4889 3133 4944 nusquam
3186 4877 3362 4942 deest,
3418 4877 3618 4948 ubique

2037 4975 2272 5033 semper,
2306 4971 2361 5017 et
2391 4962 2830 5033 inseparabiliter
2858 4967 3033 5020 adest.
3083 4964 3198 5020 Non
3228 4968 3279 5020 in
3311 4975 3466 5037 parte
3502 4984 3616 5022 ma—

2030 5049 2146 5120 jor,
2189 5067 2297 5107 non
2341 5051 2394 5105 in
2443 5061 2596 5121 parte
2637 5054 2837 5116 minor,
2891 5053 2982 5108 sed
3015 5054 3214 5124 ubique
3243 5063 3373 5118 tota,
3405 5070 3619 5126 semper

2042 5143 2296 5198 indivisa.
2330 5141 2492 5198 Pater
2518 5158 2550 5197 a
2581 5143 2754 5209 nullo,
2775 5143 2817 5200 Ρ
2823 5143 2947 5199 ilius
2971 5160 3001 5198 ιι
3025 5143 3190 5200 Patre
3210 5145 3351 5209 solo,
3381 5145 3618 5215 Spiritus

2041 5243 2262 5291 sanctus
2293 5235 2363 5289 ab
2382 5244 2634 5305 utroque.
2663 5235 2835 5303 Quem
2879 5236 3099 5306 plurimi
3126 5236 3461 5302 Graecorum,
3491 5245 3615 5307 quia

2042 5327 2096 5382 in
2122 5323 2416 5383 Dominicis
2435 5327 2785 5382 sermonibus
2826 5327 2986 5397 quasi
3012 5329 3354 5398 perspicuam
3382 5327 3622 5396 reperire
3655 5353 3658 5355 -

2043 5423 2314 5486 nequeant
2333 5417 2737 5484 auctoritatem,
2770 5417 3109 5474 arbitrentur
3136 5433 3166 5471 ιι
3200 5416 3316 5473 solo
3347 5414 3624 5482 Patre,-et

2046 5524 2152 5564 non
2200 5525 2232 5562 a
2281 5506 2424 5564 Filio
2468 5512 2846 5582 procedentem
2875 5507 3041 5576 (Vide
3078 5508 3335 5580 Scholia).
3378 5492 3658 5578 Quorum‘

2045 5599 2344 5656 doctrinam
2387 5599 2578 5657 beatus
2609 5615 2825 5673 quoque
2869 5599 3232 5670 Hieronymus
3272 5589 3527 5672 sequens,
3570 5599 3621 5654 in

2043 5699 2380 5769 expositione
2425 5698 2546 5753 ﬁdei
2578 5714 2687 5753 suac
2717 5698 2794 5752 sic
2841 5696 2951 5751 ait:
2985 5696 3307 5754 «Credimus
3336 5691 3460 5752 etin
3489 5694 3610 5764 Spi-
