4024 6200
427 324 495 378 37
1419 319 1660 373 OPLStZ.
1703 318 1742 372 1.
1786 350 1853 358 η-
1893 318 1979 371 Dt-l
2014 315 2169 373 FlDlS
2209 316 2613 375 CATHOLICA.
3621 333 3694 388 ss

426 440 588 490 ritum
623 442 890 493 sanctum,
928 431 1097 483 Deum
1149 446 1333 483 verum
1390 448 1453 483 ex
1502 430 1661 483 Patre.
1718 430 2007 499 proceden-
2050 429 2091 488 Α
2118 426 2360 496 ligendus
2408 432 2477 484 sit
2510 434 2693 502 utique
2734 432 2923 501 Filius,
2975 448 3027 493 et
3068 455 3132 493 ex
3181 442 3281 497 hoc
3333 461 3426 501 ore
3453 452 3696 518 prosedit

428 537 553 579 tem.
580 546 596 575 ο
639 523 760 584 ιῗιιὶ,
785 523 909 590 quia
942 522 1259 589 procederet
1299 538 1327 575 a
1374 520 1532 585 Filio,
1566 523 1749 575 tacuit.
1781 521 1835 573 lu
1865 535 2011 590 sym-

424 620 548 672 bolo
592 631 808 685 qunque
856 613 1054 667 Nicmni
1101 613 1318 667 concilii
1353 614 1655 682 reperitur:
1686 632 1703 663 ι
1730 612 2011 666 Credimus

422 718 477 761 et
508 709 557 759 iu
590 705 853 774 Spiritum
890 712 1161 759 sanctum.
1191 703 1281 770 qui
1322 702 1387 755 de
1424 700 1582 754 Patre
1609 700 1851 768 procedit
1881 716 2010 768 pro-

426 798 569 866 prie;
604 807 657 848 et
692 794 833 848 Deus
857 803 942 847 est
968 808 1151 858 verus,
1182 793 1324 846 sicut
1348 792 1534 845 Filius.
1564 813 1580 843 ο

1066 904 1293 960 CAPUT
1324 904 1387 958 Χ.

423 1003 576 1068 Quod
606 1001 834 1071 Spiritu:
860 1010 1071 1071 sanctus
1111 998 1471 1071 indubitanter
1496 1016 1527 1050 ιι
1554 996 1715 1061 Filio,
1748 999 1878 1051 sicut
1904 1009 1949 1051 et
1976 1017 2007 1052 α

980 1068 1159 1130 Putre,
1199 1068 1453 1136 procedit.

491 1162 600 1215 Nos
629 1169 833 1223 autem,
884 1161 1010 1228 quia
1063 1160 1345 1211 beatorum
1393 1158 1676 1210 doctorum
1722 1158 2005 1228 Augustini

419 1263 583 1322 atque
640 1251 911 1320 Gregorii,
964 1250 1304 1318 aliorumque
1354 1250 1740 1304 catholicorum
1793 1260 2004 1316 patrum

418 1344 684 1398 doctrinis
709 1343 1050 1402 instruimur.
1088 1343 1233 1412 quod
1266 1342 1528 1411 Spiritum
1560 1354 1806 1397 sanctum
1842 1360 1870 1398 a
1903 1344 2005 1398 Pa-

419 1445 523 1496 tre,
549 1432 707 1486 simul
734 1441 839 1484 et-a
865 1432 1001 1484 Filio
1023 1432 1405 1500 procedentem
1435 1433 1660 1488 credere
1684 1435 2000 1499 debeamus,

418 1531 476 1573 ut
508 1521 637 1573 fides
668 1521 734 1572 de
776 1530 976 1574 cmtcro
1008 1537 1113 1574 non
1164 1522 1524 1590 compellatur
1552 1533 1746 1577 nutare
1771 1525 1999 1579 creden-

420 1614 570 1674 tium,
600 1613 681 1666 vel
722 1628 891 1683 pauca
937 1629 1040 1665 non
1073 1629 1662 1683 gravemurmpponere
1697 1617 1999 1671 testimonia

418 1704 847 1771 Scripturarum.
899 1705 1160 1773 Spiritum
1214 1704 1397 1774 itaque
1442 1706 1689 1760 sanctum
1719 1708 1786 1761 de
1818 1708 1995 1771 Patre,

2117 517 2350 588 Spiritus
2397 532 2611 577 sanctus
2642 565 2655 586 ,
2715 534 2944 581 testatur
3000 529 3282 589 Psalmista
3334 517 3462 592 cum
3513 540 3691 599 dicit:

2121 608 2345 662 «Verbo
2392 610 2602 666 Domini
2654 615 2775 668 co‘ili
2828 620 3024 672 brmati
3077 632 3221 687 sunt,
3255 635 3308 678 et
3361 630 3553 697 spiritu
3581 635 3694 686 oris

2113 698 2228 766 ejus
2256 702 2434 756 omnis
2476 703 2649 758 virtus
2690 722 2876 760 eorum
2906 707 3077 779 (Psal.
3112 729 3279 770 nx".
3302 717 3350 787 )r
3393 718 3523 772 Nam
3550 724 3694 790 quod

2113 808 2142 844 a
2173 792 2331 847 l‘atrc
2370 798 2626 863 proceiat
2661 796 2898 867 Spiritus
2942 812 3184 869 sanctus,
3220 811 3465 877 exempla
3500 826 3692 880 prope-

2113 897 2240 935 nere
2266 886 2594 954 superlluum
2622 888 2953 956 judieamus,
2985 910 3214 961 quorum
3246 899 3455 966 copiam
3490 917 3585 969 per
3614 914 3695 958 tut

2113 972 2513 1041 Scripturarum
2543 980 2770 1047 paginas
2798 985 3098 1039 exuberare
3140 990 3522 1057 conspicimus,
3552 992 3694 1046 sicit

2110 1074 2191 1116 est
2213 1063 2339 1118 illud
2366 1084 2378 1117 τ
2404 1086 2420 1116 ι
2444 1067 2555 1121 Non
2584 1085 2677 1123 vos
2707 1073 2858 1136 estis,
2896 1075 2985 1142 qui
3016 1074 3314 1144 loquimini.
3343 1080 3435 1133 sed
3467 1081 3688 1149 spiritus

2113 1153 2287 1209 Patris
2314 1158 2473 1211 vestri
2526 1160 2615 1235 qui
2666 1161 2904 1230 loquitur
2936 1166 2987 1217 in
3029 1169 3180 1221 vobis
3223 1169 3438 1239 (Matth.
3470 1172 3581 1241 x).i
3631 1173 3696 1225 lit

2109 1244 2162 1297 in
2190 1249 2423 1300 secunda
2464 1249 2531 1302 ad
2579 1250 2888 1306 Corinthios
2931 1256 3165 1324 Epistula
3198 1260 3328 1313 dicit
3359 1262 3686 1330 Apostolus:

2113 1351 2130 1383 ι
2153 1332 2251 1399 Qui
2284 1345 2461 1390 autem
2501 1339 2786 1393 conﬁrmat
2815 1358 2930 1404 nos,
2963 1345 3240 1400 nobiscum
3273 1349 3324 1401 iu
3362 1349 3602 1415 Christo,
3634 1364 3690 1405 ct

2106 1426 2197 1493 qui
2225 1428 2375 1478 unxit
2402 1443 2497 1481 nos
2526 1428 2685 1491 Deus,
2714 1440 2767 1483 et
2794 1434 2883 1499 qui
2912 1434 3140 1501 signavit
3174 1453 3288 1501 nos,
3323 1449 3371 1493 ct
3405 1441 3546 1494 dedit
3580 1443 3694 1511 ple-

2106 1530 2232 1567 num
2261 1515 2508 1583 spiritum
2542 1518 2593 1570 in
2625 1519 2882 1573 cordibus
2907 1524 3106 1577 nostris
3134 1523 3220 1594 (Il
3242 1524 3365 1578 Cor.
3400 1528 3438 1597 ι)
3475 1548 3493 1579 ι
3528 1528 3593 1583 Et
3621 1534 3687 1583 ad

2107 1604 2622 1663 Thessalonicenses
2662 1612 2883 1679 prima“.
2912 1633 2928 1663 ι
2955 1614 3140 1683 itaque
3183 1617 3273 1685 qui
3306 1619 3419 1671 inec
3460 1622 3687 1689 spemit.

2107 1713 2212 1750 nou
2248 1698 2522 1751 hominem
2566 1700 2794 1768 spernit,
2847 1703 2941 1755 sed
2985 1703 3307 1773 Deumzqui
3338 1707 3499 1761 etiam
3545 1710 3692 1764 dedit

409 1793 663 1863 Filioque
694 1795 1005 1863 procedere,
1043 1803 1095 1846 et
1124 1795 1438 1863 prephetica
1474 1804 1739 1849 testantur
1759 1798 1989 1863 oracula1

2106 1787 2366 1856 Spiritum
2415 1805 2571 1843 suum
2618 1801 2865 1845 sanctqu
2906 1794 2957 1846 in
3012 1795 3169 1848 nubis
3198 1794 3249 1865 (I
3294 1796 3472 1852 Thess.
3528 1798 3621 1869 tv).
3666 1820 3685 1852 ι

416 1893 469 1934 et
515 1883 809 1952 apostolica
860 1883 1148 1937 conﬁtetur
1188 1884 1501 1938 auctoritas.
1542 1885 1712 1939 isaias
1758 1888 1901 1941 enim
1937 1890 2002 1941 de

411 1973 550 2027 Filio
578 1975 708 2026 dicit
733 1988 748 2026 :
778 1994 794 2024 ι
819 1973 1093 2027 Pcrcutiet
1118 1984 1318 2027 terram
1348 1975 1497 2044 virga
1530 1977 1641 2030 oris
1676 1979 1780 2041 sui,
1814 1986 1869 2031 et
1894 1980 2003 2048 spi-

415 2065 526 2118 ritu
555 2065 819 2118 labinrum
848 2065 1383 2119 suorunriuterlicict
1419 2052 1643 2135 iinpium
1675 2067 1829 2138 (lsai.
1862 2070 1994 2139 1(1).»

419 2154 493 2207 De
516 2169 619 2222 quo
642 2162 695 2206 et
722 2154 1011 2224 Apostolus
1036 2153 1148 2207 ait:
1181 2174 1197 2204 ι
1220 2154 1388 2220 Quem
1420 2155 1710 2209 iuterticict
1742 2157 1999 2212 Dominus

413 2244 569 2298 lesus
597 2242 849 2299 Christus
880 2245 1072 2314 spiritu
1103 2246 1213 2299 oris
1245 2246 1350 2310 sui,
1383 2254 1438 2300 et
1479 2246 1720 2301 destruet
1761 2248 1998 2304 illustra-

416 2334 559 2388 tione
592 2336 857 2388 adventus
882 2335 961 2389 sui
995 2333 1076 2401 (ll
1113 2334 1293 2389 Thess.
1377 2336 1461 2405 ιι).
1511 2356 1529 2387 ι
1562 2336 1729 2403 Quem
1754 2340 2000 2407 profecto

412 2422 675 2490 Spiritum
729 2439 758 2475 a
815 2440 875 2477 se
921 2431 1211 2492 proce‘ere
1248 2427 1535 2494 perspicue
1565 2427 1816 2482 Salvator
1848 2430 2000 2484 inuo-

410 2512 671 2579 tui‘t,cum
701 2514 1349 2583 discipulisprmsentibns
1370 2516 1675 2571 iuSuﬂlavit.
1700 2522 1995 2591 «Accipite,

408 2603 682 2671 inquiens,
699 2604 957 2671 Spiritum
974 2616 1219 2660 sanctum
1251 2606 1429 2677 (Joan.
1451 2623 1477 2659 ι
1490 2607 1563 2679 r).
1580 2629 1595 2659 ι
1617 2608 1856 2666 Joannes
1871 2627 1998 2665 vero

412 2694 467 2745 in
494 2678 819 2765 Apocalypsi
845 2696 976 2749 dicit
1003 2714 1016 2747 :
1048 2697 1224 2761 c-Quia
1256 2698 1320 2750 de
1349 2713 1445 2751 ore
1470 2696 1598 2752 Jesu
1646 2700 1857 2770 gladius
1904 2702 1988 2756 bis

412 2795 606 2841 acutus
634 2788 815 2840 exibat
846 2786 1029 2857 (Apoc.
1064 2789 1158 2858 1).»
1201 2789 1436 2858 Spiritus
1461 2790 1664 2859 itaque,
1695 2808 1857 2862 quem
1885 2794 1995 2850 illic

401 2877 567 2931 labiis
597 2875 920 2943 essutllavit,
953 2879 1066 2949 ipsc
1108 2888 1191 2934 est
1219 2880 1403 2948 utique
1430 2880 1659 2951 gladius,
1689 2885 1781 2953 qui
1810 2886 1897 2940 hic
1927 2902 1995 2940 ex

410 2966 528 3034 (:jus
554 2984 646 3022 ore
669 2971 933 3038 procedit.
968 2970 1107 3025 Dicit
1138 2987 1353 3042 quoque
1396 2972 1560 3028 Pater
1587 2977 1653 3028 ad
1668 2976 1867 3045 Filium
1900 2993 1998 3046 per

408 3060 725 3127 prophetam
757 3076 818 3114 τί
845 3059 1104 3131 Spiritus,
1134 3064 1329 3133 inquit,
1359 3081 1535 3130 meus,
1576 3067 1665 3135 qui
1694 3076 1778 3121 est
1808 3068 1912 3138 19
1934 3070 1985 3122 in

2104 1875 2273 1931 Porro
2303 1881 2444 1948 quod
2477 1878 2741 1948 Spiritum
2772 1892 3019 1936 sanctum
3053 1881 3239 1938 etl'udit
3263 1884 3498 1941 Pateriu
3527 1889 3690 1944 disci-

2104 1965 2277 2036 pulos,
2316 1969 2579 2036 scriptnm
2609 1979 2698 2024 est
2745 1970 2797 2025 in
2840 1971 3067 2041 epistola
3118 1989 3237 2042 quae
3288 1975 3592 2032 destinatur
3622 1980 3689 2033 ad

2105 2056 2322 2112 Titum:
2353 2058 2501 2113 «Per
2546 2061 2820 2116 lavacrum
2862 2065 3310 2132 regenerationis,
3366 2076 3420 2121 et
3466 2084 3692 2122 renova-

2105 2149 2266 2204 tiouis
2298 2149 2533 2220 Spiritus
2575 2151 2774 2217 sancti,
2806 2168 2965 2221 quem
2996 2152 3185 2207 etludit
3211 2155 3453 2212 in'nobis
3474 2158 3691 2213 abunde

2100 2253 2198 2307 per
2218 2238 2401 2293 Jesum
2420 2240 2696 2293 Christum
2723 2239 3059 2295 Salvatorem
3086 2252 3333 2297 nostrum
3375 2243 3505 2313 (Tit.
3541 2246 3678 2316 ιιι).›

2102 2329 2254 2395 Quod
2285 2341 2463 2384 autem
2518 2342 2573 2383 et
2614 2330 2785 2385 Filius
2816 2334 3063 2386 eumdem
3096 2332 3350 2389 effuderit
3395 2336 3682 2404 Spiritum,

2100 2422 2153 2475 iu
2186 2423 2405 2476 Actibus
2427 2423 2686 2477 scribitur
2715 2426 3102 2491 apostolorum.
3136 2427 3278 2482 Dicit
3318 2429 3463 2482 enim
3494 2429 3687 2484 Petrus

2100 2515 2164 2568 de
2194 2515 2413 2570 Christo
2432 2532 2454 2570 :
2494 2536 2511 2566 ι
2536 2518 2765 2569 Dextera
2793 2516 2882 2570 Dei
2908 2519 3204 2584 exaltatus,
3234 2529 3289 2574 et
3319 2522 3682 2589 promissione

2101 2609 2334 2677 SpiriLus
2366 2608 2538 2663 sancti
2572 2621 2791 2678 accepta
2835 2629 2863 2663 a
2904 2611 3085 2675 Patre,
3113 2612 3303 2666 ell‘ndit
3333 2614 3434 2669 hoc
3459 2617 3683 2680 donum,

2100 2698 2240 2769 quod
2276 2714 2368 2751 vos
2397 2699 2611 2761 videtis,
2656 2708 2709 2752 et
2738 2700 2937 2753 auiitis
2972 2700 3109 2769 (Act.
3163 2702 3248 2771 ll).
3278 2720 3297 2753 δ
3333 2701 3485 2770 Quod
3515 2705 3681 2759 etiam

2105 2789 2356 2843 eumdem
2389 2788 2653 2857 Spiritum
2696 2800 2751 2843 et
2779 2788 2956 2854 Pater,
2995 2802 3047 2843 et
3079 2791 3249 2847 Filius
3276 2792 3437 2846 simul
3465 2793 3679 2854 effudit.

2099 2881 2386 2948 utriusque
2416 2896 2514 2933 vox
2540 2896 2644 2950 per
2681 2880 2848 2935 Juelis
2873 2881 3150 2936 oraculum
3194 2882 3391 2937 clamat
3421 2902 3434 2937 :
3464 2904 3481 2935 ι
3506 2882 3683 2938 Ell'un-

2097 2973 2218 3026 dam
2245 2971 2311 3026 de
2332 2972 2535 3041 Spiritu
2567 2988 2685 3027 meo
2714 2988 2874 3042 super
2896 2989 3113 3028 omnem
3136 2989 3358 3029 carnem
3382 2976 3521 3046 (Joel
3559 2983 3675 3040 11).»

2096 3061 2250 3117 Licet
2291 3072 2495 3127 autem,
2525 3063 2665 3117 sicut
2695 3063 2903 3132 praefati
2935 3079 3145 3130 sumus,
3177 3060 3489 3120 Grmcorum
3517 3067 3653 3137 plura

411 3158 487 3213 te,
508 3160 561 3204 et
592 3150 748 3205 verba
780 3168 924 3216 mea,
954 3169 1072 3223 qua:
1102 3155 1254 3223 posui
1312 3155 1362 3208 iu
1396 3165 1471 3221 te,
1504 3173 1610 3211 non
1644 3160 1899 3214 recedent
1923 3159 1989 3213 de

2097 3154 2168 3207 mi
2211 3168 2317 3207 non
2370 3154 2597 3207 credant
2655 3129 2920 3221 Spiritum
2984 3165 3229 3209 sanctum
3309 3173 3338 3211 a
3398 3155 3554 3221 l‘iliu,
3604 3161 3681 3212 si-

405 3255 502 3293 cre
534 3248 643 3303 tuo,
677 3252 732 3295 et
769 3243 838 3296 de
876 3258 973 3299 ore
1019 3246 1241 3300 seminis
1286 3247 1361 3301 tui
1392 3249 1606 3313 arundo,
1638 3260 1694 3304 et
1737 3266 1905 3319 usque
1935 3251 1988 3305 iu

408 3335 792 3399 sempiternum
818 3333 975 3406 (Isai.
1004 3338 1167 3408 ur)»
1193 3338 1254 3391 Et
1277 3340 1566 3407 Apostolus
1594 3342 1670 3395 ait
1696 3357 1711 3393 :
1743 3362 1759 3392 ι
1785 3342 1839 3396 Si
1870 3343 1991 3412 quis

406 3420 665 3491 Spiritum
690 3424 890 3479 Christi
928 3444 1032 3480 non
1077 3429 1261 3493 habet,
1290 3431 1378 3484 hic
1406 3448 1511 3487 nou
1545 3442 1627 3487 cst
1662 3432 1778 3500 ejus
1808 3433 1987 3503 (Rom.

403 3515 545 3582 rm).
571 3535 588 3566 ι
620 3516 685 3569 Et
716 3518 782 3570 ad
818 3518 1077 3575 Galatas:
1110 3541 1126 3571 ι
1147 3521 1436 3587 Quoniam,
1464 3525 1711 3589 ait,estis
1742 3527 1835 3580 lilii
1871 3527 1986 3592 Dei,

405 3606 551 3658 misit
574 3604 713 3659 Deus
736 3606 993 3676 Spiritum
1021 3609 1136 3664 Filii
1168 3612 1250 3665 sui
1278 3612 1329 3665 iu
1353 3615 1518 3666 corda
1539 3627 1716 3669 vestra
1748 3615 1989 3670 claman-

405 3708 533 3762 tem,
551 3699 724 3763 Abba,
754 3700 915 3757 Pater
936 3700 1077 3774 (Gul.
1104 3707 1197 3775 tv).
1215 3726 1231 3757 ι
1251 3706 1450 3761 Beatus
1468 3710 1631 3762 etiam
1650 3709 1841 3763 Petrus
1857 3710 1983 3779 Spi-

402 3790 565 3845 ritum
581 3792 835 3846 Sanctum
862 3794 999 3858 Filii,
1016 3796 1157 3849 sicut
1178 3805 1233 3849 et
1246 3796 1424 3851 Patris
1440 3813 1563 3853 esse
1578 3799 1847 3869 designat,
1860 3816 1983 3855 cum

404 3880 508 3931 ait:
530 3881 636 3934 «De
655 3896 759 3949 qua
782 3882 952 3936 salute
976 3885 1374 3953 exquisieruut,
1402 3896 1568 3956 atque
1593 3889 1819 3943 scrutati
1858 3899 1983 3942 sunt

407 3969 708 4038 l’ruphetze,
747 3974 838 4043 qui
866 3976 931 4029 de
960 3974 1137 4029 futura
1170 3976 1222 4030 iu
1252 3978 1405 4031 vobis
1430 3979 1601 4047 gloria
1632 3980 1982 4048 prophetavc—

403 4074 890 4121 riiutzscrutautes
912 4068 963 4121 in
1001 4069 1166 4137 quod,
1186 4070 1267 4123 vel
1287 4070 1448 4139 quale
1473 4082 1684 4141 tempus
1716 4074 1989 4142 signiﬁca-

402 4166 505 4219 ret,
528 4159 619 4227 qui
652 4159 704 4212 in
735 4160 815 4213 eis
838 4169 955 4213 erat
972 4161 1195 4229 spiritus
1218 4162 1443 4226 Christi,
1470 4165 1841 4232 prasuuntiaus
1869 4181 1983 4231 eas,

401 4262 522 4315 quae
564 4248 615 4301 iu
662 4247 881 4304 Christo
911 4260 1036 4303 sunt
1068 4254 1369 4321 passiones,
1411 4263 1465 4307 et
1515 4256 1846 4323 posteriores
1874 4255 1987 4325 glo-

402 4334 513 4390 rias
550 4337 599 4407 (I
637 4337 748 4393 Pet.
802 4343 895 4409 1).»
949 4342 1016 4395 Ει
1070 4343 1330 4399 Dominus
1359 4344 1411 4397 in
1452 4344 1774 4416 Evangelia:
1806 4366 1824 4397 ι
1849 4349 1983 4402 Cum

402 4431 629 4493 venerit,
669 4432 863 4501 inquit,
904 4434 1217 4490 Paracletus
1250 4437 1485 4505 Spiritus
1520 4439 1786 4502 veritatis,
1825 4442 1913 4508 qui
1950 4456 1979 4493 a

405 4519 559 4573 Patre
587 4524 823 4590 procedit
857 4524 1033 4593 (Joun.
1079 4526 1225 4595 XV)J
1260 4526 1389 4578 Nam
1436 4543 1557 4580 cum
1591 4527 1838 4582 Chrisms
1870 4529 1983 4600 ipse

400 4608 469 4664 sit
492 4612 719 4674 veritas,
750 4630 906 4667 suum
938 4632 1057 4670 esse
1085 4615 1271 4684 procul
1302 4616 1467 4671 dubio
1498 4619 1745 4685 spiritum
1774 4620 1978 4687 docuit,

400 4717 524 4755 cum
560 4719 681 4758 eum
715 4706 964 4774 spiritum
1018 4708 1259 4761 veritatis
1283 4722 1403 4764 esse
1426 4709 1718 4777 perhibuit.
1745 4708 1983 4764 Joannes

400 4801 579 4845 autem
605 4794 737 4847 dicit
767 4813 779 4846 :
808 4813 825 4844 ι
851 4795 905 4849 lu
935 4797 1035 4852 hoc
1070 4797 1442 4869 intelligimus,
1466 4800 1590 4869 quia
1620 4801 1671 4853 in
1696 4816 1762 4855 eo
1792 4817 1977 4857 mane-

400 4901 545 4948 uuis,
566 4897 619 4939 et
646 4887 760 4955 ipse
790 4889 842 4941 in
873 4889 1047 4952 nobis,
1067 4890 1193 4958 quia
1218 4891 1283 4945 de
1308 4890 1511 4961 Spiritu
1538 4909 1635 4945 suo
1657 4894 1802 4946 dedit
1826 4894 1980 4947 nobis

401 4972 450 5039 tl
483 4974 642 5027 Joun.
696 4980 787 5046 iv).
818 4996 836 5027 ι
883 4978 938 5031 lu
992 4978 1128 5033 libro
1156 4995 1371 5048 quoque
1416 4980 1553 5034 beati
1598 4979 1700 5036 Job
1747 4982 1975 5053 legitur:

408 5083 425 5112 ι
455 5064 519 5117 Et
544 5068 726 5119 audiet
767 5070 1101 5124 auditionem
1138 5072 1189 5125 iu
1225 5080 1434 5124 terrore
1470 5073 1622 5127 vocis
1648 5071 1783 5139 ejus,
1809 5084 1863 5127 et
1894 5091 1979 5127 so-

400 5167 528 5205 num
557 5156 622 5207 de
655 5171 749 5209 ore
786 5156 927 5211 illius
953 5161 1334 5226 procedentem
1387 5161 1509 5230 (Job
1545 5162 1768 5228 xxxvii).
1809 5182 1825 5212 ι
1875 5163 1974 5219 υἱιί

401 5241 608 5296 scilicet
638 5259 699 5297 os
722 5244 901 5301 Patris
941 5247 1323 5318 intelligendus
1351 5267 1435 5304 est
1463 5252 1666 5319 alr-que
1692 5252 1855 5306 dubio
1886 5253 1973 5305 Fi—

399 5329 535 5398 lius;
567 5349 734 5389 sonus
754 5347 932 5391 autem
959 5356 1025 5392 ex
1049 5338 1165 5407 ejus
1188 5356 1282 5393 ore
1315 5343 1616 5409 procedens
1636 5353 1717 5397 est
1741 5342 1975 5411 Spiritus

397 5438 638 5482 anuus.
679 5427 779 5495 Qui
813 5430 1067 5485 nimirum
1101 5444 1247 5486 recte
1270 5450 1437 5487 sonus
1482 5436 1802 5503 appellatur,
1837 5453 1973 5505 quo-

398 5517 543 5570 niam
587 5528 641 5571 et
684 5536 804 5573 cum
852 5521 1029 5574 sonitu
1084 5538 1247 5591 super
1290 5524 1571 5591 Apostolus
1616 5526 1775 5587 venit,
1810 5541 1863 5581 et
1907 5544 1971 5581 cx

396 5609 580 5673 corde,
612 5611 754 5676 quod
782 5610 973 5681 replet,
1014 5610 1065 5664 in
1111 5612 1269 5666 verba
1318 5628 1437 5666 mox
1483 5624 1685 5668 sanctis
1717 5617 1973 5684 prmdicu-

396 5698 557 5755 tionis
583 5703 811 5769 erumpit
840 5702 979 5771 (Art.
1010 5703 1091 5772 ιι.)
1126 5704 1276 5768 Quod
1307 5714 1485 5762 autem
1518 5721 1578 5760 os
1610 5705 1785 5760 Patris
1817 5708 1974 5763 tutel-

2093 3252 2185 3297 cnt
2226 3258 2257 3297 ιι
2303 3242 2465 3297 Patre
2508 3244 2834 3313 procedere;
2884 3245 3074 3298 beatus
3133 3254 3310 3300 tamen
3348 3247 3680 3301 Athanasius

2090 3335 2468 3389 Alexandrinae
2519 3336 2663 3391 sedis
2713 3336 3019 3406 episcopus,
3071 3338 3125 3392 in
3173 3338 3329 3402 libro,
3377 3354 3537 3408 quem
3583 3342 3679 3393 εει-

2094 3440 2283 3478 versus
2339 3424 2530 3478 Arium
2610 3426 2871 3494 scripsit,
2945 3429 3090 3482 inter
3155 3438 3352 3482 crctera
3418 3430 3498 3483 sic
3549 3429 3675 3485 ait:

2097 3536 2115 3567 ι
2146 3516 2279 3586 Ego,
2332 3516 2525 3585 inquit,
2578 3517 2742 3571 credo
2790 3517 2985 3571 Filium
3040 3519 3091 3572 in
3142 3518 3323 3583 Patre,
3363 3528 3419 3573 et
3461 3519 3673 3575 Patrem

2091 3609 2198 3678 20
2235 3610 2286 3663 in
2337 3608 2474 3662 Filio
2521 3625 2538 3663 :
2589 3608 2852 3678 Spiritum
2888 3625 3105 3680 quoque
3152 3610 3532 3683 Paracb:tum,
3583 3614 3673 3679 qui

2091 3700 2338 3768 procedit
2371 3715 2401 3751 a
2438 3698 2597 3754 Patre
2624 3712 2678 3755 et
2708 3699 2832 3754 Filii
2862 3716 3002 3763 esse.
3036 3710 3091 3755 et
3119 3701 3317 3764 Patris,
3365 3704 3490 3773 quia
3540 3714 3594 3757 et
3645 3721 3675 3756 ιι

2090 3793 2227 3848 Filio
2255 3794 2518 3862 procedit,
2548 3793 2690 3847 sicut
2713 3794 2763 3847 in
2792 3794 3083 3865 Evangelia
3108 3796 3372 3863 scriptum
3403 3804 3506 3859 est,
3531 3796 3671 3865 quod

2089 3898 2185 3952 per
2230 3882 2640 3938 iusuﬂlationem
2672 3899 2825 3938 suam
2851 3884 3060 3939 dederit
3090 3887 3368 3955 discipulis
3398 3888 3511 3940 suis
3553 3887 3661 3957 Spi-

2092 3974 2252 4027 ritum
2282 3984 2528 4028 sauctum
2559 3974 2745 4027 dicens
2778 3987 2793 4026 :
2834 3974 3076 4042 Acc'pite
3116 3975 3377 4044 Spiritum
3422 3987 3670 4029 sanctum

2091 4066 2273 4137 (Joan.
2312 4065 2426 4132 xx).
2460 4085 2480 4118 ι
2518 4065 2749 4119 Sanctus
2801 4063 3034 4135 Cyrillus
3078 4066 3242 4119 etiam
3293 4068 3361 4119 de
3412 4067 3513 4119 hac
3556 4066 3668 4132 ipsi

2090 4157 2325 4227 Spiritus
2356 4158 2530 4211 sancti
2566 4157 2914 4227 processione
2943 4165 3131 4211 contra
3165 4156 3469 4211 Nestor'um
3494 4158 3623 4212 dicit
3652 4178 3664 4212 :

2094 4270 2111 4300 ι
2140 4248 2399 4316 Quamvis
2425 4249 2568 4303 enim
2597 4249 2650 4301 in
2677 4262 2774 4301 sua
2819 4249 2889 4301 sit
2919 4247 3218 4301 substantia
3249 4246 3483 4317 Spiritus
3508 4247 3623 4317 ejus
3655 4268 3666 4302 :

2087 4342 2231 4395 haud
2270 4341 2489 4393 dubium
2516 4339 2645 4409 quin
2679 4336 2879 4401 Patris,
2908 4348 2966 4392 ut
2997 4338 3328 4407 int-alligatur
3356 4338 3409 4392 iu
3437 4354 3665 4409 persona

2088 4431 2411 4501 propri:tas,
2435 4430 2585 4498 juxta
2615 4430 2666 4482 id
2693 4431 2836 4499 qqu
2865 4430 3102 4499 Spiritus
3128 4440 3231 4493 est,
3253 4438 3309 4483 et
3339 4445 3445 4484 nou
3475 4429 3663 4492 Filius,

2085 4531 2324 4576 attamen
2350 4522 2561 4575 alienus
2589 4536 2694 4574 non
2721 4522 2788 4574 ab
2811 4520 2921 4575 illo.
2951 4519 3080 4573 Nam
3104 4521 3341 4589 Spiritus
3363 4521 3667 4591 appellatus

2084 4623 2171 4668 est
2211 4613 2454 4667 veritatis
2479 4654 2493 4677 ,
2545 4621 2601 4667 et
2646 4614 2847 4667 veritas
2893 4612 3139 4667 Christus
3191 4622 3293 4669 est.
3334 4613 3485 4669 Uude
3522 4622 3667 4669 etab

2085 4704 2200 4773 ipso
2229 4703 2475 4757 similiter
2503 4702 2643 4756 sicut
2666 4717 2695 4754 a
2731 4701 2839 4755 Deo
2866 4701 3049 4765 Patre,
3085 4705 3346 4770 procedit.
3390 4723 3409 4756 ι
3446 4705 3511 4759 Εῑ
3540 4707 3667 4759 bea-

2086 4806 2172 4850 tus
2230 4796 2370 4850 inter
2419 4794 2582 4848 multa
2645 4793 2724 4846 sic
2769 4794 2847 4846 ait
2895 4792 3257 4848 Ambrosius:
3300 4814 3318 4845 ι
3357 4794 3471 4849 Νοιι
3518 4796 3663 4852 enim

2083 4887 2235 4958 quasi
2264 4902 2332 4940 ex
2366 4885 2483 4939 loco
2534 4885 2661 4943 mitt,
2680 4894 2765 4937 tur
2796 4882 3052 4951 Spiritus,
3087 4894 3181 4937 aut
3229 4886 3384 4956 quasi
3436 4901 3498 4940 ex
3548 4886 3664 4939 loco

2083 4978 2364 5048 procedit,
2410 4976 2624 5043 quando
2674 4976 2918 5045 procedit
2963 4992 3028 5032 ex
3069 4977 3227 5032 Filio.
3266 4998 3283 5031 ι
3331 4978 3662 5050 Augussiuus

2082 5072 2245 5123 ct'ain
2271 5069 2531 5121 alversus
2560 5066 2850 5120 Maximum
2885 5066 3286 5140 [Maximinum]
3335 5070 3518 5124 scribit
3558 5071 3660 5123 lia--

2086 5162 2311 5214 reticum
2345 5178 2357 5211 :
2392 5179 2409 5208 ι
2441 5158 2673 5225 Quzeris,
2705 5159 2899 5227 inquit,
2928 5174 2957 5212 a
3007 5175 3092 5214 mc
3142 5160 3185 5213 si
3245 5162 3310 5215 de
3357 5161 3658 5215 substantia

2083 5249 2262 5304 P.i:r3s
2290 5260 2371 5304 est
2420 5248 2609 5312 Filius,
2662 5250 2728 5302 de
2772 5251 3071 5305 substantia
3122 5250 3306 5306 Patris
3355 5262 3440 5305 est
3493 5252 3599 5308 e-ia
3626 5274 3656 5305 ιι

2084 5341 2315 5409 Spiritus
2346 5349 2565 5395 sanctus
2587 5381 2602 5404 ,
2633 5355 2733 5394 cur
2777 5356 2917 5395 unus
2945 5341 2987 5394 F
2992 5342 3116 5394 ilius
3140 5381 3154 5402 ,
3182 5349 3235 5394 et
3266 5341 3404 5396 alius
3435 5358 3541 5396 non
3587 5348 3659 5397 sit

2083 5432 2285 5487 Flius?
2320 5452 2338 5483 ι
2372 5432 2601 5501 Moxque
2626 5432 2905 5503 subjungit
2932 5446 2946 5484 :
2984 5449 3003 5482 ι
3036 5431 3176 5487 Ecce
3199 5435 3518 5502 respondeo,
3545 5433 3657 5489 sive

2083 5524 2288 5594 capias,
2338 5524 2453 5578 sive
2492 5538 2597 5577 non
2635 5523 2855 5591 capias;
2889 5522 2956 5575 de
3008 5518 3170 5575 Patre
3220 5532 3304 5578 est
3351 5524 3521 5579 Filius
3547 5565 3560 5584 .
3592 5526 3657 5578 de

2081 5617 2242 5673 Patre
2271 5624 2351 5670 est
2386 5616 2618 5684 Spiritus
2651 5622 2871 5668 sanctos
2897 5628 2911 5665 :
2939 5613 3031 5669 sed
3066 5613 3151 5669 ille
3180 5617 3395 5684 genitus
3424 5627 3525 5681 est,
3558 5617 3658 5670 iste

2082 5725 2167 5779 pri
2185 5708 2396 5763 cedens.
2431 5706 2551 5759 Ideo
2607 5704 2692 5759 ille
2743 5701 2907 5759 Filius
2953 5714 3034 5759 est
3086 5704 3298 5771 Patris,
3336 5707 3401 5762 de
3442 5724 3548 5783 quo
3575 5719 3652 5762 est
