4018 6194
281 388 341 446 ιι
1112 377 1357 436 OPUSC.
1397 375 1460 430 11.
1501 405 1570 415 --
1606 368 2002 426 ΑΝΊἪΒΟΕΒ
2036 365 2311 424 CONTRA
2353 363 2661 422 ΗΠ)ᾹῖΟᾶ
3460 357 3534 412 s2

303 583 1460 612 Μ

1466 566 3530 596 ww

862 730 1134 810 εω-
1187 733 2034 860 OPUSCULUM
2119 733 2934 852 SECUNDUM.

438 916 971 1035 "auricomis
1007 961 1336 1030 CONTRA
1379 956 1726 1030 mansos,
1773 955 1882 1016 AD
1925 951 2362 1016 HONESTUM
2405 951 2662 1015 vnum
2702 951 3271 1016 ccanrssmuu.

277 1271 685 1324 Ascua-smn.
708 1287 778 1300 —
801 1247 956 1312 Hunc
983 1249 1224 1308 libellum
1240 1247 1725 1324 _aa__cou_futa_ndos
1747 1242 1967 1324 Judmos
1989 1240 2364 1324 conscripsit,
2400 1240 2458 1324 in
2491 1254 2603 1324 quo
2631 1242 2882 1311 p.11nt
2921 1257 3204 1324 sacrarum;
3233 1245 3545 1324 litterarum

352 1309 685 1393 tanniam
707 1309 1016 1400 probate“-
1047 1321 1273 1400 ςιρεηιιι»
1301 1319 1408 1400 illis
1453 1317 1624 1400 ίιηρίθ,
1655 1322 1941 1400 "gemma
1977 1309 2248 1400 esseest;
2275 1309 2992 1400 Ἑνῑιξὶιειιέῠῑἐςτξιειπεηη
3030 1314 3081 1368 in
3132 1314 3318 1400 We
3367 1333 3548 1400 εξεου·

357 1381 832 1463 ἱξςῖῖξὶἦιίξιῖιιιι,
860 1381 1019 1464 quem
1047 1381 1120 1446 iiIi
1165 1389 1414 1464 Messiam
1436 1381 1630 1464 vocant
1650 1381 1871 1464 3ιιῖυιιιιι
1892 1391 1946 1436 et
1977 1381 2254 1464 hominem
2301 1381 2492 1464 fuisse.
2515 1394 2748 1464 cumque
2769 1381 2887 1464 iam
2910 1381 2964 1436 in
2998 1385 3255 1464 nouitium
3301 1388 3546 1443 venisse:

353 1449 1007 1540 Sidonii-iue-omuia'illis
1031 1453 1728 1545 subterhigiawintercludit,
1762 1453 1956 1523 quibus
1981 1460 2171 1506 contm
2194 1450 2532 1506 Christianos
2561 1449 2786 1507 subdole
2814 1453 2890 1506 uti
2916 1459 3158 1522 possent.

363 1658 565 1710 Lanuio
625 1647 880 1704 Hosssro
939 1655 1245 1698 clarissnno
1297 1635 1595 1694 secundum
1641 1629 1860 1702 Egypti
1895 1637 1939 1692 Α
1967 1629 2086 1684 sine
2143 1627 2432 1699 disciphna
2489 1629 2818 1700 qtttestioncs
2849 1630 3025 1684 devita
3064 1629 3156 1702 (ΙΙ
3209 1629 3344 1685 Tim.
3375 1631 3437 1702 ιι)
3469 1649 3484 1698 ;
3521 1651 3546 1686 ο

295 1745 452 1814 nnjus
477 1739 731 1794 tenebras
778 1736 914 1797 viro,
955 1732 1167 1786 Psrnus
1221 1727 1444 1781 ultimus
1477 1723 1868 1780 monachorum

293 1847 500 1896 servus,
524 1838 838 1898 perpetuam
878 1823 1197 1878 charitatem
1232 1820 1285 1873 in
1315 1817 1553 1873 Christo.

364 1920 740 1981 Dilectissimo,
770 1912 1139 1986 deprecatoria
1165 1912 1320 1965 nobis
1341 1910 1501 1964 verba
1533 1919 1629 1978 per
1649 1905 1871 1961 fratrem

294 2021 540 2068 nostrum
578 2009 813 2077 Leonem
854 2016 1026 2073 nuper
1065 2002 1285 2066 misisti,
1330 2008 1596 2069 quatenus
1641 1995 1737 2050 tibi
1780 1994 1876 2047 aii-

296 2103 426 2175 quid
464 2083 846 2162 scriberemus,
899 2089 1006 2165 quo
1055 2107 1198 2163 SaBpo
1233 2091 1632 2147 decertantium
1659 2088 1752 2143 tibi
1783 2087 1874 2142 Ju-

298 2198 533 2250 da-orum
571 2202 668 2245 ora
711 2186 1066 2243 rationalibus
1109 2182 1444 2254 argumentis
1476 2179 1794 2242 obstruere;
1822 2185 1876 2230 et

299 2287 366 2339 de
394 2283 610 2338 Christo
633 2281 701 2336 ad
752 2277 1181 2335 controversiam
1219 2275 1520 2337 venientes,
1542 2269 1878 2328 evidentissi-

299 2377 406 2430 tuis
448 2388 628 2444 posses
682 2385 851 2428 sacra:
893 2368 1186 2439 Scriptura:
1234 2363 1559 2421 testimoniis
1598 2377 1876 2440 superare.

301 2464 410 2519 Sed
443 2464 486 2519 si
515 2461 715 2518 Christi
747 2460 900 2514 miles
922 2474 1065 2528 esse,
1094 2467 1148 2512 et
1173 2472 1272 2527 pro
1295 2471 1360 2510 eo
1390 2454 1614 2508 viriliter
1639 2465 1879 2521 pugnare

302 2553 596 2614 desideras,
635 2560 823 2605 contra
873 2547 1057 2602 carnis
1109 2544 1258 2608 vitia,
1300 2553 1492 2598 contra
1545 2538 1740 2595 diaboli
1768 2552 1881 2590 ma-

305 2643 490 2697 chinas
525 2639 751 2710 insignis
784 2637 1012 2693 bellator
1035 2651 1187 2689 arma
1219 2633 1398 2704 potius
1425 2629 1669 2698 corripe;
1702 2625 1882 2682 hones

301 2733 592 2796 videlicet,
643 2731 736 2801 qui
788 2741 1062 2798 nunquam
1115 2726 1463 2781 moriuntur:
1492 2735 1656 2792 quam
1691 2729 1880 2776 contra

306 2826 538 2890 Iudaeos,
570 2826 661 2895 qui
688 2823 802 2894 jam
831 2823 896 2877 de
924 2830 1068 2876 terra
1106 2833 1242 2891 pene
1289 2815 1447 2873 deleti
1477 2822 1626 2870 sunt.
1659 2811 1883 2870 Verum-

309 2926 488 2972 tamen
515 2923 570 2970 et
591 2913 717 2968 huic
740 2912 918 2966 studio
943 2926 1042 2981 ego
1071 2918 1413 2978 nequaquam
1450 2903 1674 2973 derogo,
1701 2899 1809 2954 imo
1829 2908 1883 2954 et

1974 1723 2223 1792 protinus
2277 1723 2516 1779 addidit:
2571 1739 2592 1776 ι
2659 1721 2888 1778 Servum
2945 1736 3123 1778 autem
3189 1724 3398 1779 Domini
3444 1741 3551 1780 non

1972 1828 2186 1888 oportet
2202 1818 2432 1888 litigare,
2461 1818 2554 1874 sed
2582 1828 2924 1874 mansuetum
2955 1833 3077 1874 esse
3112 1819 3185 1873 ad
3213 1833 3424 1884 omnes,
3456 1820 3554 1873 do-
3651 1795 3659 1803 ’

1973 1909 2210 1971 cibilem.
2241 1908 2558 1978 patientem,
2611 1923 2734 1962 cum
2770 1908 2918 1964 enini
2960 1909 3222 1962 modestia
3251 1909 3554 1977 corripien-

1975 2008 2084 2052 tem
2135 2011 2248 2062 eos,
2289 1995 2382 2067 qui
2428 1995 2711 2062 resistunt,
2757 2012 2824 2052 ne
2863 1998 3078 2068 quando
3133 1997 3225 2052 det
3261 1996 3368 2052 illis
3418 1998 3569 2051 Deus

1975 2084 2353 2156 penitentiam
2399 2089 2466 2142 ad
2495 2087 2927 2155 cognoscendam
2975 2087 3282 2151 veritatem,
3331 2097 3384 2143 et
3425 2089 3559 2142 resi-

1977 2177 2188 2246 piscant
2225 2193 2254 2231 a
2288 2177 2486 2232 diaboli
2513 2177 2741 2247 laqueis,
2769 2194 2799 2233 a
2827 2195 2934 2250 quo
2963 2179 3160 2248 captivi
3177 2188 3462 2244 tenentur,
3491 2180 3558 2232 ad

1973 2268 2148 2335 ipsius
2171 2266 2503 2324 voluntatem
2553 2267 2767 2341 (Μήτι),
2823 2289 2842 2322 ›
2893 2269 2999 2326 Sed
3022 2285 3153 2325 cum
3198 2271 3376 2326 omnia
3427 2286 3564 2340 pene

1984 2359 2191 2414 Veteris
2230 2359 2565 2416 Testamenti
2614 2361 2882 2418 volumina
2926 2363 3291 2417 testimonium
3344 2363 3564 2419 Christo

1981 2451 2322 2522 perhibeant,
2385 2468 2485 2508 nos
2528 2455 2829 2524 postposita
2876 2456 3160 2510 verborum
3199 2455 3563 2521 multitudine,

1982 2556 2150 2609 pauca
2183 2550 2239 2596 et
2289 2553 2560 2612 apertiora
2603 2541 2989 2613 prophetarum
3049 2545 3356 2598 testimonia
3400 2559 3568 2599 cura-

1983 2643 2102 2683 mus
2133 2643 2427 2699 apponere,
2453 2631 2652 2700 quibus
2669 2625 2848 2686 tamen
2871 2642 3060 2686 contra
3082 2647 3297 2688 onmem
3318 2634 3567 2688 Judaica:

1983 2719 2267 2789 pravitatis
2314 2719 2608 2785 insaniam,
2664 2729 2720 2776 et
2769 2735 2956 2776 eorum
2991 2731 3210 2777 ventosa
3251 2736 3568 2779 commenta

1985 2811 2163 2868 vateas
2216 2828 2340 2868 cum
2387 2812 2485 2868 Dei
2538 2812 2805 2882 adiutorio
2840 2815 3088 2869 obtinere
3145 2815 3449 2871 victoriam.
3497 2817 3571 2872 Et

1985 2903 2111 2976 quia
2138 2906 2333 2976 sagitta
2369 2905 2630 2961 directius
2680 2906 2933 2972 mittitur,
2985 2907 3030 2962 si
3100 2917 3270 2974 meta,
3299 2909 3385 2964 cui
3419 2909 3588 2980 infigi.

308 3012 501 3058 vestra:
531 3000 778 3078 petitioni
827 2973 1163 3063 satisfacere,
1196 3007 1409 3066 aequum
1455 3007 1573 3048 esse
1627 2991 1878 3046 decerno.
1912 2973 1958 3031 Β
1987 2995 2202 3064 debeat,
2257 3012 2288 3052 e
2323 2995 2539 3053 diverso
2573 2998 2826 3069 primitus
2866 3010 3192 3070 opponatur,
3242 3017 3343 3056 nos
3387 2973 3571 3072 ipsum

309 3092 656 3147 Inhonestum
704 3091 900 3160 quippe
944 3099 1049 3153 est,
1096 3097 1154 3141 ut
1201 3083 1603 3142 ecclesiasticus
1646 3081 1728 3136 vir
1777 3081 1883 3146 his,

309 3185 402 3256 qui
456 3183 589 3239 foris
633 3192 778 3248 sunt,
835 3180 1317 3243 calumniantibus,
1371 3190 1468 3248 per
1527 3173 1888 3248 ignorantiam

302 3279 682 3334 conticescat:
715 3285 770 3332 et
797 3276 1143 3332 Christianus
1189 3275 1254 3330 de
1287 3273 1505 3330 Christo
1546 3270 1770 3328 reddere
1797 3283 1887 3326 ra.

313 3371 515 3425 tionem
573 3369 848 3434 nesciens,
904 3366 1138 3422 inimicis
1185 3363 1569 3422 insultantibus
1611 3364 1788 3418 victus
1836 3368 1890 3418 et

312 3461 573 3517 confusus
613 3460 891 3516 abscedat.
949 3459 1064 3515 lluc
1107 3459 1338 3525 accedit.
1384 3459 1527 3528 quod
1567 3471 1706 3526 Stepe
1735 3456 1890 3525 hujus

309 3551 394 3606 rei
422 3551 582 3606 noxia
617 3549 909 3621 imperitia,
938 3558 993 3604 et
1035 3547 1275 3605 cavenda
1315 3547 1634 3617 simplicitas
1662 3560 1766 3600 non
1805 3561 1891 3599 so-

316 3637 737 3697 lum’audaciam
779 3639 1072 3696 incredulis
1106 3640 1362 3712 suggerit,
1406 3641 1500 3695 sed
1526 3639 1699 3694 etiam
1730 3655 1889 3692 erro-

317 3749 432 3788 rem
457 3743 514 3789 et
538 3733 872 3790 dubietatem
897 3733 954 3788 in
979 3733 1234 3790 cordibus
1264 3731 1504 3788 ﬁdelium
1539 3731 1728 3803 gignit.

391 3823 599 3880 Etcum
629 3825 746 3881 inec
768 3815 994 3888 scientia
1017 3825 1083 3879 ad
1111 3824 1270 3880 [idem
1300 3831 1449 3880 certe
1467 3832 1574 3878 tota
1602 3823 1890 3893 pertineat.

320 3914 452 3971 ﬁdes
480 3924 659 3970 autem
686 3913 926 3971 omnium
963 3915 1218 3970 virtutum
1267 3915 1336 3971 sit
1374 3914 1726 3986 proculdubio
1775 3915 1896 3969 fun-

320 4005 668 4071 damentum;
719 4004 807 4060 ubi
843 4003 1246 4060 fundamentum
1297 4007 1554 4078 quatitur,
1610 4014 1720 4060 tota
1772 4020 1893 4060 mox

318 4094 530 4150 xditicii
563 4093 765 4150 fabrica
789 4096 1149 4168 prmcipitium
1196 4097 1401 4152 ruitura
1431 4099 1684 4152 minatur.
1710 4096 1898 4152 Scien-

321 4187 446 4240 dum
493 4197 669 4244 tamen
720 4197 821 4255 est,
857 4190 984 4259 quia
1025 4202 1131 4242 non
1170 4203 1322 4243 vana:
1364 4189 1547 4258 gloriae
1597 4203 1784 4255 causa,
1811 4187 1896 4242 vel

321 4279 436 4334 solo
481 4280 846 4335 contentionis
891 4293 1078 4335 arnore
1126 4278 1286 4334 debet
1328 4277 1674 4334 Christ-ianus
1711 4277 1794 4332 vir
1829 4276 1895 4332 ad

323 4371 424 4426 hoc
453 4380 729 4426 certamen
760 4372 1058 4426 accedere:
1096 4371 1189 4425 sed
1218 4370 1286 4425 ob
1308 4369 1368 4425 id
1407 4370 1586 4440 potius
1615 4371 1660 4425 si
1697 4386 1755 4426 se
1780 4386 1897 4442 spe-

312 4469 409 4514 trat
447 4459 647 4530 aliquid
705 4461 772 4515 de
799 4458 1181 4514 conversionis
1235 4459 1408 4530 gratia
1449 4461 1590 4530 apud
1637 4459 1900 4531 litigantis

322 4549 562 4602 animum
587 4563 748 4618 posse
789 4546 1064 4618 predesse.
1109 4547 1260 4604 Unde
1289 4557 1344 4602 et
1381 4547 1586 4604 Paulus
1624 4549 1697 4604 ait
1725 4565 1741 4604 :
1766 4567 1792 4600 4
1842 4550 1898 4604 Si

323 4639 448 4708 quis
465 4639 582 4692 vult
607 4639 977 4694 contentiosus
1024 4651 1181 4703 esse;
1210 4653 1307 4692 nos
1338 4639 1642 4708 hujusmodi
1671 4655 1900 4695 consue-

324 4732 564 4786 tudinem
599 4727 720 4786 'non
755 4732 1013 4787 habemus
1067 4731 1116 4803 (Ι
1149 4732 1384 4800 Camn).
1423 4751 1444 4785 ι
1479 4731 1548 4785 Ει
1581 4734 1652 4787 ad
1680 4731 1899 4787 Titum:

329 4841 348 4873 ι
399 4821 604 4878 Stultus
631 4833 812 4878 autent
842 4823 1188 4894 quzcstiones,
1225 4833 1277 4877 et
1307 4823 1665 4895 genealogias.
1700 4831 1752 4879 et
1774 4839 1904 4879 con-

327 4915 618 4978 tentiones,
640 4923 924 4985 etpugnas
957 4914 1085 4984 legis
1109 4915 1284 4969 devita
1311 4933 1322 4968 :
1358 4925 1484 4970 sunt
1512 4916 1654 4976 enim
1684 4913 1904 4970 inutiles

326 5017 381 5060 et
410 5023 558 5062 vana:
583 5005 824 5077 (Tib-Ill).
859 5026 877 5057 ι
914 5005 1120 5061 Etcum
1147 5011 1269 5077 quis
1296 5008 1360 5061 dc
1393 5008 1494 5062 hoc
1520 5007 1735 5077 negotio
1757 5008 1903 5062 litt-tn

324 5107 529 5160 movet,
557 5098 929 5161 admonendus
964 5107 1048 5152 est
1099 5107 1157 5153 ut
1187 5115 1300 5152 non
1342 5100 1681 5154 contumeliae
1701 5101 1905 5170 jurgio.

326 5188 411 5240 ιρι
453 5188 720 5257 superbia:
758 5189 921 5258 typho
969 5191 1383 5244 contendentem
1429 5203 1756 5260 exasperet:
1811 5190 1907 5254 sed

325 5280 446 5346 ejus
481 5290 721 5335 tuentem
770 5280 1035 5336 charitate
1076 5270 1352 5344 benevola,
1419 5291 1474 5337 et
1513 5283 1906 5354 patientissima

328 5373 600 5440 gravitate
643 5372 973 5433 dcmulccat:
1017 5382 1287 5444 quatenus
1325 5373 1596 5443 lapideum
1625 5391 1739 5441 eor,
1764 5377 1907 5446 quod

329 5459 500 5514 cil’usa
549 5462 905 5523 amaritudine
956 5462 1192 5516 deterius
1257 5471 1469 5533 poterat
1527 5464 1906 5534 obdurescere,

331 5555 574 5607 modesta
625 5554 911 5608 verborum
961 5553 1187 5610 dulcedo
1229 5555 1294 5609 ad
1323 5555 1649 5609 credendum
1688 5553 1908 5610 forsitan

1988 3085 2362 3158 conﬂigentem
2410 3084 2654 3143 Judaeum
2705 3089 3242 3152 hicintrodncimus,
3282 3101 3340 3145 ut
3383 3092 3572 3146 verbo-

1989 3191 2110 3232 rum
2142 3186 2450 3232 noStroruni
2479 3178 2684 3247 spictda
2707 3191 2820 3234 non
2847 3179 2902 3232 in
2945 3190 3163 3234 ventum
3194 3178 3360 3236 effusa
3399 3180 3545 3234 inani

1992 3279 2072 3324 ter
2097 3268 2348 3334 deﬂuant,
2383 3269 2476 3325 sed
2497 3271 2564 3324 ad
2595 3281 2796 3325 certans
2813 3272 2998 3340 potius
3011 3273 3305 3326 materiam
3329 3271 3572 3341 iaculata

1992 3359 2322 3430 pertingant.

2085 3445 2193 3523 25
2229 3450 2294 3505 In
2320 3452 2526 3508 nomine
2549 3451 2778 3516 bonum,
2808 3453 2986 3522 incipit
3008 3454 3129 3520 ipsa
3148 3451 3475 3524 congressio.

2066 3539 2162 3596 Die
2201 3541 2385 3613 igitur,
2420 3557 2454 3596 ο
2505 3539 2690 3596 Judtee
2725 3543 2836 3614 rqui
2868 3543 2995 3597 dum
3031 3540 3353 3600 Trinitatem
3387 3561 3571 3616 negas,

1994 3643 2049 3688 et
2076 3634 2336 3688 unitatem
2367 3641 2762 3702 consequenter
2797 3632 3038 3705 ignoras)
3070 3634 3114 3688 si
3150 3634 3310 3700 Deus,
3334 3645 3392 3689 ut
3423 3649 3573 3692 assc-

1997 3725 2091 3788 ris,
2121 3738 2260 3780 unus
2290 3733 2373 3779 est
2409 3724 2462 3797 in
2498 3736 2750 3793 persona,
2777 3739 2865 3778 CUI
2897 3723 3031 3779 dixit
3059 3737 3073 3778 :
3110 3739 3128 3775 ι
3161 3724 3447 3780 Faciamus
3476 3727 3574 3780 ho-

1998 3818 2195 3873 minem
2242 3816 2307 3872 ad
2358 3818 2666 3884 imaginem,
2723 3825 2778 3873 et
2831 3817 3236 3874 similitudinem
3293 3823 3577 3876 nostram?

1999 3903 2149 3977 (Cen.
2176 3907 2245 3978 ι.)
2279 3926 2298 3959 ι
2334 3905 2465 3961 Nam
2497 3907 2542 3962 si
2575 3916 2852 3963 uua’esset
2881 3909 2934 3962 in
2967 3907 3165 3964 deitate
3193 3925 3446 3980 persona.
3471 3927 3576 3966 non

1998 4000 2205 4056 diceret
2247 4018 2267 4054 ι
2301 4001 2597 4067 faciamus,
2636 4019 2656 4055 ι
2721 4000 2814 4055 sed
2866 3999 3082 4055 faciam.
3117 4000 3174 4055 Si
3227 4009 3345 4056 tres
3397 4011 3580 4057 essent

1999 4091 2338 4158 substanlite,
2363 4109 2468 4148 non
2503 4094 2708 4148 diceret
2733 4092 3084 4162 singulariter
3105 4111 3133 4146 ι
3171 4093 3456 4164 imaginem
3483 4111 3578 4148 no-

2000 4194 2205 4249 stram,
2243 4201 2262 4236 ι
2298 4184 2393 4239 sed
2421 4183 2602 4254 potius
2651 4184 2914 4256 imagines
2956 4192 3190 4240 nostras.
3237 4185 3369 4240 Dum
3418 4187 3580 4257 igitur

2007 4292 2026 4326 ι
2057 4273 2318 4330 faciamus
2342 4294 2368 4327 1
2395 4281 2611 4329 asserat
2637 4276 2859 4343 trinum,
2890 4294 2908 4328 ι
2948 4275 3235 4347 imaginem
3279 4289 3521 4333 nostram
3555 4297 3574 4330 ι

2003 4368 2245 4424 declaret
2279 4383 2442 4423 unum
2465 4409 2479 4432 ,
2504 4378 2726 4423 constat
2756 4369 3156 4424 cvidentissime
3188 4365 3355 4424 Deum
3389 4385 3579 4424 essen-

2005 4461 2204 4516 tialiter
2234 4476 2407 4515 unum
2443 4459 2614 4515 tribus
2636 4469 2897 4515 constare
2920 4462 3194 4531 personis.
3226 4462 3340 4525 Eia,
3376 4462 3579 4526 Judace.

1995 4567 2166 4622 perge
2196 4567 2293 4622 per
2327 4553 2491 4607 silvas
2534 4550 2958 4620 divinieioquii,
2993 4567 3201 4606 mecum
3230 4551 3390 4608 simul
3435 4554 3579 4610 inre-

2003 4645 2090 4708 «ιιι,
2125 4644 2258 4717 legis
2287 4654 2391 4698 tua:
2421 4643 2645 4718 paginas
2697 4645 3211 4712 studiese'revolve,
3249 4647 3489 4717 nunquid
3529 4649 3580 4703 in

2004 4739 2084 4790 eis
2127 4737 2334 4808 aliquid
2367 4737 2501 4792 huic
2550 4744 2751 4791 nostra:
2795 4735 3080 4791 assertioni
3103 4739 3350 4807 reperies
3381 4739 3581 4795 discre--

2004 4827 2135 4894 pare
2161 4825 2184 4879 ?
2207 4823 2347 4880 Audi
2396 4825 2526 4895 quid
2571 4835 2694 4880 tuus
2731 4825 2940 4896 Moyses
2988 4829 3182 4880 iterum
3216 4827 3356 4882 dicat
3384 4845 3398 4883 :
3434 4848 3450 4879 ι
3482 4829 3580 4882 llic

2004 4925 2086 4970 est
2134 4913 2271 4972 liber
2314 4913 2678 4986 generationis
2736 4915 2910 4970 Adam
2961 4917 3013 4971 in
3082 4917 3167 4974 die
3215 4933 3320 4988 qua
3374 4920 3576 4974 creavit

2002 5007 2147 5062 Deus
2182 5008 2484 5071 hominem,
2512 5007 2578 5064 ad
2613 5009 2903 5079 imaginem
2952 5009 3044 5065 Dei
3076 5009 3205 5068 fecit
3234 5011 3382 5067 illum
3421 5031 3434 5066 :
3470 5028 3566 5066 tua.
3594 5006 3613 5026 ⁸
3697 5071 3702 5076 ,

2006 5099 2214 5152 scutum
2233 5107 2296 5152 et
2323 5096 2578 5153 [cannam
2627 5101 2834 5154 curavit
2857 5115 2951 5154 eos
2995 5099 3146 5170 (Gen.
3181 5101 3242 5172 l).
3267 5123 3284 5155 ι
3313 5101 3449 5170 Quid
3474 5113 3573 5170 est,

2007 5189 2148 5257 quod
2185 5203 2292 5244 non
2323 5188 2554 5252 dicitur,
2589 5191 2714 5257 quia
2759 5189 2901 5245 Deus
2945 5191 3151 5245 creavit
3196 5175 3468 5246 hominem
3517 5192 3582 5246 ad
3656 5223 3664 5232 -

2001 5281 2296 5350 imaginem
2328 5291 2383 5337 et
2405 5271 2808 5338 similitudinem
2836 5299 2988 5339 suam
3035 5302 3048 5338 :
3101 5286 3192 5340 sed
3219 5285 3356 5340 Deus
3382 5289 3576 5346 creavit

2011 5373 2285 5426 hominem
2312 5374 2376 5426 ad
2407 5373 2697 5443 imaginem
2723 5373 2849 5438 Dei;
2881 5372 2985 5428 nisi
3009 5383 3070 5427 ut
3090 5374 3373 5443 perspicue
3397 5376 3574 5431 distiu-
3656 5379 3659 5383 ’

2009 5473 2203 5534 gnatur
2231 5477 2460 5534 persona
2517 5464 2694 5519 Patris
2723 5475 2775 5519 ct
2804 5464 2958 5519 Filii?
2991 5463 3087 5518 Cui
3119 5465 3295 5520 simile
3320 5477 3403 5522 est
3431 5469 3583 5536 illud,

2011 5557 2154 5624 quod
2175 5572 2279 5624 per
2304 5555 2560 5609 eumdem
2613 5556 2847 5627 biogsem
2887 5557 3086 5612 iterum
3122 5557 3324 5614 dicitur
3367 5575 3382 5613 :
3427 5578 3446 5612 ι
3478 5562 3583 5616 υθ-

332 5644 513 5698 valeat
541 5648 802 5698 emollire.
828 5645 975 5698 illinc
1009 5655 1109 5704 est.
1155 5645 1296 5715 quod
1346 5645 1486 5699 idem
1528 5645 1816 5714 Apostolus
1842 5647 1907 5700 ad
1942 5669 1987 5727 ο
2014 5649 2227 5704 scendit
2254 5656 2433 5700 autem
2452 5647 2722 5702 Dominus
2748 5661 2806 5702 ut
2833 5650 2882 5702 vi
2901 5650 3039 5703 feret
3074 5651 3367 5715 civitatem,
3393 5662 3449 5708 et
3478 5663 3592 5708 tur-

327 5735 675 5791 Timotheum
721 5754 842 5791 cum
892 5738 1283 5806 prazmisisset:
1341 5755 1356 5788 ι
1401 5735 1605 5791 Stultus
1643 5748 1822 5792 autem
1855 5752 1906 5796 et

659 5831 931 5889 l‘n‘noL.
972 5833 1214 5894 CXLV.

2018 5744 2143 5801 rim,
2169 5751 2330 5808 quam
2353 5735 2619 5792 aedificant
2651 5737 2744 5792 filii
2772 5739 2941 5793 Adam
2957 5738 3117 5810 (Cen.
3149 5743 3244 5812 in).
3281 5759 3302 5794 ι
3340 5742 3402 5795 Et
3430 5743 3591 5812 paulo

3038 5830 3078 5887 2
