4018 6194
377 419 439 477 l3
805 416 860 467 S.
899 409 1099 468 PETRI
1145 410 1424 468 DAMIANI
1468 408 1618 467 OPI‘.
1662 405 1899 463 TOMUS
1937 406 2066 460 SEU
2104 403 2283 458 PARS
2321 405 2404 458 lll.
2442 435 2513 447 -—
2549 402 2913 460 OPUSCULA
2956 403 3184 458 VARIA.
3546 407 3615 462 ﬂ

366 541 487 602 post
519 532 765 583 subditur
798 546 809 580 :
857 545 867 580 :

368 600 558 678 damus
598 624 668 675 ibi
712 622 942 689 linguam
990 600 1351 686 eorum'(Gen.
1386 616 1479 683 XI).
1520 635 1537 667 ι

443 712 604 767 Vides
640 712 824 783 igitur.
876 711 1024 780 quia,
1057 726 1077 759 ε
1119 708 1395 763 descendit
1429 705 1683 759 Dominus
1729 723 1749 754 ι
1780 716 1941 755 uuam

366 801 664 856 divinitatis
690 800 925 855 declaret
947 799 1268 860 essentiam;
1291 816 1308 847 ι
1332 795 1507 848 venite
1528 813 1545 845 ι
1575 802 1756 846 autem
1795 808 1812 841 ‹
1844 790 1939 846 de-

365 888 685 944 scendamus
720 910 738 940 ι
776 898 885 942 tres
939 888 1128 942 doceat
1169 900 1292 940 esse
1335 896 1612 952 personas.
1662 879 1939 947 Interroga

363 980 524 1031 etiam
563 979 870 1046 Abraham,
901 993 1068 1046 quare
1101 986 1209 1029 tres
1240 975 1406 1037 vidit,
1448 983 1501 1026 et
1544 986 1709 1025 unum
1743 969 1937 1023 adora-

361 1069 475 1123 vit?
503 1070 772 1138 Scriptum
803 1070 999 1138 quippe
1025 1077 1145 1121 est:
1177 1084 1194 1115 ι
1235 1064 1498 1133 Apparuit
1526 1063 1573 1116 ei
1607 1060 1861 1115 Dominus
1885 1058 1937 1111 in

362 1158 605 1212 convalle
656 1158 895 1211 Mambre
937 1156 1144 1209 sedenti
1188 1154 1241 1206 in
1293 1153 1435 1207 ostio
1481 1147 1809 1204 tabernaculi
1854 1147 1937 1201 sui

360 1249 414 1302 in
457 1252 572 1319 ipso
599 1247 810 1302 fervore
836 1246 940 1299 diei
973 1242 1124 1316 (Gen.
1151 1242 1304 1312 non)
1333 1258 1348 1306 ;
1384 1262 1401 1291 ι
1432 1241 1625 1294 deinde
1652 1234 1933 1293 subditur:

367 1360 385 1391 ι
417 1340 659 1408 Cumque
688 1339 953 1393 elevasset
974 1335 1160 1391 oculos
1187 1348 1334 1402 suos,
1360 1340 1725 1402 apparuerunt
1751 1331 1799 1384 ci
1827 1340 1936 1383 tres

358 1430 460 1485 viri
490 1439 696 1485 stantes
730 1443 896 1499 prepe
930 1427 1080 1482 illum
1121 1425 1285 1495 (Ibid.
1313 1426 1354 1497 ).
1398 1444 1415 1475 ι
1453 1424 1588 1479 Ecce
1638 1438 1760 1477 cum
1798 1435 1936 1490 prte-

359 1518 589 1571 missum
615 1517 715 1582 sit,
753 1516 1003 1586 apparuit
1031 1516 1078 1568 ei
1110 1514 1400 1579 Dominus;
1432 1512 1522 1567 ubi
1564 1526 1725 1566 causa
1757 1508 1933 1563 reddi.

268 1608 289 1637 θ
360 1616 470 1669 tur,
513 1623 621 1660 non
649 1606 867 1671 dicitur,
900 1603 1151 1674 apparuit
1182 1603 1232 1657 ei
1280 1603 1395 1666 vir,
1445 1600 1538 1655 sed
1566 1605 1933 1670 apparuerunt

274 1679 291 1741 ἶ
355 1696 408 1750 ei
452 1705 562 1749 tres
611 1694 733 1748 viri.
774 1692 872 1748 Ubi
917 1700 1170 1763 patenter
1206 1691 1527 1753 ostenditur,
1574 1689 1698 1757 quia
1730 1688 1805 1751 is,
1836 1684 1929 1757 qui

355 1785 455 1839 sibi
493 1783 777 1853 apparuit,
810 1792 864 1836 et
892 1797 1031 1835 unus
1058 1781 1111 1834 in
1149 1778 1452 1835 substantia
1483 1777 1719 1843 deitatis,
1742 1786 1795 1829 et
1825 1777 1925 1830 tri-

904 548 921 578 ι
957 528 1159 589 Venite,
1189 527 1595 587 deseemlaums,
1627 533 1679 577 et
1713 520 1940 576 confun-
1969 526 2017 581 Α
2047 521 2179 573 ﬁnes
2212 529 2368 573 terra:
2394 518 2582 588 (Ibid.)
2616 538 2633 569 ι
2669 519 2754 583 Et,
2795 528 2852 571 ut
2898 520 3022 573 huic
3048 558 3064 584 ,
3096 536 3258 588 quam
3294 537 3390 591 per
3424 537 3485 575 os
3516 524 3619 576 Da-

2044 613 2130 664 vid
2165 610 2399 679 Spiritus
2434 620 2655 665 sanctus
2704 612 3019 681 eloquitur,
3059 611 3221 665 aliam
3261 629 3475 683 quoque
3525 617 3617 670 Dei

2042 702 2474 757 benedictionem
2524 703 2754 758 similem
2795 705 3270 770 demonstremus,
3307 708 3374 759 ad
3419 708 3615 761 librum

2041 791 2259 846 Numeri
2312 809 2678 848 recurramus.
2749 794 2822 848 lbi
2880 794 3113 864 denique
3167 796 3433 865 scriptum
3489 810 3613 852 est:

2045 902 2064 935 ι
2102 884 2332 937 Locutus
2362 894 2445 938 est
2475 886 2731 938 Dominus
2763 885 2828 938 ad
2859 884 3101 956 Moysen,
3137 903 3156 937 ι
3200 886 3425 943 dicens:
3464 906 3479 938 ι
3514 887 3616 942 Lo-

2038 989 2205 1047 quere
2229 973 2411 1028 Aaron
2461 984 2517 1029 et
2568 975 2692 1029 filiis
2734 974 2848 1042 ejus
2890 992 2904 1028 :
2950 974 3041 1029 Sic
3098 975 3429 1029 benedicetis
3491 979 3615 1031 tiliis

2038 1063 2221 1127 Israel,
2254 1072 2311 1117 et
2357 1064 2548 1118 dicetis
2594 1064 2673 1118 eis
2700 1078 2715 1116 :
2747 1064 3035 1118 Benedieat
3083 1064 3179 1119 tibi
3225 1064 3523 1129 Dominus,
3559 1077 3615 1120 et

2036 1151 2306 1204 custodiat
2339 1162 2429 1215 te;
2461 1152 2711 1205 ostendat
2756 1152 3021 1206 Dominus
3066 1150 3262 1206 faciem
3288 1167 3443 1207 suam
3494 1155 3608 1219 tibi,

2037 1250 2093 1294 et
2116 1241 2438 1296 misereatur
2463 1241 2537 1295 tui
2564 1258 2579 1307 ;
2616 1252 2898 1297 convertat
2926 1242 3186 1298 Dominus
3216 1244 3423 1299 vultum
3454 1262 3615 1301 suum

2036 1328 2099 1379 ad
2123 1338 2195 1390 te,
2224 1328 2383 1381 etdet
2408 1327 2499 1381 tibi
2518 1344 2703 1396 pacem
2731 1329 2918 1398 (Num.
2944 1331 3042 1401 vt).
3068 1350 3087 1384 ι
3116 1332 3206 1397 Et,
3238 1342 3296 1385 ut
3322 1334 3608 1401 clarescat.

2035 1415 2161 1484 quia
2190 1431 2329 1471 unus
2357 1425 2441 1470 est
2476 1417 2638 1480 Deus,
2666 1418 2823 1487 cujus
2866 1434 3058 1474 nomen
3090 1421 3229 1475 trina
3258 1438 3420 1493 super
3443 1440 3603 1495 popu-

2034 1503 2145 1558 lum
2172 1505 2454 1561 vocatione
2497 1507 2774 1575 repetitur,
2807 1507 2948 1563 illico
2981 1510 3318 1567 subinfertur
3348 1532 3363 1567 :
3400 1531 3419 1564 ί
3459 1515 3610 1568 Invo-

2033 1591 2234 1647 cabunt
2267 1609 2463 1648 nomen
2504 1609 2681 1649 meum
2711 1610 2878 1667 super
2902 1597 3043 1653 filios
3070 1599 3258 1666 Israel,
3290 1611 3346 1656 et
3387 1619 3486 1674 ego
3513 1605 3604 1659 be-

2036 1684 2284 1738 nedicam
2318 1684 2420 1740 eis.
2455 1703 2474 1737 ι

2101 1774 2260 1839 Ecce,
2296 1790 2329 1830 ο
2352 1774 2558 1843 Judzee,
2594 1778 2719 1832 dum
2756 1788 2949 1834 cuncta
2995 1795 3132 1851 pene
3162 1782 3294 1856 legis
3330 1794 3433 1841 tua:
3462 1788 3609 1842 voluo

356 1892 457 1931 nus
499 1886 581 1929 est
630 1875 681 1928 in
714 1874 977 1940 personis.
1022 1872 1177 1939 Quod
1232 1872 1397 1941 ipsius
1442 1884 1656 1940 quoque
1700 1870 1929 1925 Abi-aha:
1959 1860 2003 1918 Β
2031 1865 2175 1919 mina
2205 1866 2530 1923 revolvendo
2562 1870 2952 1938 percurrimus,
2996 1873 3261 1930 unitatem
3302 1877 3496 1933 divina:
3524 1897 3611 1934 es-

356 1969 517 2020 verba
546 1975 830 2026 testantur,
865 1980 987 2020 cum
1020 1964 1150 2019 dicit
1179 1980 1193 2017 :
1226 1981 1245 2013 ι
1279 1962 1524 2025 Domine,
1551 1959 1746 2030 inquit,
1777 1960 1820 2013 si
1849 1959 1929 2012 in-

356 2056 475 2109 veni
532 2055 763 2124 gratiam
810 2055 863 2108 in
903 2054 1075 2108 oculis
1120 2052 1258 2117 tuis,
1302 2067 1368 2107 ne
1420 2061 1659 2105 transeas
1714 2065 1927 2105 servum

357 2156 505 2202 tuum
535 2167 546 2200 :
572 2150 667 2202 sed
691 2146 910 2201 oll‘eram
937 2146 1231 2215 pauxillum
1261 2159 1447 2214 aquaa,
1480 2151 1536 2197 et
1562 2143 1805 2197 laventur
1832 2156 1927 2211 pe-

357 2240 451 2292 des
487 2238 672 2302 vestri,
718 2246 774 2292 et
823 2235 1146 2306 requiescite
1213 2239 1315 2289 sub
1384 2235 1576 2289 arbore
1621 2232 1800 2303 (Ibid.
1821 2232 1862 2302 ).
1903 2250 1923 2283 ι

356 2327 452 2381 Cui
495 2329 657 2381 etiam
690 2327 966 2395 aptissime
1000 2325 1249 2396 congruit
1291 2323 1450 2389 illud,
1496 2323 1636 2392 quod
1678 2324 1745 2377 de
1790 2322 1926 2378 Loth

354 2419 635 2481 scribitur,
672 2418 795 2487 quia
820 2433 941 2469 eum
966 2432 1087 2470 eum
1110 2415 1217 2470 duo
1237 2414 1411 2485 angeli
1440 2428 1506 2467 ex
1527 2412 1774 2469 Sodomis
1803 2430 1927 2468 mox

353 2507 730 2562 subvertendis
758 2508 1080 2571 educerent,
1113 2507 1190 2561 ait
1216 2505 1284 2559 ad
1308 2520 1403 2561 eos
1439 2504 1578 2560 Loth
1613 2524 1629 2559 :
1660 2523 1679 2556 ‹
1713 2503 1925 2572 Qttmso,

357 2600 580 2653 Domine
609 2601 702 2661 mi,
726 2601 853 2668 quia
886 2600 1093 2653 invenit
1115 2613 1306 2653 servus
1334 2609 1454 2652 tuus
1479 2598 1712 2668 gratiam
1739 2612 1926 2652 coram

354 2702 405 2745 te
456 2690 609 2759 (Ceu.
642 2692 786 2759 XIX);
821 2711 837 2741 ι
887 2690 977 2744 ubi
1028 2690 1194 2743 etiam
1244 2688 1401 2757 paulo
1462 2696 1581 2757 post
1638 2688 1923 2743 subditur:

356 2803 374 2831 ι
411 2780 544 2832 Plnil
581 2781 741 2849 igitur
772 2780 1026 2832 Dominus
1054 2793 1217 2846 super
1260 2777 1573 2841 Sodomam,
1610 2787 1663 2831 et
1702 2776 1931 2832 Gomor-

356 2869 508 2922 rliam
541 2864 795 2937 sulphur,
825 2878 880 2921 et
904 2869 1077 2938 ignem
1102 2882 1133 2920 a
1167 2867 1389 2921 Domino
1423 2868 1489 2921 de
1519 2866 1923 2937 etnlo(1bid.).i

356 2962 487 3013 Cum
564 2962 705 3014 enim
770 2960 1026 3015 Dominus
1086 2975 1115 3012 a
1183 2960 1408 3015 Domino
1468 2960 1652 3029 pluere
1708 2960 1926 3026 dicitur,

354 3061 502 3119 patet
548 3051 825 3122 profecto,
857 3052 978 3120 quia
1042 3060 1301 3120 utraque,
1348 3050 1524 3105 Patris
1578 3051 1829 3108 videlicet
1874 3061 1932 3108 et

354 3146 493 3209 Fili,
533 3161 759 3213 persena
813 3145 1077 3214 signatur.
1135 3143 1272 3198 lIinc
1302 3152 1385 3198 est
1428 3144 1603 3207 enim,
1660 3144 1803 3212 quod
1856 3144 1923 3198 ad

1978 1966 1981 1971 '
2030 1956 2243 2019 sentiat.
2275 1966 2328 2014 et
2352 1957 2672 2014 Trinitatem
2703 1975 3057 2030 personarum
3090 1965 3371 2035 aptissime
3397 1972 3603 2038 reperi-

2030 2061 2170 2100 Inus.
2196 2047 2265 2100 Et
2295 2048 2340 2102 si
2369 2057 2586 2111 etmcta,
2612 2067 2734 2121 qua:
2767 2052 2923 2107 nobis
2943 2069 3011 2133 ex
3044 2056 3151 2110 tuis
3180 2056 3333 2113 libris
3358 2060 3610 2115 testimo-

2029 2136 2119 2188 nia
2149 2148 2463 2206 suppetunt.
2491 2140 2689 2196 adhoc
2733 2141 3116 2198 affirmandum
3162 2147 3417 2217 colligere
3460 2151 3610 2205 Volu-

2028 2242 2171 2293 mus,
2226 2228 2379 2297 prius
2436 2229 2663 2287 forsitan
2715 2233 2895 2304 lingua
2947 2235 3236 2293 fatiscente
3276 2240 3602 2309 deﬁcimus,

2030 2330 2191 2384 quam
2218 2319 2589 2387 exemplorum
2645 2324 2801 2393 copia
2844 2341 3148 2383 careamus.
3200 2328 3305 2384 Sed
3349 2333 3609 2400 quoniam

2028 2405 2208 2460 omnis
2244 2415 2439 2463 vestra:
2467 2411 2640 2479 partis
2665 2415 2896 2469 assertio
2926 2416 2979 2469 in
3013 2418 3113 2472 hoc
3134 2420 3406 2488 praecipue
3431 2423 3602 2477 soter-

2030 2502 2111 2573 tes
2134 2494 2418 2563 incumbit,
2446 2508 2505 2554 ut
2528 2500 2803 2557 Christum
2835 2505 3002 2559 Deum
3026 2521 3165 2573 esse,
3183 2510 3265 2564 vel
3296 2511 3388 2566 Dei
3413 2511 3607 2568 Filium

2030 2599 2230 2655 legare
2259 2588 2572 2653 contendat,
2604 2607 2748 2646 nunc
2772 2607 2990 2663 quoque
3024 2608 3225 2653 noslrte
3266 2601 3606 2671 allegationis

2028 2676 2290 2733 articulus
2335 2678 2438 2733 hoc
2484 2680 2679 2735 itinere
2721 2683 2959 2740 directus
3011 2687 3241 2743 incedat.
3301 2690 3381 2745 Tu
3424 2703 3603 2747 autem

2030 2768 2194 2823 nolim
2222 2770 2374 2837 mihi,
2408 2781 2463 2824 ut
2502 2783 2678 2826 vester
2716 2790 2832 2829 mos
2855 2785 2959 2841 est,
2995 2779 3236 2834 subdolis
3283 2783 3606 2852 tergiversa-

2032 2860 2289 2926 tionihus,
2321 2861 2467 2916 velut
2516 2862 2570 2915 in
2601 2863 2875 2919 variarum
2904 2875 2957 2921 te
3010 2865 3311 2924 formarum
3359 2883 3603 2927 monstra

2030 2960 2358 3016 convertas,
2404 2953 2507 3007 nisi
2559 2963 2617 3007 ut
2664 2955 2905 3011 lubricus
2958 2960 3194 3028 anguis,
3244 2976 3369 3017 eum
3414 2975 3604 3033 captus

2028 3039 2217 3108 fateris,
2248 3059 2438 3099 tnanus
2458 3046 2685 3101 evadere
2712 3049 2931 3118 gesnas,
2965 3052 3057 3107 sed
3085 3061 3284 3110 cuncta
3329 3055 3400 3110 ad
3444 3056 3604 3111 intel—

2028 3131 2300 3205 ligendum
2333 3147 2547 3193 tuorum
2571 3155 2829 3196 sensuum
2860 3144 3068 3199 viscera
3094 3155 3315 3215 pateant
3339 3188 3355 3213 ,
3387 3162 3488 3204 cor
3514 3166 3609 3204 au-

354 3232 570 3303 Moysen
633 3233 801 3286 dicit:
840 3251 859 3283 (
912 3233 1024 3303 Ego
1074 3248 1190 3287 sum
1247 3233 1389 3289 Deus
1434 3234 1730 3299 Abraham,
1782 3234 1923 3288 Deus
1951 3223 1996 3272 ιλ
2030 3230 2238 3298 liquum
2269 3230 2588 3300 ignorantia:
2624 3234 2868 3289 velamen
2900 3237 3159 3306 abjieiat,
3201 3241 3399 3296 mentis
3445 3256 3608 3297 aures

355 3326 501 3377 Isaac
546 3335 599 3377 et
656 3323 797 3383 Deus
841 3322 1031 3378 Jacob.
1072 3342 1090 3375 ι
1128 3323 1268 3391 Quid
1314 3331 1397 3378 est
1441 3324 1621 3391 enim,
1677 3325 1820 3395 quod
1865 3338 1925 3379 se

359 3413 519 3465 trium
593 3411 929 3467 solummodo
986 3413 1206 3467 Patrum
1272 3414 1437 3468 Deum
1513 3428 1635 3470 esse
1688 3428 1925 3470 comme~

355 3514 547 3569 nmrat,
599 3513 653 3557 et
697 3519 800 3557 non
865 3504 1031 3559 etiam
1080 3504 1443 3559 czeterorum?
1507 3503 1756 3576 Nunquid
1814 3522 1922 3562 non

350 3595 513 3646 etiam
586 3593 726 3647 Deus
798 3593 1031 3648 Enoch?
1095 3592 1341 3663 Nunquid
1405 3610 1510 3649 non
1585 3595 1725 3651 Deus
1770 3595 1921 3661 Noe,

352 3694 405 3735 et
446 3683 674 3737 aliorum
719 3681 1208 3740 innumerabilium
1261 3685 1576 3753 justorum?
1624 3684 1761 3752 Quid
1818 3687 1927 3758 26

350 3784 455 3838 est,
515 3775 754 3844 inquam,
821 3776 964 3846 quod
1016 3776 1399 3846 pnetermissis
1450 3776 1572 3832 aliis
1620 3776 1921 3844 Patribus.

350 3866 513 3919 trium
543 3881 601 3920 se
632 3867 869 3920 virorum
906 3867 1241 3923 sulmmnodo
1269 3868 1437 3922 Deum
1485 3877 1642 3926 vocat
1664 3910 1679 3935 ,
1733 3871 1836 3925 nisi
1864 3880 1923 3925 ut

352 3972 430 4019 se,
460 3957 549 4024 qui
579 3971 714 4009 llllllS
742 3967 825 4010 est
856 3957 907 4009 in
939 3957 1267 4024 substantia,
1304 3959 1506 4014 trinum
1557 3975 1678 4015 esse
1720 3960 1774 4013 in
1799 3975 1921 4029 per-

352 4050 501 4100 souis
550 4047 847 4103 ostendat?
886 4046 1034 4101 llanc
1073 4063 1284 4117 quoque
1324 4047 1643 4106 Trinitatem
1670 4066 1925 4120 persona‘

354 4154 493 4200 nun,
527 4147 687 4205 atque
713 4135 972 4189 unitatem
1004 4146 1209 4191 natura:
1237 4140 1499 4208 propheta
1528 4139 1696 4194 Isaias
1746 4140 1922 4194 mani-

352 4230 488 4283 feste
515 4228 796 4297 perdocuit
822 4268 836 4291 ,
864 4244 985 4283 cum
1011 4230 1282 4298 seraphim
1312 4230 1586 4299 perhibuit
1633 4244 1692 4284 se
1725 4231 1922 4286 vidisse

350 4321 683 4375 clamantia:
722 4338 739 4370 ι
778 4320 1027 4385 Sanctus,
1055 4320 1305 4386 Sanetus,
1344 4321 1617 4387 Sanctus,
1666 4321 1922 4378 Dominus

353 4414 492 4467 Deus
546 4412 801 4466 Sabaoth
834 4411 986 4481 (lsai.
1038 4412 1141 4482 vi).
1180 4432 1199 4466 ι
1255 4411 1324 4467 Ut
1370 4412 1514 4467 enim
1567 4426 1920 4484 personarum

352 4503 590 4558 Trinitas
620 4513 1036 4567 monstraretur,
1075 4504 1234 4558 tertio
1284 4511 1506 4558 sanctus
1558 4504 1774 4560 dleitur.
1814 4506 1919 4559 Sed

352 4603 411 4646 ut
440 4608 599 4646 unam
621 4608 741 4647 esse
764 4595 1117 4648 substantiam
1146 4593 1432 4648 Trinitatis
1470 4604 1769 4665 appareat,
1811 4612 1918 4650 non

352 4676 566 4740 Domini
632 4684 911 4749 Sabaoth,
964 4684 1057 4738 sed
1118 4683 1376 4740 Dominus
1421 4698 1541 4740 esse
1587 4684 1921 4755 perhibetur.

352 4774 505 4840 Quod
531 4774 696 4828 David
720 4788 934 4844 quoque
975 4773 1223 4827 sinuliter
1270 4775 1511 4829 sentiens
1542 4776 1656 4830 ait:
1692 4792 1711 4827 ε
1743 4774 1951 4851 νει-’ὺα

358 4868 571 4923 Domini
606 4867 726 4922 ρωιί
779 4867 979 4919 firmati
1022 4875 1148 4919 sunt
1176 4864 1349 4936 (Psal.
1380 4882 1530 4922 χχιιι
1557 4868 1597 4937 ).
1632 4885 1651 4921 ι
1684 4866 1921 4924 Verbum

352 4965 494 5018 enim
525 4960 735 5015 Domini
761 4957 930 5012 Filius
961 4968 1043 5013 est
1067 4958 1265 5013 Patris.

423 5056 527 5107 Sed
559 5062 617 5107 ut
643 5052 858 5106 eosdem
885 5050 1050 5105 coelos
1083 5059 1189 5104 tota
1224 5048 1383 5102 simul
1406 5048 1646 5102 Trinitas
1669 5051 1939 5102 ostenda-‘

354 5155 440 5197 tur
470 5153 688 5213 pperata
708 5182 721 5202 ,
779 5150 998 5209 repente
1021 5138 1089 5193 de
1141 5140 1313 5193 sancti
1345 5139 1579 5206 Spiritus
1637 5135 1923 5193 divinitate

354 5234 729 5302 subjungitur:
788 5249 807 5282 ‹
844 5230 909 5284 Et
943 5228 1146 5298 Spiritu
1194 5229 1309 5283 oris
1361 5226 1477 5295 ejus
1525 5228 1703 5281 omnis
1750 5229 1925 5282 virtus

352 5342 538 5380 eorum
568 5323 779 5393 (Ibid.).
820 5342 838 5373 ι
878 5320 950 5374 De
1002 5332 1107 5388 quo
1150 5317 1402 5372 videlicet
1446 5316 1652 5387 Spiritu
1691 5315 1815 5371 alibi
1849 5316 1925 5375 Ie-

352 5420 496 5489 gitur
528 5436 540 5470 :
580 5435 597 5467 ς
630 5415 865 5485 Spiritus
886 5412 1000 5481 ejus
1035 5408 1251 5466 ornavit
1297 5407 1461 5463 cmlos
1492 5406 1613 5476 (Job
1664 5407 1835 5478 xxv1).
1866 5407 1926 5462 In

352 5512 460 5564 alio
489 5521 703 5576 quoque
751 5503 956 5573 psalmo
1002 5501 1143 5556 idem
1194 5497 1362 5553 David
1411 5497 1531 5550 ait:
1572 5515 1590 5548 ι
1626 5496 1929 5553 Benedicat

354 5618 451 5655 nos
482 5601 641 5663 Deus,
689 5599 828 5651 Deus
855 5606 1058 5659 noster,
1093 5592 1375 5649 benedicat
1424 5606 1522 5645 nos
1569 5590 1711 5643 Deus
1748 5585 1923 5656 (Psal.

353 5693 519 5763 uvr).
552 5710 569 5742 ι
593 5690 693 5755 Qui
721 5704 843 5743 cum
872 5688 1029 5741 tertio
1047 5683 1478 5746 dixissetDeum,
1509 5690 1567 5735 ut
1594 5695 1757 5734 unum
1779 5679 1926 5732 hunc

353 5790 497 5837 esset
522 5779 851 5839 ostenderet,
876 5775 1108 5830 subdidit
1132 5789 1145 5826 :
1180 5793 1197 5825 ι
1242 5772 1305 5829 Et
1332 5780 1570 5830 metuant
1591 5785 1711 5825 eum
1734 5782 1924 5825 onmes

1994 3319 2311 3391 vigilanter
2351 3322 2652 3379 intendant.
2704 3327 2838 3381 Cum
2877 3344 3004 3383 vero
3052 3330 3183 3385 mihi
3237 3333 3458 3389 obviare
3504 3351 3608 3390 non

2024 3412 2241 3481 poterit.
2290 3415 2687 3473 rationabiliter
2734 3420 3071 3486 obticesrat;
3116 3433 3212 3487 ut,
3258 3424 3305 3478 si
3352 3426 3608 3494 possibile

2025 3511 2132 3567 est,
2160 3502 2250 3572 qui
2280 3504 2432 3570 mihi,
2457 3506 2706 3575 imperito
2734 3508 2979 3563 videlicet
3004 3511 3231 3575 homini,
3267 3513 3334 3566 ad
3360 3522 3607 3569 astruen-

2025 3594 2150 3648 dam
2178 3596 2463 3652 veritatem
2494 3612 2647 3652 suam
2678 3610 3119 3669 argumentorum
3149 3603 3435 3658 materiam
3472 3620 3607 3675 prte-

2024 3692 2153 3748 stat,
2182 3683 2295 3752 ipse
2318 3698 2533 3755 quoque
2555 3689 2751 3741 mentis
2779 3700 2881 3743 tua:
2913 3691 3148 3745 tenebris
3177 3692 3242 3746 ad
3269 3693 3596 3752 credendum

2024 3774 2301 3844 sapientia:
2331 3791 2442 3830 suze
2476 3775 2653 3831 lumen
2685 3777 2950 3832 infundat.

2460 3865 2566 3935 27
2604 3864 2832 3921 CAPUT
2873 3866 3163 3925 PRIMUM.

2357 3950 2430 4006 De
2462 3953 2690 4018 Christo,
2720 3954 2809 4023 qui
2836 3965 2910 4009 est
2945 3954 3119 4012 Filius
3156 3959 3270 4013 Dei.

2093 4046 2418 4119 Incipiamus
2447 4048 2631 4127 igitur,
2658 4057 2713 4103 et
2740 4048 2877 4117 ejus,
2902 4050 2969 4105 de
2996 4066 3104 4122 quo
3126 4051 3413 4125 loquimur,
3449 4057 3601 4127 adju-

2025 4142 2227 4196 torium
2271 4143 2591 4197 ﬁducialiter
2618 4143 2989 4211 imploremus,
3021 4144 3299 4200 dicentes:
3332 4163 3359 4199 ι
3398 4148 3595 4203 Exsur-

2024 4240 2114 4302 gat
2146 4232 2283 4285 Deus
2318 4269 2333 4296 ,
2366 4239 2420 4284 et
2466 4230 2795 4299 dissipentur
2825 4232 3026 4289 inimici
3068 4234 3221 4304 ejus;
3250 4244 3305 4289 et
3332 4237 3537 4307 fugiant
3565 4254 3592 4297 θ

2024 4321 2162 4379 facie
2198 4322 2334 4391 ejus,
2359 4322 2451 4391 qui
2497 4323 2729 4378 oderunt
2772 4338 2895 4378 eum
2941 4322 3113 4398 (Paul.
3141 4331 3329 4399 uvn).
3375 4346 3393 4379 ι
3436 4334 3601 4385 Deum

2025 4413 2206 4481 itaque
2250 4411 2468 4466 Patrem
2514 4412 2944 4483 omnipotentem
2992 4415 3229 4476 Verbum
3262 4420 3329 4475 de
3377 4434 3437 4474 se
3472 4431 3601 4477 aute

2024 4503 2202 4557 omnia
2241 4502 2437 4557 stecula
2466 4503 2715 4573 genuisse
2745 4504 2990 4574 legimus.
3021 4507 3294 4565 credimus
3322 4551 3336 4574 ,
3394 4520 3449 4566 et
3478 4529 3603 4582 pro-

2026 4593 2237 4647 bamus.
2272 4590 2426 4659 Quod
2452 4592 2497 4646 si
2526 4601 2605 4658 tu,
2628 4590 2833 4659 Iudaee.
2880 4610 3079 4664 negare
3115 4600 3399 4654 contendis
3426 4640 3442 4664 ,
3485 4617 3603 4670 pro-

2024 4684 2110 4738 cul
2141 4683 2304 4739 dubio
2338 4692 2530 4741 contra
2561 4683 2737 4754 ipsum
2767 4724 2785 4750 ,
2813 4701 2973 4755 quem
3003 4694 3054 4742 te
3096 4688 3336 4744 recolere
3371 4692 3598 4756 asseris,

2024 4773 2193 4828 Deum
2220 4788 2463 4845 pugnare
2483 4774 2842 4829 convinceris.
2874 4775 2993 4844 Ipse
3026 4776 3172 4830 enim
3198 4778 3327 4833 dicit
3358 4796 3371 4833 :
3404 4797 3425 4831 ι
3462 4780 3597 4835 Eru-

2025 4864 2192 4919 ctavit
2226 4876 2323 4918 cor
2366 4878 2546 4918 meum
2588 4864 2813 4919 verbum
2864 4866 3063 4920 bonum
3114 4866 3302 4937 (Psal.
3352 4869 3537 4934 κων).
3579 4888 3598 4922 ι

2026 4953 2102 5007 De
2134 4954 2236 5008 hoc
2261 4954 2425 5009 verbo
2454 4968 2554 5024 per
2582 4954 2899 5023 prophetam
2928 4955 3092 5010 alium
3122 4957 3321 5012 dicitur
3349 4978 3360 5012 :
3401 4978 3418 5009 ι
3460 4957 3598 5014 Ver-

2029 5047 2154 5100 bum
2189 5046 2402 5100 Domini
2435 5046 2710 5112 validum,
2736 5056 2793 5101 et
2825 5043 2966 5101 forte
2994 5086 3012 5112 ,
3047 5049 3168 5116 quis
3208 5050 3409 5118 poterit
3451 5064 3602 5105 com-

2028 5124 2370 5193 prehendere
2402 5125 2581 5180 illud?
2617 5146 2635 5179 ι
2674 5128 2747 5181 De
2786 5129 2887 5184 hoc
2922 5133 3116 5186 iterum
3152 5129 3318 5187 Isaias
3348 5135 3611 5206 loquitur,

2029 5216 2117 5270 ubi
2152 5218 2267 5271 ait:
2307 5234 2324 5267 ι
2367 5215 2455 5271 Sic
2490 5218 2595 5272 erit
2626 5220 2873 5290 verbum,
2899 5225 3045 5294 quod
3077 5223 3382 5293 egredietur
3414 5227 3479 5280 de
3515 5244 3612 5283 ore

2027 5324 2190 5363 meo:
2245 5325 2348 5365 non
2399 5320 2700 5369 revertetur
2742 5316 2808 5369 ad
2859 5331 2946 5369 me
2988 5332 3245 5381 vacuum,
3294 5318 3389 5373 sed
3442 5318 3609 5375 faciet

2026 5417 2383 5472 quaecumque
2422 5406 2587 5471 volui,
2624 5415 2677 5461 et
2709 5407 3133 5478 prosperabitur
3158 5408 3211 5463 in
3244 5408 3355 5473 his,
3387 5411 3453 5464 ad
3487 5428 3609 5480 qua:

2028 5496 2150 5550 misi
2186 5496 2335 5551 illud.
2368 5495 2510 5567 (lea.
2548 5500 2624 5567 κ.)
2665 5515 2683 5549 ι
2731 5497 2838 5566 Qui
2876 5499 3066 5568 utique
3100 5499 3143 5555 si
3179 5500 3247 5556 de
3278 5503 3599 5559 transitoria

2025 5592 2193 5645 verbo
2240 5592 2464 5657 diceret,
2524 5608 2630 5646 non
2682 5592 2816 5647 illud
2856 5594 2922 5648 ad
2972 5609 3033 5649 se
3083 5608 3458 5662 reversurum,
3519 5597 3604 5650 vel

2027 5681 2295 5737 iacturum
2323 5679 2525 5751 aliquid
2555 5681 2852 5738 nuntiaret.
2874 5679 3041 5753 Cujus
3068 5683 3267 5741 virtute
3296 5682 3459 5741 Verbi
3488 5696 3602 5739 ter-

2022 5792 2082 5834 ra
2119 5774 2341 5832 fundata
2373 5783 2477 5845 est,
2510 5784 2566 5833 et
2594 5776 2792 5834 coelum
2824 5790 2948 5835 cum
2975 5778 3089 5836 suis
3121 5778 3485 5838 luminaribus
3509 5790 3601 5833 so-
