4024 6200
402 459 471 515 ιδ
1203 462 1443 522 OPUSC.
1487 467 1549 520 Il.
1587 495 1656 509 --
1694 464 2087 521 ANTILOGUS
2129 456 2401 519 CONTRA
2443 453 2751 531 .LUDEOS.
3581 471 3650 526 ιθ

398 575 646 639 lidatnm,
679 583 731 627 et
757 590 905 630 mare
934 574 985 628 in
1013 574 1133 629 sinu
1179 591 1277 629 suo
1310 576 1583 631 diffusmn.
1614 579 1688 632 De
1726 595 1832 648 quo
1862 619 1876 641 ,
1912 589 1968 631 ut
2000 586 2043 641 Α
2073 576 2278 644 absque
2316 575 2445 629 illo:
2481 576 2573 644 qui
2607 576 2811 629 invenit
2859 591 3073 631 omnem
3124 579 3262 632 Viam
3292 579 3551 646 scienter,
3593 594 3646 639 et

397 670 647 736 superius
675 668 878 721 dictum
906 675 1009 731 est,
1038 668 1271 737 legitur:
1304 687 1322 719 ι
1367 668 1544 723 Verbo
1592 669 1803 725 Domini
1852 672 1973 724 coeli

395 759 597 814 ﬁrmati
624 768 749 813 sunt
774 757 946 828 (Psal.
997 760 1194 828 xxxii).
1227 779 1245 812 ο
1282 759 1395 815 Hoc
1436 761 1671 815 Verbum
1721 762 1787 817 de
1818 762 1978 817 Patre

394 857 525 903 ante
562 847 757 901 sarcula
788 848 1053 919 genitum,
1086 847 1139 901 in
1181 857 1337 903 utero
1372 848 1611 916 Virginis
1653 852 1817 905 homo
1857 852 1973 904 fieri

392 941 567 996 voluit
592 943 641 993 in
676 940 780 993 line
829 939 1172 995 sznculorum.
1204 941 1279 996 De
1320 940 1475 1010 cujus
1507 940 1665 996 Verbi
1712 944 1972 996 incarna-

396 1033 547 1086 tione
610 1030 865 1085 llabacuc
927 1031 1168 1098 loquitur
1197 1031 1434 1095 ,dicens
1473 1048 1486 1084 :
1534 1050 1553 1082 ι
1604 1035 1743 1087 Ante
1781 1033 1973 1087 faciem

396 1120 515 1189 ejus
549 1120 645 1174 ibit
668 1116 924 1182 Verbum,
955 1126 1009 1172 et
1032 1119 1203 1173 exibit
1228 1119 1281 1173 in
1309 1120 1519 1189 campis
1546 1108 1780 1191 (Habac.
1814 1123 1921 1193 ιιι).
1950 1141 1967 1174 ι

468 1208 609 1276 Quid
636 1215 815 1261 autem
841 1207 911 1261 sit
943 1207 1045 1261 hoc
1070 1207 1293 1262 verbum
1321 1249 1336 1271 ,
1388 1209 1432 1263 si
1470 1209 1699 1264 solerter
1746 1210 1974 1281 inquiri-

394 1309 506 1363 tur,
535 1297 694 1368 paulo
715 1306 838 1368 post
863 1296 1089 1366 inferius
1118 1296 1407 1361 invenitur,
1435 1314 1559 1354 eum
1589 1300 1722 1355 dicit
1753 1318 1765 1353 :
1805 1318 1823 1352 ι
1863 1300 1973 1369 Ego

392 1400 576 1444 autem
610 1390 666 1444 in
696 1389 922 1443 Domino
949 1386 1245 1459 gloriabor,
1285 1398 1341 1443 et
1361 1392 1609 1460 gaudebo
1636 1392 1689 1446 in
1708 1392 1821 1448 Deo
1842 1393 1970 1448 Jesu

393 1496 521 1534 meo
543 1480 754 1551 (lbid.).
795 1498 812 1529 ι
844 1477 999 1533 Unde
1026 1488 1081 1533 et
1109 1477 1280 1533 Isaias
1328 1480 1668 1548 apertissime
1727 1483 1927 1537 clamat
1953 1514 1968 1548 ι

393 1571 617 1624 dicens:
654 1586 674 1619 ι
709 1569 869 1632 Ecce,
899 1567 1093 1636 inquit,
1118 1568 1273 1638 virgo
1306 1569 1358 1623 in
1392 1580 1546 1626 utero
1573 1571 1869 1642 concipiet.
1916 1584 1971 1629 et

392 1661 571 1730 pariet
592 1659 783 1713 Filium
813 1675 827 1713 :
860 1667 915 1713 et
935 1659 1222 1714 vocabitur
1243 1675 1439 1715 nomen
1469 1660 1590 1730 ejus
1621 1664 1964 1723 Emmanuel.

392 1751 540 1820 quod
584 1752 972 1821 interpretatur
1018 1750 1302 1806 nobiscum
1345 1752 1801 1822 Deus(lsui.vu).
1839 1778 1858 1810 ι
1895 1759 1970 1814 De

390 1860 504 1913 quo
556 1859 651 1915 per
693 1844 940 1898 eiundem
998 1843 1317 1913 prophetam
1365 1845 1491 1900 alibi
1538 1846 1775 1902 dicitur:
1813 1867 1832 1900 ι
1864 1849 1968 1904 Do-

2080 666 2229 719 dedit
2254 680 2372 720 eam
2413 664 2581 721 Jacob
2616 680 2785 737 puero
2814 681 2944 731 suo,
2994 678 3049 721 et
3078 667 3238 723 Israel
3270 670 3465 726 dilecto
3498 689 3595 727 suo
3625 716 3640 729 .
3672 738 3673 749 χ

2078 766 2200 824 post
2227 757 2341 812 haec
2371 757 2422 811 in
2451 758 2610 811 terris
2641 758 2787 813 visus
2810 766 2913 825 est,
2936 767 2991 812 et
3018 774 3140 814 cum
3176 760 3485 818 hominibus
3520 779 3644 819 con-
3670 754 3695 765 ”

2076 856 2325 900 versatus
2348 854 2433 901 est
2462 845 2716 915 (Baruch.
2741 846 2844 916 ιιι).
2875 868 2893 898 ι
2930 846 3059 900 Nam
3092 847 3134 903 si
3167 848 3433 917 Christus,
3469 860 3527 906 ut
3560 850 3682 941 εις-ξ

2076 937 2233 1001 seris,
2269 937 2409 991 Deus
2448 953 2555 991 non
2612 948 2713 1003 est,
2745 939 2970 993 ostende
3020 940 3153 993 mihi
3191 955 3257 995 ex
3302 941 3408 995 tuis
3457 941 3638 1005 libris,

2075 1028 2292 1094 quando
2322 1037 2443 1096 post
2462 1029 2643 1083 datam
2670 1029 2839 1099 legem
2866 1028 3051 1096 Jacob,
3081 1032 3223 1087 Deus
3250 1033 3303 1087 in
3329 1042 3469 1088 terra
3500 1036 3644 1091 visus

2074 1116 2165 1181 sit,
2197 1126 2253 1171 et
2300 1133 2422 1172 cum
2474 1119 2783 1174 hominibus
2812 1129 3186 1177 conversatus.
3209 1121 3315 1178 Sed
3342 1140 3464 1179 cum
3494 1126 3645 1180 inve-

2074 1205 2191 1259 nire
2220 1222 2325 1261 non
2365 1208 2590 1277 poteris,
2619 1209 2924 1263 convictum
2958 1220 3010 1265 te
3054 1210 3108 1264 in
3149 1203 3399 1269 omnibus
3429 1229 3648 1272 necesse

2074 1304 2179 1361 est,
2207 1296 2455 1353 fatearis.

2147 1385 2254 1440 Sed
2306 1402 2374 1442 ne
2417 1388 2595 1456 potius
2636 1388 2771 1442 meis
2800 1388 2981 1444 verbis
3013 1389 3431 1460 circumvenire,
3479 1410 3643 1463 quam

2074 1477 2458 1545 prophetarum
2488 1477 2751 1546 exemplis
2784 1487 3040 1547 superare
3075 1487 3128 1533 te
3175 1480 3381 1547 videar,
3427 1486 3651 1539 accedat

2070 1568 2236 1623 etiam
2267 1567 2476 1631 Daniel,
2508 1577 2563 1621 et
2588 1568 2959 1622 testimonium
2985 1570 3053 1624 de
3078 1570 3294 1626 Christo
3322 1572 3602 1642 perbihnat
3627 1594 3644 1633 :

2076 1676 2094 1708 ε
2127 1658 2261 1712 Cum
2295 1658 2529 1723 venerit,
2560 1658 2754 1727 inquit,
2785 1659 3018 1713 Sanctus
3041 1670 3385 1728 sanctorum,
3412 1667 3651 1721 cessabit

2070 1747 2274 1802 unctio:
2309 1748 2508 1802 Dicetis
2540 1765 2555 1801 :
2587 1746 2837 1803 Nondum
2862 1736 3009 1803 venit
3045 1738 3280 1804 Sanctus
3307 1759 3645 1819 sanctorum,

2070 1837 2307 1892 nondum
2334 1838 2478 1891 venit
2510 1837 2757 1903 Messias,
2781 1850 3037 1894 venturus
3055 1848 3138 1895 est
3159 1851 3359 1908 autem,
3380 1847 3650 1901 ostendite

392 1936 579 1989 minus
603 1934 794 1989 dilexit
816 1950 964 1998 eum,
993 1933 1159 1989 faciet
1197 1934 1529 1989 voluntatem
1578 1953 1730 1992 suam
1772 1941 1824 1994 in
1864 1940 1968 1994 Ba-

2074 1927 2378 1981 unctiouem
2410 1927 2570 1999 (Dan.
2605 1930 2680 2001 v1)
2716 1949 2729 1985 :
2776 1951 2795 1983 ι
2842 1932 2887 1987 si
2920 1941 3122 1999 autem,
3144 1936 3286 2005 quod
3319 1951 3503 1991 verum
3541 1950 3647 2006 est,

389 2027 611 2097 bylone,
636 2034 692 2080 et
717 2025 999 2081 brachium
1036 2039 1192 2080 suum
1245 2024 1298 2079 in
1337 2024 1622 2081 Chaldaeis.
1673 2029 1784 2100 Ego
1808 2071 1822 2095 ,
1869 2048 1969 2102 ego

390 2119 605 2174 locutus
638 2133 779 2181 sum,
810 2125 865 2172 et
885 2115 986 2173 feci
1016 2136 1030 2173 :
1061 2121 1246 2175 vocavi
1286 2132 1433 2181 eum,
1474 2120 1673 2173 adduxi
1720 2136 1843 2175 eum
1864 2161 1879 2185 ,
1914 2132 1971 2178 et

390 2206 601 2261 directa
625 2215 710 2260 est
729 2206 811 2260 via
836 2205 954 2275 ejus
984 2206 1140 2278 (Isai.
1170 2212 1379 2280 xum).
1419 2230 1436 2263 ι
1463 2211 1530 2265 Ει.
1561 2227 1682 2266 mox
1707 2225 1773 2265 ex
1804 2212 1970 2282 ipsius

390 2295 515 2349 Filii
543 2311 772 2365 persona
798 2297 1175 2370 subiungitur:
1210 2319 1229 2352 ι
1260 2301 1515 2356 Accedite
1556 2302 1625 2355 ad
1643 2317 1729 2356 me
1754 2332 1768 2367 ,
1793 2312 1848 2357 et
1877 2319 1970 2357 au-

391 2386 507 2440 dite
532 2386 662 2440 hoc:
687 2403 792 2442 non
816 2403 847 2441 a
872 2388 1134 2459 principio
1160 2389 1212 2444 in
1234 2391 1556 2447 abscondito
1581 2392 1789 2448 locutus
1813 2410 1965 2449 smn:

390 2488 459 2528 ex
512 2484 753 2546 tempore
798 2487 1090 2548 antequam
1151 2481 1344 2536 fierent
1381 2482 1453 2537 ibi
1500 2496 1689 2538 eram:
1723 2493 1778 2539 et
1823 2501 1967 2539 nunc

389 2564 655 2619 Dominus
683 2565 824 2622 Deus
851 2567 1000 2623 misit
1020 2583 1125 2634 me,
1156 2580 1213 2625 et
1232 2571 1459 2639 spiritus
1501 2570 1637 2639 ejus.
1675 2574 1803 2628 Il;ec
1837 2576 1973 2631 dicit

392 2652 655 2709 Dominus
682 2653 825 2711 Deus
861 2655 1169 2727 redemptor
1205 2668 1429 2714 sanctus
1454 2657 1663 2716 lsrael:
1703 2662 1817 2732 Ego
1867 2663 1972 2717 llu-

392 2744 575 2798 minus
604 2744 744 2800 Deus
773 2754 896 2801 tuus
917 2745 1119 2803 docens
1148 2757 1199 2803 te
1243 2748 1394 2803 utilia
1419 2790 1434 2815 ,
1480 2752 1794 2821 gubernans
1826 2762 1879 2807 te
1917 2756 1969 2809 in

392 2834 480 2887 via
494 2849 598 2903 qua
621 2835 892 2901 ambulas:
918 2839 1121 2893 utinam
1146 2841 1478 2897 attendisses
1505 2842 1760 2897 mandata
1781 2859 1920 2907 mea,
1946 2863 1964 2896 ι

392 2937 447 2980 et
491 2925 697 2996 reliqua
747 2925 956 2998 (Ibid).
989 2928 1129 2984 Audi
1162 2930 1337 2985 adhuc
1367 2930 1530 2986 etiam
1570 2919 1805 2987 Micltara:
1842 2948 1971 3002 pro-

392 3018 572 3086 pheta:
601 3015 966 3072 testimonium
994 3017 1061 3072 de
1096 3017 1353 3074 Christo:
1391 3037 1409 3070 ι
1458 3019 1576 3073 Erit
1599 3060 1613 3083 ,
1664 3020 1874 3089 inquit,
1916 3023 1969 3076 in

392 3104 688 3160 novissimo
722 3105 929 3161 dierum
956 3116 1289 3178 praeparatus
1317 3124 1471 3164 mons
1518 3109 1711 3164 domus
1751 3109 1969 3165 Domini

393 3196 450 3248 in
482 3195 681 3250 vertice
728 3198 989 3252 montium
1017 3236 1034 3263 ,
1063 3206 1121 3254 et
1162 3199 1413 3255 sublimis
1457 3215 1618 3269 super
1662 3201 1827 3256 colles
1855 3242 1869 3265 ,
1915 3213 1971 3257 et

392 3284 564 3339 fluent
588 3287 796 3365 adeum
827 3289 1026 3358 populi,
1060 3299 1114 3345 et
1139 3263 1721 3361 properabuntgentes
1760 3263 1965 3350 multm.
1998 3263 2040 3323 C

389 3387 451 3431 et
482 3376 661 3432 dicent
687 3394 701 3431 :
730 3378 943 3444 Venite,
980 3382 1339 3437 ascendamus
1364 3383 1432 3437 ad
1464 3392 1705 3439 montem
1757 3384 1967 3440 Dotnini

392 3476 451 3523 et
488 3468 556 3522 ad
605 3470 821 3523 domum
866 3472 959 3526 Dei
999 3471 1196 3536 Jacob,
1241 3481 1296 3527 et
1343 3474 1560 3529 docebit
1606 3490 1704 3529 nos
1755 3474 1822 3530 de
1868 3476 1969 3530 viis

389 3556 532 3622 suis,
560 3567 610 3612 et
643 3558 840 3613 ibimus
885 3560 937 3614 in
986 3561 1194 3616 sentitis
1223 3562 1339 3631 ejus
1371 3579 1385 3615 :
1416 3564 1541 3631 quia
1586 3565 1652 3619 de
1694 3563 1823 3618 Sion
1880 3582 1973 3619 cx-

392 3648 495 3702 ibit
538 3649 644 3713 lex,
706 3660 761 3706 et
810 3652 1029 3706 verbum
1084 3652 1295 3709 Domini
1346 3655 1414 3709 de
1465 3655 1804 3713 Hierusalem
1850 3672 1865 3709 ε
1918 3666 1973 3711 et

385 3736 654 3807 iudicabit
683 3743 823 3797 inter
848 3743 1072 3814 populos
1100 3746 1298 3801 multos
1326 3787 1341 3812 ,
1387 3758 1443 3802 et
1485 3749 1743 3818 corripiet
1784 3762 1972 3819 gentes

391 3831 564 3886 fortes
611 3848 781 3903 usque
840 3835 892 3889 in
948 3836 1300 3907 longinquum
1347 3839 1367 3909 (
1395 3840 1555 3895 Mich.
1578 3855 1629 3894 tv
1653 3841 1692 3912 ).
1748 3861 1764 3893 ι
1820 3841 1970 3910 Quod

392 3921 647 3977 videlicet
674 3924 841 3980 Isaias
887 3942 994 3980 non
1038 3929 1194 3984 modo
1237 3931 1338 3983 sub
1385 3929 1573 3985 eodem
1615 3946 1773 3985 sensu
1807 3972 1820 3993 ,
1878 3932 1971 3985 sed

392 4008 637 4077 ejusdem
679 4027 814 4080 pene
850 4014 1072 4085 syllabis
1117 4018 1389 4088 protulit:
1420 4034 1521 4074 nec
1560 4034 1660 4074 nos
1704 4022 1769 4075 ad
1817 4020 1971 4073 robe-

392 4104 625 4156 randum
664 4104 775 4174 28
809 4107 1127 4162 assertionis
1188 4118 1387 4163 nostra:
1446 4109 1770 4163 sententiam
1828 4109 1975 4178 piget

390 4191 575 4247 denuo
616 4196 887 4261 scribere,
931 4198 1073 4266 quod
1122 4213 1219 4268 per
1252 4201 1357 4254 ‘ora
1402 4190 1630 4256 duorum
1683 4201 1970 4270 prepbeta-

392 4286 517 4335 rum
566 4281 800 4353 Spiritus
854 4298 1077 4344 sanctus
1116 4289 1288 4345 voluit
1336 4291 1630 4361 geminare.
1666 4285 1757 4344 Ait
1796 4307 1967 4360 ergo:

397 4387 419 4421 ι
451 4370 586 4438 Erit,
618 4375 809 4445 inquit,
834 4378 886 4431 in
920 4380 1228 4436 novissimis
1253 4380 1441 4436 diebus
1471 4387 1972 4451 praiparatusmons

392 4469 588 4523 domus
641 4468 851 4523 Domini
907 4470 959 4523 in
1013 4471 1215 4526 vertice
1266 4471 1549 4538 montium,
1584 4481 1639 4528 et
1675 4463 1973 4528 elevabitur

390 4576 561 4629 super
583 4560 773 4624 colles,
798 4569 851 4616 et
878 4560 1044 4618 ﬂuent
1062 4562 1129 4618 ad
1159 4578 1281 4618 emn
1304 4578 1492 4619 omnes
1511 4573 1716 4635 gentes,
1738 4573 1793 4619 et
1818 4565 1969 4619 ibunt

390 4653 600 4723 populi,
629 4663 684 4708 et
723 4654 942 4709 dicent:
979 4656 1189 4719 Venite,
1242 4656 1595 4713 ascendamus
1634 4658 1701 4712 ad
1733 4667 1967 4714 montem

392 4745 645 4810 Domini,
672 4754 726 4799 et
753 4744 819 4798 ad
861 4744 1077 4800 domum
1129 4746 1221 4802 Dei
1276 4744 1444 4823 Jacob
1474 4765 1489 4802 :
1517 4756 1572 4803 et
1619 4748 1834 4803 decebit
1873 4765 1971 4804 nos

393 4836 515 4890 vias
546 4852 694 4900 suas,
720 4846 773 4891 et
800 4830 1193 4892 ambulabimus
1230 4839 1281 4892 in
1323 4840 1534 4894 semitis
1562 4839 1712 4909 ejus;
1747 4840 1871 4908 quia
1903 4842 1970 4895 de

393 4928 530 4983 Sion
559 4928 728 4982 exibit
757 4928 839 4983 lex
862 4968 877 4992 ,
907 4939 963 4983 et
988 4930 1210 4983 verbum
1240 4931 1451 4985 Domini
1486 4932 1553 4986 de
1588 4922 1921 4986 Hierusalem
1954 4950 1967 4984 :

390 5029 451 5072 et
472 5010 739 5087 judicabit
786 5029 995 5089 gentes,
1029 5027 1085 5073 et
1112 5029 1299 5090 arguet
1329 5019 1553 5090 populos
1590 5018 1788 5074 mullos
1815 5019 1968 5089 (lsui.

391 5109 457 5179 ιι)
488 5126 502 5174 ;
542 5128 560 5160 ι
620 5110 707 5162 ubi
754 5116 809 5163 et
841 5111 998 5177 paulo
1027 5121 1148 5179 post
1197 5111 1414 5165 additur
1440 5128 1458 5164 ί
1496 5129 1523 5163 r
1554 5111 1755 5165 Domus
1782 5100 1970 5172 Jacob,

393 5200 599 5261 venite,
634 5208 689 5253 et
736 5200 1074 5254 ambulemus
1105 5201 1156 5254 in
1189 5201 1390 5255 lumine
1435 5196 1644 5256 Domini
1700 5199 1908 5271 (Ibid.).
1948 5220 1964 5251 ι

393 5289 583 5359 Neque
617 5292 758 5344 enim
793 5289 928 5344 alter
971 5292 1040 5344 ab
1090 5291 1261 5344 altero
1304 5289 1439 5345 hanc
1488 5290 1810 5345 sententiam
1850 5306 1969 5343 mu-

399 5382 581 5435 tuatus
609 5396 727 5436 esse
764 5382 958 5437 merito
993 5383 1250 5445 creditur,
1289 5396 1411 5435 cum
1456 5387 1680 5451 uterque
1709 5382 1969 5451 propheta

397 5486 510 5525 uno
546 5481 820 5540 tempore,
868 5483 924 5527 et
969 5474 1069 5527 sub
1116 5464 1319 5527 eisdem
1357 5472 1573 5541 regibus
1619 5472 1971 5541 prOphetaSSe

397 5570 680 5613 ιιοδοιιιυτ.

468 5648 623 5714 Quod
649 5651 693 5703 si
715 5666 906 5705 otnnes
938 5651 971 5705 ii
998 5652 1241 5707 Veritatis
1276 5661 1440 5706 testes
1469 5652 1695 5706 necdum
1734 5653 1849 5715 tibi,
1882 5652 1977 5706 Ju-

397 5742 537 5804 da:e,
561 5740 848 5805 sufﬁciunt,
875 5744 996 5797 audi
1023 5753 1169 5798 tuum
1197 5759 1409 5814 quoque
1433 5744 1641 5798 Baruch
1666 5745 1929 5797 dicentem
1959 5762 1970 5795 :

405 5850 423 5881 ι
465 5830 564 5885 Hic
610 5842 717 5899 est,
746 5833 937 5903 inquit,
980 5833 1141 5900 Deus,
1172 5843 1225 5889 et
1276 5850 1380 5888 non
1431 5834 1785 5889 :cstimabitur
1839 5835 1975 5888 alius

2071 2015 2311 2070 cessavit
2345 2025 2522 2072 vestra
2553 2019 2738 2074 unctio
2768 2019 2899 2091 (non
2930 2020 3075 2075 enim
3099 2020 3213 2090 jam
3249 2024 3462 2080 habetis
3512 2036 3649 2082 tem-

2071 2106 2237 2177 plum,
2256 2122 2363 2162 non
2396 2123 2601 2179 regem,
2629 2125 2734 2165 non
2760 2110 3113 2183 sacerdotes),
3143 2111 3415 2183 agnoscite
3438 2118 3649 2172 venisse

2071 2194 2333 2252 Sanctum
2382 2208 2737 2262 sanctorum.
2768 2200 2835 2255 de
2874 2215 2983 2271 quo
3031 2216 3127 2271 per
3174 2201 3365 2265 Isaiam
3410 2205 3645 2261 dicitur:

2075 2302 2094 2337 ι
2136 2286 2249 2358 Ego
2295 2303 2417 2343 sum
2476 2289 2618 2346 Deus
2671 2306 2870 2346 vocans
2905 2292 2972 2347 ab
3005 2282 3228 2349 Oriente
3272 2302 3461 2361 avent,
3491 2298 3542 2350 et
3580 2299 3647 2350 de

2071 2391 2217 2437 terra
2244 2383 2534 2453 longinqua
2569 2385 2745 2439 virum
2796 2385 3091 2443 voluntatis
3145 2402 3318 2443 mere:
3353 2398 3406 2442 et
3442 2389 3651 2445 loc'utns

2070 2487 2213 2537 sum,
2247 2482 2303 2528 et
2332 2474 2597 2529 adducam
2629 2462 2778 2540 illud,
2810 2475 2987 2531 ereavi
3017 2485 3071 2529 et
3109 2468 3302 2530 faciam
3336 2475 3489 2532 illud.
3539 2480 3650 2532 Au-
3708 2494 3721 2502 »ν

2073 2562 2186 2617 dite
2217 2576 2303 2616 me
2334 2563 2469 2617 duro
2496 2562 2684 2628 corde,
2715 2563 2809 2633 qui
2841 2554 2997 2633 longe
3023 2563 3156 2619 estis
3178 2579 3206 2618 a
3222 2561 3455 2632 justitia,
3482 2581 3649 2636 prope

2071 2650 2176 2706 feci
2197 2648 2466 2718 justitiam
2497 2658 2672 2706 meam
2703 2651 2858 2723 (Isai.
2888 2652 3055 2724 xtvr).
3090 2671 3109 2705 ι
3135 2654 3328 2711 Adhuc
3361 2663 3541 2710 autem
3594 2664 3650 2711 Et

2070 2742 2384 2812 patriarcha
2412 2741 2578 2799 Jacoh
2605 2745 2828 2800 accedat
2868 2744 2924 2799 in
2972 2745 3206 2800 medium
3238 2763 3253 2800 :
3303 2765 3322 2798 ι
3358 2734 3473 2801 Non
3506 2750 3649 2805 a'ufe-

2072 2841 2223 2888 retur
2249 2842 2524 2903 sceptrum
2555 2834 2623 2889 de
2647 2830 2807 2901 Juda,
2835 2844 2891 2890 et
2940 2834 3049 2913 dux
3080 2836 3147 2890 de
3190 2823 3484 2893 femoribus
3510 2840 3645 2910 ejus,

2072 2923 2244 2981 donec
2271 2926 2456 2980 veniat
2484 2925 2576 2995 qui
2606 2918 2901 2982 mittendus
2929 2934 3012 2982 est
3040 2931 3052 2982 ξ
3084 2936 3140 2983 et
3169 2929 3284 2999 ipse.
3322 2931 3428 2989 erit
3463 2940 3648 3003 eXspe-

2072 3014 2241 3069 ctatio
2269 3015 2506 3084 gentium
2534 3011 2692 3086 (Gen.
2713 3016 2883 3085 xux).
2923 3028 2942 3069 ι
3232 3044 3281 3077 ρ

2141 3104 2198 3157 Si
2247 3119 2378 3173 ergo
2402 3103 2514 3174 jam
2559 3120 2657 3173 per
2700 3097 2846 3160 mille
2873 3112 3066 3173 annos,
3097 3115 3152 3163 et
3176 3114 3240 3163 eo
3276 3100 3508 3180 amplius
3533 3110 3651 3167 sine

2076 3210 2199 3266 rege
2227 3186 2460 3269 vixistis,
2492 3205 2548 3251 et
2572 3198 2673 3252 Sub
2701 3185 2927 3266 pedibus
2955 3199 3193 3269 gentium
3212 3200 3481 3269 jacuistis,
3508 3204 3651 3258 unde

2075 3301 2218 3342 nunc
2245 3288 2710 3356 exspectationem
2757 3280 3021 3357 gentium"
3052 3290 3415 3358 exspectatis?
3459 3292 3537 3345 Ex
3585 3300 3650 3347 e'o

2073 3377 2219 3435 enim
2264 3388 2534 3447 tempore,
2581 3392 2689 3447 quo
2735 3372 2949 3433 dixistis
2998 3379 3065 3433 ad
3114 3376 3367 3447 Pilatum,
3404 3374 3650 3436 claman—

2073 3476 2155 3524 tes
2187 3485 2201 3522 :
2235 3489 2253 3521 ί
2288 3468 2405 3525 Νοιι
2457 3469 2717 3525 habemus
2764 3476 2979 3541 regem,
3012 3470 3113 3525 nisi
3155 3470 3423 3527 Caesarem
3463 3473 3646 3543 (Joan.

2075 3561 2222 3631 xIx);
2263 3581 2281 3614 ι
2315 3577 2495 3634 regem
2526 3578 2631 3617 non
2662 3562 2931 3619 habuistis
2961 3582 2973 3618 :
3000 3568 3056 3620 et
3101 3565 3194 3635 qui
3234 3558 3431 3637 Regem
3462 3574 3646 3638 regum

2074 3652 2260 3707 audire
2299 3653 2569 3720 noluistis,
2612 3662 2835 3725 regnhm
2889 3654 3047 3709 simul
3092 3671 3214 3710 cum
3260 3656 3433 3727 patria
3482 3661 3655 3728 perdis

2073 3745 2247 3801 distis.
2273 3746 2424 3812 Quod
2453 3746 2588 3801 bene
2618 3736 2827 3818 Moyses
2861 3746 3202 3817 prazviderat,
3233 3765 3353 3804 cum
3393 3750 3644 3807 tlichat:

2078 3854 2096 3887 ι
2134 3836 2459 3906 Propheme
2500 3837 2653 3891 vobis
2677 3837 2961 3892 suscitabit
3006 3838 3263 3893 Dominus
3290 3840 3355 3894 de
3386 3839 3645 3896 fratribus

2075 3926 2309 3981 vestris:
2337 3925 2513 3979 omnis
2539 3922 2741 3989 anima,
2773 3930 2891 3994 Qua:
2925 3940 3029 3979 non
3060 3926 3291 3980 audierit
3331 3929 3646 3996 pmphetanl

2075 4014 2222 4069 illum
2256 4014 2710 4069 exterminabitur
2756 4016 2820 4068 de
2850 4015 3044 4083 populo
3072 4020 3169 4094 sino
3193 4016 3370 4085 (Deut.
3412 4019 3588 4090 svnt).
3623 4033 3643 4071 ι

2075 4106 2140 4159 Ει.
2172 4107 2369 4165 iterum
2415 4105 2556 4159 idem
2601 4103 2813 4175 Moyses
2862 4104 3036 4159 dicit:
3070 4104 3305 4161 t‘Dabit
3353 4107 3498 4161 ehim
3550 4111 3648 4165 tibi

2073 4197 2331 4251 Dominus
2360 4210 2456 4249 cor
2486 4194 2769 4265 pavidum,
2797 4205 2850 4249 et
2880 4190 3193 4251 deficientes
3220 4198 3425 4265 acules,
3458 4206 3509 4255 ct
3534 4204 3650 4255 ani-

2075 4300 2218 4339 mam
2262 4291 2496 4339 tumro‘re
2519 4288 2917 4354 consumptam,
2949 4290 3003 4338 et
3028 4284 3130 4339 erit
3162 4286 3270 4340 vita
3301 4294 3385 4341 Ida
3411 4291 3651 4357 pendens

2073 4386 2198 4430 ante
2221 4386 2302 4430 te:
2333 4375 2547 4431 timebis
2571 4385 2750 4439 nocte,
2787 4384 2849 4429 ac
2888 4374 2993 4445 die,
3039 4370 3093 4429 et
3140 4391 3244 4429 non
3295 4380 3483 4432 credes
3520 4381 3646 4434 vita:

2070 4466 2176 4513 tme
2195 4458 2380 4524 (Deut.
2404 4460 2616 4526 xxvtu).
2646 4480 2664 4516 ι
2692 4460 2923 4530 Quando
2945 4473 3124 4520 autem
3153 4462 3256 4518 fuit
3275 4463 3384 4517 vita
3409 4464 3498 4516 tua
3524 4474 3659 4530 pen-

2068 4554 2205 4611 dens
2254 4554 2365 4625 29
2410 4567 2535 4611 ante
2564 4567 2636 4625 te,
2683 4558 2790 4612 nisi
2823 4566 2953 4613 tunc
2984 4573 3107 4612 cum
3164 4558 3447 4612 moventes
3486 4565 3655 4625 caput

2066 4659 2194 4703 ante
2215 4662 2431 4703 erucem
2454 4648 2719 4705 dicebatis
2746 4666 2762 4705 :
2797 4669 2816 4701 ι
2847 4648 2998 4705 Alios
3025 4649 3206 4705 salvos
3234 4648 3381 4716 fecit,
3406 4652 3652 4719 seipsum

2069 4758 2177 4795 non
2212 4753 2387 4811 potest
2415 4743 2621 4797 salvum
2655 4735 3122 4815 facere?(MattIi.
3161 4740 3351 4814 nvit.)
3394 4744 3449 4797 Si
3478 4740 3653 4797 Filius

2070 4828 2161 4883 Dei
2196 4840 2301 4899 est,
2332 4827 2632 4886 descendat
2678 4847 2824 4885 nunc
2857 4832 2925 4884 de
2966 4840 3149 4897 cruce,
3193 4844 3245 4888 et
3286 4832 3563 4888 credimus
3594 4830 3647 4886 ei

2069 4919 2264 4993 (Marc.
2302 4940 2397 4991 xv;
2429 4916 2557 4979 Luc.
2588 4923 2771 4991 xxiii).
2802 4942 2820 4975 ι
2869 4924 3020 4992 Quod
3068 4925 3514 4981 manifestissime
3546 4939 3644 4991 per

2065 5031 2128 5071 os
2157 5016 2321 5072 David
2355 5017 2467 5085 ipse
2499 5016 2588 5071 Dei
2616 5016 2786 5078 Filius
2817 5016 3079 5085 loquitur,
3108 5019 3337 5074 dicens:
3374 5037 3393 5069 ι
3424 5017 3652 5083 Omnes,

2065 5109 2156 5177 qui
2173 5107 2430 5163 videbant
2452 5110 3003 5179 me,asperuabantur
3022 5111 3298 5177 medocutl
3319 5120 3445 5165 sunt
3468 5109 3652 5175 labiis,
3703 5132 3707 5136 ι

2072 5200 2128 5245 et
2178 5196 2462 5244 moverunt
2501 5197 2683 5257 caput.
2732 5188 2981 5258 Speravit
3036 5189 3088 5242 in
3149 5188 3403 5250 Domino,
3457 5192 3651 5258 eripiat
3692 5204 3697 5207 '

2075 5297 2219 5346 eum,
2250 5281 2459 5336 salvum
2501 5277 2664 5334 faciat
2712 5294 2855 5344 eum,
2895 5280 3146 5349 quoniam
3176 5280 3289 5333 vult
3322 5295 3444 5332 eum
3476 5279 3648 5350 (Ρεηι.

2079 5378 2214 5439 xxt).
2252 5392 2270 5425 ι
2314 5372 2372 5427 ιιι
2410 5386 2517 5440 quo
2554 5371 2718 5425 etiam
2764 5372 2970 5440 psalmo
3020 5370 3221 5424 flxuras
3270 5370 3544 5425 clavorum
3590 5373 3643 5426 it.

2078 5463 2325 5519 manibus
2364 5462 2478 5517 suis
2511 5471 2565 5516 et
2596 5460 2818 5531 pedibus
2860 5460 2977 5513 luce
3015 5458 3215 5513 clarius
3255 5460 3511 5528 ostendit,
3566 5462 3651 5518 di-

2077 5573 2206 5611 cens
2248 5573 2263 5610 :
2324 5573 2342 5606 ι
2375 5555 2648 5610 Foderunt
2695 5568 2887 5607 manus
2934 5565 3082 5606 meas
3133 5559 3188 5606 et
3235 5554 3398 5622 pedes
3441 5570 3592 5617 meos,
3636 5573 3648 5607 :

2079 5645 2555 5699 dinumeraverunt
2579 5642 2757 5697 omnia
2789 5655 2910 5695 ossa
2941 5656 3059 5695 mea
3093 5639 3336 5711 (Ibid.).i
3364 5641 3421 5697 Si
3452 5645 3649 5703 nescis,

2082 5736 2168 5790 ifle
2201 5744 2319 5789 erat
2355 5735 2451 5788 hos
2501 5743 2653 5796 tuus,
2697 5731 2899 5797 Iudaee,
2933 5732 3024 5801 qui
3061 5740 3190 5787 tunc
3240 5734 3291 5786 in
3338 5747 3431 5786 ara
3479 5733 3652 5786 crucis

2084 5844 2263 5884 coram
2296 5836 2349 5883 te
2376 5824 2774 5892 immolabatur,
2804 5824 2898 5881 sed
2924 5824 3391 5895 exigentibus-tuis
3424 5824 3649 5888 tueritis,

3116 6024 3125 6032 ρ
3154 6010 3189 6029 θ’
