4018 6194
330 461 402 518 ενι
992 432 1072 504 “In
1112 440 1399 501 nauus:
1435 439 1586 496 ore.
1632 439 1870 495 Tonus
1913 439 2045 496 seu
2089 443 2266 498 rans
2306 439 2392 498 m.
2435 432 2498 484 ‘-—
2538 412 2903 501 oruscuis
2938 445 3170 500 vanu.
3536 449 3608 506 ιε

330 591 360 629 a
398 581 451 628 te
480 566 708 627 necdum
747 561 1069 620 comeditur.
1122 558 1197 610 De
1237 571 1345 624 quo
1385 553 1596 624 Moyses
1630 553 1916 606 adversum
1947 561 1990 618 Α
2025 555 2404 621 absconditus,
2459 560 2599 614 Deus
2645 561 2810 616 Israel
2863 561 3131 616 Salvator.
3169 580 3192 614 ι
3223 561 3280 616 Si
3316 578 3451 632 ergo
3477 563 3619 617 Deus

330 672 383 718 te
413 663 466 716 in
499 653 917 713 Deuteronomio
949 650 1208 720 loquitur,
1243 648 1470 704 dicens:
1507 663 1527 697 ι-
1560 645 1689 711 Bos,
1720 647 1917 717 inquit,

329 764 454 806 tuus
487 747 796 804 immoletur
831 757 1016 799 coram
1065 751 1140 806 te,
1179 749 1235 796 et
1278 755 1387 796 non
1425 739 1686 794 comedas
1729 753 1796 793 ex
1855 755 1920 794 eo

330 844 509 910 (Deut.
551 837 764 906 xxvm)’.
808 857 826 889 ι
876 835 968 890 Ille
1018 841 1139 889 erat
1194 833 1406 896 asinus,
1452 832 1518 886 de
1562 845 1672 901 quo
1722 831 1920 886 iterum

328 934 459 988 dicit
490 952 503 986 :
547 951 566 983 ο
603 930 805 984 Asinus
846 939 970 982 tuus
1006 927 1254 998 rapiatur
1284 925 1334 979 in
1372 933 1662 994 conspectu
1707 932 1820 988 tuo,
1865 934 1922 980 et

328 1039 436 1076 non
468 1002 731 1077 reddatur
774 1018 869 1073 tibi
903 1017 1112 1090 (Ibid.).
1147 1034 1165 1068 ι
1204 1015 1334 1072 Jure
1363 1014 1561 1086 quippe
1590 1015 1921 1085 Redemptor

329 1123 512 1168 noster
533 1127 630 1179 per
657 1110 880 1182 figuram
909 1110 1096 1163 asinus
1119 1107 1341 1171 dicitur,
1367 1107 1457 1174 qui
1481 1108 1548 1160 ad
1572 1107 1916 1176 suscipienda

329 1215 526 1258 nostr:c
556 1201 840 1273 pravitatis
867 1215 1058 1264 onera,
1099 1199 1497 1268 quodammodo
1528 1208 1677 1269 terga
1719 1214 1918 1269 suppo-

328 1298 466 1360 suit;
510 1294 634 1364 qnia
675 1295 816 1346 sicut
853 1307 948 1360 per
984 1292 1308 1360 prophetam
1349 1290 1591 1344 dicitur:
1628 1309 1647 1341 ι
1685 1291 1915 1346 Pcecata

323 1395 509 1442 nostra
554 1385 672 1454 ipse
710 1382 946 1452 portavit
985 1380 1140 1452 (Isai.
1176 1381 1317 1452 Lm).
1356 1400 1374 1433 ι
1413 1380 1514 1437 Ubi
1561 1381 1740 1437 adhuc
1795 1392 1920 1450 apte

324 1475 700 1548 subjungitur:
725 1493 740 1524 ι
766 1471 929 1534 Oves,
954 1471 1152 1540 inquit,
1177 1481 1282 1525 ture
1301 1471 1749 1527 denturiuiuiicis
1769 1471 1876 1526 tuis
1901 1489 1912 1524 :

325 1576 375 1620 et
415 1580 518 1620 non
549 1563 620 1618 sit
650 1563 739 1632 qui
773 1572 826 1615 te
853 1560 1075 1630 adjuvet
1103 1560 1286 1630 (Deut.
1315 1553 1547 1632 xxvmf).
1583 1579 1604 1616 ι

397 1659 526 1722 ane
556 1664 736 1708 autem
773 1653 883 1706 sint
919 1666 1049 1706 oves
1079 1667 1107 1703 a
1136 1651 1336 1720 quibus
1367 1649 1607 1718 adjuvari
1645 1666 1915 1723 synagoga

326 1747 622 1809 debuerat,
682 1743 970 1800 manifeste
1023 1742 1367 1806 declaratur,
1417 1757 1540 1797 cmn
1597 1745 1847 1798 subditur
1897 1759 1914 1797 :

332 1857 355 1889 ι
384 1837 501 1891 Filii
536 1836 610 1890 tui
633 1844 689 1891 et
710 1834 833 1889 lilia:
861 1843 962 1888 tua:
994 1832 1279 1886 tradantur
1303 1833 1457 1887 alteri
1484 1832 1700 1906 populo,
1733 1833 1919 1888 viden-

2024 657 2110 702 est
2129 647 2264 718 ipse,
2289 649 2380 722 qui
2405 650 2674 722 loquitur;
2704 652 2845 707 Deus
2866 652 2954 708 cui
2972 653 3134 709 dicit:
3159 672 3178 705 ι
3203 652 3284 709 Tu
3304 668 3364 709 es
3389 655 3560 720 Deus;
3598 675 3618 709 ι

2024 747 2237 793 constat
2279 739 2546 809 profecto,
2583 742 2710 812 quia
2740 742 2919 799 Patris
2942 745 3011 799 ad
3039 745 3235 799 Filium
3264 761 3495 815 persona
3539 748 3619 802 lo-

2021 828 2228 896 quitur.
2263 829 2397 884 Nam
2428 841 2493 887 et
2536 834 2678 902 quod
2721 849 2829 890 non
2873 836 3091 903 dicitur,
3125 836 3447 907 simpliciter
3464 848 3522 893 tu
3560 856 3619 893 es

2025 919 2164 974 Dens
2183 960 2198 984 ,
2229 921 2324 976 sed
2356 923 2408 976 in
2439 934 2491 977 te
2515 933 2597 978 est
2622 924 2792 987 Deus.
2821 935 2877 980 et
2904 937 2959 980 tu
2987 942 3046 981 es
3078 928 3216 982 Deus
3242 929 3614 995 absconditus,

2022 1015 2415 1072 lunnanitatem
2437 1018 2608 1072 nostri
2633 1019 3017 1090 Redemptoris
3033 1019 3318 1077 manifeste
3339 1023 3610 1094 designat.

2020 1106 2076 1180 Iq
2099 1108 2320 1164 Christo
2347 1111 2490 1166 enim
2516 1111 2664 1177 Jesu,
2691 1123 2750 1167 ut
2787 1123 2974 1168 noster
3002 1113 3079 1168 ait
3106 1115 3431 1184 Apostolus,
3463 1118 3614 1172 habi-

2030 1200 2104 1245 tat
2133 1194 2316 1254 omuis
2341 1195 2622 1264 plenitudo
2649 1197 2953 1252 divinitatis
2981 1199 3342 1268 corporaliter
3375 1199 3602 1270 (Colon.

2026 1283 2112 1352 tt).
2147 1284 2303 1352 Quod
2333 1296 2516 1342 autem
2559 1290 2735 1345 dicit:
2768 1309 2788 1344 ι
2828 1289 3008 1346 Labor
3049 1291 3300 1363 Egypti,
3331 1299 3390 1347 et
3438 1306 3608 1362 nego-

2026 1378 2182 1434 tiatio
2205 1376 2501 1450 Ethiopiaz
2525 1388 2582 1435 et
2606 1382 2853 1449 Sabaim,
2879 1386 2978 1438 viri
3003 1386 3267 1440 sublimes
3290 1387 3357 1440 ad
3380 1396 3431 1441 te
3455 1396 3578 1440 tran
3595 1415 3609 1428 -

2023 1471 2228 1537 sibunt,
2258 1481 2311 1528 et
2334 1483 2388 1527 te
2409 1474 2712 1530 adorabunt
2741 1493 2762 1529 ι
2799 1487 2986 1547 aperte
3011 1477 3297 1533 denuntiat
3325 1477 3393 1532 ad
3441 1479 3602 1542 [idem

2016 1561 2222 1616 Christi
2255 1577 2447 1618 omnes
2475 1564 2724 1618 nationes
2750 1564 2991 1632 gentium
3016 1566 3433 1622 eonver:e.:das.
3463 1565 3617 1620 Unde

2018 1663 2073 1708 et
2118 1653 2279 1722 paulo
2325 1664 2446 1723 post
2487 1655 2735 1710 subditur
2778 1674 2791 1710 :
2837 1675 2857 1706 σ
2886 1655 3278 1722 Convertimini
3308 1661 3375 1712 ad
3407 1673 3493 1712 me
3515 1701 3528 1720 ,
3558 1667 3615 1713 et

2018 1745 2152 1801 salvi
2181 1745 2547 1816 eritis,omnes
2581 1747 2716 1803 lines
2737 1756 2927 1816 teme;
2964 1749 3088 1818 quia
3124 1763 3224 1818 ego
3253 1749 3394 1804 Deus
3419 1761 3474 1804 et
3503 1761 3613 1805 non

2019 1847 2103 1893 est
2129 1837 2290 1892 alius.
2325 1838 2380 1892 In
2415 1839 2796 1910 memetipsum
2831 1837 3011 1908 juravi
3037 1858 3051 1894 :
3079 1842 3390 1912 egrediciur
3419 1842 3486 1896 de
3515 1857 3613 1897 ore

327 1932 473 1985 tibus
516 1927 688 1984 oculis
739 1927 881 1992 tuis,
919 1934 974 1980 et
1022 1923 1398 1979 deﬁcientibus
1449 1923 1516 1978 ad
1569 1935 1923 1993 conspectum
1951 1915 1995 1974 Β
2024 1942 2145 1984 meo
2164 1927 2391 1998 justitia:
2438 1931 2684 1996 verbum,
2717 1939 2772 1984 οι
2802 1946 2909 1986 non
2942 1941 3275 1997 revertetur;
3323 1932 3449 2003 quia
3484 1933 3614 1987 mihi

324 2040 512 2077 eorum
544 2031 655 2077 tota
683 2021 789 2086 die,
827 2028 882 2074 et
912 2031 1017 2072 non
1046 2015 1117 2072 sit
1163 2014 1425 2070 fortitudo
1465 2015 1520 2069 in
1559 2030 1718 2068 manu
1750 2024 1860 2070 tua.
1892 2035 1911 2067 ι

327 2115 514 2170 Sancti
545 2112 693 2168 enim
735 2109 989 2180 apostoli,
1019 2107 1111 2178 qui
1151 2122 1278 2161 oves
1312 2121 1410 2177 per
1439 2106 1806 2162 innocentiam
1839 2107 1918 2162 tli-

324 2217 542 2268 cunlur,
569 2203 883 2260 Israelitica:
928 2199 1106 2271 gentis
1150 2197 1244 2252 lilii
1279 2206 1431 2262 sunt,
1469 2197 1596 2268 quia
1631 2213 1697 2252 ex
1726 2212 1918 2252 eorum

326 2303 583 2372 progenie
616 2297 882 2366 originem
922 2295 1146 2349 ducunt.
1184 2291 1287 2359 Qui
1325 2291 1580 2347 videlicet
1625 2292 1780 2347 alteri
1819 2307 1920 2362 po-

327 2393 454 2464 pulo
500 2403 629 2450 tunc
681 2389 993 2449 traduntur,
1040 2400 1164 2440 cum
1211 2383 1414 2448 Judmis
1462 2384 1921 2454 persequentibus

325 2485 515 2538 dicunt
553 2499 566 2536 :
615 2501 633 2534 ι
673 2478 836 2535 Vobis
884 2475 1169 2548 oportebat
1213 2474 1450 2546 primum
1502 2475 1649 2544 loqui
1695 2474 1918 2529 verbum

327 2575 454 2640 Dei;
487 2574 580 2629 sed
609 2573 734 2644 quia
767 2561 1026 2642 repellitis
1082 2567 1238 2632 illud,
1271 2577 1328 2624 et
1359 2567 1608 2645 indignos
1647 2584 1743 2623 vos
1773 2566 1834 2637 ju
1858 2567 1922 2622 li-

325 2669 463 2724 catis
489 2676 703 2722 :eternzc
735 2663 886 2729 vitae,
917 2675 1046 2716 cccc
1074 2659 1448 2716 convertimur
1476 2660 1545 2713 ad
1571 2667 1779 2730 gentes.
1811 2659 1920 2714 Vos

325 2769 503 2815 autent
536 2758 650 2812 haec
679 2750 925 2808 videntes
960 2767 1066 2805 non
1103 2748 1338 2816 vidistis,
1380 2755 1437 2804 et
1477 2749 1761 2804 audientes
1812 2765 1917 2804 non

328 2848 675 2908 intellexistis
719 2846 858 2917 (Act.
901 2842 1045 2914 xm).
1084 2861 1102 2894 ι
1143 2839 1296 2908 Quod
1343 2839 1482 2897 bene
1521 2841 1662 2897 idem
1709 2840 1920 2913 Moyses

328 2959 499 3014 usque
525 2941 684 2997 hodie
722 2939 874 2994 vobis
912 2934 1270 3005 imprOperat,
1308 2934 1494 2989 dicens
1527 2952 1540 2988 :
1577 2953 1594 2986 ι
1626 2932 1743 2989 Non
1772 2935 1920 2990 dedit

325 3035 480 3092 vobis
504 3031 765 3096 Dominus
789 3044 883 3084 cor
917 3026 1225 3098 intelligens
1253 3034 1310 3080 et
1338 3019 1526 3080 oculos
1563 3025 1824 3090 videntes.
1862 3037 1919 3082 et

329 3139 490 3184 aures
513 3138 635 3192 qua:
659 3128 880 3193 possent
911 3115 1098 3172 audire
1124 3125 1296 3185 usQue
1336 3115 1389 3169 in
1416 3124 1740 3187 praesentem
1773 3116 1918 3172 diem

338 3207 519 3280 (Deut.
550 3207 720 3280 xxix).
755 3225 772 3257 ι
798 3205 1042 3276 Idipsnm
1073 3206 1236 3261 etiam
1262 3205 1598 3277 imprecatur
1629 3207 1919 3263 adversum

2020 2012 2324 2076 cuivaount
2345 2035 2537 2076 omnes
2563 2035 2725 2091 genu,
2754 2031 2810 2076 et
2834 2022 3040 2094 juiabit
3061 2024 3242 2080 omnis
3267 2023 3447 2095 lingua
3473 2023 3610 2093 (Iw.

2020 2109 2167 2180 xcv).
2208 2127 2229 2162 ι
2265 2108 2333 2164 Et
2357 2125 2482 2165 mox
2515 2111 2653 2182 ipse,
2684 2110 2778 2181 qui
2802 2111 3042 2180 loquitur
3070 2110 3236 2167 Pater
3263 2111 3613 2168 manifestum

2019 2205 2090 2259 de
2141 2201 2277 2257 Filio
2335 2202 2587 2273 perhibet
2651 2202 3063 2268 testimonium,
3115 2215 3240 2259 cum
3292 2203 3610 2276 subjungit:

2026 2313 2045 2345 σ
2077 2293 2219 2363 Ergo
2247 2294 2301 2347 in
2329 2291 2562 2348 Domino
2588 2291 2772 2348 dicent
2798 2309 2811 2346 :
2842 2307 2976 2348 mea:
3004 2301 3134 2349 sunt
3153 2292 3398 2363 justitia,
3430 2289 3487 2356 et
3515 2295 3614 2348 imo

2021 2389 2228 2458 perium
2259 2403 2274 2442 :
2305 2388 2385 2443 Ad
2412 2403 2536 2444 eum
2565 2389 2788 2444 venient
2807 2429 2822 2455 ,
2869 2397 2927 2444 et
2965 2388 3371 2446 confundentur
3399 2405 3612 2460 omnes,
3693 2455 3711 2474 κ

2021 2480 2113 2550 qui
2145 2487 2447 2551 repugnant
2472 2480 2543 2534 ei.
2573 2479 2629 2534 In
2658 2480 2888 2537 Domino
2904 2479 3317 2550 justincabitur,
3352 2491 3408 2538 et
3432 2483 3614 2538 laudo-

2021 2571 2169 2625 bitur
2195 2585 2355 2624 omne
2383 2583 2570 2625 semen
2597 2569 2764 2626 Israel
2795 2569 3007 2642 (υἱώ).
3047 2590 3066 2624 ι
3101 2571 3198 2626 Cui
3231 2571 3409 2627 simile
3445 2581 3526 2628 est
3552 2572 3616 2627 il-

2022 2661 2133 2726 Iud,
2185 2663 2328 2731 quod
2372 2677 2470 2732 per
2519 2663 2770 2718 eumdem
2817 2664 3136 2734 prophetam
3195 2663 3322 2718 alibi
3371 2664 3613 2721 dicitur:

2026 2770 2047 2806 ι
2082 2753 2280 2809 Parum
2309 2767 2414 2820 est,
2446 2756 2640 2825 inquit,
2680 2764 2739 2810 ut
2766 2756 2842 2812 sis
2871 2757 3004 2812 mihi
3033 2771 3227 2812 servus
3253 2757 3320 2813 ad
3343 2759 3613 2814 suscitan-

2022 2849 2118 2905 das
2139 2845 2314 2906 tribus
2339 2849 2531 2916 Jacob,
2560 2862 2616 2905 et
2641 2849 2802 2916 (meos
2825 2850 2990 2907 Israel
3017 2851 3412 2908 convertendas
3439 2869 3453 2906 :
3481 2850 3615 2906 Dedi

2023 2951 2077 2998 te
2125 2941 2178 2994 in
2225 2939 2398 2995 lucem
2445 2941 2710 3012 gentium,
2761 2953 2821 2997 ut
2868 2943 2941 2998 sis
2990 2954 3136 2998 salus
3174 2959 3290 2999 mea
3336 2957 3508 3013 usque
3544 2946 3612 3001 ad

2020 3039 2324 3086 extremum
2355 3040 2517 3085 terra:
2552 3030 2708 3100 (Isui.
2740 3032 2912 3103 χιιι).
2947 3051 2966 3084 ι
3008 3031 3210 3088 Servus
3243 3041 3426 3088 autem
3456 3031 3615 3088 Chri-

2021 3130 2139 3177 stus
2163 3121 2282 3177 ideo
2311 3123 2528 3188 dicitur,
2558 3123 2684 3193 quia
2727 3124 2869 3180 servi
2909 3123 3141 3180 formam
3172 3124 3442 3196 suscepit;
3475 3125 3618 3179 unde

2021 3227 2085 3267 ex
2114 3222 2268 3282 parte
2309 3212 2665 3270 humanitatis
2696 3214 2747 3269 in
2778 3213 2992 3284 psalmo
3033 3214 3251 3270 Patrem
3301 3223 3513 3279 exorat,
3545 3214 3653 3283 dig

336 3319 433 3357 vos
452 3303 677 3357 dicens:
711 3320 733 3352 ι
763 3302 1037 3367 Percutiat
1061 3311 1114 3359 te
1135 3301 1275 3358 Deus
1305 3300 1629 3361 amentia.et
1656 3301 1920 3375 caecitate,
1949 3289 1993 3351 Ο
2025 3319 2152 3360 cens
2183 3317 2198 3358 :
2230 3323 2248 3356 ι
2277 3301 2501 3360 Custodi
2556 3305 2792 3360 animam
2844 3320 3042 3370 meam,
3090 3305 3348 3376 quoniam
3400 3298 3620 3359 sanctus

337 3411 405 3450 ac
446 3394 628 3451 furore
674 3397 913 3452 mentis:
941 3405 994 3452 et
1023 3395 1205 3466 palpas
1236 3393 1293 3449 in
1328 3393 1582 3467 meridie,
1619 3397 1768 3450 sicut
1804 3392 1923 3461 pal-

336 3505 468 3558 pare
491 3491 629 3551 solet
664 3506 840 3552 czecns
864 3492 916 3547 in
942 3493 1205 3562 tenebris,
1223 3500 1278 3548 et
1299 3506 1408 3552 non
1432 3492 1635 3564 dirigas
1657 3492 1775 3548 vias
1800 3500 1922 3546 tuas

340 3581 524 3652 (Deut.
567 3585 794 3649 xxvnr).
831 3602 849 3636 ι
886 3585 951 3640 Ει
982 3584 1190 3643 Isaias:
1227 3606 1248 3642 ι
1285 3587 1523 3649 Audite,
1567 3585 1742 3656 inquit
1770 3625 1786 3652 ,
1819 3599 1920 3638 au-

336 3672 566 3732 dientes,
613 3675 667 3722 et
708 3664 874 3719 nolite
923 3663 1223 3734 intelligere
1264 3679 1280 3717 :
1322 3675 1378 3720 et
1423 3663 1599 3718 videte
1635 3665 1920 3731 visionem,

331 3770 388 3820 et
429 3759 593 3814 nolite
637 3770 986 3826 cognoscere.
1031 3755 1251 3809 Exczeca
1293 3769 1387 3809 cor
1435 3753 1617 3824 populi
1653 3755 1832 3826 lmjus,
1869 3769 1924 3811 et

332 3869 493 3916 aures
524 3851 640 3920 ejus
672 3864 904 3922 aggrava
926 3891 940 3912 ,
968 3860 1022 3904 et
1051 3849 1237 3904 oculos
1266 3849 1384 3920 ejus
1415 3848 1641 3918 claude;
1679 3865 1746 3906 ne
1783 3851 1923 3907 forte

331 3946 512 4000 videat
553 3925 750 4007 oculis,
784 3949 839 3995 et
869 3941 1094 3996 auribus
1133 3940 1268 3995 suis
1294 3939 1498 4006 audiat,
1530 3951 1586 3996 et
1624 3943 1788 3998 corde
1823 3959 1924 3999 suo

334 4036 635 4107 intelligat:
664 4043 719 4090 et
743 4039 1112 4096 convertatur,
1143 4041 1198 4085 et
1230 4044 1416 4086 sanem
1440 4046 1562 4086 eum
1583 4031 1741 4101 (Ιεαί.
1771 4035 1866 4102 vi).
1899 4054 1914 4088 ι

404 4129 498 4184 Vis
525 4130 704 4192 adhuc
747 4126 892 4180 aliud
945 4124 1095 4178 Isaia:
1146 4124 1511 4179 testimonium
1543 4128 1626 4182 .de
1666 4127 1923 4182 Christo?

339 4242 356 4274 ι
386 4221 521 4290 Ego,
553 4217 748 4288 inquit,
791 4214 1049 4270 suscitavi
1079 4229 1203 4269 eum
1250 4212 1316 4266 ad
1339 4211 1629 4283 justitiam,
1653 4227 1708 4271 et
1734 4233 1924 4274 omnes

332 4314 450 4367 vias
478 4311 593 4379 ejus
632 4308 860 4380 dirigam
894 4325 908 4363 :
937 4306 1054 4377 ipse
1089 4307 1382 4364 aadil'tcabit
1413 4308 1688 4364 civitatem
1721 4326 1922 4377 meam,

330 4416 386 4459 et
413 4402 783 4473 captivitatem
811 4414 985 4458 meum
1013 4399 1269 4466 dimittet,
1293 4416 1401 4456 non
1438 4399 1490 4456 in
1522 4401 1718 4471 pretio,
1747 4419 1922 4474 neque

333 4501 385 4554 in
417 4493 752 4556 muneribus,
783 4491 916 4556 dicit
937 4491 1200 4548 Dominus
1224 4493 1585 4556 exercituum.
1640 4493 1765 4553 Hzec
1789 4495 1924 4550 dicit

337 4586 596 4644 Dominus
642 4602 654 4637 :
702 4581 877 4644 Labor
933 4580 1196 4654 Egypti,
1246 4583 1544 4658 negotiatio
1594 4583 1915 4654 Ethiopize,

2024 3410 2142 3452 sum
2171 3412 2186 3450 :
2219 3395 2428 3450 salvum
2458 3395 2541 3452 fac
2567 3411 2783 3452 servum
2820 3405 2991 3463 tuum,
3019 3396 3161 3452 Deus
3190 3413 3367 3462 meus,
3397 3411 3618 3467 sperau-

2024 3495 2129 3541 tem
2155 3486 2209 3541 in
2233 3495 2286 3542 te
2308 3484 2480 3557 (Ρεαι.
2516 3486 2737 3557 Luxv).
2775 3506 2792 3538 ι
2827 3487 2960 3554 Quis
2986 3496 3070 3541 est
3093 3487 3237 3540 enim
3271 3485 3395 3551 iste,
3442 3487 3532 3556 qui
3560 3500 3619 3539 se

2021 3585 2077 3632 et
2109 3584 2354 3632 sanctum
2400 3592 2519 3632 esse
2550 3585 2870 3632 constanter
2897 3575 3163 3640 atiirmat,
3214 3583 3270 3630 et
3311 3575 3518 3631 salvum
3559 3589 3617 3628 se

2025 3667 2138 3722 fieri
2171 3668 2450 3723 humiliter
2495 3676 2706 3732 exorat,
2757 3668 2860 3721 nisi
2913 3667 3025 3731 ille,
3072 3677 3232 3735 quem
3277 3680 3376 3734 [ter
3419 3665 3614 3720 Isaiam

2023 3757 2284 3814 Dominus
2311 3768 2601 3824 venturum
2627 3773 2749 3813 esse
2781 3757 3084 3826 promittit,
3119 3756 3307 3810 dicens
3335 3774 3348 3810 :
3386 3777 3403 3806 α
3437 3755 3613 3825 Prope

2021 3858 2106 3904 est
2154 3849 2336 3919 justus
2396 3863 2591 3916 meus,
2647 3864 2900 3921 egressus
2960 3859 3046 3905 est
3110 3849 3360 3904 Salvator
3429 3849 3620 3904 meus?

2024 3938 2160 4011 (Isai
2187 3939 2285 4010 ιι.)
2320 3959 2339 3990 ι

2095 4029 2254 4096 Ecce,
2287 4041 2343 4085 ut
2370 4041 2426 4086 et
2452 4031 2806 4088 humanitatis
2837 4032 3121 4088 inﬁrmitas
3147 4074 3162 4099 ,
3209 4041 3263 4087 et
3318 4032 3618 4088 divinitatis

2024 4122 2264 4190 potentia
2290 4122 2343 4177 in
2367 4139 2476 4180 uno
2505 4124 2804 4179 mediatore
2834 4124 2950 4189 Dei,
2975 4136 3029 4179 et
3051 4126 3330 4180 hominum
3362 4126 3616 4181 ostenda-

2024 4221 2134 4275 tur,
2167 4213 2256 4282 qui
2301 4213 2409 4267 illic
2454 4214 2672 4268 sibimet
2719 4215 2819 4283 ipsi
2851 4215 3079 4269 salutem
3123 4226 3476 4286 poposcerat,
3529 4219 3617 4273 hic

2025 4303 2279 4358 Salvator
2303 4317 2425 4358 esse
2451 4304 2790 4374 perhibetur.
2839 4305 2915 4361 De
2956 4321 3065 4376 quo
3114 4305 3255 4362 Idem
3288 4307 3454 4365 Isaias
3490 4309 3616 4363 alibi

2026 4403 2273 4460 testatur,
2305 4393 2535 4450 dicens:
2578 4413 2597 4446 σ
2636 4395 2775 4452 Ecce
2803 4397 2916 4453 dies
2946 4397 3205 4466 ν‹ηἰιιηι,
3257 4399 3390 4463 dicit
3429 4401 3614 4457 Demi-

2024 4499 2146 4550 nus,
2172 4493 2226 4539 et
2253 4483 2529 4541 suscitabo
2562 4487 2728 4542 David
2755 4478 2976 4558 germeii
3011 4486 3221 4558 justum
3251 4509 3265 4545 :
3292 4499 3346 4545 et
3375 4493 3618 4563 regnabit

2025 4590 2142 4639 rex,
2170 4585 2225 4629 et
2253 4576 2478 4645 sapiens
2500 4577 2626 4642 erit,
2659 4586 2713 4633 et
2745 4577 2904 4635 faciet
2925 4579 3188 4651 judicium
3211 4624 3224 4649 ,
3257 4591 3312 4638 et
3344 4582 3614 4652 justitiam

331 4688 387 4734 et
416 4675 667 4740 Sabaim;
710 4673 810 4734 viri
848 4645 1106 4731 sublimes
1155 4645 1221 4728 ad
1269 4645 1348 4731 te"
1368 4673 1694 4740 transibunt,
1744 4645 1802 4729 ei
1843 4645 1922 4728 tui
1949 4645 1999 4702 θ
2027 4668 2080 4722 in
2110 4677 2252 4724 terra
2287 4668 2421 4740 (Jer.
2442 4670 2684 4738 κίμων
2711 4672 2905 4728 deinde
2940 4675 3258 4747 subjungit:
3293 4695 3312 4729 ι
3346 4677 3401 4732 In
3429 4678 3616 4733 diebus

330 4777 532 4834 erunt,
596 4775 653 4822 et
708 4772 833 4836 post
891 4773 944 4820 te
1010 4763 1404 4831 ambulabunt;
1474 4764 1636 4828 vineti
1691 4766 1923 4822 manicis

330 4867 592 4931 pergunt,
651 4864 706 4912 et
763 4863 815 4910 te
858 4853 1190 4920 adorabunt,
1253 4864 1414 4930 teque
1465 4857 1922 4929 deprecabuntur.

331 4953 567 5008 Tantum
602 4950 654 5003 in
695 4956 746 5004 te
775 4957 862 5002 est
887 4947 1053 5012 Deus,
1082 4956 1138 5002 et
1176 4963 1280 5003 non
1320 4957 1406 5004 est
1431 4951 1636 5022 absque
1665 4960 1717 5006 te
1755 4951 1919 5014 Deus.

331 5042 599 5116 achre
633 5048 688 5095 tu
719 5054 781 5096 es
808 5039 952 5096 Deus
977 5040 1326 5098 absconditus
1352 5081 1376 5104 ,ι
1410 5041 1552 5097 Deus
1597 5042 1762 5098 Israel
1809 5043 1923 5098 Sal-

332 5149 489 5194 vator
517 5135 670 5208 (Isai.
709 5131 854 5203 xu).
895 5151 916 5185 ι
947 5131 1214 5202 Loquere,
1238 5131 1441 5202 Judme,
1464 5137 1766 5206 responde,
1801 5139 1923 5205 quis

335 5229 548 5294 estille,
569 5227 662 5298 qui
679 5226 840 5288 dicit:
869 5243 887 5276 ι
928 5224 1039 5294 Ego
1053 5225 1306 5282 suscitavi
1332 5239 1456 5282 eum
1480 5228 1546 5284 ad
1571 5224 1873 5298 justitiam?
1899 5248 1917 5278 ι

337 5320 446 5376 Sed
469 5321 516 5376 si
540 5321 738 5385 nescis,
771 5332 955 5390 perge,
1006 5317 1161 5372 ﬂecte
1199 5317 1385 5373 oculos
1414 5319 1482 5374 ad
1523 5319 1684 5376 ﬁnem
1728 5321 1925 5390 prioris

335 5414 637 5474 sententim,
669 5423 722 5466 et
754 5414 893 5473 vide,
936 5411 1057 5481 quia
1084 5410 1235 5474 dicit,
1269 5431 1286 5462 ε
1317 5411 1575 5468 Dominus
1599 5413 1738 5468 Deus
1763 5429 1922 5470 excr-

336 5507 561 5560 citumn.
601 5523 620 5555 ι

409 5593 514 5649 Sed
539 5593 652 5660 jam
697 5593 741 5645 si
789 5596 949 5652 nosti.
982 5595 1106 5662 quia
1136 5597 1276 5650 Deus
1318 5596 1556 5665 mquitur
1591 5616 1602 5651 :
1635 5600 1919 5655 considera

336 5685 500 5740 etiam
525 5685 608 5738 cui
642 5684 896 5752 loquitur.
926 5687 1200 5742 Descende
1227 5689 1389 5756 igitur
1414 5689 1480 5744 ad
1508 5689 1669 5744 tinem
1694 5706 1922 5758 sequen-

339 5779 408 5832 tis
438 5776 589 5830 lineai
620 5786 675 5829 et
705 5777 845 5839 vide,
879 5780 1022 5844 quod
1049 5779 1282 5836 dii-itur:
1320 5798 1338 5831 ι
1371 5780 1602 5835 Tantum
1645 5781 1696 5835 in
1743 5795 1794 5836 te
1838 5793 1922 5837 est

339 5868 501 5932 Dens,
542 5874 596 5921 et
635 5883 740 5935 non
772 5875 856 5920 est
881 5865 1082 5936 absque
1115 5877 1164 5923 te
1195 5871 1351 5925 Deus.
1390 5871 1529 5928 Vere
1579 5880 1632 5927 tu
1678 5889 1735 5928 es
1782 5873 1921 5929 Deus

2026 4758 2132 4816 illis
2159 4759 2457 4816 salvabitur
2485 4760 2638 4827 Iuda,
2669 4771 2725 4819 et
2751 4763 2914 4820 Israel
2945 4766 3210 4822 habitabit
3239 4768 3572 4824 confidenter
3596 4785 3610 4822 :

2026 4859 2080 4907 et.
2126 4852 2232 4909 hoc
2274 4861 2360 4910 est
2404 4869 2623 4918 nomen,
2669 4857 2813 4926 quod
2847 4860 3117 4914 vocabunt
3156 4876 3310 4926 eum,
3355 4861 3614 4916 Dominus

2017 4942 2198 5014 justus
2219 4950 2404 5000 noster
2425 4943 2634 5017 (11:54.).
2669 4964 2689 4998 ι
2717 4945 2815 5003 llic
2833 4957 2914 5003 est
2933 4948 3132 5021 justus,
3156 4951 3221 5005 ad
3244 4951 3398 5022 cujus
3419 4953 3616 5007 adven-

2031 5045 2144 5090 tum
2175 5035 2316 5090 idem
2341 5035 2604 5106 propheta
2629 5037 2756 5092 totis
2776 5038 2998 5094 viseeril.
3016 5055 3079 5093 us
3105 5049 3330 5102 renuat,
3359 5050 3416 5095 et
3442 5043 3612 5096 anhe-

2029 5125 2124 5193 lat,
2153 5127 2338 5184 dicens
2364 5145 2377 5181 :
2413 5145 2431 5177 ι
2471 5127 3122 5224 Βοηιενοαρὶμιρειιροτ,
3152 5145 3206 5186 et
3227 5132 3398 5188 nubes
3427 5135 3615 5205 pluunt

2023 5219 2267 5288 justum;
2297 5221 2576 5293 aperiatur
2597 5231 2768 5288 terra,
2795 5219 2848 5277 et
2869 5224 3138 5294 germinet
3165 5223 3502 5280 Salvatorem
3521 5267 3536 5286 .
3559 5236 3612 5280 et

2019 5311 2234 5380 justitia
2248 5312 2457 5368 oriatur
2479 5313 2669 5380 simul;
2700 5329 2800 5386 ego
2823 5315 3082 5370 Dominus
3101 5316 3280 5370 ereavi
3308 5333 3429 5371 eum
3456 5316 3608 5386 (hui.

2004 5407 2175 5474 ιω).
2211 5424 2230 5457 ι
2267 5405 2334 5460 Et
2366 5406 2537 5462 alibi:
2574 5424 2592 5458 ι
2625 5407 2860 5472 Utinam,
2895 5406 2998 5477 31
3025 5406 3236 5477 inquit,
3277 5409 3616 5477 dirumperes

2026 5499 2213 5563 caelos,
2238 5510 2292 5553 et
2313 5497 2671 5554 descenderes
2695 5516 2707 5552 :
2734 5515 2763 5553 a
2793 5499 2932 5554 facie
2955 5509 3042 5554 tua
3065 5509 3276 5554 montes
3297 5499 3466 5561 deﬂue
3477 5508 3613 5564 rent,

2029 5597 2171 5651 sicut
2200 5595 2413 5656 exustio
2447 5594 2586 5666 ignis
2613 5596 2972 5660 tabescerent,
3004 5601 3169 5664 atque
3193 5595 3447 5650 arderent
3483 5593 3616 5660 igni,

2032 5696 2090 5741 ut
2113 5672 2294 5740 uelum
2321 5686 2471 5740 lieret
2488 5699 2679 5741 nomen
2699 5695 2845 5740 tuum
2867 5683 3098 5740 inimicis
3117 5683 3220 5740 tuis
3236 5683 3388 5756 (Isai.
3410 5681 3567 5752 ικιγ)
3589 5699 3609 5734 ι

2032 5780 2095 5833 Et
2129 5781 2324 5835 itermn
2361 5795 2373 5830 :
2415 5797 2431 5829 ι
2471 5778 2695 5846 Propter
2721 5777 2851 5832 Sion
2883 5792 2990 5832 non
3037 5779 3246 5842 tacebo,
3297 5787 3351 5832 et
3393 5785 3615 5845 propter

2031 5873 2364 5930 Iliemsalem
2422 5887 2528 5929 non
2581 5871 2889 5942 quiescam,
2945 5872 3116 5928 donec
3167 5868 3497 5941 egrediatur,
3556 5873 3615 5923 ut
