4018 6194
307 351 321 362 ·
391 337 464 397 ιε)
1210 339 1452 397 OPUSC.
1497 345 1554 396 11.
1611 375 1655 382 υ·
1692 345 2087 401 A‘i'I‘ILOGUS
2123 346 2398 403 CONTRA
2438 350 2746 412 .IUD.EOS.
3605 364 3676 420 50

390 457 667 527 splendor,
683 453 861 522 justus
888 452 1006 522 ejus
1027 495 1041 519 ,
1080 463 1133 508 et
1165 455 1416 512 Salvator
1463 456 1580 525 ejus
1607 498 1623 524 ,
1673 465 1731 512 ut
1774 459 1983 529 lampas
2013 459 2059 517 A
2091 461 2304 514 mortali
2334 461 2586 518 videlicet
2613 467 2728 535 regi
2757 467 2870 522 haec
2899 470 3181 539 prophetia
3208 471 3494 524 conivenire
3521 489 3673 542 posse

389 549 723 604 accendatur
762 547 920 619 (Isai.
954 549 1110 618 ωιη).
1139 568 1162 602 υ
1192 549 1267 603 De
1289 549 1480 605 eodem
1505 549 1706 606 Christi
1729 553 1987 614 adventu,

387 647 443 694 et
500 641 754 695 llabacuc
816 640 1186 695 testimonium
1246 641 1536 711 perhibet,
1585 643 1815 699 dicens:
1858 663 1876 696 ι
1923 643 1990 698 Et

387 730 670 801 respondit
700 731 959 785 Dominus
984 769 1000 796 ,
1050 741 1106 787 et
1141 731 1277 786 dixit
1313 733 1378 786 ad
1407 747 1494 789 me
1525 747 1540 786 :
1577 730 1768 789 Scribe
1813 736 1984 791 visum

384 826 440 880 in
493 825 643 880 buxu
696 834 883 894 aperte
909 865 925 890 ,
962 833 1022 880 ut
1051 834 1396 895 assequa‘tur,
1430 825 1521 895 qui
1554 826 1682 898 legit
1730 843 1823 895 ea;
1857 829 1986 898 quia

383 918 568 973 adimo
599 917 734 972 visio
756 922 823 972 ad
849 927 1098 988 tempus;
1131 929 1186 982 et
1209 919 1420 974 orietur
1445 919 1497 974 in
1540 920 1676 985 line,
1708 931 1762 975 et
1789 937 1900 977 non
1929 923 1983 978 in

380 1023 648 1074 vacuum;
691 1010 738 1065 si
784 1006 1104 1073 tardaverit,
1152 1010 1360 1065 sustine
1404 1025 1554 1078 eum,
1598 1011 1726 1081 quia
1757 1013 1982 1068 veniens

383 1099 588 1167 vt‘ltiel,
609 1107 798 1156 etnon
829 1100 1131 1155 morabitur
1151 1099 1382 1170 (Hebae.
1413 1100 1496 1172 tt).
1529 1119 1547 1154 ι
1576 1101 1658 1157 Ad
1687 1102 1980 1172 perhiben-

378 1192 513 1245 dum
562 1191 741 1247 adhuc
776 1191 1148 1248 testimonium
1193 1191 1411 1248 Christo
1454 1193 1720 1264 propheta
1764 1210 1982 1265 quoque

377 1283 585 1338 Audias
610 1283 834 1338 accedat
867 1301 880 1337 :
919 1301 938 1336 ι
971 1282 1088 1350 Quo
1119 1282 1279 1338 modo
1303 1282 1472 1349 enim,
1505 1284 1716 1354 inquit,
1765 1285 1980 1341 bibistis

375 1391 544 1445 super
574 1385 810 1430 montem
840 1384 1086 1430 sanctum
1110 1389 1307 1436 meum.
1331 1369 1515 1431 bibent
1538 1391 1726 1430 omnes
1743 1376 1973 1447 jugiter;

374 1477 432 1521 et
462 1469 644 1522 bibent
670 1478 726 1523 et
750 1469 1119 1524 absorbebunt
1140 1509 1155 1532 ,
1193 1475 1248 1522 et
1291 1479 1471 1533 enmt,
1523 1471 1676 1537 quasi
1707 1485 1810 1552 non
1834 1470 1972 1535 sint;

373 1571 431 1613 et
463 1561 516 1615 in
546 1570 727 1618 monte
775 1563 907 1618 Sion
955 1563 1061 1619 erit
1105 1561 1333 1618 sali-alio
1356 1603 1370 1624 ,
1415 1571 1468 1616 ct
1497 1563 1603 1617 erit
1633 1573 1888 1628 sanctus;
1921 1573 1976 1618 et

373 1640 678 1718 possidebit
709 1653 902 1710 domus
932 1652 1102 1708 Iacob
1131 1669 1224 1709 eos
1243 1695 1258 1718 ,
1289 1653 1384 1722 qui
1412 1668 1471 1708 se
1494 1654 1846 1723 possederant
1872 1673 1884 1708 :
1917 1663 1973 1710 et

371 1745 480 1798 e-it
505 1747 696 1800 domus
723 1744 892 1801 Iacob
916 1747 1073 1818 ignis,
1099 1757 1154 1801 et
1182 1745 1375 1800 donms
1404 1743 1601 1814 Ioseph
1628 1745 1841 1800 ﬂanti-ina
1862 1787 1877 1813 ,
1915 1756 1970 1800 et

372 1839 573 1890 liuiuus
600 1837 739 1892 Esau
772 1838 970 1907 stipula
1004 1839 1154 1908 (Ab‘d.
1191 1837 1326 1906 16).»
1359 1835 1497 1904 Quid
1539 1837 1682 1892 enim
1732 1853 1829 1908 per
1870 1838 1964 1892 tle-

371 1944 527 1983 m'tm
554 1927 741 1996 Iacob,
784 1939 841 1984 ct
877 1930 1097 2002 Ioseph,
1129 1932 1230 1987 nisi
1279 1929 1522 1986 Ecclesia
1553 1930 1795 1985 Christi?
1829 1928 1967 1996 Quid

371 2035 475 2088 per
498 2020 717 2075 domum
747 2021 889 2077 Esau
917 2021 1076 2076 debet
1104 2020 1357 2092 intelligi,
1404 2021 1505 2076 nisi
1539 2012 1832 2075 inﬁdelium
1874 2036 1968 2090 po-

371 2127 408 2178 p
434 2111 486 2164 di
508 2111 535 2166 ἳ
562 2110 763 2166 Domus
790 2127 918 2181 ergo
945 2109 1140 2176 Iacob,
1183 2121 1239 2168 et
1279 2111 1477 2182 IOSrplt
1509 2111 1648 2182 ignis
1681 2110 1820 2165 facta
1851 2122 1965 2178 est;

370 2200 510 2269 quia'
534 2210 722 2255 sancta
747 2199 986 2255 Ecclesia
1014 2201 1136 2272 igne
1159 2203 1332 2257 sancti
1358 2199 1592 2271 Spiritus
1614 2200 1966 2266 inﬂammata,

372 2293 445 2344 ad
473 2305 715 2346 amorem
741 2290 836 2358 Dei
876 2290 1068 2362 frigida
1094 2291 1297 2346 dudum
1329 2292 1626 2347 carnalimn
1654 2293 1816 2347 corda
1850 2309 1970 2347 suc-

372 2380 602 2434 relidit:
636 2388 692 2434 et
717 2379 796 2436 sic
829 2395 859 2433 a
900 2383 1336 2451 cencupiscentia
1376 2382 1661 2450 prmseutis
1696 2381 1874 2450 stecnli
1903 2385 1968 2437 ad

370 2469 707 2524 desiderium
749 2469 1026 2527 Creatoris
1053 2473 1290 2533 domum
1335 2473 1474 2527 Esau
1520 2473 1669 2530 velut
1713 2474 1968 2543 stipulam

372 2561 765 2616 concremavit.
792 2561 866 2616 De
899 2578 1007 2630 quo
1038 2563 1286 2618 videlicet
1313 2565 1434 2634 igne
1474 2565 1525 2618 lu
1571 2573 1760 2620 nostro
1797 2566 1970 2619 Evan-

371 2653 516 2722 gelio
548 2653 758 2709 Veritas
794 2654 925 2708 dicit
957 2670 971 2707 :
1013 2672 1030 2704 ι
1068 2655 1244 2725 Ignem
1280 2656 1396 2708 veni
1425 2657 1638 2711 mittere
1666 2656 1718 2709 in
1746 2665 1972 2721 terram,

371 2755 426 2796 et
452 2743 582 2812 quid
604 2744 744 2811 volo,
774 2745 876 2800 nisi
903 2757 1044 2799 utar
1069 2745 1210 2798 Iea‘t?
1249 2767 1265 2797 ι
1307 2746 1459 2814 (Luc.
1492 2749 1615 2816 xu.)

1003 2836 1231 2892 CAPUT
1271 2837 1333 2891 ll.

649 2926 726 2984 De
753 2929 986 2996 Christo,
1014 2932 1105 3002 qui
1139 2943 1212 2986 est
1242 2931 1375 3002 lupis
1405 2932 1699 3002 angularia.

443 3019 541 3075 Dic
585 3021 716 3076 mihi
747 3024 849 3078 hoc
880 3023 1065 3089 etiam,
1101 3041 1134 3078 o
1162 3022 1367 3091 Iudaze.
1402 3027 1524 3095 quis
1558 3035 1643 3080 est
1675 3025 1776 3080 istc
1811 3025 1964 3094 lapis,

366 3126 531 3179 quem
557 3111 812 3167 Dominus
831 3113 1116 3184 pollicetur
1135 3130 1194 3169 se
1216 3115 1515 3185 positurum
1541 3115 1594 3170 in
1619 3117 1965 3172 fundamento

2094 568 2200 606 non
2243 554 2518 620 cemitur,
2567 571 2911 630 consequens
2961 573 3044 617 est
3092 573 3150 616 ut
3200 562 3267 618 de
3314 564 3530 620 Christo
3584 567 3674 621 Dei

2091 641 2231 696 Filio
2259 644 2631 703 indubitanter
2661 649 2807 705 dicta
2837 652 3110 707 credatur.
3144 655 3218 708 De
3261 671 3392 725 quo,
3428 657 3677 713 videlicet

2086 744 2290 790 aeterno
2307 736 2497 805 David,
2521 738 2689 796 Isaias
2719 744 2796 798 ait
2823 762 2842 797 -:
2875 765 2894 795 ‹
2919 745 3132 800 Feriam
3157 748 3434 802 vobiscum
3458 760 3674 819 pactum

2086 824 2513 894 sempiternum,
2570 830 2974 890 misericordias
3048 831 3212 890 David
3285 837 3478 893 ﬁdelis.
3535 840 3674 894 Ecce

2087 926 2278 973 testem
2317 921 2494 990 populi
2544 924 2664 979 dedi
2707 939 2855 992 eum,
2907 920 3122 992 ducem,
3177 946 3241 984 ac
3280 926 3667 1001 praeceptorem

2084 1013 2354 1080 gentibus.
2400 1015 2540 1069 Ecce
2586 1027 2824 1087 gentem,
2871 1035 3032 1090 quam
3069 1022 3372 1088 nesciebas,
3417 1026 3667 1088 vocabis;

2082 1113 2137 1155 et
2169 1114 2379 1172 gentes,
2425 1121 2546 1176 qum
2592 1125 2697 1164 non
2741 1122 3112 1181 cognoverunt
3148 1123 3215 1177 te,
3249 1115 3314 1169 ad
3348 1123 3400 1170 te
3429 1125 3670 1171 current.

2083 1194 2310 1260 I’ropter
2351 1199 2637 1253 Dominum
2686 1200 2854 1256 Deum
2902 1212 3073 1269 tuum,
3111 1213 3166 1259 et
3202 1215 3452 1260 sanctum
3480 1205 3668 1271 Israel,

2080 1285 2205 1354 quia
2260 1286 2585 1358 gloriﬁcavit
2629 1299 2679 1345 te
2717 1290 2997 1363 (Isai,t.v).
3039 1313 3057 1347 ι
3098 1293 3349 1364 Nunquid
3409 1311 3514 1350 non
3554 1295 3668 1363 jam

2079 1373 2245 1428 David
2273 1391 2340 1431 ex
2372 1378 2472 1432 hac
2519 1377 2640 1434 luce
2686 1381 3036 1450 migraverat,
3080 1399 3202 1438 cmn
3257 1387 3370 1440 haec
3404 1386 3664 1456 propheta

2077 1465 2327 1521 dicebat?
2356 1467 2636 1535 Quomodo
2666 1470 2828 1541 igitur
2854 1473 2920 1528 de
2941 1489 3007 1529 eo
3033 1475 3330 1540 diceretur,
3351 1477 3476 1544 quia
3508 1491 3667 1529 voca—

2077 1567 2230 1614 turus
2250 1571 2392 1616 esset
2411 1571 2621 1633 gentes,
2635 1565 2768 1620 clad
2788 1579 2911 1620 eum
2935 1576 3122 1636 gentes
3136 1575 3544 1631 concurrerent,
3563 1567 3657 1636 qui

2068 1647 2182 1718 jam
2211 1663 2406 1709 exutus
2436 1669 2666 1725 corpore
2709 1671 2833 1710 cum
2877 1657 3201 1713 mortalibus
3231 1673 3337 1711 non
3377 1659 3668 1712 maneret?

2077 1742 2132 1798 Si
2185 1746 2346 1814 igitur
2391 1747 2495 1802 hoc
2548 1749 2880 1819 prepheticae
2940 1750 3322 1820 promissionis
3379 1748 3661 1804 m-acqum

2000 1816 2042 1874 Β
2072 1853 2414 1908 nequaquam
2444 1839 2510 1894 de
2544 1816 2758 1909 eo,—qui
2800 1839 2914 1908 jam
2941 1816 3175 1904 obierat,
3221 1840 3386 1894 David
3420 1840 3523 1894 dici
3561 1853 3660 1908 po-

2075 1927 2242 1980 tuisse
2285 1927 2649 1996 coguoscitur,
2703 1938 2871 1982 restat
2912 1939 2966 1983 ut
3025 1930 3092 1984 de
3136 1945 3235 1995 eo,
3286 1929 3379 2000 qui
3432 1929 3663 1985 necdum

2072 2025 2315 2081 venerat,
2343 2016 2552 2086 prolata
2585 2016 2755 2073 fuisse
2782 2021 3052 2074 credatur.

2142 2107 2379 2162 Rursum
2433 2109 2598 2164 etiam
2653 2110 2720 2163 de
2778 2111 3163 2179 reprobatione
3220 2110 3552 2176 Iudaeorum,
3607 2120 3666 2166 et

2073 2198 2352 2253 vocatione
2381 2199 2622 2269 gentium
2670 2201 3170 2257 manifestissimum
3208 2218 3305 2273 per
3341 2202 3667 2256 Zachariam

2071 2290 2333 2344 Dominus
2390 2290 2612 2360 protulit
2663 2293 3010 2356 sententiam,
3059 2293 3298 2347 dicens:
3350 2311 3368 2342 ι
3407 2291 3521 2346 Non
3578 2299 3664 2346 est

2072 2382 2202 2434 mihi
2233 2379 2477 2436 voluntas
2506 2381 2556 2435 in
2577 2382 2896 2446 vobis,dicit
2926 2382 3185 2437 Dominus
3209 2383 3570 2447 exercituum,
3601 2391 3660 2436 et

2072 2488 2269 2528 munus
2296 2489 2401 2526 non
2429 2473 2717 2540 suscipiam
2751 2473 2818 2528 de
2847 2488 3008 2527 manu
3038 2481 3233 2529 vestra.
3258 2474 3340 2528 Ab
3370 2486 3490 2527 ortu
3517 2475 3660 2526 enim

2071 2563 2402 2632 solisusque
2441 2564 2508 2617 ad
2547 2574 2802 2618 occasum
2833 2578 3086 2633 magnum
3127 2574 3211 2619 est
3253 2581 3451 2619 nomen
3482 2579 3659 2618 meum

2073 2652 2127 2707 in
2181 2651 2455 2722 gentibus,
2483 2660 2536 2707 et
2577 2636 2804 2707 in'omni
2835 2653 2955 2708 loco
2984 2653 3328 2709 sacrificatur
3353 2664 3408 2709 et
3433 2653 3660 2710 oﬂcrtur

2072 2742 2278 2796 nomini
2330 2758 2450 2797 meo
2485 2742 2687 2798 oblatio
2736 2744 2967 2808 munda;
3010 2745 3134 2814 quia
3167 2760 3418 2816 magnum
3451 2754 3530 2799 est
3567 2761 3662 2800 no--
3715 2777 3718 2780 ~

2071 2848 2192 2885 men
2223 2846 2401 2885 meum
2454 2831 2506 2884 in
2553 2832 2825 2901 gentibus,
2864 2833 2995 2886 dicit
3025 2833 3284 2887 Dominus
3323 2835 3660 2889 exercituum

2071 2921 2326 2992 (Malm'li.
2359 2921 2418 2989 l).
2460 2939 2477 2972 ι
2521 2921 2586 2976 Et
2623 2923 2783 2993 paulo
2814 2933 2935 2993 post
2967 2942 2979 2976 :
3019 2944 3036 2976 ι
3075 2924 3138 2978 Et
3185 2925 3238 2977 iu
3280 2924 3368 2979 die
3415 2925 3504 2978 illa
3531 2924 3663 2980 dicit

2071 3014 2331 3071 Dominus
2355 3015 2692 3071 exercituum
2715 3059 2728 3081 ,
2759 3017 3068 3088 disperdam
3121 3019 3338 3072 nomina
3395 3019 3660 3074 idolorum

2071 3110 2137 3164 de
2164 3120 2328 3176 terra,
2375 3120 2431 3167 et
2474 3127 2582 3168 non
2628 3110 3072 3166 memorabuntur
3117 3110 3280 3177 ultra,
3321 3120 3376 3164 ct
3410 3112 3658 3180 spiritum

367 3169 547 3258 Sion?
584 3201 734 3258 Unde
763 3169 927 3260 Isaias
950 3205 1067 3258 ait:
1103 3225 1120 3257 ι
1154 3169 1292 3260 Ecce
1314 3222 1413 3278 ego
1438 3207 1648 3261 inlitam
1680 3208 1732 3262 in
1765 3207 1961 3262 iutida-
1992 3169 2036 3230 Ο
2068 3201 2682 3271 pseudoprophetarum,
2708 3208 2764 3256 et
2785 3199 3032 3270 spiritum
3057 3200 3391 3256 immundum
3417 3200 3659 3256 auferam

369 3303 558 3349 mento
587 3292 719 3350 Sion
749 3295 981 3366 lapidem
1015 3298 1298 3367 probatmn
1325 3339 1340 3364 ,
1381 3299 1717 3366 angularem,
1764 3301 1966 3370 pretio-

368 3399 517 3450 sum,
550 3385 605 3438 in
633 3385 984 3441 fundamento
1013 3386 1295 3442 {ululatum
1325 3388 1480 3461 (lsui.
1527 3389 1738 3459 xxvut).
1777 3409 1795 3442 ι
1832 3391 1964 3459 Quis

366 3483 475 3535 est,
504 3475 748 3544 inquam,
771 3475 876 3531 iste
905 3477 1066 3546 lapis,
1091 3477 1191 3531 nisi
1218 3478 1324 3544 ille,
1356 3479 1422 3534 de
1448 3495 1554 3549 quo
1581 3479 1744 3534 David
1771 3482 1918 3536 canit
1947 3500 1962 3538 :

373 3585 392 3616 ‹
430 3565 732 3636 Lapidem,
783 3583 944 3638 quem
993 3570 1416 3639 reprobaverunt
1462 3569 1828 3636 aediﬁcantes,
1878 3572 1966 3626 hic

371 3659 552 3713 factus
583 3668 666 3715 est
697 3660 752 3715 in
783 3669 945 3731 caput
988 3661 1204 3732 anguli?
1251 3661 1422 3732 (Psal.
1456 3663 1648 3733 cxvn.)
1681 3681 1698 3715 ι
1736 3663 1888 3730 Quod
1920 3664 1965 3719 si

367 3753 644 3819 lapideum
698 3769 794 3808 cor
845 3761 998 3808 tuum
1052 3753 1284 3824 lapidem
1336 3753 1668 3810 matcrialcm
1715 3755 1784 3810 ab
1829 3754 1966 3810 Isaia

368 3843 575 3897 dictum
601 3843 900 3910 existimas,
923 3844 1046 3898 audi
1073 3845 1212 3913 quod
1239 3846 1486 3914 Sequitur
1510 3859 1524 3898 :
1556 3864 1572 3894 ι
1605 3845 1781 3915 Super
1803 3861 1963 3915 quem

370 3933 465 4000 qui
500 3934 780 4000 ceciderit,
813 3934 1188 4006 coul'riugelur
1223 3955 1234 3989 :
1276 3952 1440 4006 super
1472 3953 1634 4007 quezn
1670 3952 1797 3991 vero
1827 3936 1966 3992 ceci-

365 4024 536 4089 derit,
561 4034 808 4081 conteret
835 4042 978 4082 cum.
1016 4047 1035 4079 ι
1067 4025 1327 4098 Lapidem
1353 4029 1495 4083 enim
1515 4070 1529 4094 ,
1559 4027 1648 4098 qui
1683 4028 1735 4082 in
1767 4027 1962 4083 funda-

369 4124 554 4168 mento
607 4116 834 4186 parietis
883 4117 1134 4187 ponitur,
1167 4134 1273 4173 non
1321 4133 1480 4189 posse
1523 4134 1685 4188 super
1732 4119 1964 4188 aliquem

365 4208 607 4274 cadere,
656 4208 862 4280 liquido
891 4211 1296 4279 comprobatur.
1348 4211 1444 4266 llic
1481 4219 1562 4266 est
1605 4211 1790 4281 utique
1832 4211 1965 4280 lapis

367 4300 499 4364 ille,
545 4317 708 4370 quem
757 4302 943 4358 Daniel
992 4303 1124 4358 vidit
1169 4303 1470 4358 abscissum
1513 4303 1578 4358 de
1624 4313 1804 4359 monte
1848 4305 1966 4358 sine

368 4394 627 4448 manibus
673 4394 834 4466 (Dan.
887 4395 982 4465 tt);
1037 4393 1584 4451 Christns~videlicet
1634 4395 1752 4450 sine
1802 4410 1965 4463 opere

2071 3285 2136 3337 de
2171 3290 2315 3338 terra
2341 3281 2527 3353 (Zach.
2559 3284 2679 3355 xrit)
2713 3300 2732 3336 ι
2765 3283 2860 3338 Dic
2885 3285 3071 3345 etiam,
3095 3283 3307 3351 Iudaee,
3336 3283 3400 3336 de
3424 3297 3534 3350 quo
3567 3283 3653 3334 in-

2072 3379 2290 3447 telligis,
2336 3379 2540 3434 dictum
2587 3380 2778 3445 fuisse,
2822 3379 2968 3452 quod
3020 3377 3194 3450 legis:
3239 3396 3256 3428 ι
3298 3377 3462 3443 Deus,
3497 3376 3647 3444 judi-

2071 3472 2212 3522 cium
2252 3479 2402 3525 tuum
2453 3471 2565 3542 regi
2601 3471 2690 3535 da,
2727 3480 2782 3526 et
2806 3470 3076 3540 justitiam
3123 3479 3268 3522 tuam
3309 3467 3417 3520 tilio
3459 3465 3648 3535 regis?

2071 3560 2245 3630 (Paul.
2277 3579 2428 3618 uxr.
2457 3566 2475 3632 )
2525 3581 2543 3616 ι
2579 3562 2714 3630 Quis
2749 3545 2833 3619 esi
2863 3562 2966 3618 iste
2999 3575 3095 3617 rex
3129 3559 3270 3630 regis
3325 3558 3417 3611 li'ii
3458 3557 3651 3628 pater?

2067 3654 2337 3723 Numquid
2386 3657 2550 3711 David
2583 3656 2935 3712 Salomonis?
2968 3654 3074 3710 Sed
3117 3654 3234 3722 lege
3268 3665 3364 3722 per
3400 3651 3651 3704 ordinent

2066 3748 2328 3816 psalmum
2350 3758 2403 3801 et
2424 3745 2548 3802 vide
2571 3748 2698 3814 quid
2717 3749 2997 3815 sequitur:
3027 3763 3046 3797 ι
3073 3744 3140 3800 Et
3163 3742 3501 3814 permanebit
3520 3758 3650 3796 cum

2064 3840 2196 3902 sole,
2228 3849 2282 3893 et
2318 3846 2444 3891 ante
2477 3837 2661 3893 lunam
2692 3839 2744 3892 lu
2778 3838 3035 3893 smculum
3066 3835 3274 3893 saeculi.
3315 3855 3332 3886 ι
3366 3832 3643 3904 Numquid

2066 3931 2322 3985 Salomon
2372 3943 2691 4000 permanere
2732 3928 2784 3982 in
2818 3929 3073 3983 SiBCUillm
3124 3925 3304 3980 smculi
3347 3925 3455 3980 dici
3489 3940 3641 3979 vera-

2064 4024 2198 4078 citer
2233 4024 2431 4091 potuit,
2461 4022 2553 4092 qui
2584 4022 2673 4075 vix
2705 4037 2803 4092 per
2827 4020 3183 4098 quadraginta
3219 4031 3485 4070 anunrtun
3518 4033 3645 4071 cut:-

2065 4118 2300 4173 riculum
2337 4107 2489 4186 regni
2525 4115 2896 4187 gubernacula
2933 4113 3154 4166 tenuit?

2139 4201 2282 4270 Lege
2311 4197 2509 4264 adhuc,
2542 4206 2597 4253 et
2631 4196 2886 4252 continua
2919 4204 3088 4251 totum
3125 4191 3414 4263 psalmum,
3442 4198 3496 4245 et
3529 4207 3658 4245 cou-

2067 4291 2249 4348 sidcra
2301 4288 2570 4359 quomodo
2620 4303 2650 4340 a
2711 4285 3002 4341 Salomone
3057 4284 3359 4354 reperiatur
3417 4281 3655 4346 alienus,

2070 4380 2306 4433 maxime
2340 4377 2448 4433 illic
2486 4378 2573 4450 ubi
2614 4377 2855 4430 dicitur:
2893 4395 2911 4427 ι
2945 4375 3024 4429 Ex
3063 4373 3242 4429 usuris
3272 4381 3328 4427 et
3373 4371 3656 4441 iniquitate

366 4482 848 4551 complectentium
870 4524 888 4549 ,
931 4486 998 4540 de
1045 4485 1354 4553 incorrupta
1386 4483 1590 4554 virgine
1625 4491 1960 4550 procreatus.
1998 4514 2043 4572 υ
2070 4473 2322 4572 liberabit
2343 4472 2553 4572 αξιῖξηίιξ
2581 4487 2767 4572 Con-{'3'
2798 4470 2846 4540 (1
2857 4469 3011 4540 θίάθ·
3035 4468 3233 4566 ’,δΝἱηιι
3259 4468 3528 4572 ί1¹¹ξξ¹¹¹⁰ἀίξ
3558 4465 3655 4519 33‘

364 4574 506 4626 Audi
533 4575 710 4630 adhuc
733 4575 1125 4640 testimonium,
1149 4575 1290 4644 quod
1313 4574 1452 4628 idem
1475 4575 1639 4629 Isaias
1657 4575 1720 4630 de
1740 4574 1955 4630 Christo

366 4667 600 4734 profert,
631 4666 854 4722 dicens:
885 4687 903 4718 ‹
939 4668 1278 4738 Egredietur,
1303 4666 1498 4736 inquit,
1522 4667 1667 4736 virga
1689 4668 1754 4720 de
1779 4667 1975 4741 radice

369 4759 525 4814 Ias-se
546 4801 560 4824 ,
590 4768 645 4815 et
683 4760 783 4815 ﬂos
812 4761 876 4815 de
914 4761 1094 4815 radice
1114 4759 1230 4828 ejus
1256 4760 1538 4824 ascendet,
1567 4769 1622 4813 et
1660 4761 1960 4830 requiescet

367 4865 540 4918 super
571 4865 700 4905 eum
739 4852 963 4922 spiritus
1013 4853 1259 4916 Domini,
1309 4852 1530 4923 Spiritus
1573 4853 1852 4921 sapientiae
1907 4860 1963 4907 et

367 4938 719 5004 intellectus,
791 4942 1014 5012 spiritus
1061 4943 1271 4998 consilii
1327 4952 1383 4997 et
1431 4941 1800 5009 fortitudinis,
1856 4944 1962 5013 spi-

366 5034 514 5087 ritus
567 5033 810 5090 scientia:
854 5043 913 5090 et
957 5035 1212 5104 pietatis,
1264 5045 1318 5089 ct
1369 5035 1599 5104 replebit
1644 5049 1765 5089 eum
1801 5035 1962 5103 spiri-

369 5133 462 5176 tus
506 5123 719 5179 timoris
767 5124 975 5178 Domini
1012 5122 1294 5194 (ιδαὶεχι).
1329 5143 1346 5174 ι
1403 5122 1521 5177 Iam
1549 5123 1677 5193 qttid
1727 5123 1966 5194 apertius

365 5229 459 5273 eo,
479 5213 627 5283 quod
649 5214 714 5269 de
733 5212 951 5269 Christo
974 5214 1138 5268 David
1160 5215 1307 5268 canit
1328 5214 1379 5267 in
1404 5212 1644 5288 psalmo?
1664 5231 1681 5263 ι
1706 5214 1966 5268 Dominus

367 5303 510 5356 dixit
533 5305 602 5358 ad
626 5318 748 5359 me:
777 5304 946 5360 Filius
986 5320 1136 5359 meus
1173 5321 1231 5359 es
1272 5315 1350 5370 tu,
1375 5322 1475 5372 ego
1516 5305 1852 5375 hodicgeuui
1880 5316 1963 5368 te;

367 5399 482 5469 32
511 5396 726 5467 pustula
755 5412 784 5449 a
821 5411 926 5456 me.
958 5406 1012 5449 et
1049 5395 1189 5450 dabo
1237 5395 1332 5451 tibi
1369 5405 1558 5465 gentes
1595 5395 1962 5451 Ita‘rrditatem

369 5505 547 5553 tuam,
581 5497 636 5545 et
660 5489 1060 5559 possessionem
1101 5497 1245 5543 tuam
1291 5487 1552 5541 terminos
1591 5497 1750 5541 terra:
1784 5485 1960 5557 (l’sal.

368 5584 461 5650 ιι).
488 5601 510 5634 ι
549 5580 803 5650 Nunquid
845 5581 960 5652 ipse
988 5581 1154 5635 David
1197 5580 1287 5634 Dei
1321 5579 1488 5634 Filius
1519 5579 1625 5634 dici
1655 5579 1848 5649 potuit,
1874 5587 1967 5633 aut

366 5692 544 5746 super
587 5675 760 5730 solum
801 5675 1082 5731 lsraelitici
1136 5675 1316 5746 populi
1365 5673 1558 5728 solium
1603 5673 1961 5736 constitutus,

356 5767 562 5828 omnia
611 5776 877 5822 terrarum
928 5783 1089 5838 regna
1137 5765 1409 5837 possedit?
1461 5764 1596 5832 Quia
1627 5779 1755 5836 ergo
1801 5764 1964 5819 David

2071 4564 2249 4616 lomon
2275 4578 2342 4617 ex
2372 4561 2658 4631 iniquitate
2694 4561 2926 4615 liberare
2960 4557 3170 4611 animas
3195 4556 3395 4625 potuit,
3435 4556 3558 4624 quia
3588 4572 3667 4608 ex.

2057 4655 2266 4723 justitia
2287 4693 2303 4719 ,
2331 4668 2496 4723 quam
2522 4651 2776 4723 primitus
2799 4647 2973 4718 cepit,
2999 4649 3137 4701 idem
3163 4647 3276 4717 ipse
3305 4645 3371 4699 ad
3402 4645 3654 4713 iniquita-

2066 4756 2171 4798 tem
2213 4742 2556 4812 postmodum
2600 4739 2932 4796 declinavit?
2965 4737 3100 4791 illud
3138 4723 3308 4790 etiam
3341 4733 3425 4788 cui
3454 4750 3654 4787 convc-

2066 4836 2164 4899 nit,
2195 4833 2298 4888 nisi
2345 4833 2446 4889 soli
2487 4834 2618 4897 Deo,
2648 4831 2793 4902 quod
2836 4829 3078 4884 dicitur:
3115 4847 3131 4878 ι
3167 4827 3250 4882 Sit
3294 4840 3488 4881 nomen
3538 4825 3668 4895 ejus.

2069 4925 2408 4980 benedictum
2445 4923 2499 4978 in
2540 4922 2777 4979 saecula?
2802 4941 2820 4974 ι
2857 4918 3118 4990 sequitur.
3166 4917 3342 4972 adimo
3385 4917 3649 4988 psalmus,

2067 5031 2120 5072 et
2151 5017 2281 5073 dicit
2308 5036 2321 5072 :
2359 5035 2378 5069 ι
2410 5017 2477 5071 Et
2498 5016 2888 5072 benedicentur
2923 5013 2975 5067 in
3003 5029 3069 5068 eo
3109 5026 3298 5066 onmes
3340 5011 3512 5064 uibus
3542 5019 3651 5062 ter—

2073 5127 2162 5173 rae,
2195 5123 2385 5165 omnes
2428 5117 2614 5180 gentes
2649 5105 3078 5178 magttilicabunt
3116 5118 3260 5158 cum.
3301 5123 3318 5154 ›
3359 5101 3471 5156 lloc
3510 5102 3650 5154 idem

2062 5203 2176 5274 jam
2221 5201 2350 5257 olim
2395 5203 2538 5257 Deus
2584 5201 2910 5272 promiserat
2948 5197 3210 5256 Abralire.
3254 5195 3439 5250 dicens
3476 5210 3548 5264 :‘r
3595 5192 3667 5245 In.

2070 5294 2274 5349 semine
2294 5303 2384 5348 tuo
2407 5292 2796 5348 benedicentur
2809 5305 2996 5347 omnes
3020 5297 3205 5359 gentes
3256 5285 3407 5357 (Ceu.
3439 5301 3545 5338 χχιι
3571 5286 3644 5353 ).ι

2071 5381 2135 5442 Et
2174 5387 2300 5444 alibi
2339 5387 2406 5442 ad
2438 5387 2606 5442 David
2647 5404 2659 5439 :
2697 5383 2956 5438 «Iuravit
3000 5381 3256 5437 Dominus
3305 5378 3468 5432 David
3512 5378 3651 5433 veri-

2071 5494 2258 5548 tatem,
2307 5491 2363 5536 et
2408 5498 2514 5536 non
2565 5479 2914 5536 lrustrabitur
2953 5491 3094 5531 eam.
3141 5475 3215 5530 De
3241 5471 3417 5526 fructu
3443 5471 3652 5526 ventris

2059 5574 2144 5627 tui
2205 5588 2400 5642 ponam
2456 5588 2618 5643 super
2677 5571 2856 5625 sedem
2915 5577 3061 5622 tuam
3117 5564 3302 5637 (Psal.
3352 5565 3568 5635 cxxtt).
3625 5582 3644 5614 ›

2068 5667 2174 5736 33
2204 5666 2266 5719 Et
2287 5666 2339 5719 itt
2367 5665 2504 5718 libro
2527 5664 2728 5731 Regum
2756 5662 2991 5716 secundo
3007 5659 3228 5727 legitur:
3264 5679 3280 5709 ι
3320 5657 3441 5710 Ihec
3469 5663 3651 5708 autent

2070 5737 2388 5816 :uut'verba
2414 5755 2722 5820 novissima,
2750 5769 2869 5824 qua:
2927 5753 3061 5808 dixit
3111 5752 3274 5807 David
3329 5750 3466 5802 titius
3509 5746 3644 5801 lsai:
