4024 6200
409 356 475 421 ω
834 352 891 409 S.
933 350 1137 408 PETRl
1177 352 1460 407 DAMIANI
1501 350 1652 408 OPP.
1695 351 1928 407 TOMUS
1970 347 2101 405 SEU
2140 350 2316 407 PARS
2352 351 2435 405 lli.
2478 382 2547 392 —-
2585 347 2946 406 OPUSCULA
2990 346 3219 401 VARIA.
3584 343 3653 397 ΒΞ

408 469 547 526 dixit
576 470 656 521 vir
684 468 772 521 cui
801 474 1154 520 constitutum
1202 476 1285 519 est
1333 466 1398 519 de
1433 465 1647 518 Christo
1698 464 1862 517 Jacoh
1893 461 1973 531 (ll
2010 469 2054 524 Λ
2086 479 2228 515 mum
2259 464 2546 532 psalmum,
2579 473 2631 516 et
2662 462 2941 517 considera
2970 459 3313 513 manifestum
3345 454 3553 509 llotnini
3586 455 3652 508 ad

409 553 532 623 Ilag.
570 555 746 623 mu).
788 572 805 604 ι
843 554 894 606 1η
925 554 1063 608 lihro
1094 551 1565 621 Paralipomenon:
1618 570 1635 603 ι
1689 550 1754 604 Et
1780 550 1980 604 factum

409 655 513 707 est,
546 647 738 714 inquit,
773 645 993 702 verbum
1028 642 1239 697 Domini
1295 642 1461 696 David
1494 642 1561 703 ad
1591 641 1802 697 Natban
1855 657 1983 710 pro-

409 736 644 803 phetam.
672 734 853 788 dicens
879 749 891 784 :
923 733 1089 795 Vade,
1121 740 1176 785 et
1194 732 1279 789 dic
1309 747 1462 787 servo
1480 748 1595 787 meo
1618 732 1785 786 David
1810 749 1822 785 :
1860 731 1984 786 Hrec

413 822 545 879 dicit
571 821 857 880 Dominus:
894 820 1169 879 Annuutio
1199 822 1315 885 tibi,
1347 823 1488 889 quod
1519 823 1881 876 aedificaturus
1917 823 1986 875 sit

414 912 629 965 domum
660 912 754 965 tibi
792 913 1069 969 Dominus.
1101 912 1344 982 Cumque
1370 914 1679 984 implever's
1705 914 1818 969 dies
1841 925 1983 977 tuos,

415 1010 474 1053 ut
500 1002 663 1059 vadas
684 1002 750 1055 ad
778 1011 960 1071 patres
983 1012 1120 1067 tuos,
1172 1004 1441 1059 suscitabo
1487 1019 1668 1059 semen
1693 1013 1838 1060 tuum
1867 1016 1986 1075 post

418 1101 491 1154 te,
520 1090 660 1159 quod
683 1092 784 1144 erit
828 1092 893 1146 de
918 1092 1041 1147 [iliis
1070 1092 1266 1155 tuis,et
1296 1092 1566 1148 stabiliam
1598 1104 1819 1165 regnum
1847 1096 1983 1164 ejus;

418 1181 530 1247 ipse
556 1183 839 1245 :edilicabit
868 1183 995 1235 mihi
1024 1184 1261 1249 domum,
1292 1192 1345 1238 et
1396 1185 1621 1239 tirmabo
1642 1186 1831 1241 solium
1871 1187 1987 1254 ejus

418 1286 588 1339 isque
617 1272 668 1333 in
700 1273 1105 1340 sempiternum.
1133 1274 1244 1344 Ego
1270 1287 1364 1329 cro
1385 1276 1433 1330 ei
1459 1276 1510 1329 in
1541 1285 1771 1344 patrem,
1794 1286 1847 1332 et
1874 1278 1985 1346 ipse

414 1363 516 1414 erit
546 1362 672 1416 mihi
706 1362 757 1416 in
788 1363 974 1427 lilium,
1002 1373 1055 1417 et
1085 1366 1512 1427 misericordiam
1540 1382 1713 1421 meam
1741 1371 1844 1422 non
1886 1385 1984 1421 au-

414 1453 581 1513 feram
615 1454 681 1506 ah
708 1468 791 1517 eo,
822 1454 962 1509 sicut
990 1456 1182 1516 abstuli
1208 1456 1275 1515 ab
1302 1470 1386 1520 eo,
1406 1458 1495 1525 Qui
1525 1465 1650 1513 ante
1680 1470 1731 1511 te
1782 1459 1901 1522 fuit,
1932 1467 1987 1513 et

414 1551 647 1595 statuam
676 1556 797 1596 eum
822 1543 874 1597 in
903 1544 1061 1597 domo
1092 1560 1233 1610 mea,
1264 1555 1318 1600 et
1367 1547 1420 1600 in
1450 1562 1614 1617 regno
1660 1564 1782 1602 meo
1817 1564 1987 1618 usque

416 1633 469 1683 in
503 1632 907 1702 sempiternum,
936 1646 989 1697 et
1013 1636 1238 1697 thronus
1259 1637 1374 1708 ejus
1397 1640 1500 1692 erit
1552 1639 1888 1696 firmissimus
1933 1643 1984 1698 iu

416 1732 729 1791 perpetuum
760 1723 810 1795 (Ι
847 1725 975 1785 Par.
1006 1727 1159 1797 xvn).
1191 1747 1209 1778 ι

1015 1816 1240 1873 CAPUT
1278 1818 1363 1874 Ill.

744 1903 1060 1972 Refutantur
1083 1905 1391 1962 Judteorum
1417 1925 1616 1964 errores

490 1993 620 2060 Quis
649 2004 826 2049 autem
852 1997 923 2050 ita
954 1997 1204 2066 desipiat,
1227 1999 1347 2067 quis
1379 1999 1450 2054 ita
1488 2000 1742 2066 insaniat,
1768 2011 1825 2055 ut
1874 2002 1989 2055 hare

418 2088 599 2145 munia
622 2088 807 2143 credat
851 2088 903 2142 in
938 2088 1223 2144 Salomone
1270 2091 1434 2146 fuisse
1489 2092 1794 2160 completa?
1852 2092 1985 2146 Nam

415 2177 646 2245 qualiter
670 2177 720 2232 in
754 2177 1041 2233 Salomone
1070 2179 1468 2250 intelligendum
1501 2191 1604 2246 est,
1658 2181 1800 2250 quod
1856 2182 1988 2236 diri-

416 2278 533 2321 tur:
572 2287 591 2321 ι
622 2270 907 2338 Postquam
934 2271 1215 2332 dormieris
1237 2288 1357 2327 cum
1382 2273 1623 2342 patribus
1652 2274 1778 2337 tuis,
1818 2274 1983 2329 susei-

418 2359 540 2419 taho
572 2375 752 2419 semen
780 2371 926 2415 tuttm
958 2370 1076 2430 post
1108 2372 1181 2425 te,
1202 2363 1343 2431 quod
1372 2364 1476 2417 erit
1501 2364 1565 2418 de
1596 2363 1721 2419 filiis
1756 2364 1881 2424 tuis,
1932 2373 1987 2418 et

361 2482 383 2544 δ
416 2449 681 2544 stabiliam
711 2465 933 2544 regnum
958 2451 1076 2544 ejus
1099 2451 1182 2522 (11
1216 2452 1342 2522 Reg.
1378 2452 1496 2516 vn).
1532 2472 1547 2503 ι
1586 2452 1845 2519 Qualiter,
1900 2453 1983 2505 in-

366 2534 380 2597 _'
417 2539 723 2605 qtta‘m,dici
751 2534 945 2594 hoc‘de
988 2539 1272 2602 Salomone
1326 2542 1518 2608 potuit,
1562 2543 1652 2609 qui
1706 2556 1809 2594 non
1866 2550 1986 2611 post

368 2667 388 2726 ι
418 2634 641 2685 tuurtem
668 2625 831 2680 David
862 2636 1015 2680 reatus
1044 2637 1145 2691 est,
1179 2627 1259 2681 vel
1299 2643 1521 2695 regnare
1543 2630 1726 2698 cmpit,
1768 2631 1859 2682 sed
1889 2629 1984 2680 ad-
2020 2636 2027 2637 ’

418 2717 523 2783 huc
551 2728 703 2786 patre
730 2718 943 2772 vivente
976 2719 1252 2789 regnavit?
1286 2719 1424 2786 Quid
1452 2728 1535 2775 est
1567 2735 1694 2791 ergo
1725 2719 1865 2789 quod
1903 2720 1983 2773 di-

418 2807 587 2871 citur:
622 2826 638 2856 (
675 2807 958 2876 Postquattl
983 2809 1268 2864 dormieris
1289 2824 1410 2864 eum
1445 2810 1689 2880 patribus
1713 2810 1842 2873 tuis,
1866 2826 1985 2865 sus-

417 2896 594 2955 citabo
614 2911 797 2953 semen
838 2906 985 2950 tuutn
1023 2908 1143 2966 post
1165 2907 1248 2962 te;
1283 2917 1301 2953 ι
1337 2899 1437 2953 nisi
1467 2899 1605 2968 quod
1633 2899 1880 2953 Christus
1903 2908 1986 2957 est

416 2987 472 3054 in
500 2987 599 3041 hac
627 2988 828 3055 promis
851 2988 981 3062 .ione
1000 2987 1263 3057 signatus,
1286 2988 1375 3057 qui
1418 2980 1527 3044 non
1576 2997 1700 3066 ante
1756 3000 1982 3044 mortem

417 3077 607 3147 David,
634 3079 727 3141 sed
751 3076 908 3146 longe
920 3085 1039 3148 post
1060 3077 1387 3147 ejusobitum
1419 3079 1594 3134 fuerat
1621 3080 1984 3135 suseitandus?

325 3206 327 3208 -
415 3168 515 3237 Qui
549 3167 1101 3237 videliceltediﬁcaret
1126 3169 1342 3236 domum
1389 3171 1615 3233 Domino
1662 3172 1727 3224 de
1758 3171 1979 3243 parieti-
2010 3153 2054 3214 (ἶ

415 3257 516 3320 bus
547 3273 651 3318 non
683 3258 1024 3326 ntauutactis,
1052 3260 1146 3319 sed
1175 3261 1242 3316 de
1260 3257 1527 3330 lapidibus
1574 3260 1729 3327 vivis,
1780 3271 1832 3315 et
1858 3277 1984 3332 pres

396 3349 589 3409 'tiosis,
623 3348 723 3413 hoc
754 3350 1079 3414 est,sauctis
1106 3359 1159 3405 et
1198 3349 1379 3419 justis.
1430 3351 1559 3405 illud
1589 3366 1804 3422 quoque
1842 3352 1982 3421 quod

418 3438 692 3491 subditur:
732 3455 749 3489 ι
784 3438 982 3494 Fidelis
1010 3440 1115 3494 erit
1140 3440 1331 3508 domus
1358 3439 1496 3509 ejus,
1523 3450 1578 3496 et
1603 3457 1824 3513 regnum
1866 3441 1984 3512 ejus

422 3540 587 3594 usque
613 3526 664 3579 iu
689 3527 1072 3596 sempiternum
1100 3543 1281 3585 coram
1310 3545 1396 3586 me
1422 3530 1631 3601 (lbid,).
1677 3550 1694 3583 ι
1741 3530 1873 3598 Quis
1918 3533 1985 3585 de

418 3613 706 3681 Salomone
733 3615 936 3682 dictum
960 3617 1239 3688 intelligat,
1259 3633 1379 3673 cum
1408 3620 1624 3674 domum
1653 3619 1767 3687 ejus
1791 3621 1948 3675 alieni
1969 3650 1982 3659 -

414 3709 567 3780 genis
589 3710 899 3765 mulieribus
908 3711 1116 3780 plenam
1140 3711 1305 3767 fuisse
1332 3711 1506 3782 legat?
1521 3711 1636 3778 Quo
1657 3713 1799 3767 enim
1828 3722 1983 3781 pacto

416 3803 609 3864 donius
633 3799 932 3856 Salomonis
954 3800 1062 3857 Deo
1084 3799 1255 3858 ﬁdelis
1281 3803 1510 3869 exstitit,
1547 3818 1665 3872 qua:
1696 3803 1983 3872 gentilibus

413 3890 747 3959 mulieribus,
781 3901 835 3946 et
853 3891 1151 3949 colentibus
1180 3892 1320 3948 idola
1347 3891 1502 3964 plena
1526 3892 1658 3948 fuit?
1683 3892 1798 3963 Ipse
1819 3895 1981 3949 etiam

414 3985 483 4053 ab
511 3984 589 4037 eis
623 3985 875 4055 seductus
900 3978 951 4055 in
978 3985 1332 4053 idololatriam
1356 3987 1579 4055 corruit,
1607 3995 1661 4040 et
1687 3988 1859 4042 bonus
1885 3988 1983 4040 ini-

415 4071 510 4136 tio,
540 4073 674 4139 proh
705 4074 885 4128 dolor!
920 4076 1091 4137 malos
1116 4077 1294 4131 exitus
1323 4076 1531 4145 habuit.
1568 4076 1675 4130 Aut
1713 4077 1982 4144 quomodo

380 4162 641 4230 .‘tiirouus
661 4162 776 4232 ejus
799 4164 1139 4233 ﬁrmissimus
1169 4166 1223 4227 in
1252 4173 1569 4242 perpetuum
1594 4164 1716 4246 jure
1761 4165 1979 4230 dicitur,

412 4251 540 4317 dum
562 4254 770 4305 constet
798 4254 920 4323 quia
944 4255 1009 4321 de
1036 4253 1341 4321 Salomonis
1366 4255 1573 4310 semine
1602 4270 1694 4324 rex
1718 4271 1979 4327 nusquam

411 4338 572 4409 hodie
602 4341 903 4415 reperitur?

484 4426 715 4482 Necesse
736 4437 819 4482 est
841 4444 987 4499 ergo.
1012 4429 1210 4494 Iudaee,
1248 4440 1307 4486 ut
1351 4442 1543 4501 cuncta
1577 4433 1707 4495 haec,
1732 4448 1853 4509 qu:e
1880 4433 1977 4487 Sa-

411 4512 613 4584 jctmoni
660 4518 809 4573 vides
838 4535 1174 4591 nequaquam
1205 4536 1359 4590 posse
1410 4536 1726 4590 congruere,
1760 4522 1976 4577 Christo

414 4610 635 4676 l'atearis
657 4625 751 4679 per
771 4613 948 4666 omnia
982 4615 1291 4668 convenire.
1324 4613 1399 4668 De
1444 4629 1551 4685 quo
1578 4614 1736 4668 etiam
1767 4614 1973 4668 Zacha-

412 4701 521 4764 rias
548 4710 794 4766 testatur,
841 4704 1132 4777 dicens:,'j
1189 4705 1312 4767 Haec
1359 4706 1486 4761 dicit
1536 4704 1793 4762 Dominus
1836 4705 1976 4758 Deus

409 4793 774 4861 exercituum:
801 4794 940 4868 Ecce
972 4796 1054 4865 vir
1073 4796 1257 4852 oriens
1287 4812 1478 4852 nomen
1509 4796 1649 4866 ejus,
1698 4807 1751 4851 et
1791 4797 1977 4866 subter

408 4898 528 4935 eam
549 4883 775 4951 orietur,
796 4894 851 4938 et
874 4886 1231 4947 :ediﬁeabitur
1253 4888 1509 4963 templum
1552 4873 1815 4955 Domino;
1860 4887 1975 4956 ipse

407 4983 652 5039 cxstruet
670 4975 948 5045 templum,
980 4986 1034 5041 et
1061 4977 1176 5053 ipse
1202 4966 1437 5049 portabit
1465 4977 1712 5050 gloriam,
1740 4987 1794 5032 et
1814 4978 1971 5033 sede-

408 5065 508 5128 l'it,
537 5074 593 5120 et
620 5066 985 5133 dominabitur
1014 5083 1174 5143 super
1212 5068 1404 5123 solium
1433 5084 1614 5135 suum,
1647 5078 1703 5135 et
1730 5069 1833 5123 erit
1882 5084 1972 5123 sa-

406 5157 596 5224 cerdos
635 5172 796 5226 super
844 5156 979 5225 solio
1032 5174 1130 5213 suo
1180 5158 1366 5229 (Zach.
1414 5160 1510 5245 vi).
1546 5180 1565 5213 ι
1630 5161 1695 5215 Et
1742 5161 1968 5215 iterum:

414 5262 431 5292 ε
468 5244 619 5309 Ecce,
650 5246 964 5319 inquit,ego
1006 5249 1270 5314 adducam
1312 5244 1526 5304 servum
1558 5265 1734 5304 meum
1781 5249 1972 5305 Orieno

412 5344 542 5401 tem,
570 5338 694 5405 quia
725 5354 849 5405 ecce
882 5336 1032 5407 lapis,
1064 5353 1221 5408 quem
1242 5337 1362 5392 dedi
1386 5354 1565 5393 coram
1600 5338 1724 5394 Jcsu
1781 5337 1965 5409 (Zach.

412 5429 515 5492 nt).
555 5444 572 5476 ι
600 5427 772 5510 Super
797 5431 1025 5497 lapidem
1079 5445 1239 5484 unum
1267 5442 1468 5508 septem
1492 5431 1631 5485 oeuli
1661 5440 1806 5497 sunt,
1850 5432 1969 5500 qui-

410 5514 510 5570 bus
537 5516 783 5584 vidgiicet
810 5523 979 5575 oculis
1006 5532 1209 5592 septem
1236 5522 1408 5576 sancti
1446 5522 1681 5590 Spiritus
1707 5525 1847 5577 dona
1896 5524 1969 5578 si-

406 5615 654 5685 gnantur.
674 5605 823 5672 Quod
845 5609 952 5681 34
967 5612 1007 5664 si
1032 5612 1256 5666 necdum
1287 5612 1526 5665 teomnia
1556 5596 1970 5679 limcliroplieta-

408 5711 525 5765 runt
557 5698 795 5766 exempla
827 5702 1166 5769 comitttttui,
1202 5704 1470 5773 interroga
1500 5702 1671 5758 adhuc
1703 5702 1961 5771 octogesi-

2088 554 2252 607 David
2283 556 2347 609 de
2376 554 2588 609 Christo
2624 554 2945 622 promissum
2978 569 2991 605 :
3032 569 3049 603 ι
3078 550 3261 604 Juravi
3318 548 3510 617 inquit,
3545 547 3650 599 Da-

2084 645 2170 698 vid
2198 659 2353 698 servo
2382 659 2521 706 meo,
2555 658 2725 712 usque
2754 642 2806 695 in
2836 651 3096 696 aeternum
3128 638 3439 709 prmparabo
3469 651 3651 690 semen

2087 743 2269 798 tuum;
2317 744 2371 787 et
2397 733 2674 787 mdiﬁcabo
2703 733 2757 786 in
2788 731 3044 786 saeculum
3084 729 3262 785 saeculi
3292 727 3474 783 sedem
3507 737 3651 781 tuam

2086 820 2257 892 (Paul.
2287 818 2568 882 Luxu").
2598 840 2616 873 ι
2649 821 2715 875 Et
2744 821 2899 890 paulo
2943 829 3064 889 post
3098 837 3111 872 :
3150 836 3169 870 ‹
3202 817 3427 882 Ponam,
3460 815 3653 884 inquit,

2086 913 2138 965 in
2167 913 2298 964 mari
2329 902 2541 964 tirenum
2569 911 2707 980 ejus,
2728 922 2783 965 et
2808 911 2861 965 in
2889 909 3196 964 ﬂuminibus
3221 909 3493 961 dexteram
3520 905 3653 973 ejus.

2084 1001 2201 1071 Ipse
2232 1001 2497 1056 invocabit
2522 1016 2627 1065 me,
2661 1000 2818 1055 Pater
2858 1014 3008 1054 meus
3036 1015 3094 1071 es
3131 1009 3207 1060 tu,
3236 999 3374 1051 Dens
3405 1012 3574 1063 meus,
3604 1003 3658 1048 et

2085 1101 2365 1162 susceptor
2387 1091 2575 1146 salutis
2600 1106 2767 1155 mete;
2805 1100 2860 1144 et
2886 1105 2986 1159 ego
3015 1087 3425 1159 primogenitum
3458 1101 3653 1154 ponam

2085 1183 2233 1239 illum
2263 1192 2316 1238 et
2344 1182 2617 1237 excelsum
2664 1196 2773 1250 pne
2818 1180 3034 1249 regibus
3070 1188 3259 1242 terrae;
3307 1178 3358 1229 in
3392 1185 3654 1229 aeternum

2085 1276 2312 1329 servabo
2359 1273 2432 1327 illi
2483 1271 2909 1327 misericordiam
2953 1286 3152 1335 meam,
3191 1277 3245 1323 et
3272 1276 3653 1324 testamentum

2087 1381 2265 1419 meum
2292 1363 2445 1418 ﬁdele
2473 1364 2603 1433 ipsi;
2633 1372 2688 1416 et
2712 1378 2904 1432 ponam
2936 1361 2987 1417 in
3011 1359 3263 1416 sarculum
3294 1373 3478 1413 semen
3506 1357 3650 1426 ejus;

2083 1462 2143 1507 et
2194 1455 2445 1508 thronum
2488 1452 2605 1522 ejus
2654 1452 2796 1506 sicut
2838 1450 2955 1505 dies
3002 1448 3145 1503 coeli.
3201 1466 3219 1499 ι
3291 1445 3357 1502 Ει
3406 1447 3598 1502 iterum
3639 1461 3652 1497 :

2093 1560 2110 1591 ι
2149 1542 2322 1595 Semel
2347 1539 2520 1610 juravi
2552 1540 2606 1593 iu
2655 1548 2844 1593 saneto
2870 1553 2989 1592 meo
3020 1538 3062 1591 si
3092 1536 3257 1590 David
3287 1535 3541 1599 mentiar,
3568 1548 3653 1587 se-

2038 1632 2047 1639 ’
2089 1647 2209 1684 meo
2243 1630 2356 1698 ejus
2387 1631 2438 1683 in
2469 1638 2726 1683 aeternum
2755 1628 3016 1692 manebit,
3050 1636 3104 1680 et
3131 1626 3355 1681 thronus
3382 1622 3496 1692 ejus
3520 1624 3658 1678 sicut

2089 1722 2165 1779 sol
2195 1724 2244 1775 iu
2272 1731 2558 1791 conspectu
2590 1737 2730 1783 meo,
2754 1730 2808 1776 et
2836 1722 2973 1774 sicut
3004 1720 3125 1774 luna
3156 1718 3388 1789 perfecta
3420 1717 3471 1770 in
3501 1726 3656 1770 teter.

2020 1820 2064 1877 Β
2096 1830 2242 1880 num,
2276 1825 2330 1868 et
2362 1815 2513 1868 testis
2544 1814 2594 1868 in
2622 1813 2759 1867 male
2787 1812 2980 1868 fidelis.
3012 1831 3028 1863 ι

2162 1905 2268 1970 Has
2316 1906 2478 1975 igitur
2522 1920 2709 1964 omnes
2734 1903 3121 1974 promissiones
3163 1901 3229 1955 ad
3272 1900 3438 1957 David
3490 1897 3656 1954 factas

2090 1997 2357 2050 suhtilitcr
2387 1997 2608 2066 inspice,
2637 2006 2689 2051 et
2715 1995 2798 2050 vel
2828 2010 3006 2066 regem
3030 1994 3096 2048 tle
3122 1992 3290 2046 David
3318 1989 3569 2059 progenie
3599 1989 3652 2042 in

2088 2089 2201 2155 ejus
2231 2088 2366 2141 solio
2394 2087 2778 2157 praecedentem
2806 2083 3048 2148 ostende,
3078 2083 3159 2137 vel
3200 2082 3379 2135 omnia
3411 2082 3475 2135 dc
3500 2080 3657 2137 Chri-

2087 2193 2171 2234 sm
2201 2179 2479 2249 praedicta,
2506 2188 2558 2233 et
2591 2179 2641 2231 in
2675 2179 2789 2246 ipso
2834 2174 3096 2247 completa
3147 2173 3454 2229 necessario
3479 2170 3652 2238 copti-

2090 2286 2220 2329 tere.
2252 2275 2421 2343 Perge
2451 2273 2643 2336 adhuc,
2673 2281 2726 2326 et
2763 2271 2968 2325 discute
3014 2266 3176 2321 alium
3206 2265 3492 2334 psalmum.
3523 2262 3655 2328 Quis

2084 2364 2227 2417 enim
2259 2372 2341 2416 est
2371 2361 2457 2417 ille
2480 2401 2494 2425 ,
2546 2361 2611 2414 de
2639 2375 2745 2429 quo
2790 2358 2989 2413 dicitur
3017 2373 3031 2409 :
3066 2374 3083 2406 ι
3112 2355 3281 2409 Mater
3308 2351 3436 2411 Sion
3463 2353 3605 2407 dicet
3634 2371 3648 2406 :
3730 2384 3739 2387 Α

2089 2453 2277 2512 llomo,
2308 2460 2361 2506 et
2408 2452 2568 2505 homo
2618 2450 2793 2504 factus
2835 2457 2917 2503 est
2952 2448 3004 2502 in
3055 2459 3141 2511 ea,
3170 2454 3226 2500 et
3255 2444 3367 2513 ipse
3413 2442 3652 2497 fundavit

2085 2557 2201 2597 eam
2254 2541 2599 2597 Altissimus?
2646 2539 2818 2611 (Psal.
2847 2553 3064 2593 uxxvr.
3114 2535 3132 2607 )
3186 2555 3203 2587 δ
3245 2533 3376 2600 Quis
3422 2542 3505 2587 est
3550 2532 3650 2586 iste

2085 2634 2433 2698 Altissimus,
2486 2632 2576 2705 qui
2624 2641 2677 2686 et
2737 2631 2899 2685 homo
2945 2628 3161 2693 dicitur,
3211 2637 3264 2680 et
3312 2624 3651 2705 altissimus?

2086 2724 2364 2788 Scrutare,
2416 2704 2640 2791 inspice,
2689 2721 2923 2801 revolve,
2972 2719 3016 2773 si
3063 2718 3253 2787 placet,
3294 2732 3479 2772 omnes
3508 2704 3647 2768 sacri

2085 2818 2281 2887 eloquii
2313 2817 2555 2886 paginas,
2580 2824 2636 2868 et
2658 2813 2947 2884 perpende,
2975 2811 3099 2880 quia
3126 2810 3433 2865 Altissimus
3453 2808 3649 2874 ultique

2085 2908 2152 2962 de
2203 2907 2311 2961 Deo
2358 2905 2576 2971 dicitur,
2624 2917 2885 2971 nusquam
2937 2899 3138 2955 dictum
3176 2901 3241 2954 de
3278 2896 3503 2965 simplici
3554 2895 3651 2949 ho-

2086 2998 2231 3051 mine
2262 2996 2545 3064 reperitur.
2596 2993 2782 3046 Restat
2810 3006 2939 3061 ergo
2967 3000 3025 3043 ut
3064 3004 3184 3044 cum
3233 2986 3561 3046 Altissimus,
3595 2988 3649 3039 et

2088 3089 2246 3143 homo
2291 3086 2447 3141 simul
2488 3085 2772 3155 jungatur;
2820 3082 2979 3146 Deus,
3017 3090 3071 3136 et
3099 3082 3259 3134 homo
3286 3094 3388 3135 una
3420 3090 3647 3147 persona

2085 3177 2257 3230 dictus
2288 3175 2637 3253 intelligatur,
2667 3174 2732 3228 de
2778 3188 2883 3241 quo
2912 3170 3229 3235 mirabiliter
3274 3168 3491 3228 dicitur,
3524 3166 3648 3239 quia

2086 3267 2151 3329 is,
2179 3267 2267 3335 qui
2299 3274 2459 3319 natus
2490 3276 2571 3321 est
2601 3266 2653 3318 in
2699 3277 2782 3329 ea,
2810 3263 2913 3317 hoc
2939 3271 3022 3324 est
3050 3261 3102 3314 in
3134 3260 3283 3321 Sion,
3316 3260 3429 3328 ipse
3457 3256 3648 3319 [unda-

2084 3362 2158 3412 vit
2185 3375 2324 3425 eam.
2357 3358 2586 3423 Necesse
2613 3365 2696 3412 est
2718 3356 2911 3429 quippe
2932 3353 3080 3424 prius
3107 3353 3379 3407 civitatem
3412 3345 3645 3410 fundari,

2082 3460 2135 3501 et
2181 3448 2259 3503 sic
2302 3447 2640 3516 postmodum
2691 3446 2743 3499 in
2770 3459 2831 3499 ea
2863 3444 3132 3498 hominem
3173 3440 3342 3496 nasci.
3393 3439 3499 3493 Sed
3527 3438 3648 3506 quis

2083 3539 2221 3602 valet
2255 3537 2401 3607 prius
2427 3537 2611 3591 urbem
2656 3542 2991 3593 construere,
3023 3532 3153 3584 etin
3197 3545 3259 3583 ea
3308 3526 3646 3596 postmodum

2082 3634 2145 3685 de
2176 3639 2361 3684 ventre
2392 3628 2580 3692 matris
2607 3626 2792 3680 exire?
2818 3626 2969 3692 Quis,
3016 3624 3255 3692 inquam,
3286 3621 3386 3675 nisi
3417 3620 3647 3683 Redem.

2081 3729 2202 3789 ptor
2226 3728 2429 3781 noster,
2456 3715 2545 3784 qui
2574 3714 2624 3767 in
2650 3714 2733 3781 his
2764 3729 2882 3785 qua:
2924 3712 3071 3776 fecit,
3095 3712 3342 3781 dignatus
3364 3716 3446 3761 est
3484 3707 3596 3763 ﬁeri
3621 3706 3647 3758 3

2150 3807 2287 3874 Quid
2315 3807 2382 3860 ad
2413 3807 2546 3871 hzec,
2574 3791 2911 3871 Judaee,ijam
2944 3802 3174 3856 tentabis
3203 3796 3479 3870 objicere?
3526 3795 3643 3862 Qua

2082 3902 2457 3955 inverecunda:
2484 3898 2678 3953 mentis
2700 3896 2923 3959 audacia
2956 3904 3062 3949 tam
3087 3893 3267 3957 claris,
3291 3902 3397 3945 tam
3424 3889 3641 3959 apertis,

2082 4000 2190 4043 tam
2236 3988 2432 4044 divinis
2481 3988 2682 4057 poteris
2748 3983 3137 4040 assertionibus
3182 3981 3442 4046 obviare?
3496 3980 3642 4043 Esto,

2080 4082 2220 4152 quod
2271 4076 2703 4150 blasphetnatites
2752 4078 2930 4131 dicitis
2957 4116 2971 4139 ,
3016 4075 3288 4130 Christum
3334 4073 3401 4125 de
3446 4087 3505 4135 se
3553 4086 3645 4151 po-

2032 4200 2037 4203 -
2079 4176 2245 4229 tuisse
2271 4171 2545 4227 mendacia
2574 4170 2805 4239 lingere;
2857 4166 3117 4237 nunquid,
3155 4175 3210 4217 et
3240 4174 3521 4245 antequam
3550 4180 3645 4216 na-

2079 4273 2347 4335 sceretur,
2384 4261 2426 4315 si
2468 4261 2605 4321 Deus
2630 4275 2732 4313 non
2765 4266 2927 4321 esset,
2958 4272 3050 4325 per
3078 4255 3302 4308 aliorum
3329 4268 3422 4307 ora
3449 4262 3646 4307 semet-

2081 4353 2265 4424 iputm
2278 4351 2447 4407 valuit
2471 4348 2831 4429 prephetare?
2850 4346 2981 4413 illud
3004 4345 3164 4411 etiam
3187 4343 3414 4413 qualiter
3443 4342 3644 4396 intelli-

2080 4461 2196 4513 δεμ,
2225 4441 2408 4495 audire
2436 4438 2666 4495 delectat
2698 4455 2712 4491 :
2747 4454 2766 4487 ‹
2797 4435 3070 4491 Eructavit
3099 4449 3193 4488 eor
3219 4447 3393 4486 meum
3421 4431 3641 4485 verbum

2081 4534 2298 4597 lzoaum,
2323 4530 2442 4585 dico
2464 4544 2562 4599 ego
2584 4543 2745 4598 opera
2775 4541 2889 4580 mea
2923 4526 3032 4594 regi
3060 4521 3229 4593 (Psal.
3261 4522 3426 4591 κων).
3458 4541 3476 4573 ο
3512 4521 3643 4587 Quis

2080 4633 2161 4674 est
2196 4621 2282 4673 ille
2327 4634 2441 4679 rex,
2468 4618 2552 4671 cui
2585 4618 2725 4672 Deus
2773 4630 2933 4683 opera
2980 4630 3074 4669 sua
3125 4614 3289 4668 dicat.
3318 4606 3483 4666 ‘Dieis
3512 4612 3641 4665 mihi

2078 4711 2310 4765 fortasse
2341 4727 2353 4762 :
2389 4708 2588 4773 David;
2637 4708 2728 4761 sed
2761 4694 2875 4777 lege
2904 4716 3112 4760 sextum
3142 4704 3404 4773 psalmum
3434 4718 3528 4771 per
3554 4718 3642 4754 or-

2079 4798 2277 4859 dinem,
2307 4807 2362 4851 et
2392 4812 2578 4851 sensus
2606 4796 2840 4865 intellige
2863 4796 3145 4848 veritatem
3174 4810 3187 4846 :
3219 4792 3482 4846 descende
3506 4806 3641 4860 pau-

2074 4890 2242 4953 lulum
2271 4889 2515 4956 inferius,
2545 4900 2599 4942 et
2635 4888 2904 4955 interroga
2934 4902 3038 4940 non
3070 4900 3174 4957 me,
3205 4883 3297 4938 sed
3328 4883 3498 4952 ipsum
3532 4882 3638 4947 Do-

2073 4982 2297 5049 minum,
2330 4980 2451 5051 quis
2479 4982 2548 5034 sit
2578 4996 2691 5043 rex,
2725 4979 2807 5041 cui
2843 4980 2954 5048 ipse
2981 4994 3144 5047 opera
3176 4993 3274 5032 sua
3306 4978 3469 5030 dicat.
3499 4975 3639 5029 Audi

2072 5073 2198 5141 quid
2229 5060 2482 5139 praedicto
2511 5071 2619 5140 regi
2650 5072 2788 5124 Deus
2822 5071 2935 5139 ipse
2960 5052 3205 5138 loquatur
3239 5086 3252 5121 :
3289 5085 3309 5119 t
3338 5067 3524 5129 Sedes,
3552 5067 3638 5121 iu—

2074 5154 2210 5230 quit,
2238 5170 2343 5227 tua,
2364 5159 2522 5225 Deus,
2549 5148 2599 5213 in
2627 5146 2877 5214 szeculum
2901 5158 3077 5213 δίρρυιί
3098 5174 3112 5222 ;
3134 5157 3638 5229 virga’directionis,

2074 5241 2221 5317 virga
2255 5251 2400 5319 regni
2425 5250 2505 5318 tui
2535 5250 2740 5320 (Ibid.).
2776 5270 2793 5302 ι
2830 5249 2885 5305 Si
2915 5251 3074 5319 igitur
3106 5250 3246 5305 Deus
3274 5260 3358 5306 est
3385 5250 3519 5321 ipse,
3545 5253 3637 5325 qui

2073 5340 2330 5409 loquitur,
2385 5342 2543 5417 Deus,
2577 5341 2643 5395 ad
2691 5357 2847 5411 quem
2895 5357 3072 5397 sermo
3123 5341 3402 5417 dirigitur;
3450 5357 3639 5398 conse-

2073 5446 2242 5500 quens
2271 5440 2371 5493 est,
2400 5440 2458 5485 ut
2488 5448 2591 5485 non
2625 5432 2930 5502 temporalis
2960 5432 3046 5486 illc
3078 5432 3265 5496 David,
3298 5413 3400 5486 sed~
3420 5444 3638 5487 coaeter-

2073 5539 2175 5577 nus
2203 5523 2345 5577 Patri
2374 5509 2562 5589 Fiiius,
2594 5525 2685 5593 qui
2717 5514 2841 5578 vere
2869 5535 2952 5578 est
2979 5541 3138 5579 manu
3172 5524 3346 5588 fortis,
3381 5526 3639 5592 intelliga-

2032 5655 2050 5667 .
2074 5622 2180 5666 tur.
2209 5614 2337 5666 illud
2365 5616 2527 5669 etiam
2557 5618 2698 5685 quod
2729 5616 2976 5671 similiter
3000 5617 3372 5684 interpretaris
3394 5618 3444 5670 in
3471 5617 3635 5671 David

2070 5707 2283 5775 silentio
2326 5709 2754 5780 ortetereundum
2803 5724 2919 5763 esse
2969 5724 3071 5762 non
3119 5708 3349 5770 arbitror
3389 5725 3399 5758 :
3438 5724 3456 5758 ‹
3490 5708 3633 5761 Dixit
