4018 6194
322 419 396 474 53
1110 418 1350 476 OPUSC.
1391 420 1451 474 11.
1492 451 1560 461 -
1598 419 1905 474 ΑΝΤΙΙυΟΠ

2025 418 2299 475 CONTRA
2333 419 2637 477 JUDEOS.
3502 421 3570 477 δι

320 532 581 586 Dominus
632 530 864 585 Domino
891 544 1011 586 meo
1053 532 1205 602 :35
1246 533 1384 587 Sede
1428 549 1457 586 a
1504 533 1710 587 dextris
1758 532 1968 591 mcisA
1998 547 2208 601 gruere,
2236 532 2326 600 qui
2358 531 2651 600 Scriptura:
2672 532 2981 587 considerat
3006 534 3272 597 ordinem,
3318 534 3438 601 quis
3477 549 3575 602 po-

320 621 497 691 (Psal.
527 639 613 678 CIX
640 624 683 689 ).
718 640 737 672 ι
769 621 827 675 Si
852 622 994 675 enim
1024 622 1127 677 hoc
1154 624 1221 678 de
1248 623 1438 687 David,
1466 632 1525 677 ut
1551 624 1774 683 asscris.
1807 624 1899 678 dc-

322 714 412 767 bet
442 712 685 780 intelligi,
717 711 869 779 illud,
901 714 1044 782 quod
1075 716 1338 784 sequitur,
1368 731 1473 785 qua
1498 716 1709 770 ratione
1730 714 1896 772 David

320 802 519 871 poterit
544 802 824 870 coaptari?
860 821 879 855 ι
909 802 1108 858 Tecum
1137 807 1456 876 principium
1488 807 1541 861 in
1568 808 1655 862 die
1682 808 1900 863 virtutis

322 901 449 954 tum,
482 892 534 945 in
558 890 933 961 spiendoribus
958 905 1288 963 sanctorum,
1312 910 1376 951 ex
1401 908 1557 951 utero
1582 907 1709 953 ante
1736 898 1899 954 Luci-

322 982 496 1035 ferum
531 983 691 1050 genui
724 993 794 1036 te.
826 1002 846 1035 ι
878 985 946 1039 Ει
974 986 1167 1039 iterum
1202 1004 1216 1039 :
1260 1003 1279 1038 ι
1305 985 1513 1042 Juravit
1536 988 1816 1055 Dominus,
1845 998 1903 1045 et

331 1088 435 1125 non
468 1072 749 1141 pmnitebit
773 1088 915 1127 eum.
954 1072 1031 1126 Tu
1064 1089 1124 1128 es
1162 1077 1419 1130 sacerdos
1450 1076 1501 1129 in
1528 1086 1789 1131 aeternum
1814 1093 1901 1133 se-

323 1163 555 1214 cundum
585 1162 830 1217 ordinem
854 1161 1265 1219 Melchisedech.
1296 1185 1316 1219 ι
1351 1166 1519 1235 igitur
1547 1168 1591 1221 si
1619 1170 1898 1237 sequentia

322 1252 391 1303 ad
423 1251 751 1306 intellectum
783 1254 949 1307 David
998 1269 1103 1308 non
1147 1256 1294 1311 vales
1341 1254 1648 1323 inflectere,
1691 1258 1901 1328 cogeris

324 1343 485 1396 etiam
534 1345 814 1413 superiora
854 1348 921 1400 de
960 1346 1209 1411 Christo,
1253 1349 1339 1402 cui
1386 1350 1723 1420 apertissime
1765 1366 1898 1406 con-

322 1446 547 1504 gruunt,
572 1437 715 1491 dicta
755 1437 992 1493 ﬁrmare.
1024 1439 1099 1494 De
1124 1455 1232 1509 quo
1266 1438 1438 1497 lsaias
1466 1442 1752 1498 manifeste
1781 1459 1900 1514 pro-

326 1526 576 1589 nuntiat,
623 1527 807 1582 dicens
850 1541 866 1581 :
922 1547 941 1579 ι
968 1528 1025 1583 in
1067 1529 1153 1584 die
1178 1529 1267 1585 illa
1290 1532 1396 1586 erit
1422 1533 1574 1595 radix
1605 1532 1777 1599 Iesse,
1806 1534 1898 1602 qui

323 1624 433 1670 stat
463 1616 513 1670 in
543 1616 755 1687 signum
802 1618 1117 1688 populorum
1151 1636 1165 1674 :
1202 1621 1375 1691 ipsum
1424 1631 1609 1694 gentes
1639 1625 1899 1695 depreca-

325 1705 543 1769 buntur,
565 1716 621 1761 et
645 1706 749 1761 erit
778 1707 1085 1777 sepulcrum
1113 1709 1230 1778 ejus
1255 1710 1544 1782 gloriosum
1576 1712 1711 1783 (Isa.
1736 1715 1835 1785 ιι).
1871 1734 1891 1768 ι

326 1792 497 1848 Radix
550 1795 750 1867 quippe
793 1796 948 1853 Jesse
996 1799 1050 1853 in
1100 1801 1310 1871 signum
1384 1811 1493 1857 stat
1554 1804 1895 1875 populorum,

2004 625 2127 675 terit
2153 622 2431 676 dubitare?
2454 622 2633 676 Addat
2658 623 2832 677 adhuc
2856 622 3011 680 Jesus
3036 624 3252 677 tertium
3277 625 3343 678 de
3384 624 3574 678 Salva-

1999 720 2114 766 tore
2139 720 2326 766 nostro
2349 712 2744 778 testimonium,
2775 723 3066 783 quatenus,
3095 724 3151 768 ut
3192 715 3264 769 ita
3319 716 3572 780 dixerim,

1997 801 2052 857 in
2077 817 2173 857 ore
2195 803 2553 867 duorum,vel
2596 803 2760 858 trium
2807 804 2916 859 imo
2964 806 3420 868 testimoniorum,
3465 815 3601 882 stet,

1997 908 2157 950 omne
2178 894 2426 947 verbum.
2456 892 2549 948 Ait
2574 909 2734 966 ergo:
2766 914 2784 946 ι
2818 894 3067 950 Christus
3090 898 3334 965 purgavit
3353 906 3572 965 peccata
3650 886 3651 889 “

1999 982 2187 1051 ipsius,
2219 993 2273 1038 et
2298 983 2554 1039 exultavit
2579 982 2632 1039 in
2653 995 2914 1042 internum
2945 1002 3111 1040 cornu
3143 986 3327 1055 ipsius,
3352 996 3406 1039 et
3431 988 3578 1040 dedit

2000 1076 2072 1131 illi
2105 1085 2481 1132 testamentum
2520 1091 2724 1146 regum,
2783 1086 2837 1131 et
2863 1079 3047 1131 sedem
3101 1077 3286 1146 gloriae
3330 1078 3381 1130 in
3411 1078 3578 1130 Israel

1999 1166 2191 1228 (Eccli.
2242 1166 2432 1239 xuii).
2470 1184 2487 1217 ι
2537 1164 2595 1220 Si
2643 1182 2774 1236 ergo
2822 1167 3088 1230 Christus,
3141 1168 3233 1236 qui
3279 1167 3576 1221 secuudum

1997 1271 2217 1310 carnem
2250 1256 2316 1311 de
2341 1256 2507 1309 David
2536 1256 2799 1324 originem
2829 1256 3003 1321 duxit,
3030 1257 3141 1326 ipse
3165 1257 3332 1311 David
3356 1266 3576 1325 peccata

1998 1346 2270 1418 purgavit,
2299 1347 2414 1417 ipse
2442 1362 2610 1400 cornu
2638 1346 2804 1402 David
2839 1346 2891 1400 in
2939 1358 3253 1417 perpetuum
3295 1348 3577 1410 exultavit,

1997 1437 2121 1490 etei
2149 1435 2334 1490 sedem
2383 1435 2567 1506 gloria:
2597 1436 2860 1499 contulit;
2906 1446 3121 1491 constat
3159 1435 3422 1504 profecto,
3453 1437 3579 1505 quia

2001 1524 2143 1579 ﬁlius
2163 1531 2247 1579 est
2278 1525 2467 1587 David,
2494 1533 2549 1576 et
2582 1523 2694 1592 ipse
2718 1532 2798 1576 est
2823 1523 2987 1578 etiam
3015 1535 3230 1577 creator
3263 1524 3452 1576 David.
3506 1523 3581 1575 De

1999 1612 2166 1669 David
2189 1613 2333 1668 enim
2362 1613 2467 1669 dici
2497 1613 2666 1667 lector
2692 1612 2792 1666 ista
2823 1612 3150 1675 considerat,
3193 1612 3236 1666 si
3288 1611 3581 1680 superioris

1998 1712 2179 1759 textus
2200 1703 2444 1756 ordinem
2470 1701 2626 1770 oculo
2681 1702 3036 1757 continuante
3063 1711 3365 1771 percurrat.

2070 1792 2186 1849 Non
2217 1802 2394 1849 cesset
2413 1793 2589 1848 adhuc
2619 1793 2785 1848 lsaias
2805 1792 3087 1861 perhibere
3117 1791 3483 1847 testimonium
3514 1792 3580 1846 de

321 1886 539 1951 quando
567 1886 815 1943 Christus
841 1870 1179 1959 signaculum
1216 1894 1392 1948 crucis
1419 1870 1681 1964 imprimit
1705 1896 1899 1951 fronti-
1931 1870 1974 1929 Β
2001 1887 2255 1941 Christo:
2291 1903 2309 1936 ι
2349 1886 2577 1951 Ponam,
2606 1872 2977 1955 itiquit,super
2997 1885 3101 1948 his,
3125 1886 3215 1952 qui
3247 1884 3499 1955 fugerunt
3518 1885 3585 1938 de
3648 1872 3656 1885 ’

322 1975 425 2029 bus
453 1977 749 2032 hominum.
788 1979 1103 2049 Sepulcrum
1137 1998 1202 2037 au
1230 2000 1315 2038 em
1347 1983 1462 2053 ejus
1491 1987 1542 2040 in
1576 1995 1783 2044 tantum
1816 1998 1901 2044 est

323 2064 643 2131 gloriosum,
668 2076 726 2121 ut
754 2068 903 2125 salvo
921 2086 1006 2135 eo,
1034 2072 1177 2141 quod
1210 2075 1469 2144 redempti
1500 2090 1596 2145 per
1618 2075 1734 2145 ejus
1763 2093 1900 2132 mor-

324 2163 435 2205 tem
459 2154 563 2207 silii
591 2157 820 2224 gloriam
865 2160 995 2214 totis
1023 2161 1320 2219 visceribus
1365 2165 1704 2229 exhibemus,
1734 2167 1899 2223 etiam

319 2243 501 2298 lcum
557 2247 731 2316 ipsum
798 2250 1071 2306 miraculis
1130 2264 1505 2309 coruscantem
1558 2257 1743 2323 glorise
1789 2273 1903 2313 sua:

320 2347 487 2389 causa:
515 2336 579 2389 ad
608 2351 669 2392 se
693 2353 906 2394 omnem
954 2342 1209 2396 mundum
1256 2360 1552 2413 provocare
1592 2362 1900 2406 cernamus.

951 2430 1177 2492 CAPUT
1210 2434 1296 2490 Ν.

469 2520 828 2586 Lonpmatur
853 2520 1115 2577 Christum
1138 2541 1252 2580 vere
1278 2542 1389 2582 esse
1415 2525 1613 2582 Filium
1646 2530 1763 2585 Dei.

398 2605 519 2661 .lam
549 2625 679 2665 rem
704 2611 842 2665 inter
869 2620 945 2667 tot
974 2615 1355 2685 prophetarum
1383 2618 1629 2684 oracula,
1657 2620 1798 2675 inter
1826 2629 1905 2687 tot

322 2696 733 2753 evidentissima
781 2711 1093 2758 sanctorum
1142 2706 1489 2774 testimonia,
1538 2711 1781 2782 nunquid
1823 2722 1901 2778 tu,

321 2784 450 2840 Jesu
486 2788 557 2840 tili
586 2789 802 2857 Siracli,
830 2794 1052 2850 omnino
1091 2798 1315 2863 tacebis,
1342 2807 1398 2853 et
1422 2799 1568 2855 inter
1595 2810 1822 2858 caeteros
1849 2812 1902 2857 tu

323 2892 543 2947 quoque
574 2882 934 2939 testimonium
954 2884 1020 2941 de
1042 2887 1265 2945 Christo
1290 2906 1394 2945 non
1428 2892 1709 2963 proferes?
1736 2896 1906 2951 Acca-

323 2972 417 3022 dat
456 2971 569 3039 jam
618 2970 995 3031 facundissima
1027 2980 1289 3049 sapientia
1329 2992 1416 3039 tua
1470 2986 1523 3039 in
1566 2988 1825 3055 medium,
1852 2999 1908 3046 et

322 3060 610 3116 fortiorem
640 3063 843 3131 Iesum,
896 3067 1097 3124 fontem
1148 3071 1394 3128 videlicet
1423 3078 1694 3145 paradisi,
1734 3079 1788 3133 in
1817 3095 1909 3134 or-

324 3151 450 3205 bem
482 3160 750 3209 terrarum
797 3157 898 3213 sub
941 3160 1391 3229 evangelistarnm
1424 3166 1593 3235 ﬁgura
1621 3182 1744 3224 cum
1770 3186 1907 3240 qua-

326 3253 450 3299 tuor
497 3248 611 3302 suis
640 3246 949 3306 ﬁuminibus
979 3253 1288 3310 iutroducat
1324 3273 1341 3311 :
1388 3275 1407 3307 ι
1437 3257 1663 3331 Legem,
1708 3261 1902 3332 inquit,

328 3337 611 3393 mandavit
638 3338 847 3410 Moyses
874 3342 935 3396 in
958 3347 1241 3416 praeceptis
1265 3347 1616 3418 justitiarum,
1646 3360 1702 3406 et
1736 3353 1908 3408 hmre-

328 3430 501 3484 ditate
538 3430 719 3485 domui
745 3430 944 3499 Jacoh,
983 3443 1037 3490 et
1071 3435 1239 3493 Israel
1283 3439 1677 3508 promissionis.
1720 3441 1909 3497 Posuit

330 3522 511 3575 David.
548 3536 719 3591 puero
763 3540 862 3582 suo
908 3526 1149 3582 excitare
1196 3522 1475 3598 regem'ex
1523 3530 1639 3601 ipso
1676 3531 1910 3588 fortissi-

332 3628 477 3665 mum
511 3613 564 3667 in
595 3615 788 3672 throno
814 3616 1037 3673 honoris
1071 3619 1344 3674 sedentem
1399 3620 1452 3674 in
1493 3623 1904 3692 sempiternum.

329 3705 429 3769 Qui
465 3705 655 3774 implet
681 3708 837 3776 quasi
870 3708 1068 3765 Phison
1090 3711 1375 3779 sapientia,
1404 3722 1459 3767 et
1488 3713 1629 3767 sicut
1652 3713 1829 3784 Tigris
1856 3716 1907 3769 in

329 3796 520 3850 diebus
593 3812 855 3854 novorum
920 3812 937 3852 :
994 3800 1087 3868 qui
1154 3799 1341 3869 implut
1393 3801 1545 3869 quasi
1604 3802 1909 3872 Euphrates

330 3900 594 3949 svnsum,
658 3887 750 3956 qui
801 3888 1123 3956 multiplicat
1167 3890 1321 3959 quasi
1377 3889 1629 3947 Iordanis
1674 3893 1727 3946 in
1776 3903 1909 3949 tem-

331 3989 461 4042 pore
492 3975 707 4039 messis,
735 3977 826 4045 qui
860 3978 1023 4032 mittit
1055 3978 1395 4048 disciplinam
1428 3982 1569 4036 sicut
1601 3982 1773 4037 lucem
1799 4023 1815 4049 ,
1854 3992 1911 4039 et

332 4065 593 4118 assistens
605 4065 962 4134 quasiGehon
986 4068 1039 4121 in
1064 4066 1152 4123 die
1171 4069 1457 4124 vindemia:
1479 4068 1668 4141 (Eccli.
1686 4074 1856 4143 xxiv).
1882 4094 1901 4126 ι

331 4153 491 4215 Ecce,
525 4155 664 4207 bone
689 4153 834 4217 Jesu,
870 4171 1035 4209 unum
1062 4156 1130 4211 de
1173 4158 1392 4214 Christo
1421 4161 1807 4226 testimonium,
1839 4162 1905 4218 da

330 4256 735 4311 consequenter
771 4252 827 4299 et
857 4244 1001 4299 aliud
1042 4258 1060 4300 :
1116 4264 1134 4299 ι
1168 4245 1227 4300 ιιι
1260 4262 1532 4309 sermone.
1566 4250 1761 4319 inquit,
1792 4250 1908 4320 ejus

329 4333 481 4385 siluit
521 4343 743 4403 ventus,
781 4335 1108 4406 cogitatione
1152 4351 1249 4391 sua
1287 4337 1517 4407 placavit
1552 4341 1825 4411 abyssum,
1852 4349 1909 4397 et

331 4424 593 4493 plantavit
623 4425 773 4479 illum
803 4428 1062 4483 Dominus
1086 4425 1245 4483 Jcsus
1277 4444 1292 4483 :
1324 4440 1542 4500 propter
1572 4432 1743 4502 ipsum
1780 4447 1909 4488 con-

312 4526 635 4571 summatus
656 4526 741 4572 est
768 4518 979 4574 itineris
1016 4518 1161 4587 ﬁnis,
1185 4529 1239 4575 et
1272 4521 1325 4575 in
1356 4536 1605 4578 sermone
1632 4522 1747 4592 ejus
1771 4538 1903 4579 con-

331 4615 601 4662 summata
637 4617 763 4664 sunt
789 4609 973 4664 omnia
997 4609 1185 4680 (Ecdi.
1209 4612 1385 4683 ιιιιι).
1415 4630 1435 4665 ι
1474 4614 1638 4668 Multa
1668 4614 1911 4671 dicemus

270 4748 285 4756 ,
332 4706 386 4750 et
403 4696 719 4751 deticienms
744 4698 946 4753 verbis.
966 4697 1372 4756 Consummatio
1397 4712 1574 4757 autem
1598 4719 1907 4760 sermonum

334 4788 448 4856 ipse
480 4796 581 4845 est.
614 4789 674 4845 ln
703 4789 957 4847 omnibus
985 4790 1298 4860 gloriantes,
1328 4794 1397 4848 ad
1422 4793 1549 4863 quid
1579 4793 1911 4851 valebimus?

334 4877 453 4947 Ipse
484 4880 627 4936 enim
660 4881 1003 4950 omnipotens
1028 4898 1192 4952 super
1219 4883 1401 4938 omnia
1441 4897 1605 4952 opera
1633 4899 1761 4950 sua;
1806 4895 1911 4940 ter-

336 4971 511 5027 ribih’s
533 4970 811 5038 Dominus,
836 4982 895 5028 et
923 4989 1152 5040 magnus
1172 4972 1537 5037 vehementer,
1567 4982 1623 5029 et
1650 4974 1914 5032 mirabilis

336 5062 578 5129 potentia
626 5061 816 5131 ipsius.
870 5060 1247 5117 Gloriﬁcantes
1298 5062 1581 5118 Dominum
1630 5071 1916 5131 quantum-

335 5165 548 5219 cunque
592 5149 867 5218 poteritis,
905 5148 1271 5218 supervalebit
1298 5150 1472 5204 adhuc
1498 5161 1551 5205 et
1580 5150 1915 5207 admirabilis

331 5243 736 5311 magniﬁcentia
767 5243 905 5312 ejus.
934 5243 1317 5297 Benedicentcs
1345 5243 1651 5308 Dominum,
1676 5244 1912 5299 exaltan

330 5332 487 5389 illum
514 5314 775 5402 quantum
806 5334 1029 5401 potestis
1056 5351 1068 5386 :
1098 5334 1267 5403 major
1290 5344 1370 5387 est
1391 5335 1532 5388 enim
1561 5334 1715 5389 laude
1741 5336 1910 5389 omni.

328 5423 655 5479 ﬂuitantes
678 5424 958 5494 replemini
984 5425 1203 5488 virtute,
1231 5442 1297 5481 ne
1318 5422 1573 5482 laboretis
1602 5445 1615 5480 :
1641 5442 1744 5480 non
1768 5427 1911 5480 enim

322 5520 570 5574 habetis.
617 5520 751 5586 Quis
801 5521 933 5573 vidit
977 5535 1099 5575 eum
1128 5559 1143 5586 ,
1202 5529 1257 5574 et
1306 5521 1624 5575 enarravit?
1677 5520 1744 5577 Et
1790 5520 1912 5587 quis

322 5611 706 5681 magiiﬁeavit
738 5627 861 5667 eum
892 5612 1033 5667 sicut
1060 5613 1125 5667 ab
1156 5611 1354 5666 initio?
1397 5611 1561 5667 Multa
1600 5612 1914 5689 abscondita

320 5714 465 5759 sum
496 5703 697 5769 majora
730 5704 814 5758 his
846 5723 859 5758 :
894 5717 1063 5773 pauca
1086 5702 1231 5756 enim
1262 5701 1496 5756 vidimus
1525 5687 1914 5772 opcrnmﬂejus.

320 5795 601 5871 πωπω
633 5795 881 5851 videlicet
930 5804 1122 5853 cuncta
1173 5795 1519 5864 Rcdcniptori
1568 5804 1752 5850 nostro
1783 5810 1913 5850 con-

1933 4562 1987 4623 D

2000 1977 2179 2041 Moab,
2233 1976 2443 2031 leonem
2482 1985 2538 2030 et
2589 1976 2848 2046 reliquias
2884 1988 3060 2031 terrae.
3114 1975 3312 2030 Emitte
3363 1990 3581 2044 agnum,

2003 2069 2248 2133 Domine,
2307 2068 2703 2123 dominatorem
2761 2077 2923 2124 terrae
2973 2070 3038 2122 de
3085 2077 3236 2138 petra
3268 2068 3467 2121 deserti
3516 2066 3584 2119 ad

2002 2170 2240 2215 montem
2265 2159 2385 2215 ﬁlia:
2408 2159 2539 2215 Sion
2568 2159 2726 2230 (Isai.
2758 2159 2892 2230 xw).
2934 2178 2952 2212 ι
2993 2160 3069 2214 De
3099 2161 3202 2214 hac
3228 2160 3372 2213 enim
3425 2167 3585 2229 gente

2002 2252 2358 2305 Moabitarum
2403 2266 2653 2321 egressus
2715 2260 2799 2305 est
2828 2253 3011 2322 Agnus
3058 2250 3453 2313 immaculatus,
3491 2249 3581 2318 qui

2003 2345 2139 2400 tollit
2164 2354 2381 2415 peccata
2403 2346 2609 2410 mundi,
2632 2345 2721 2413 qui
2744 2345 3050 2399 dominatur
3071 2345 3267 2399 inorhe
3291 2354 3579 2398 terrarum.

2002 2435 2135 2489 Nam
2159 2436 2257 2506 qui
2288 2436 2372 2490 leo
2398 2444 2619 2505 propter
2636 2434 3004 2490 fortitudinem
3027 2435 3244 2497 dicitur,
3276 2434 3389 2502 ipse
3414 2450 3585 2503 agnus

2002 2535 2223 2596 propter
2270 2525 2735 2579 mansuetudinem
2790 2526 3128 2593 perhibetur.
3187 2525 3346 2582 Petra
3404 2534 3582 2578 autem

2004 2616 2383 2670 deserti-Ruth
2403 2615 2740 2684 intelligitur,
2773 2631 2896 2684 qua:
2918 2615 3132 2669 deserta
3171 2616 3368 2683 prioris
3409 2625 3586 2669 morte

2003 2705 2270 2776 conjugis,
2297 2705 2454 2762 Obed
2473 2709 2539 2761 de
2596 2706 2739 2761 Βοοι
2769 2707 2977 2776 genuit,
3029 2705 3095 2761 de
3144 2720 3371 2774 quorum
3421 2706 3586 2759 etiam

2004 2800 2253 2853 Christus
2282 2799 2450 2867 stirpe
2474 2798 2767 2852 descendit;
2794 2797 3156 2863 Quod’autem
3174 2812 3313 2866 ergo
3340 2797 3427 2850 hic
3451 2811 3583 2865 pro-

2006 2889 2288 2958 phetarum
2326 2888 2469 2943 dicta
2496 2888 2815 2956 pcrmisceo,
2840 2896 2894 2941 ct
2915 2902 3059 2940 mine
3086 2885 3246 2955 hujus
3280 2884 3587 2939 testimonia

2007 2954 2244 3048 protero,
2275 2992 2417 3032 nunc
2438 2976 2503 3030 ad
2527 2976 2691 3041 illius,
2717 2974 3007 3046 quemjam
3038 2974 3381 3044 reliqueram,
3423 2972 3587 3026 verba

2009 3084 2249 3134 recurro,
2275 3069 2377 3123 hoc
2404 3083 2470 3123 ex
2495 3068 2652 3122 L'cdio
2680 3083 2863 3137 agere,
2887 3065 3120 3120 vitantia:
3148 3065 3393 3119 videlich
3419 3064 3589 3118 satic-

2010 3162 2137 3216 tatis
2163 3176 2347 3226 causa,
2376 3162 2673 3225 contendo;
2704 3175 2771 3213 ne
2800 3160 2844 3214 si
2876 3160 3033 3212 unius
3064 3159 3216 3227 plura
3240 3158 3398 3212 simul
3439 3158 3588 3211 testi-

2011 3250 2190 3304 monia
2215 3257 2595 3317 congerantur,
2621 3249 2964 3302 audientibus
2984 3247 3256 3301 fastidium
3279 3256 3585 3317 generetur.
3662 3226 3691 3255 ‘I

2008 3341 2112 3397 Per
2133 3342 2341 3410 singu'a
2362 3355 2574 3409 quoque
2604 3340 2919 3395 testimonia
2938 3341 3319 3408 prophetarum
3370 3340 3587 3393 noniina

2009 3446 2210 3501 ponere
2234 3430 2442 3493 studeo,
2474 3438 2765 3499 quatenus,
2798 3429 2841 3483 si
2873 3430 2982 3493 uhi,
3014 3429 3143 3498 quid
3189 3430 3421 3492 dicatur,
3479 3430 3588 3482 for-

2009 3533 2151 3577 tasse
2185 3521 2335 3576 locus
2366 3520 2678 3589 inquiritur,
2700 3521 2766 3573 ad
2789 3520 3099 3573 evitandum
3130 3518 3459 3573 calumniam
3509 3518 3589 3572 fa-

2005 3609 2111 3666 cile
2131 3610 2450 3678 reperiatur.
2490 3609 2695 3665 Rursus
2724 3611 2889 3679 igitur
2920 3610 3289 3665 Danieltestis
3339 3612 3581 3670 accedat,

2007 3706 2063 3754 et
2089 3699 2215 3767 quid
2246 3699 2313 3754 de
2341 3698 2560 3754 Christo
2587 3701 2922 3771 cognoverit,
2950 3701 3000 3754 in
3054 3700 3289 3756 medium
3313 3701 3582 3768 proferat;

2008 3789 2103 3843 sed
2131 3788 2282 3857 prius
2302 3799 2489 3845 narret
2515 3790 2644 3860 quid
2689 3805 2781 3844 rex
2819 3790 3315 3846 Nabticliodonospr
3370 3791 3584 3852 viderit,

2009 3887 2292 3946 postquam
2321 3887 2432 3933 tres
2458 3894 2657 3949 pueros
2686 3880 2738 3933 in
2763 3880 3031 3933 caminum
3066 3878 3419 3950 ignisJactari
3448 3897 3583 3949 prae-

2008 3974 2181 4045 cepit:
2213 3992 2233 4027 ‹
2264 3974 2425 4039 Ecce,
2445 3974 2638 4044 inquit,
2664 3975 2819 4029 video
2833 3974 2977 4028 viros
2996 3982 3226 4043 quatuor
3252 3974 3456 4029 solutos
3470 3990 3588 4027 am-

2006 4066 2259 4121 bulantes
2288 4066 2340 4120 iu
2371 4067 2548 4121 medio
2578 4066 2736 4136 ignis,
2765 4075 2821 4120 et
2849 4065 2979 4119 nihil
3001 4067 3367 4136 corruptionis
3394 4067 3446 4121 in
3477 4067 3599 4132 eis,,

2009 4158 2292 4226 etspecics
2320 4158 2499 4227 quarti
2525 4157 2718 4212 similis
2745 4166 2828 4211 est
2877 4156 3012 4211 Filio
3058 4158 3151 4211 Dei
3196 4157 3358 4228 (Dan.
3418 4161 3521 4229 ιιι).
3560 4178 3583 4212 ι

2008 4249 2166 4313 Ecce,
2192 4249 2394 4315 Judtee,
2425 4251 2590 4305 habes
2617 4249 2810 4304 Filium
2832 4248 2947 4319 Dei,
2976 4264 3074 4303 cur
3109 4248 3248 4303 ultra
3277 4266 3473 4321 negare
3505 4253 3586 4306 ni-

2010 4341 2142 4395 teris
2167 4340 2359 4395 Filium
2390 4340 2528 4395 Dei?
2556 4338 2822 4409 Loquere,
2868 4341 3159 4407 responde;
3206 4342 3335 4409 quid
3381 4343 3588 4411 perspi-

2008 4432 2209 4495 cacius,
2232 4431 2358 4500 quid
2384 4431 2723 4485 manifestius
2742 4430 2971 4500 exprimi
2999 4432 3174 4499 potuit
3198 4432 3264 4486 de
3308 4431 3442 4486 Filio
3470 4434 3586 4499 Dei,

2010 4535 2174 4590 quam
2197 4521 2376 4576 dicere
2400 4520 2597 4575 Filium
2631 4520 2762 4576 Dei?
2791 4521 2944 4587 Quod
2973 4520 3017 4575 si
3035 4519 3146 4588 jam
3171 4517 3305 4573 nihil
3331 4516 3589 4583 objicere,

2014 4611 2232 4667 nullum.
2248 4610 2393 4666 vales
2412 4611 2688 4680 aufugium
2720 4610 2984 4672 invenire,
3023 4610 3088 4664 da
3134 4622 3347 4671 manus,
3392 4612 3588 4659 tumeb-

2011 4703 2193 4772 ipsum
2219 4704 2410 4757 victori
2442 4703 2720 4758 humiliter
2743 4703 2917 4768 trade,
2940 4702 3250 4770 victumque
3283 4709 3355 4761 te,
3418 4707 3472 4754 et
3500 4713 3590 4753 su—

2014 4802 2261 4861 peratum
2311 4792 2551 4846 funditus
2578 4793 2858 4847 confitere.
2907 4790 3058 4846 Nunc
3110 4792 3273 4845 etiam
3304 4788 3435 4858 quid
3476 4788 3591 4857 ipse

2016 4882 2201 4937 Daniel
2222 4884 2286 4937 de
2313 4882 2549 4947 Christo,
2576 4881 2803 4936 deFilio
2824 4882 3039 4944 viderit,
3079 4880 3251 4934 dicat:
3283 4898 3317 4931 ι.
3353 4878 3592 4948 Aspicie-

2016 4971 2139 5027 bam
2166 4972 2217 5026 in
2250 4972 2457 5027 visione
2477 4972 2899 5035 noctis,et.ecce
2916 4986 3035 5025 cum
3064 4971 3296 5025 uttbibns
3316 4970 3435 5025 ραιιὶ
3458 4984 3591 5037 qua-

2016 5062 2061 5117 si
2087 5061 2515 5121 Filiushominis
2545 5062 2816 5125 veniebat,
2847 5069 3091 5130 etusque
3132 5061 3199 5115 ad
3240 5062 3447 5113 dierum
3494 5075 3590 5110 an-

2017 5153 2525 5224 tiquumpervcnit-t
2575 5152 2724 5207 etin
2772 5161 3064 5222 conspectu
3115 5150 3230 5219 ejus
3280 5149 3602 5207 obtulerunt,

2017 5259 2160 5306 eum,
2189 5252 2242 5299 et
2264 5244 2412 5297 dedit
2438 5243 2486 5297 ei
2509 5250 2937 5312 potestatem,“
2957 5243 3237 5307 honorem,
3262 5251 3318 5294 et
3345 5253 3586 5307 regnum:

2018 5345 2069 5389 et
2094 5350 2285 5389 omnes
2306 5334 2505 5404 populi,
2536 5334 2730 5399 tribus,
2761 5343 2816 5388 et
2843 5334 3037 5403 lingua:
3063 5333 3163 5401 ipsi
3194 5332 3457 5388 servient.
3483 5331 3585 5383 Po.

2019 5434 2184 5481 testas
2214 5425 2328 5493 ejus
2346 5433 2587 5495 potestas
2612 5435 2834 5487 acterna,
2886 5441 3006 5493 qua:
3032 5439 3136 5477 non
3184 5421 3501 5476 auferetur:
3536 5430 3592 5477 et

2018 5533 2239 5587 regnum
2266 5516 2401 5585 ejus,
2441 5518 2583 5587 quod
2613 5533 2716 5571 non
2774 5523 3155 5583 corrumpetur.
3203 5514 3363 5585 (Dan.
3416 5516 3532 5583 vn).
3566 5535 3597 5567 ιη

2016 5606 2083 5660 Et
2110 5607 2300 5660 iterum
2335 5608 2385 5660 in
2429 5607 2635 5662 visione
2676 5614 2867 5660 octava
2913 5605 3050 5658 idem
3104 5604 3315 5658 Daniel:
3343 5622 3361 5654 ι
3419 5603 3589 5668 Scito,

2019 5697 2210 5764 inquit,
2261 5706 2314 5751 et
2367 5697 2544 5766 planta
2573 5711 2780 5758 aurem,
2823 5702 2876 5747 et
2931 5695 3296 5749 animadverte
3326 5694 3395 5747 ab
3444 5694 3600 5749 exitu;

2018 5792 2299 5853 sermonis,
2365 5798 2423 5848 ut
2494 5791 2686 5851 iterum
2744 5788 3042 5844 aediﬁcetur
3101 5788 3431 5853 Hierusalem
3491 5799 3583 5841 us:-

2546 5872 2565 5897 Ι
