4018 6194
429 446 504 503 εδ
857 444 914 498 S.
951 443 1153 498 PETRI
1191 439 1663 500 DAM'ANIJOPP.
1707 439 1943 508 TOMUS
1981 438 2110 495 SEU
2155 440 2333 496 PARS
2372 441 2457 495 lil.
2482 470 2549 480 —-—
2588 438 2951 497 OPUSCULA
2994 439 3220 495 VMlM.
3611 439 3681 496 56

423 578 536 632 qua
591 559 658 614 ad
742 558 1020 614 Christum
1082 558 1270 612 ducem
1346 552 1710 611 hebdomadas
1779 563 2006 622 septem,
2035 556 2087 614 Α
2116 553 2373 607 tondente
2396 567 2457 607 se
2481 552 2840 616 obmutescet,
2869 560 2924 606 et
2962 567 3067 607 non
3117 551 3325 620 aperiet
3375 566 3438 607 os
3477 566 3683 618 suum,

426 652 538 720 θη]
565 659 621 704 et
650 650 791 704 muri
835 649 889 702 in
912 647 1156 715 angustia
1198 656 1501 715 temporum
1531 662 1544 698 :
1572 651 1628 697 et
1657 651 1778 714 post
1800 643 2004 698 hebant

429 741 620 796 madas
642 739 920 808 sexaginta
939 737 1216 792 occidetur
1239 735 1486 794 Christus
1511 750 1530 788 :
1551 742 1607 790 et
1637 747 1747 788 non
1765 733 1869 789 erit
1887 731 2005 800 ejus

427 830 683 900 rapidus,
711 828 806 899 qui
859 842 983 882 eum
1040 835 1331 898 negaturus
1373 833 1458 880 est
1484 823 1646 894 (Dan.
1675 820 1773 893 nt).
1813 841 1833 876 ›
1867 821 2005 889 Quid

429 921 690 992 apertius,
717 917 847 989 quid
866 918 1178 988 expressius
1201 919 1270 973 de
1285 927 1462 974 morte
1483 915 1685 972 Christi
1700 915 1810 971 diei
1828 922 2007 983 potest

429 1012 668 1082 eo,quod
683 1011 1217 1076 dicitur,roccidetur
1227 1006 1768 1065 ChristustiNouhie
1780 1008 2006 1078 mystica

427 1101 563 1156 latet
578 1100 772 1172 ﬁgura,
790 1116 897 1156 non
922 1099 1132 1155 occulta
1158 1100 1448 1159 sententia.
1469 1099 1570 1154 sed
1595 1108 1779 1169 aperta
1797 1099 2002 1168 potius,

427 1192 558 1246 licet
578 1191 650 1247 de
662 1190 856 1246 futuris
872 1189 983 1258 jam
1005 1203 1151 1244 nunc
1171 1199 1428 1246 narratur
1448 1187 1698 1244 historia.
1723 1187 1818 1244 Cui
1840 1187 2003 1242 etiam

428 1281 646 1336 Danieli
671 1279 891 1336 Gabriel
913 1280 1137 1351 angelus
1162 1279 1321 1350 paulo
1341 1279 1588 1358 superius
1608 1279 1809 1333 iterum
1832 1277 1961 1333 dicit
1985 1290 2002 1332 ε

437 1390 455 1424 ε
495 1371 575 1425 Tu
624 1379 805 1426 autem
856 1371 1227 1428 animadverte
1265 1383 1602 1436 sermonem,
1659 1378 1716 1425 et
1767 1369 2006 1440 intellig:

431 1463 694 1519 visionem
725 1469 744 1518 ἐ
775 1462 1110 1534 septuaginta
1141 1461 1492 1518 hebdomadas
1531 1459 1859 1517 abbreviata
1878 1465 2005 1516 sunt

433 1567 598 1621 super
619 1551 872 1622 populum
899 1561 1147 1617 tuum,et
1165 1566 1329 1622 super
1347 1553 1540 1606 urbem
1550 1555 1794 1606 sanctam
1818 1559 2000 1604 tanta:

285 1640 297 1653 '
427 1651 493 1696 ut
518 1641 1382 1709 consurnmetnrpr‘avarieatiqet
1404 1641 1566 1696 ﬁnem
1603 1641 1832 1711 accipiat
1872 1652 2003 1711 pee-

433 1740 636 1794 cntum,
674 1739 731 1786 et
773 1730 1016 1785 deleatur
1063 1731 1346 1802 iniquitas,
1384 1731 1439 1786 et
1476 1729 2002 1799 adthrcatursjustitia

433 1822 780 1893 sempiterna,
836 1833 893 1878 et
945 1823 1238 1894 impleatur
1283 1823 1443 1890 visio,
1496 1832 1553 1878 et
1596 1824 1895 1894 prophetis,
1948 1832 2003 1877 et

2099 642 2174 696 de
2219 642 2469 711 angustia
2513 652 2570 698 et
2619 643 2687 697 tle
2735 641 2943 710 judicio
2969 641 3214 697 sublatus
3237 651 3340 697 ost.
3370 641 3685 698 Geueratio-

2101 744 2228 787 netu
2253 732 2373 802 eius
2395 733 2518 802 quis
2548 733 2863 796 enarrahit?
2882 732 3020 800 Quia
3043 734 3318 790 abscissus
3343 744 3427 790 est
3446 736 3514 791 de
3540 743 3684 790 terra

2108 821 2403 880 viventium
2435 823 2589 894 εδδ
2614 833 2836 894 prepter
2864 824 3042 880 scelus
3077 824 3268 894 “populi
3299 826 3408 880 Tmei
3445 827 3682 896 percussi

2105 925 2253 967 eum.
2279 912 2345 968 Et
2369 913 2521 968 dabit
2562 913 2757 984 impios
2805 929 2903 984 pro
2929 915 3228 984 sepultura,
3258 925 3317 970 et
3338 915 3558 971 divitem
3583 930 3684 987 pro

2103 1012 2284 1061 morte
2331 1019 2454 1069 sua,
2487 1019 2554 1060 eo
2581 1007 2727 1076 quod
2785 1006 3124 1077 iniquitatem
3175 1023 3281 1063 non
3321 1009 3536 1072 fecerit,
3586 1024 3683 1066 nec

2103 1093 2258 1150 dolus
2283 1093 2449 1150 fuerit
2475 1096 2528 1151 in
2551 1112 2650 1152 ore
2673 1094 2812 1166 ejus,
2834 1107 2889 1152 et
2913 1099 3178 1156 Dominus
3195 1100 3366 1155 velnit
3390 1116 3517 1156 eum
3546 1114 3681 1155 con-

2103 1194 2286 1244 terere
2308 1188 2364 1243 in
2386 1188 2724 1246 inﬁrmitate.
2743 1189 2798 1245 Si
2822 1191 3066 1260 posuerit
3091 1201 3189 1262 pro
3200 1201 3421 1263 peccato
3444 1194 3680 1248 animam

2099 1294 2281 1344 suam,
2307 1280 2512 1337 videbit
2535 1294 2724 1336 semen
2751 1281 3084 1354 longmvum;
3113 1292 3168 1339 et
3193 1283 3440 1339 voluntas
3471 1284 3680 1339 Domini

2105 1367 2160 1426 la
2182 1385 2343 1425 manu
2359 1368 2479 1440 eius
2500 1370 2900 1444 dirigetur,.pru
2923 1388 2990 1428 eo
3011 1375 3153 1442 quod
3177 1375 3398 1429 tradidit
3421 1375 3480 1429 in
3509 1383 3683 1430 morte

2101 1457 2341 1512 animum
2387 1471 2565 1522 suam,
2595 1467 2656 1514 et
2688 1465 2816 1516 omn
2843 1461 3126 1516 scel'eratis
3166 1463 3458 1531 dqtutatns
3479 1473 3599 1527 est;
3631 1473 3686 1518 et

2105 1546 2219 1616 ipse
2245 1558 2468 1617 peccata
2488 1548 2782 1604 multorum
2807 1550 2948 1617 tulit,
2985 1553 3039 1608 ei
3061 1563 3160 1622 pro
3194 1553 3685 1624 transgressoribus

2103 1637 2338 1708 rogavit,
2358 1647 2548 1696 utnon
2577 1639 2840 1711 perirent.
2875 1659 2896 1694 ι

2181 1730 2277 1788 Vis
2305 1729 2483 1788 adhuc
2509 1732 2700 1787 audire
2718 1732 2825 1791 alia
2852 1743 3018 1806 atque
3061 1733 3165 1792 alia
3195 1734 3262 1789 de
3276 1741 3464 1790 morte
3476 1733 3683 1792 Christi

2105 1819 2438 1877 lucidissima
2463 1822 2795 1889 testimonia,
2811 1831 2866 1880 et
2887 1824 3092 1895 absque
3119 1823 3227 1881 ulle
3249 1836 3471 1896 prorsus
3493 1826 3686 1882 obscu-

439 1922 673 1984 ungatur
718 1913 950 1970 Sanctus
977 1924 1292 1970 sancth
1327 1914 1541 1983 (Ibit).
1581 1934 1606 1966 ι
1636 1915 1793 1980 Quod
1839 1915 1886 1969 si
1939 1914 2001 1970 de

2107 1910 2530 1980 ritateprolata?
2551 1913 2690 1969 Audi
2722 1913 2908 1984 itaque
2940 1917 3073 1987 quid
3114 1915 3368 1972 Saiomon
3400 1918 3468 1972 de
3489 1917 3687 1973 Judaei:

425 2003 704 2072 .prmﬁnito
729 2012 1028 2074 temporum
1059 2019 1285 2059 numero
1307 2004 1543 2068 dubitas,
1588 2004 1702 2075 lege
1725 2001 2013 2058 Tertullia-

434 2097 584 2155 num;
612 2102 666 2146 et
695 2091 980 2148 manifeste
1001 2091 1242 2162 reperies
1269 2091 1692 2163 quadringentos
1713 2091 2008 2162 nonaginta

435 2192 607 2234 annos
653 2179 820 2234 fuisse
846 2194 876 2234 a
906 2179 1083 2250 primo
1131 2194 1272 2235 anno
1321 2181 1470 2236 Darii
1528 2180 1668 2250 regis
1711 2179 2008 2236 Persam

435 2286 606 2341 usque
633 2273 702 2328 ad
729 2273 998 2329 excidium
1023 2272 1382 2338 Hierusalem,
1404 2275 1547 2342 quod
1571 2271 1778 2328 laetum
1803 2280 1889 2328 est
1911 2281 2009 2342 per

437 2364 824 2434 Vespasianum
839 2365 1067 2425 Romani
1083 2365 1292 2436 imperii
1306 2365 1626 2436 principem.
1639 2363 2007 2435 Septingenta:

438 2465 617 2512 autem
650 2457 1003 2512 hebdomadas
1038 2456 1460 2528 quadringentos
1499 2456 1790 2526 nonaginta
1825 2463 2007 2511 annos

385 2551 394 2616 λ
437 2547 640 2615 absque
703 2545 810 2604 ulla
866 2547 1143 2603 dubietate
1199 2545 1506 2616 perﬁciunt.
1573 2545 1764 2600 Dicitis
1822 2553 2003 2600 autem

381 2662 386 2667 ~
436 2637 663 2689 necdum
690 2635 905 2691 venisse
929 2634 1230 2700 Christum,
1262 2642 1318 2690 et
1345 2634 1522 2690 udhue
1543 2647 1667 2690 eum
1693 2647 1790 2689 vos
1815 2647 2006 2702 exspe-

390 2782 397 2792 ,
434 2735 583 2780 ctare
607 2731 913 2779 venturum.
946 2722 1054 2781 Sed
1091 2725 1214 2794 quis
1257 2723 1498 2793 ambigat
1543 2724 1686 2781 hunc
1737 2739 2003 2780 annorum

389 2803 400 2813 ’
433 2829 717 2868 numerum
741 2829 770 2867 a
797 2823 1038 2882 tempore
1062 2812 1304 2868 Dauielis
1335 2827 1455 2869 esse
1480 2812 1851 2868 transactum?
1879 2827 2000 2868 cum

423 2906 538 2975 iam
567 2905 712 2962 mille
733 2905 1089 2977 quadraginta
1112 2919 1285 2960 annos
1311 2904 1437 2960 huic
1483 2904 2000 2975 summae-superad-

433 2997 576 3052 ditos
600 3010 720 3052 esse
743 3011 848 3051 non
875 2995 1156 3067 ignorem?

504 3084 1030 3156 lmpudentissimum
1082 3099 1211 3156 ergo
1263 3093 1346 3140 est
1370 3123 1386 3148 ,
1446 3093 1566 3156 post
1625 3093 1738 3144 tam
1779 3083 1997 3156 longum

2106 2012 2300 2058 contra
2343 2003 2622 2060 Christum
2665 2007 3128 2074 machinamibius,
3177 2017 3234 2063 et
3274 2009 3348 2064 de
3389 2007 3512 2078 eius
3558 2023 3686 2064 nece

2105 2097 2498 2164 tractantibus,
2556 2107 2768 2154 asserat
2816 2115 2830 2154 :
2893 2117 2912 2151 ι
2969 2099 3251 2164 Dixerunt,
3299 2099 3495 2170 inquit,
3538 2098 3685 2170 impii

2105 2190 2247 2259 apud
2275 2191 2600 2263 semetipsos
2628 2206 2645 2246 :
2677 2191 2890 2259 Venite,
2924 2194 3416 2250 circnmveniamus
3455 2194 3685 2264 justum,

2105 2279 2362 2348 quoniam
2411 2280 2620 2338 inutilis
2642 2291 2726 2338 est
2765 2282 2947 2351 nobis,
2979 2292 3035 2339 et
3055 2285 3362 2340 contrarius
3391 2295 3477 2340 est
3501 2286 3685 2355 operi—

2106 2371 2207 2426 bus
2236 2372 2460 2438 nostris,
2491 2382 2548 2430 et
2598 2375 2927 2447 improperat
2963 2377 3128 2433 'no’bi's
3181 2387 3402 2449 peccata
3447 2377 3599 2450 legis,
3632 2383 3684 2434 et

2105 2461 2349 2515 diﬁamat
2376 2461 2430 2516 in
2453 2477 2551 2518 nos
2581 2470 2802 2544 peccata
2836 2465 3133 2535 disciplinae
3157 2477 3376 2523 nostrae.
3407 2468 3679 2525 Promittit

2105 2566 2161 2602 sc
2187 2551 2472 2606 scientiam
2497 2553 2592 2608 Dei
2614 2554 2840 2622 habere,
2870 2567 2922 2613 et
2949 2557 3145 2612 Fiiium
3187 2559 3288 2614 Dei
3317 2576 3377 2615 se
3418 2562 3679 2619 nominat.

2102 2641 2299 2698 Factus
2323 2652 2408 2698 est
2438 2644 2595 2699 nobis
2625 2645 2679 2698 in
2709 2647 3102 2702 traductimtcm
3142 2650 3534 2718 cogitationum
3561 2651 3681 2705 ani-

2104 2742 2662 2797 tuarumnosrrarum.
2686 2732 2880 2789 Gravis
2906 2744 2986 2790 est
3013 2737 3168 2791 nobis
3196 2737 3362 2791 etiam
3385 2738 3452 2793 ad
3483 2738 3672 2794 viden-

2101 2822 2250 2887 dum,
2282 2821 2538 2892 quoniam
2569 2821 2849 2879 dissimilis
2869 2831 2954 2880 est
2982 2825 3107 2880 aliis
3143 2827 3257 2882 vita
3280 2827 3450 2893 illius,
3487 2837 3542 2883 et
3572 2828 3675 2882 im-

2101 2923 2318 2970 mutata
2359 2922 2484 2970 sunt
2508 2915 2606 2977 vim
2628 2914 2765 2984 ejus.
2817 2912 3100 2988 Tanquam
3142 2931 3379 2992 nugaces
3419 2921 3670 2977 aestimati

2098 3020 2287 3062 s-utnus
2311 3004 2380 3060 ab
2409 3004 2522 3072 illo,
2554 3014 2608 3062 et
2638 3006 2876 3064 abstinet
2910 3022 2969 3066 se
2998 3025 3026 3064 a
3046 3011 3154 3066 'viis
3188 3009 3391 3066 nostris
3419 3020 3673 3082 tanquam

2097 3098 2168 3150 ab
2220 3094 2611 3163 itnrnunditiis,
2655 3106 2713 3153 et
2766 3099 2983 3169 praeteri
3040 3101 3337 3158 novissima
3379 3101 3670 3173 justorutn,

431 3185 663 3248 tempus,
695 3175 1011 3246 prophetico
1036 3190 1261 3230 numero
1305 3176 1732 3246 superadditnm,
1755 3174 1995 3232 futurum
2030 3253 2066 3265 Α
2098 3196 2154 3242 ει
2177 3186 2440 3258 simiam-
2463 3196 2673 3259 parrem
2696 3203 2754 3245 se
2780 3191 2948 3246 Deum
2979 3191 3201 3248 habere.
3230 3192 3519 3249 rideamus
3545 3205 3673 3265 ergo

431 3271 609 3326 adhuc
635 3283 880 3327 asserere
901 3267 1198 3325 Salvatoris
1219 3271 1531 3326 adventum.
1559 3271 1694 3326 Nam
1718 3271 1836 3341 ipso
1856 3280 1996 3326 ταω-
2023 3253 2067 3314 C
2100 3278 2143 3334 si
2173 3253 2631 3338 sermones-illius
2661 3281 2772 3337 veri
2797 3291 2945 3349 sunt,
2975 3290 3034 3338 et
3085 3292 3354 3340 tentemus
3388 3299 3509 3355 quae
3548 3253 3677 3340 ven-

427 3376 585 3431 pore,
617 3377 724 3428 quo
750 3361 1008 3417 Dominus
1049 3360 1243 3432 agebat
1286 3361 1427 3416 inter
1476 3361 1744 3428 homines,
1781 3369 1996 3431 poterat

428 3451 659 3506 forsitan
687 3451 889 3506 malitia
916 3450 1222 3507 htdmorum
1245 3452 1460 3507 veritati
1490 3452 1881 3516 contradicere,
1906 3468 1999 3524 ap-

425 3526 662 3612 probans
687 3559 746 3598 se
771 3541 838 3597 de
855 3541 1068 3612 expleto
1092 3543 1226 3597 tanti
1255 3543 1509 3612 temporis
1531 3544 1708 3613 gratio
1727 3542 1997 3598 dubitare.

431 3632 587 3689 Nunc
619 3644 801 3689 autem
835 3649 958 3689 cunt
1007 3643 1169 3704 supra
1219 3635 1498 3704 prznfatunt
1547 3649 1830 3691 numerum
1890 3644 1999 3689 tam

430 3728 749 3799 multiplicia
775 3743 1034 3783 annorum
1079 3729 1352 3784 curricula
1387 3730 1843 3800 supercreverint,
1877 3729 2001 3800 quis

427 3819 540 3888 jam
562 3819 630 3874 dc
657 3819 875 3890 praeﬁxo
897 3835 1122 3874 numero
1149 3835 1206 3873 se
1231 3819 1378 3874 dicat
1421 3820 1698 3890 ambigere
1733 3834 1859 3875 cum
1902 3833 1998 3873 su-

429 3911 715 3980 peraddita
769 3920 849 3970 tot
895 3919 1196 3983 temporum
1237 3913 1413 3984 spatia
1461 3914 1551 3970 vix
1589 3913 1767 3970 valeat
1793 3927 2002 3985 suppuc

425 4009 544 4056 tare
564 4001 590 4056 ?~

504 4092 714 4148 Rursus
743 4093 808 4148 de
833 4095 1083 4163 passione
1130 4095 1353 4161 Christi,
1379 4103 1432 4149 et
1479 4104 1652 4151 morte
1689 4096 1810 4166 ejus
1835 4095 2002 4150 Isaias

436 4183 776 4251 apertissime
801 4183 1054 4254 loquitur,
1078 4185 1263 4240 dicens
1286 4204 1299 4240 :
1322 4205 1340 4238 ι
1364 4187 1606 4251 Domine,
1632 4187 1754 4256 quis
1769 4186 2002 4241 credidit

435 4273 640 4328 auditui
673 4283 882 4337 nostro.
931 4285 988 4331 et
1034 4277 1315 4332 brachium
1348 4279 1555 4333 Domini
1585 4280 1672 4333 cui
1701 4279 1999 4334 revela-turn

427 4362 552 4420 est?
577 4362 643 4417 Et
670 4365 911 4422 ascendit
940 4365 1080 4422 sicut
1105 4367 1402 4439 virgultum
1453 4383 1635 4423 coram
1666 4381 1752 4430 eo,
1776 4377 1833 4423 et
1860 4369 2001 4423 sicut

429 4453 590 4519 radix
613 4457 680 4510 de
705 4463 846 4509 terra
869 4456 1078 4514 sitienti
1109 4478 1122 4512 :
1146 4469 1201 4516 et
1243 4475 1349 4516 non
1375 4469 1459 4515 est
1487 4458 1696 4530 species
1722 4460 1794 4522 ei,
1826 4473 2000 4528 neque

429 4542 633 4609 decor;
662 4554 718 4598 et
738 4545 971 4606 vidimus
995 4563 1141 4616 eum,
1163 4559 1218 4606 et
1246 4565 1355 4604 non
1373 4558 1498 4605 erat
1522 4559 1793 4618 aspectus,
1817 4558 1871 4604 et
1900 4550 1998 4604 de-

438 4631 794 4690 sideravimus
832 4651 954 4691 eum
995 4639 1324 4708 despectum,
1355 4648 1410 4694 et
1457 4639 1807 4694 novissimum
1854 4639 1998 4694 viro-

435 4738 584 4790 rum,
605 4726 778 4782 virum
809 4729 1078 4792 dolorum.
1117 4733 1172 4785 et
1222 4731 1484 4786 scientem
1520 4729 1914 4792 inﬁrmitatem.
1943 4739 2000 4788 et

437 4817 592 4885 quasi
617 4817 967 4874 absconditus
981 4831 1063 4874 est
1091 4821 1268 4875 vultus
1293 4821 1428 4890 eius,
1444 4833 1499 4878 et
1517 4823 1801 4892 despectus
1820 4838 1834 4887 ;
1855 4823 1998 4880 unde

433 4921 534 4963 nec
561 4911 929 4978 reputavitnus
950 4927 1095 4966 cum.
1144 4911 1286 4969 Vere
1325 4914 1612 4985 languores
1640 4924 1854 4969 nostros
1881 4914 1995 4984 ipse

433 4997 577 5064 tulit,
606 5010 664 5054 et
684 4999 896 5055 dolores
921 5009 1133 5059 nostros
1173 5003 1288 5072 ipse
1329 5005 1567 5075 portavit
1592 5021 1607 5059 :
1632 5013 1686 5060 et
1713 5019 1812 5059 nos
1835 5012 1995 5074 puta-

379 5123 383 5128 -
435 5089 611 5144 vimus
629 5102 750 5143 eum
783 5091 936 5158 quasi
963 5090 1254 5161 leprosum,
1282 5101 1338 5148 et
1377 5107 1689 5163 percussum
1718 5108 1749 5147 a
1773 5093 1902 5161 Deo,
1943 5101 1999 5147 et

437 5179 812 5244 humiliatum;
844 5180 958 5250 ipse
988 5190 1169 5237 autem
1210 5183 1528 5238 vulneratus
1543 5192 1626 5236 est
1653 5191 1877 5252 propter
1897 5181 1998 5236 inl-

433 5270 667 5336 quitates
687 5280 920 5335 nostras,
950 5272 1166 5327 attritus
1189 5281 1272 5328 est
1307 5281 1526 5342 propter
1550 5271 1754 5327 scelera
1777 5280 1993 5336 nostra;

435 5359 714 5430 disciplina
765 5362 915 5432 pacis
959 5370 1156 5417 nostra:
1191 5377 1353 5432 super
1399 5377 1545 5427 eum,
1575 5370 1630 5416 et
1674 5361 1844 5417 livore
1881 5360 1998 5429 ejus

433 5451 608 5504 sanati
653 5467 856 5507 sumus.
907 5452 1107 5507 Omnes
1150 5467 1248 5506 nos
1292 5453 1443 5520 quasi
1469 5466 1600 5506 oves
1647 5452 1994 5507 erravimus:

439 5540 806 5609 unusquisque
858 5541 910 5594 in
961 5542 1101 5596 viam
1131 5556 1281 5596 suam
1308 5540 1628 5606 declinatit;
1662 5541 1996 5596 et~Dominns

440 5629 617 5700 posuit
644 5628 694 5682 in
720 5644 786 5684 eo
811 5629 1147 5699 iniquitatem
1195 5631 1431 5686 manium
1474 5639 1741 5686 nostrum.
1772 5630 1996 5687 Oblatus

440 5730 545 5785 est,
577 5720 702 5789 quia
728 5721 840 5790 ipse
867 5721 1051 5782 voluit,
1077 5733 1132 5776 et
1167 5738 1272 5780 non
1302 5722 1513 5791 aperuit
1536 5738 1596 5776 os
1619 5737 1772 5776 suum
1810 5739 1822 5775 :
1857 5723 1995 5775 sicut

2026 4591 2078 4654 Β

2099 3377 2222 3424 tura
2242 3378 2371 3426 sunt
2393 3369 2491 3436 illi,
2517 3381 2570 3426 et
2598 3371 2836 3427 sciemus
2859 3387 2979 3442 quae
3000 3383 3163 3428 erunt
3189 3373 3480 3429 novissima
3505 3367 3670 3429 illius.

2100 3457 2157 3512 Si
2189 3457 2336 3513 enim
2364 3467 2450 3514 est
2478 3474 2637 3514 verus
2663 3459 2758 3515 Dei
2774 3460 2968 3524 Filius,
2993 3463 3253 3532 suscipiet
3279 3463 3450 3528 illum,
3477 3471 3530 3518 et
3548 3464 3677 3520 libe-

2099 3547 2241 3603 rabit
2281 3563 2407 3604 eum
2459 3549 2528 3604 de
2570 3565 2733 3606 manu
2784 3552 3204 3606 contrariorum.
3258 3552 3592 3609 Contutueiia
3622 3564 3678 3609 et

2103 3647 2373 3695 tormento
2423 3639 2818 3712 interrogemus
2844 3641 3017 3710 idem,
3047 3653 3106 3698 ut
3156 3644 3394 3700 sciamus
3423 3659 3678 3701 reveren-

2101 3729 2230 3786 tiam
2283 3726 2421 3796 eius.
2472 3728 2642 3784 Morte
2672 3729 2980 3800 turpissima
3037 3733 3460 3788 condemnemus
3486 3732 3671 3800 illum;

2099 3819 2212 3876 erit
2233 3818 2375 3874 enim
2399 3831 2682 3888 respectus
2709 3821 2776 3876 ex‘
2808 3821 3149 3877 sermonibus
3178 3821 3342 3878 illius.
3368 3822 3494 3879 [late
3523 3823 3676 3893 cogi--

2102 3916 2454 3973 tuverun’t,et
2482 3915 2845 3964 erraverunt:
2877 3911 3170 3967 exercear-it
3203 3913 3347 3968 enim
3375 3912 3493 3967 illos
3516 3913 3674 3968 ntali-

2103 4000 2177 4054 tia
2209 4014 2418 4066 eorum,
2441 4010 2496 4055 et
2517 4001 2827 4056 nescierunt
2854 4003 3258 4059 sacramentum
3288 4004 3404 4068 Dei,
3430 4013 3482 4059 et
3500 4018 3674 4074 neque

2103 4103 2462 4169 speraverunt
2504 4094 2808 4150 mercedem
2852 4094 3098 4165 institue,
3155 4111 3255 4151 nec
3299 4095 3678 4166 iudicaverunt

2104 4185 2364 4240 honorem
2395 4185 2698 4239 animarum
2749 4199 2966 4240 suarum
2995 4184 3146 4256 (Sep.
3199 4187 3282 4256 tt).
3311 4206 3339 4239 -ι
3382 4187 3448 4241 Et
3493 4186 3676 4240 ll'iere-

2103 4276 2278 4334 arias:
2312 4292 2332 4327 ι
2368 4275 2624 4345 Spiritus,
2653 4276 2852 4344 inquit,
2879 4277 2994 4330 oris
3024 4277 3195 4332 nostri
3223 4276 3674 4332 ChristusDomi-

2102 4377 2210 4420 nus
2225 4372 2418 4433 captus
2437 4373 2521 4418 est
2549 4365 2603 4418 in
2631 4365 2868 4433 peccatis
2903 4366 3102 4420 nostris
3135 4384 3149 4420 :
3194 4366 3282 4420 cui
3305 4366 3540 4421 diximus
3572 4385 3586 4421 :
3616 4365 3674 4420 lu

2103 4453 2294 4507 umbra
2322 4462 2412 4508 tua
2440 4453 2684 4510 vivemus
2707 4454 2758 4508 i'n
2783 4455 3035 4523 gentibus
3059 4455 3278 4526 (Threx.
3308 4457 3402 4527 tv).
3443 4477 3461 4509 ι
3493 4457 3557 4511 Et
3580 4471 3677 4526 per

2105 4540 2320 4596 beauit:
2347 4539 2448 4596 Job
2478 4541 2591 4612 ipse
2617 4541 2879 4597 Dominus
2907 4543 2974 4597 .in
3007 4544 3257 4613 passione
3287 4545 3495 4614 positus
3541 4559 3672 4599 eou-

2105 4632 2369 4700 queritur,
2400 4631 2629 4685 dicens:
2663 4649 2683 4683 ς
2716 4629 2882 4701 lingat
2911 4647 3046 4687 more
3080 4635 3450 4689 testimonium
3487 4635 3677 4689 dicunt

2103 4732 2294 4778 contra
2309 4737 2420 4787 me,
2433 4731 2487 4776 et
2507 4721 2799 4776 Suscitatur
2821 4723 3144 4793 ialsiloquus
3166 4725 3453 4780 adversum
3479 4725 3671 4781 facient

2103 4823 2280 4870 meum
2332 4813 2708 4870 contradicunt
2753 4815 2908 4869 mihi.
2956 4814 3172 4887 Colligit
3221 4817 3386 4870 etiam
3433 4815 3686 4870 niterem-

2103 4919 2260 4962 suum
2290 4906 2346 4960 in
2379 4919 2488 4970 me,
2517 4913 2573 4960 et
2601 4907 2940 4963 comminans
2977 4907 3131 4972 mihi,
3168 4906 3448 4977 iniremuit
3481 4915 3672 4963 contra

2103 5012 2198 5054 me.
2241 4996 2493 5052 «nutibus
2537 4997 2895 5054 suis:ka
2948 5011 3100 5052 meus
3147 4997 3476 5058 terribilibus
3500 4996 3673 5053 oculis

2103 5105 2192 5145 nte
2221 5090 2445 5144 intuitus
2471 5099 2577 5142 est.
2606 5089 2950 5157 Aperucrunt
2997 5101 3161 5158 super
3191 5103 3276 5142 me
3304 5097 3400 5143 o‘ra
3428 5101 3545 5152 sua,
3574 5101 3672 5144 ex-

2102 5177 2429 5249 probrantes
2471 5185 2856 5248 percusserunt
2902 5177 3175 5231 maxillam
3231 5188 3442 5242 nteant,
3491 5176 3672 5232 satiati

2101 5277 2229 5323 sunt
2252 5266 2429 5337 pomis
2454 5265 2606 5320 meis.
2631 5261 2908 5321 Conclusit
2950 5281 3035 5320 me
3065 5261 3212 5320 Deus
3237 5264 3376 5334 apud
3406 5265 3672 5335 iniquum,
3747 5321 3749 5324 ,

2101 5367 2154 5412 et
2193 5357 2444 5411 manibus
2480 5355 2764 5425 impiorum
2818 5369 2904 5412 me
2935 5356 3168 5411 tradidit.
3193 5355 3556 5411 Circumdedit
3585 5369 3675 5410 me

2102 5450 2302 5505 lanceis
2327 5448 2460 5510 suis,
2482 5458 2535 5503 et
2560 5448 2964 5502 convulneravit
3013 5447 3222 5501 lumbos
3251 5459 3428 5511 meos;
3455 5462 3560 5501 non
3585 5461 3677 5516 pe-

2102 5539 2296 5609 percit,
2314 5548 2370 5595 et
2387 5537 2574 5593 eﬁ‘udit
2602 5537 2654 5592 in
2683 5546 2884 5593 terrain
2913 5538 3119 5592 viscera
3163 5553 3278 5592 mea
3317 5537 3600 5608 (Job-avt).
3640 5554 3661 5589 ι

2099 5632 2228 5699 Quae
2272 5631 2523 5686 videlicet
2566 5629 2748 5685 omnia
2802 5645 2836 5684 a
2886 5630 3042 5685 beato
3083 5627 3184 5684 Job
3226 5639 3445 5701 prorsus
3492 5636 3675 5684 extra-

2098 5738 2222 5786 nea,
2259 5722 2314 5775 in
2349 5721 2564 5777 Christo
2597 5719 2940 5788 reperiuntur
2975 5720 3096 5775 luce
3115 5719 3311 5805 clarius
3339 5720 3503 5776 fuisse
3524 5732 3674 5773 cont,

437 5809 554 5862 ovis
585 5811 651 5862 ad
681 5810 1002 5866 occisionem
1046 5812 1288 5879 ducetur,
1339 5823 1391 5868 et
1417 5812 1568 5882 quasi
1599 5826 1764 5883 agnus
1810 5826 1989 5865 coram
2089 5811 2250 5886 picta.
