4018 6194
312 267 381 324 39
736 263 796 320 δ.
836 263 1040 321 PETRI
1074 260 1355 318 DAMIANI
1393 260 1546 317 θυι).
1593 262 1830 319 TOMUS
1866 261 1999 318 SEU
2038 265 2216 321 PARS
2255 264 2337 321 Ill.
2382 297 2446 307 —-
2487 264 2852 323 OPUSCULA
2894 263 3122 322 VARIA.
3486 267 3553 325 60

311 390 395 436 rct
420 422 433 444 ,
483 388 765 451 postquam
814 379 989 433 hostia
1034 376 1323 448 singularis
1363 375 1555 439 ill'tlxit,~
1606 373 1880 445 multiplex
1912 376 1955 434 Λ
1986 389 2188 432 armum
2214 378 2295 434 fel
2318 377 2480 434 etiam
2509 380 2730 443 veritas,
2757 395 2822 435 ac
2854 381 3112 451 sapientia
3145 381 3259 446 Det,
3285 386 3404 467 qtae
3417 396 3553 462 gum

320 472 522 537 umbra,
555 487 674 541 quae
700 470 1053 541 praecedebat.
1082 468 1322 524 evanuit.
1345 467 1478 533 Quis
1504 467 1649 523 enim
1679 468 1888 521 nesciat

312 567 500 616 eadem
529 563 795 618 sacriﬁcia
838 563 1017 633 potius
1052 562 1118 616 ad
1156 563 1261 615 hoc
1302 559 1628 615 inobedienti
1670 559 1882 628 populo,

311 668 380 707 ne
404 669 524 706 cum
551 652 709 707 idolis
736 654 1114 719 fornicarctut,
1140 651 1410 721 imposita,
1434 666 1594 719 quam
1617 650 1742 714 Deo,
1769 658 1887 703 tan-

310 758 471 812 quam
498 742 613 810 ipse
642 741 994 805 desideraret,
1030 742 1255 795 oblata?

264 818 291 907 ξ
382 834 615 899 ρκωειίο
644 833 698 888 5.
733 833 791 889 Si
830 833 1078 889 Christus
1102 850 1221 889 non
1261 835 1410 889 venit
1442 833 1613 903 legem
1657 847 1884 897 sonvere,

262 919 280 987 ’ἶ
309 925 402 979 sed
419 924 659 993 implere,
683 939 782 979 cur
801 922 1140 980 ChriStianus
1165 939 1414 997 azymam
1443 939 1605 994 quam
1638 923 1724 977 lex
1750 938 1888 992 pra:-

308 1016 460 1083 cipit.
493 1031 598 1073 non
624 1013 920 1071 observat?
1374 1024 1384 1029 ‘

379 1102 680 1173 Responsio.
705 1104 914 1159 Idcirco
939 1120 971 1160 a
1016 1103 1343 1163 Christianis
1387 1103 1614 1160 visibilis
1663 1101 1791 1168 illa,
1832 1113 1887 1159 et

309 1198 603 1266 corporalis
624 1198 731 1269 43
755 1214 943 1269 azyma
966 1197 1393 1269 ﬂoccipenditur,
1417 1198 1669 1267 quoniam
1696 1212 1887 1267 expur-

309 1298 433 1357 gato
460 1292 658 1345 veteris
683 1294 805 1344 vita:
831 1291 1118 1357 fermento,
1148 1307 1285 1345 nova
1307 1291 1618 1359 conspersio
1638 1290 1889 1360 spiritua-

311 1380 434 1435 liter
483 1381 823 1452 adimpletur.
876 1382 1027 1437 Tunc
1069 1384 1212 1437 enim
1257 1392 1377 1437 erat
1422 1383 1554 1453 legis
1606 1381 1884 1450 Scriptura

308 1480 656 1541 praeceptum,
686 1488 830 1527 nunc
871 1482 955 1527 est
1002 1473 1365 1528 teatimonium
1396 1481 1487 1528 :et
1520 1482 1803 1544 postquam
1834 1474 1885 1527 id

309 1566 451 1632 quod
478 1562 903 1631 signiﬁcabatur.
935 1562 1188 1627 advenit;
1218 1565 1320 1617 hoc
1345 1564 1488 1618 auod
1524 1562 1885 1634 signiﬁcabat,

329 1650 535 1704 utcriit.

1983 466 2173 522 dot-eat
2199 470 2418 541 angelos
2447 471 2499 533 in
2528 472 2686 533 cmlo.
2717 473 2960 527 homines
2989 474 3149 527 etiam
3172 466 3366 531 docere
3410 479 3558 533 venit

1987 556 2039 610 in
2070 566 2211 612 terra
2235 576 2249 612 :
2280 560 2419 628 quod
2441 561 2591 630 prius
2612 562 2849 631 jusserat
2875 564 3164 619 carnaliter
3184 567 3283 622 sub
3303 568 3557 639 aenigma;-

1986 648 2057 703 tis
2076 650 2263 704 umbra
2285 651 2513 716 servari,
2565 653 2905 721 postmodum
2936 653 3209 722 discipulis
3240 657 3353 713 suis
3397 659 3557 728 spiriv

1986 739 2206 796 tualiter
2235 741 2510 795 mandavit
2536 741 2781 812 intelligi.

2056 830 2360 901 Responsio.
2392 831 2483 888 Sic
2525 834 2668 888 enim
2712 835 2826 890 dies
2870 835 3128 905 septimus
3176 837 3397 893 feriatus
3438 853 3559 894 esse

1983 925 2316 998 prtecipitur,
2351 936 2411 981 ut
2434 936 2637 983 aeterna
2668 944 2766 999 per
2807 946 2930 985 eum
2971 932 3187 1000 requies
3230 934 3557 1004 designetur.

1987 1017 2079 1071 Sic
2100 1024 2155 1069 et
2186 1018 2237 1071 in
2283 1033 2425 1073 anno
2458 1019 2710 1088 septimo,
2756 1021 2836 1075 sic
2877 1031 2931 1075 ct
2974 1022 3026 1075 in
3054 1020 3299 1087 Jubilazo,
3331 1023 3422 1092 qui
3464 1040 3559 1093 per

1985 1119 2252 1161 annorum
2276 1106 2536 1161 circulum
2573 1111 2880 1177 septenario
2908 1127 3131 1167 numero
3158 1113 3358 1183 septies
3401 1115 3559 1184 repli-

1986 1205 2127 1258 cato,
2174 1206 2229 1250 et
2269 1198 2496 1251 monade
2545 1199 2888 1267 superaddita
2937 1202 2989 1255 in
3042 1203 3557 1273 quinquagenarmm

1986 1285 2221 1349 ducitur,
2251 1299 2437 1341 secura
2469 1287 2621 1356 quies
2658 1299 2930 1359 perpetua:
2968 1290 3313 1345 beatitudinis
3343 1293 3556 1347 intima-

1988 1382 2094 1428 tur.
2120 1374 2412 1445 Incipiente
2436 1376 2890 1447 quippeJubilzeo,
2923 1380 3063 1434 tubis
3087 1380 3319 1446 canitur,
3347 1398 3559 1436 unincs-

1986 1479 2092 1534 que
2113 1465 2179 1519 ad
2208 1466 2574 1535 possessiones
2596 1469 2839 1538 proprias
2859 1478 3241 1535 revertuntur;
3274 1471 3396 1539 quia
3422 1472 3560 1525 sicut

1987 1554 2116 1609 dicit
2141 1554 2433 1624 Apostolus
2459 1571 2479 1611 :
2504 1574 2523 1607 ι
2558 1557 2676 1627 Ipse
2717 1558 2976 1612 Dominus
3004 1560 3055 1612 in
3082 1556 3254 1626 jussu,
3286 1568 3339 1613 et
3360 1560 3411 1613 in
3435 1574 3561 1614 voce

1988 1643 2318 1713 archangeli,
2349 1653 2405 1700 et
2442 1645 2496 1699 in
2524 1645 2647 1700 tuba
2679 1645 2774 1700 Dei
2807 1645 3095 1701 descendet
3117 1647 3182 1701 de
3210 1646 3380 1712 coelo;
3407 1655 3563 1702 canet

378 1728 607 1807 Qumstio
627 1742 680 1797 6.
713 1742 769 1799 Si
796 1743 1041 1799 Christus
1086 1744 1257 1815 legem
1298 1745 1446 1798 venit
1490 1744 1739 1812 tntpicre,
1783 1759 1881 1798 cur
1912 1734 1956 1793 B
1984 1734 2125 1786 enim
2151 1736 2295 1797 tuba.
2320 1743 2374 1789 et
2396 1736 2592 1790 mortui
2622 1747 2904 1808 resurgent
2952 1738 3266 1808 incorrupti.
3297 1756 3316 1791 ι
3345 1737 3454 1811 44
3482 1739 3562 1793 Ad

310 1831 650 1888 Christianus
704 1834 974 1904 paschalis
1024 1835 1146 1903 agni
1203 1834 1464 1906 sanguine
1526 1833 1728 1887 Pascha
1782 1847 1886 1885 non

309 1924 567 1989 celebrat,
597 1940 720 1981 cum
748 1925 853 1980 hoc
876 1933 1157 1995 tantopere
1180 1925 1262 1979 le!
1291 1926 1401 1994 ipsa
1427 1925 1727 1980 decernat?

380 2014 681 2085 Responsio.
712 2014 811 2071 Hic
840 2016 891 2071 id
920 2017 1096 2086 ipsum
1125 2016 1580 2086 respondendum,
1604 2013 1747 2083 quod
1772 2009 1883 2083 jam

310 2106 557 2173 superius
580 2106 781 2161 dictum
808 2116 924 2172 est;
951 2108 1074 2174 quia
1100 2116 1381 2176 postquam
1406 2122 1566 2161 verus
1591 2105 1679 2159 ille
1700 2106 1887 2176 Agnus

308 2195 400 2261 qui
431 2193 856 2264 signiﬁcabatur,
899 2196 1179 2251 advenisse
1220 2196 1603 2266 cognoscitur;
1635 2195 1726 2249 ille
1750 2236 1765 2258 ,
1795 2195 1885 2265 qui

309 2283 667 2350 signiﬁcabat,
696 2285 995 2354 superﬂuus
1017 2286 1310 2355 judicatur.
1354 2286 1521 2355 Cujus
1549 2287 1736 2355 utique
1763 2302 1889 2341 san-

308 2372 470 2442 guine
515 2389 619 2428 non
657 2373 767 2439 jam
799 2373 1024 2443 ligneas,
1058 2375 1172 2430 sive
1218 2375 1455 2448 lapideas
1501 2375 1647 2431 fores
1678 2375 1887 2447 inungi-

280 2477 455 2527 'ums,
502 2463 596 2517 sed
643 2462 920 2518 interioris
967 2465 1144 2534 potius
1187 2464 1423 2522 hominis
1449 2465 1659 2521 viscera
1705 2466 1887 2521 cousi-

310 2565 559 2617 gnamus.

380 2640 612 2705 Οιεωειὶο
634 2643 687 2698 7.
734 2642 790 2699 Si
832 2659 938 2699 non
969 2646 1127 2700 solvit
1160 2646 1330 2718 legem
1355 2634 1629 2713 Christus;
1656 2663 1751 2702 enr
1772 2647 1889 2717 lege

310 2732 618 2786 mandatam
644 2746 750 2787 non
774 2733 1010 2790 celebrat
1033 2737 1369 2791 neomeniam
1399 2737 1780 2793 Christianus?

383 2818 686 2892 Responsio.
712 2822 938 2893 Propter
951 2826 1051 2879 hoc
1074 2827 1233 2881 etiam
1254 2826 1593 2883 Christianus
1614 2828 1889 2882 celebrare

1987 1824 2361 1891 possessiones
2389 1832 2571 1880 autem
2622 1840 2751 1881 suas
2786 1842 3221 1896 unumquemque
3250 1828 3446 1893 redire,
3479 1837 3564 1881 est

1987 1927 2214 1983 Corpora
2229 1930 2326 1969 sua
2349 1916 2595 1985 protinus
2611 1908 2919 1987 incorrupta
2944 1920 3201 1989 recipere.
3221 1919 3372 1975 Tunc
3388 1935 3564 1974 rever-

1986 2011 2131 2058 tetur
2155 2004 2323 2060 Adam
2350 2006 2417 2062 ad
2447 2007 2727 2078 antiquam
2764 2009 2946 2063 carnis
2974 2025 3087 2063 sua:
3124 2019 3343 2074 terram,
3376 2010 3429 2063 in
3455 2024 3563 2077 qua
3606 1998 3613 2009 ’

1985 2096 2235 2166 primitus
2283 2098 2654 2154 habitaverat:
2681 2109 2807 2155 tunc
2852 2098 2985 2164 Noe,
3034 2100 3327 2166 Abraham,
3374 2099 3564 2171 Moysi,

1984 2189 2301 2259 cunctisque
2343 2191 2559 2261 propria
2591 2192 2863 2261 possessio
2911 2193 3171 2258 redditur,
3204 2194 3329 2248 dum
3369 2209 3563 2262 corpus

1989 2279 2094 2334 illis
2154 2281 2561 2353 incorruptibile
2614 2283 2957 2339 reformatur.
3013 2284 3339 2355 Redemptor
3387 2286 3563 2354 itaque

1987 2379 2192 2435 noster,
2218 2372 2308 2440 qui
2332 2373 2612 2442 discipulis
2636 2374 2846 2444 aperuit
2867 2389 3105 2440 sensum,
3130 2384 3189 2429 ut
3209 2375 3563 2446 intelligerent

1988 2461 2241 2530 mysteria
2270 2461 2695 2530 Scripturarum,
2737 2464 2908 2518 noluit
2938 2462 3239 2524 Jubilazum.
3281 2465 3453 2522 noluit
3476 2481 3563 2520 se-

1988 2553 2215 2621 ptimum
2241 2553 2574 2607 remissionis
2601 2570 2824 2619 annum,
2859 2555 2945 2609 vel
2974 2564 3197 2610 cteteras
3221 2557 3406 2625 legalis
3435 2560 3563 2612 ritus

1985 2639 2337 2694 czeremonias
2362 2640 2652 2695 carnaliter
2691 2641 2991 2698 observari.

2058 2728 2348 2797 Postquam
2366 2731 2478 2785 haec
2491 2733 2668 2787 omnia
2680 2733 3027 2802 spiritualitcr
3045 2734 3168 2789 fecit
3182 2735 3420 2807 intelligi,
3440 2746 3562 2794 tunc

1988 2819 2131 2873 cnim
2167 2818 2419 2874 mandata
2469 2820 2661 2891 legalia
2706 2824 2972 2878 veraciter
3014 2825 3393 2896 adimplcntnr,
3441 2842 3567 2880 cum

310 2915 639 2979 conminuit,
678 2916 933 2984 quoniam
981 2917 1034 2971 id
1082 2927 1274 2985 totum,
1322 2928 1541 2990 propter
1575 2922 1715 2989 quod
1758 2920 1885 2975 olim

1987 2910 2135 2979 juxta
2171 2911 2505 2980 spiritualem
2549 2913 2957 2983 intelligentiam
3000 2917 3067 2971 ad
3114 2933 3273 2987 quam
3319 2918 3569 2973 ins.2tuta

310 3001 635 3056 celebratum
656 3013 759 3067 est,
787 3004 1036 3062 Christus
1058 3006 1315 3077 implevit.
1342 3008 1505 3064 Novae
1527 3010 1723 3079 quippe
1748 3010 1886 3065 luna:

1988 3011 2136 3065 sunt,
2165 3003 2320 3057 tium.
2348 3002 2481 3058 Nam
2514 3012 2641 3061 tunc
2664 3016 2819 3062 erant
2846 3022 3034 3074 vacua,
3065 3006 3253 3065 umbra
3283 3010 3488 3065 scilicet
3513 3019 3566 3066 et

309 3090 622 3148 solemuitas
637 3109 828 3149 novam
843 3097 1088 3167 designat
1110 3099 1161 3151 in
1186 3098 1398 3154 homine
1421 3099 1534 3155 ﬁeri
1561 3111 1886 3167 creaturam,

1993 3094 2171 3166 imago
2195 3097 2293 3161 rei,
2323 3113 2428 3153 non
2459 3096 2571 3169 ipsa
2598 3114 2702 3165 res,
2731 3116 2853 3155 cum
2886 3102 3177 3157 carnaliter
3194 3104 3565 3159 servabantur.

312 3185 379 3239 de
401 3202 505 3256 qua
530 3187 662 3241 dicit
685 3188 1013 3257 Apostolus:
1047 3207 1065 3241 ι
1114 3190 1172 3245 Si
1214 3206 1319 3260 qua
1366 3192 1531 3262 igitur
1578 3194 1628 3246 in
1672 3192 1889 3248 Christo

312 3290 448 3329 nova
498 3286 779 3340 creatura,
830 3289 1013 3333 vetera
1067 3283 1435 3338 transierunt:
1465 3292 1520 3336 et
1564 3297 1694 3337 ecce
1744 3283 1885 3337 facta

311 3378 439 3424 sunt
469 3371 649 3424 onmia
678 3386 813 3424 nova
841 3371 925 3439 (ll
947 3370 1069 3427 Cor.
1104 3377 1179 3441 v).
1214 3391 1234 3426 s

386 3460 618 3525 erstio
642 3461 695 3516 8.
740 3462 796 3516 Si
824 3462 1072 3518 Christus
1114 3480 1220 3518 non
1265 3464 1409 3519 venit
1440 3465 1608 3537 legem
1657 3467 1883 3531 solvere,

311 3564 411 3602 cur
437 3550 775 3605 Christianus
802 3550 888 3604 illa
914 3551 1247 3607 ablutionum
1280 3553 1624 3624 baptismata,
1649 3571 1770 3627 qua:
1801 3555 1885 3611 lex

311 3641 578 3711 pmcipit,
613 3658 718 3697 nou
747 3644 998 3698 observat
1018 3645 1043 3699 2
1404 3712 1409 3716 _

382 3731 684 3801 Responsio.
708 3733 831 3789 ideo
859 3735 972 3790 hac
996 3736 1319 3794 Christiana:
1349 3754 1452 3793 non
1497 3748 1771 3794 merentur
1793 3740 1888 3795 ob—

312 3826 596 3879 servantia:
621 3826 849 3892 cultum,
896 3826 1021 3897 quia
1054 3837 1180 3885 tunc
1207 3830 1411 3884 umbras
1436 3828 1652 3885 fuerunt
1680 3830 1890 3887 futuro-

313 3929 456 3976 rum.
478 3931 705 3985 quarunt
732 3933 873 3973 nunc
890 3920 1229 3990 perspicuum
1255 3921 1588 3990 possidemus
1613 3920 1884 3977 eﬂ'ectum.

311 4007 620 4077 Ceusepulti
662 4010 803 4064 enim
834 4025 1020 4065 sumus
1065 4010 1282 4067 Christo
1325 4028 1421 4082 per
1465 4013 1788 4082 baptismum
1830 4014 1885 4067 in

314 4104 490 4152 morte
515 4096 688 4169 (Rom.
730 4101 846 4172 vr);
890 4108 952 4154 ut
978 4101 1249 4170 quomodo
1289 4105 1524 4157 surrexit
1560 4103 1811 4158 Christus
1854 4117 1887 4155 a

311 4186 541 4242 mortuis
569 4202 667 4255 per
691 4188 917 4259 gloriam
946 4188 1143 4258 Patris,
1173 4192 1254 4247 sic
1297 4201 1352 4247 et
1401 4208 1501 4248 nos
1538 4192 1600 4248 in
1645 4193 1887 4247 novitate

313 4276 437 4330 vitae
460 4277 814 4333 ambulemus.

384 4363 616 4429 Quwstio
636 4368 691 4421 9.
706 4366 762 4421 Si
793 4367 874 4423 lex
904 4385 935 4423 a
959 4369 1176 4425 Christo
1196 4368 1414 4440 impleta
1433 4377 1537 4434 est,
1559 4384 1664 4423 non
1689 4368 1883 4437 soluta,

1992 3186 2088 3243 Vis
2111 3189 2299 3241 audire
2324 3189 2595 3271 quomodo
2618 3200 2776 3246 erant
2797 3206 2961 3247 vacua
2991 3201 3046 3247 et
3070 3208 3230 3255 vana,
3256 3202 3311 3247 et
3337 3210 3442 3248 non
3472 3207 3565 3247 ve-

1990 3276 2124 3332 ritas
2185 3278 2324 3346 ipsa,
2373 3277 2469 3334 sed
2526 3279 2771 3335 veritatis
2812 3281 3102 3351 exempla?
3153 3282 3275 3336 andi
3324 3283 3453 3352 quid
3514 3283 3565 3336 iu

1990 3365 2174 3422 Exodo
2200 3367 2457 3423 Dominus
2480 3368 2545 3423 ad
2583 3368 2803 3441 Moysen
2830 3371 2974 3426 dicat
3001 3390 3013 3425 :
3041 3393 3057 3423 ι
3088 3371 3364 3441 Eruntque
3389 3382 3558 3428 vectes

1988 3472 2056 3512 ex
2087 3466 2315 3528 utroque
2359 3457 2527 3513 latere
2557 3457 2744 3515 altaris
2790 3460 2857 3514 ad
2905 3462 3263 3531 portandum:
3290 3478 3395 3515 non
3438 3461 3554 3515 soli-

1988 3548 2139 3610 dum.
2168 3551 2262 3604 sed
2285 3550 2458 3614 inane,
2489 3561 2542 3604 et
2562 3567 2795 3606 vacuum
2826 3552 2997 3608 facies
3027 3554 3176 3617 illud,
3211 3555 3351 3608 sicut
3378 3554 3471 3607 tibi
3508 3554 3558 3607 in

1989 3650 2173 3695 monte
2214 3650 2568 3696 monstratum
2610 3653 2695 3697 est
2732 3642 2927 3713 (Exod.
2963 3645 3150 3714 xxvii).
3188 3664 3206 3698 s
3249 3644 3401 3710 Quod
3437 3659 3566 3715 ergo

1990 3730 2198 3802 Moyses
2238 3732 2369 3786 vidit
2419 3733 2469 3786 in
2504 3743 2704 3794 monte.
2731 3745 2919 3789 sancta
2947 3734 3183 3791 Ecclesia
3210 3747 3311 3800 est,
3341 3737 3454 3806 ipsa
3487 3735 3563 3790 rei

1989 3820 2192 3874 veritas
2231 3830 2334 3876 est.
2383 3820 2811 3877 Tabernaculum
2856 3833 3034 3879 autem
3092 3826 3219 3881 illud
3254 3827 3306 3881 in
3350 3827 3560 3881 deserto

1989 3908 2378 3970 constructum.
2415 3911 2625 3978 umbra,
2649 3924 2704 3969 et
2724 3912 2901 3984 imago
2925 3914 3163 3985 ejusdem
3184 3915 3439 3972 Ecclesia:
3458 3925 3563 3985 est,

1988 4000 2054 4053 ad
2078 3998 2230 4069 cujus
2249 4001 2554 4072 exemplum
2581 4001 2781 4057 factum
2805 4013 2911 4059 est.
2937 4004 3032 4060 Est
3061 4005 3267 4063 scilicet
3295 4008 3477 4074 homo,
3498 4008 3563 4063 ad

1989 4090 2144 4159 cujus
2176 4092 2463 4162 imaginem
2493 4091 2553 4146 iit
2575 4092 2826 4162 sigillum,
2854 4096 2948 4149 sed
2968 4096 3023 4150 in
3050 4098 3452 4166 comparatione
3478 4099 3557 4152 vi-

1988 4183 2158 4247 caria,
2184 4183 2345 4238 homo
2371 4182 2588 4252 quidem
2612 4198 2721 4248 res,
2750 4194 2805 4239 et
2832 4185 3033 4240 veritas
3062 4186 3259 4241 dicitur
3280 4228 3295 4251 .
3342 4203 3463 4243 cum
3492 4190 3565 4244 si-

1989 4272 2173 4342 gillum
2212 4273 2514 4329 similitudo
2558 4282 2764 4329 tantum
2813 4275 2930 4339 rei,
2975 4284 3029 4330 et
3071 4276 3243 4331 ferina
3293 4279 3561 4337 videatur.

1991 4369 2279 4438 Postquam
2315 4382 2447 4437 ergo
2476 4370 2622 4424 venit
2656 4369 2931 4438 plenitudo
2976 4372 3254 4442 temporis,
3303 4373 3563 4443 implevit,

311 4455 442 4525 quid
464 4456 690 4511 rationis
714 4458 986 4527 objicitur.
1017 4470 1076 4514 ut
1101 4475 1133 4514 a
1177 4459 1498 4517 Christianis
1537 4457 1882 4530 Sceuopegite
1910 4448 1961 4508 Ι)
1984 4458 2110 4513 dum
2130 4472 2203 4512 ea
2249 4458 2603 4527 spiritualitcr
2630 4459 2931 4515 exhibenda
2975 4462 3269 4516 mandavit.
3306 4462 3455 4519 Unde
3486 4464 3563 4518 fa-

314 4546 629 4602 solemnitas
658 4565 765 4604 non
793 4551 1040 4605 colatur?

391 4637 691 4709 Responsio.
738 4639 1157 4696 Tabernaeulum
1198 4641 1291 4698 Dei
1338 4642 1570 4699 societas
1592 4651 1675 4698 est
1704 4642 1885 4713 populi

272 4766 273 4769 η
313 4730 629 4793 Christiani.
659 4735 993 4803 etquoniam
1028 4735 1156 4789 illud
1196 4735 1601 4790 tabernaculum
1640 4744 1884 4790 sanctam

262 4813 282 4833 ”
315 4822 694 4892 ρτωιίςυηικιι
730 4823 1041 4887 Ecclesiam,
1063 4824 1442 4892 tcontemnitur
1471 4824 1705 4894 signum,
1729 4834 1883 4895 post-

315 4929 479 4983 quam
494 4913 661 4978 venit,
677 4915 820 4983 quod
842 4914 1012 4968 fuerat
1035 4915 1435 4985 przesignatum.
1456 4914 1564 4972 Nec
1580 4916 1725 4971 enim
1740 4915 1884 4971 dice-

318 5016 469 5062 retur
483 5006 885 5061 tabernaculnm
901 5007 1320 5072 testimonii,nisi
1336 5018 1684 5064 attestaretur
1697 5008 1882 5074 alicui,

318 5113 438 5167 qua:
460 5097 778 5151 declaranda
811 5108 963 5152 erant
1006 5113 1104 5153 suo
1150 5108 1391 5169 tempore
1421 5100 1685 5155 veritatis.
1730 5099 1883 5166 Quod

318 5190 500 5258 itaque
554 5198 678 5242 time
723 5190 981 5259 agebatur
1045 5198 1312 5259 prtecepto
1360 5188 1645 5258 ﬁguratum
1680 5228 1695 5253 ,
1742 5203 1885 5244 nunc

318 5282 727 5350 praesentialiter
765 5283 1009 5339 cernitur
1064 5280 1371 5335 testimonio
1432 5280 1724 5333 revelatum
1766 5295 1780 5331 :
1830 5287 1886 5333 et

318 5388 441 5426 cum
460 5372 572 5438 jam
601 5374 674 5434 id,
704 5372 844 5442 quod
884 5371 1235 5441 ﬁgurabatur,
1266 5371 1557 5440 aSpicitur;
1585 5372 1726 5440 quod
1756 5370 1886 5442 ligu-

319 5464 491 5523 rabat,
520 5462 841 5530 superﬂuum
872 5479 967 5531 per
988 5461 1167 5517 omnia
1185 5459 1476 5529 judicatur.

391 5540 620 5615 Qumtio
655 5551 737 5603 10.
770 5552 824 5606 Si
850 5551 1095 5607 Christus
1118 5552 1286 5623 legem
1330 5551 1537 5608 solvere
1580 5551 1764 5616 noluit,
1797 5552 1890 5606 sed

318 5640 565 5711 implere.
616 5657 784 5708 quare
833 5642 1173 5700 Christianus
1220 5643 1506 5715 septimum
1557 5645 1891 5700 remissionis

1983 4558 2129 4605 ctum
2154 4559 2261 4613 est,
2299 4558 2358 4603 ut
2383 4560 2507 4619 post
2534 4551 2821 4606 adventum
2851 4552 3061 4608 Domini
3089 4562 3299 4610 terrena
3333 4556 3418 4609 illa
3441 4556 3564 4612 ilic-

1985 4638 2219 4693 rusalem
2241 4654 2364 4694 cum
2388 4655 2487 4694 suo
2513 4641 2711 4711 templo
2749 4639 2989 4697 funditus
3030 4658 3217 4698 eversa
3264 4654 3561 4711 corrueret,

1983 4742 2251 4800 quatenus
2280 4731 2393 4785 sola
2418 4746 2513 4800 per
2539 4733 2797 4787 mundum
2818 4743 3004 4790 sancta
3029 4733 3351 4790 universalis
3376 4734 3563 4791 Eccle-

1985 4824 2063 4881 sia
2087 4831 2417 4879 coruscaret.
2443 4821 2599 4878 Sicut
2616 4823 2762 4878 enim
2787 4825 3114 4896 evangelista
3141 4825 3327 4887 refert.
3347 4825 3564 4896 quibus-

1987 4914 2109 4968 dam
2139 4913 2443 4969 diccntibus
2471 4914 2537 4968 de
2568 4914 2799 4985 templo,
2843 4917 2985 4985 quod
3015 4915 3276 4985 lapidibus
3326 4917 3480 4972 bonis
3508 4924 3564 4970 et

1987 5003 2143 5059 donis
2178 5016 2496 5060 exornatum
2523 5015 2689 5072 esset,
2724 5005 2858 5062 dixit
2890 5023 2903 5060 :
2933 5025 2951 5058 ‹
2992 5008 3146 5072 Hzec,
3186 5022 3305 5076 qua:
3346 5008 3562 5074 videtis,

1989 5095 2205 5148 venient
2233 5096 2369 5157 dies,
2406 5096 2602 5162 quibus
2640 5112 2744 5151 non
2781 5097 3115 5165 relinquetur
3140 5097 3275 5168 lapis
3300 5112 3461 5167 super
3487 5097 3562 5152 la-

1989 5183 2189 5254 pidem,
2207 5185 2298 5253 qui
2320 5200 2425 5238 non
2449 5185 2757 5241 destruatur
2775 5186 2994 5258 (Matth.
3020 5205 3180 5255 xxiv;
3207 5187 3377 5247 Marc.
3421 5203 3557 5253 xui;

1991 5272 2120 5327 an.
2178 5276 2311 5343 ut).
2372 5299 2387 5325 ο
2448 5275 2576 5330 Erat
2630 5293 2862 5346 namque
2907 5277 3241 5333 Hierusalem
3291 5279 3421 5333 urbs
3473 5278 3559 5332 illa

1984 5377 2181 5433 magna
2250 5366 2473 5435 regalis,
2543 5368 2633 5420 ubi
2672 5368 2926 5438 templum
2985 5369 3399 5423 famosissimum
3451 5369 3562 5423 Deo

1988 5458 2163 5514 fuerat
2191 5469 2540 5523 etstructum,
2572 5468 2756 5528 postea
2783 5459 2911 5514 vero
2950 5475 3111 5528 quam
3154 5460 3301 5513 ve:.it
3328 5459 3436 5523 ille,
3466 5459 3559 5528 qui

1989 5560 2110 5606 erat
2154 5566 2341 5605 verum
2385 5552 2640 5620 templum
2685 5548 2799 5611 Dei,
2838 5559 2894 5603 et
2936 5549 3176 5604 cwlcstis
3222 5548 3559 5605 Hierusalem

1993 5644 2389 5713 coepit-aperire
2428 5642 2716 5711 mysteria;
2753 5641 2924 5694 deleta
2968 5649 3052 5694 est
3081 5640 3164 5693 illa
3196 5648 3426 5700 terrena.
3469 5641 3558 5697 ubi
