4018 6194
400 241 469 327 6|,
1001 233 1246 293 OPUSC.
1286 235 1373 292 III.
1416 266 1486 280 -—
1513 235 1893 327 .DIALOGUS.
1931 236 2138 294 INTER
2181 238 2481 298 JUDAEUM
2521 242 2610 299 ET
2649 242 3152 309 CIIRISTIANUM.
3591 243 3691 328 ω’

398 354 642 415 caelestis
672 352 938 426 apparuit,
970 360 1021 408 et
1049 351 1101 405 in
1133 349 1331 421 templo
1358 350 1449 407 illo
1491 366 1597 405 non
1627 351 1885 406 remansit
1910 351 1991 405 la-
2024 357 2067 415 Λ
2097 352 2313 419 hibeat,
2357 354 2603 423 profecto
2629 356 2797 414 Deum
2824 369 2882 416 et
2905 360 3179 422 hominem
3204 366 3407 428 clarius
3444 377 3677 436 mile-

398 449 486 518 pis
530 460 695 516 super
740 442 996 514 lapidem.
1048 440 1180 494 Erat
1224 440 1374 510 prius
1430 439 1671 510 pontifex
1724 441 1987 511 sanguine

398 550 702 601 taurorum,
734 546 787 591 et
816 535 1113 596 hircorum.
1150 532 1444 604 purificans
1477 531 1768 603 populum:
1801 534 1894 588 sed
1922 548 1986 587 ex

393 646 507 697 quo
533 627 681 682 venit
710 640 872 680 verus
891 622 1157 694 pontifex,
1183 621 1273 692 qui
1314 610 1579 692 sanguine
1608 632 1707 675 suo
1736 620 1987 691 purifica-

395 730 481 773 rct
506 718 812 781 credentes,
859 730 1125 785 nusquam
1150 723 1233 769 est
1269 712 1357 767 ille
1386 712 1625 783 pontifex
1666 713 1842 783 prior,
1889 728 1989 768 nec

394 811 539 864 ullus
566 809 615 864 ei
640 808 857 863 relictus
882 815 966 862 est
996 806 1163 861 locus.
1192 804 1374 859 Altare
1397 804 1497 859 fuit
1524 806 1692 875 prius,
1717 804 1984 860 sacrificia

393 900 850 963 celebrabantur,
892 898 987 953 sed
1037 905 1095 951 ut
1143 898 1288 953 venit
1334 911 1493 950 verus
1532 897 1737 965 Agnus,
1786 897 1879 966 qui
1926 910 1987 951 se

394 994 575 1063 ipsum
625 990 822 1046 obtulit
867 990 1100 1051 hostiam
1141 988 1288 1054 Deo,
1337 998 1530 1043 cuncta
1575 988 1664 1042 illa
1704 991 1850 1043 velut
1886 1004 1985 1059 pro

393 1100 643 1157 tempore
682 1086 856 1156 posita
912 1097 1236 1139 cessavere:
1274 1090 1558 1153 propterea
1592 1097 1722 1137 sane
1768 1083 1870 1137 hoc
1910 1080 1987 1135 di-
2040 1084 2049 1091 ’

389 1180 517 1232 vina
570 1176 901 1248 dispensatio
950 1175 1283 1246 procuravit,
1335 1182 1396 1227 ut
1440 1174 1496 1228 et
1540 1174 1732 1228 civitas
1775 1174 1887 1243 ipsa
1929 1182 1985 1229 et

390 1273 678 1341 templum.
704 1280 760 1327 et
791 1270 974 1325 omnia
1019 1269 1107 1324 illa
1154 1269 1357 1339 pariter
1398 1269 1864 1332 subverterentur,
1913 1283 1981 1324 ne

386 1364 517 1433 quis
550 1362 686 1417 forte
715 1361 891 1416 adhuc
925 1360 1204 1430 parvulus,
1246 1368 1300 1415 et
1333 1360 1538 1415 lactans
1568 1361 1621 1413 in
1654 1360 1781 1425 fide,
1826 1359 1871 1415 si
1900 1360 1982 1413 vi-

2093 456 2220 539 sta-t.
2252 447 2318 539 Et
2358 448 2554 504 iterum
2596 466 2814 524 quoque
2840 455 3011 514 Isaias
3041 460 3118 516 ait
3149 480 3164 517 :
3196 481 3216 515 ι
3250 463 3528 526 Habitablt
3549 513 3567 539 ,
3595 474 3678 529 in-

2091 534 2244 604 quit,
2277 536 2433 607 lupus
2472 553 2598 594 cum
2642 556 2817 613 agno,
2849 552 2907 599 et
2938 547 3141 617 pardus
3183 566 3305 608 cum
3336 554 3489 614 hazdo
3516 534 3678 617 accu-

2090 624 2268 692 habit;
2302 628 2521 720 vitulus,
2551 639 2607 687 et
2630 630 2715 689 leo
2734 673 2752 697 .
2780 644 2836 691 et
2855 638 2973 694 ovis
3003 641 3165 696 simul
3200 649 3589 720 morabantur,
3619 663 3678 711 et

2088 730 2226 785 puer
2248 718 2503 810 parvulus
2524 721 2755 780 minabit
2775 740 2870 783 eos
2900 727 3035 799 (Ira.
3070 732 3173 803 ιι).
3215 754 3235 788 ι
3262 736 3399 793 Nam
3434 756 3531 810 per
3549 718 3677 799 san-

2086 816 2189 862 cta:
2236 809 2519 868 charitatis
2552 814 2761 871 viscera
2811 817 2967 890 lupus
3011 837 3135 880 cum
3181 840 3321 899 agno
3360 809 3671 901 habitabit,

2086 904 2210 970 quia
2240 906 2333 974 qui
2371 906 2425 961 in
2452 908 2650 965 mulo
2681 921 2928 983 raptores
2956 916 3195 987 fuerunt,
3224 938 3348 979 cum
3369 931 3674 989 mansuetis

2084 1001 2140 1085 et
2188 993 2412 1052 mitibus
2458 996 2512 1052 in
2543 1014 2677 1069 pace
2728 1007 3162 1079 conquiescunt,
3194 1024 3251 1070 et
3297 1018 3500 1085 pardus
3543 1037 3669 1077 cum

2085 1083 2239 1140 haedo
2269 1089 2517 1155 accubat,
2543 1093 2667 1162 quia
2698 1096 2789 1165 qui
2807 1110 3155 1167 peccatorum
3183 1083 3406 1164 suorum
3436 1114 3668 1170 maculis

2082 1180 2266 1234 varius
2294 1178 2417 1246 fuit,
2446 1198 2569 1237 cum
2609 1200 2693 1249 eo,
2727 1188 2817 1257 qui
2856 1204 2917 1244 se
2942 1192 3190 1264 despicit,
3220 1207 3277 1252 et
3323 1212 3665 1268 peccatorem

2034 1326 2037 1331 λ
2082 1267 2303 1334 fatetur,
2328 1272 2601 1329 humiliari
2631 1281 2925 1335 consentit.
2960 1283 3059 1339 Ubi
3091 1297 3146 1341 et
3177 1289 3431 1346 subditur
3458 1311 3472 1347 :
3510 1314 3528 1346 ι
3568 1294 3663 1350 Vi-

2083 1362 2225 1455 tulus
2252 1373 2309 1419 et
2328 1363 2433 1431 leo,
2464 1375 2521 1421 et
2549 1368 2669 1423 ovis
2698 1370 2858 1426 simul
2890 1377 3277 1446 morabuntur;
3314 1400 3335 1433 ι
3368 1385 3493 1452 quia
3514 1395 3570 1441 et
3595 1388 3665 1455 is,

388 1456 547 1509 deret
574 1454 660 1508 illa
713 1460 967 1507 constare
1010 1452 1136 1505 dum
1180 1451 1573 1507 sacrificiorum
1620 1452 1805 1518 ritum,
1852 1455 1976 1507 dum
2079 1452 2171 1520 qui
2197 1468 2295 1523 per
2320 1456 2616 1512 contritum
2646 1475 2742 1514 cor
2767 1463 2835 1517 ad
2864 1465 3245 1534 quotidianum
3266 1485 3329 1526 se
3359 1451 3467 1528 Deo
3495 1451 3666 1531 sacri;

388 1548 765 1601 ministrorum
787 1544 1033 1598 ordinem
1066 1543 1330 1597 attonitus
1359 1552 1625 1613 stuperet,
1655 1542 1773 1612 ipso
1800 1543 1979 1599 diver-
2078 1540 2261 1597 ficium
2296 1557 2588 1616 praeparat,
2613 1560 2669 1605 et
2699 1552 2859 1617 alius,
2900 1556 2994 1625 qui
3028 1566 3287 1628 tanquam
3323 1561 3410 1618 leo
3436 1579 3500 1621 ex
3534 1581 3664 1622 eru-

386 1647 587 1691 sarum
617 1636 909 1690 formarum
956 1642 1239 1704 raperetur
1273 1632 1489 1687 intuitu.
1539 1632 1645 1688 Sed
1692 1634 1980 1703 providens
2013 1714 2031 1716 μ
2078 1632 2299 1690 delitate
2332 1638 2622 1707 szeviebat,
2670 1652 2725 1697 et
2768 1644 2857 1702 ille
2885 1648 2977 1716 qui
3008 1649 3155 1705 velut
3179 1653 3298 1708 ovis
3338 1654 3662 1714 innocentia:

386 1729 691 1785 infirmitati
723 1736 939 1792 nostrai,
967 1736 1023 1781 et
1065 1727 1253 1781 videns
1299 1725 1645 1797 multiplicari
1676 1726 1969 1781 Ecclesiam
2004 1714 2047 1773 Β
2076 1738 2189 1779 suze
2222 1727 2571 1799 simplicitate
2593 1736 2873 1803 perdurat,
2903 1714 2959 1792 in
2984 1740 3154 1796 caulis
3181 1754 3386 1800 sancta:
3405 1746 3663 1805 Ecclesia:

383 1837 566 1883 suam,
593 1820 776 1874 omnia
823 1817 911 1872 illa
940 1818 1181 1873 subverti
1213 1816 1363 1881 fecit,
1403 1827 1459 1872 et
1487 1817 1702 1887 penitus
1743 1817 1967 1885 auferri,
2071 1828 2463 1875 convenerunt.
2499 1821 2631 1889 Quae
2662 1825 2919 1883 videlicet
2948 1830 3207 1887 animalia
3236 1849 3373 1903 puer
3399 1838 3661 1907 parvulus

381 1922 449 1963 ut
477 1911 594 1964 sine
615 1909 721 1963 ulla
746 1908 1088 1964 cunctatione
1117 1909 1460 1964 cessantibus
1484 1908 1708 1975 umbris,
1746 1918 1803 1964 et
1834 1910 1971 1979 typi-
2071 1907 2268 1973 minat,
2303 1912 2429 1980 quia
2460 1914 2539 1980 is,
2586 1918 2678 1987 qui
2722 1919 2883 1989 paulo
2920 1922 3099 1978 minus
3133 1925 3201 1980 ab
3234 1928 3442 1999 angelis
3486 1931 3662 1986 mino-

382 2004 467 2057 cis
486 2002 594 2074 45
617 2002 963 2074 imaginibus,
992 2010 1147 2056 vetus
1173 2011 1486 2071 superesset
1509 2019 1522 2055 :
1547 2012 1602 2056 et
1629 2016 1822 2057 everso
1850 2017 1967 2057 ma-

380 2095 561 2147 tcriali
591 2093 812 2162 templo,
842 2091 1085 2148 Ecclesia
1111 2107 1211 2162 per
1238 2094 1424 2148 orbem
1454 2092 1567 2148 sola
1592 2104 1863 2163 regnaret.

459 2187 731 2256 Epilogus.
774 2185 880 2241 Sed
916 2185 1029 2256 jam
1060 2193 1182 2254 post
1222 2191 1426 2239 tantam
1467 2186 1685 2240 testium
1731 2185 1965 2251 nubem,

376 2278 588 2341 Juda-e,
617 2278 710 2332 tibi
739 2277 1006 2348 epilogum
1035 2274 1250 2341 faciam,
1274 2284 1330 2330 et
1352 2275 1617 2346 incipiens
1644 2277 1714 2330 ab
1742 2276 1967 2332 exordio

377 2369 739 2424 linunmitatis
758 2368 961 2423 Christi
984 2382 1079 2438 per
1102 2368 1433 2421 incrementa
1467 2375 1768 2437 temporum
1795 2384 1965 2438 usque

376 2462 448 2513 ad
473 2459 990 2513 consummationem
1012 2498 1027 2523 ,
1060 2457 1376 2527 prophetica
1410 2457 1715 2511 testimonia
1756 2458 1883 2523 tibi,
1916 2458 1963 2512 si

376 2552 569 2613 habes,
599 2560 723 2605 ante
753 2550 929 2604 qulos
956 2565 1176 2619 ponam,
1201 2558 1259 2602 ut
1282 2549 1437 2618 quasi
1477 2550 1577 2603 sub
1607 2565 1712 2605 uno
1740 2562 1961 2619 aspectu

376 2642 605 2697 collecta
644 2643 879 2697 breviter
912 2641 1115 2703 videas,
1148 2656 1269 2710 quae
1296 2656 1383 2695 me
1405 2639 1620 2706 diffuse,
1649 2650 1704 2697 et
1731 2643 1960 2712 sparsim

375 2749 582 2804 ponere
629 2733 880 2803 superius
925 2732 1263 2786 attendebas.
1310 2730 1446 2785 Nam
1484 2733 1627 2802 quod
1651 2733 1760 2804 .Dei
1792 2732 1962 2789 Filius

376 2824 773 2879 humanitatem
813 2832 1055 2877 nostram
1102 2832 1456 2891 suscepturus
1498 2834 1683 2889 esset,
1730 2832 1961 2879 testatur

371 2914 667 2978 Jeremias,
693 2914 879 2968 dicens
910 2929 924 2965 :
962 2930 981 2965 ι
1013 2911 1219 2977 Faciet,
1244 2912 1442 2982 inquit,
1474 2912 1733 2968 Dominus
1760 2930 1957 2970 novum

371 3024 543 3075 super
588 3017 827 3068 terram,
859 3016 915 3060 et
960 3004 1154 3060 mulier
1195 3005 1556 3061 circumdabit
1602 3008 1776 3061 virum
1819 3008 1953 3078 (Jer.

370 3102 554 3168 xxxi).
589 3120 609 3151 ι
645 3098 700 3154 Si
728 3099 869 3154 enim
898 3098 963 3152 de
1004 3095 1237 3167 simplici
1269 3097 1487 3152 homine
1516 3098 1740 3164 diceret,
1768 3113 1958 3169 super-

369 3192 483 3244 tino
510 3198 800 3259 poneretur
829 3203 1058 3253 novum,
1101 3187 1244 3257 quod
1275 3188 1474 3258 ubique
1509 3188 1561 3243 in
1600 3190 1836 3245 humano
1866 3204 1958 3258 ge-

369 3300 506 3337 m-re
525 3282 768 3338 cernitur
790 3282 1069 3337 usitatum.
1090 3280 1242 3347 Quod
1257 3290 1438 3335 autem
1464 3280 1659 3335 mulier
1682 3281 1777 3335 illa
1790 3280 1957 3352 Virgo
2004 3322 2013 3333 ,

367 3376 538 3437 foret,
566 3390 662 3442 per
689 3388 851 3444 quam
880 3372 975 3427 Dei
1012 3371 1186 3427 Filius
1218 3370 1367 3426 velut
1399 3385 1495 3441 per
1523 3370 1801 3426 caelestem
1832 3388 1958 3442 por-

367 3477 482 3520 tam
530 3466 596 3519 de
637 3464 757 3519 sinu
808 3462 985 3519 Patris
1029 3463 1097 3517 ad
1139 3462 1409 3532 publicum
1456 3475 1700 3517 nostrum
1742 3463 1954 3530 exiret,

364 3554 607 3608 ostendit
634 3552 922 3617 Ezechiel,
951 3552 1044 3621 qui
1081 3553 1197 3606 ait:
1230 3570 1249 3603 ι
1286 3550 1566 3606 Convertit
1605 3568 1710 3617 me,
1756 3553 1951 3623 inquit,

365 3647 437 3698 ad
467 3646 608 3699 viam
639 3654 810 3716 porta:
855 3642 1148 3699 sanctuarii
1179 3642 1489 3708 exterioris,
1529 3658 1651 3712 qua:
1698 3644 1954 3712 respicie-

365 3737 459 3790 bat
507 3736 575 3789 ad
604 3734 901 3798 orientem,
935 3741 990 3787 et
1031 3732 1148 3786 haec
1172 3740 1294 3785 erat
1330 3732 1555 3798 clausa;
1600 3742 1657 3786 et
1685 3733 1823 3788 dixit
1849 3735 1954 3788 Do-

366 3828 550 3881 minus
574 3826 643 3880 ad
674 3840 760 3880 me
786 3842 800 3879 :
830 3824 994 3879 Porta
1020 3823 1170 3888 haec,
1200 3837 1364 3892 quam
1404 3824 1578 3889 vides,
1610 3824 1795 3879 clausa
1823 3825 1950 3891 erit,

364 3927 424 3972 et
466 3933 571 3971 non
603 3916 919 3986 aperietur.
946 3924 1003 3969 et
1025 3915 1110 3968 vir
1150 3929 1256 3968 non
1283 3914 1512 3969 transiet
1538 3930 1633 3985 per
1658 3928 1778 3970 eam
1802 3953 1820 3980 ,
1856 3915 1952 3971 sed

364 4026 582 4080 semper
600 4008 911 4065 eritclausa
939 4006 1157 4078 (Exerit.
1190 4010 1359 4077 κων).
1396 4026 1414 4059 ι
1444 4007 1604 4062 Beata
1628 4007 1772 4061 enim
1798 4008 1951 4077 virgo

364 4103 536 4156 Maria
566 4115 781 4169 semper
810 4107 894 4153 est
916 4098 1099 4154 clausa
1126 4138 1141 4163 ,
1182 4098 1309 4167 quia
1352 4106 1407 4152 et
1433 4106 1559 4152 ante
1593 4108 1807 4167 partum
1835 4138 1851 4163 ,
1895 4108 1952 4154 et

362 4207 487 4266 pust
515 4202 729 4264 partum
755 4206 969 4261 semper
995 4191 1331 4259 incorrupta.
1356 4190 1432 4245 De
1455 4205 1561 4260 qua
1586 4190 1752 4245 etiam
1782 4191 1950 4246 David

362 4288 537 4347 c:mit,
562 4286 749 4339 dicens
777 4299 791 4334 :
830 4300 846 4332 ι
877 4278 934 4334 In
979 4279 1091 4335 sole
1118 4280 1296 4349 posuit
1335 4280 1740 4335 tabernaculum
1768 4293 1947 4345 suum,

361 4390 419 4431 et
448 4378 561 4444 ipse
592 4386 848 4443 tanquam
890 4386 1123 4442 sponsus
1151 4371 1452 4440 procedens
1474 4371 1541 4425 de
1582 4370 1822 4428 thalamo
1848 4386 1949 4428 suo

362 4466 539 4533 (Paul.
575 4466 751 4531 xvm).
788 4482 808 4515 ι

439 4558 587 4624 Quod
619 4565 799 4609 autem
848 4552 1104 4624 parvulus
1148 4550 1362 4606 futurus
1384 4560 1530 4606 esset
1560 4552 1614 4606 in
1639 4550 1944 4607 substantia

361 4647 736 4711 humanitatis,
761 4655 820 4698 ut
845 4660 943 4699 nos
973 4658 1194 4714 magnos
1221 4642 1459 4699 efficeret
1483 4658 1549 4699 ex
1577 4644 1776 4701 virtute
1810 4632 1945 4699 divi—

362 4740 547 4793 nitatis
571 4779 587 4803 ,
619 4738 785 4793 Isaias
812 4737 1096 4807 perhibet,
1140 4736 1232 4806 qui
1278 4736 1392 4791 ait:
1431 4753 1449 4788 ι
1486 4736 1750 4793 Parvulos
1793 4736 1939 4791 enim

362 4843 523 4885 natus
557 4839 642 4885 est
672 4829 861 4894 nobis,
889 4837 945 4884 et
982 4828 1125 4883 filius
1147 4829 1307 4883 datus
1335 4837 1422 4884 est
1449 4828 1635 4895 nobis;
1668 4839 1722 4885 et
1764 4832 1940 4885 factus

358 4934 443 4977 est
473 4923 810 4993 principatus
835 4938 998 4993 super
1040 4922 1323 4976 humerum
1352 4921 1468 4991 ejus
1494 4962 1508 4987 ,
1556 4932 1611 4977 et
1663 4923 1945 4978 vocabitur

359 5031 557 5070 nomen
589 5013 705 5081 ejus
726 5004 1063 5068 admirabilis
1084 5054 1098 5077 ,
1140 5013 1511 5078 consiliarius,
1554 5014 1730 5079 Deus,
1764 5015 1943 5082 fortis,

357 5119 515 5178 pater
541 5108 708 5162 futuri
740 5107 954 5167 saeculi,
996 5106 1246 5175 princeps
1272 5108 1422 5177 pacis
1450 5124 1463 5160 :
1495 5105 1945 5175 multiplicabitur

354 5201 475 5266 ejus
497 5199 806 5269 imperium,
832 5207 889 5253 et
906 5198 1057 5267 pacis
1086 5212 1193 5252 non
1227 5199 1332 5252 erit
1358 5197 1481 5253 ﬁnis
1509 5215 1522 5251 :
1553 5214 1715 5268 super
1745 5199 1944 5255 solium

360 5288 549 5357 David,
581 5296 637 5343 et
676 5304 841 5360 super
867 5303 1092 5357 regnum
1134 5288 1253 5359 ejus
1284 5290 1523 5355 sedebit,
1550 5298 1611 5343 ut
1655 5291 1942 5349 confirmet

356 5382 486 5436 illud
509 5422 523 5443 ,
567 5391 623 5437 et
648 5382 969 5437 corroboret
1002 5382 1052 5435 in
1078 5381 1284 5451 judicio
1305 5421 1320 5446 ,
1348 5392 1402 5437 et
1419 5381 1632 5451 justitia
1661 5384 1854 5440 amodo
1881 5393 1938 5440 et

354 5491 527 5544 usque
559 5478 611 5531 in
657 5477 1045 5545 sempiternum
1082 5475 1221 5545 (Isa.
1261 5476 1360 5542 ix).
1403 5495 1421 5529 ι
1454 5474 1586 5530 Nam
1626 5491 1748 5532 cum
1787 5493 1933 5545 eum,

355 5583 516 5636 quem
546 5570 823 5637 parvulum
851 5579 975 5622 aute
995 5569 1379 5639 descripserat,
1402 5570 1739 5638 pOStmodum
1766 5569 1931 5625 Deum

350 5656 575 5725 fortem,
611 5669 665 5713 ct
700 5668 904 5731 patrem
933 5660 1096 5713 futuri
1133 5660 1312 5714 saeculi
1344 5662 1641 5721 vocandum
1667 5677 1786 5716 csse
1815 5677 1931 5731 per-

2069 2007 2219 2054 ratus
2242 2009 2347 2067 est,
2376 2018 2445 2057 ne
2473 2007 2637 2061 corda
2670 2018 2858 2066 nostra
2880 2015 3117 2070 terrenis
3142 2017 3303 2073 rebus
3335 2018 3658 2090 inhaereant,

2067 2101 2165 2156 per
2196 2089 2466 2148 internum
2510 2095 2839 2155 desiderium
2885 2103 3132 2172 quotidie
3186 2107 3530 2166 invisibiliter
3573 2089 3671 2168 in.

2065 2178 2326 2237 flammat.
2359 2183 2462 2251 Qul
2493 2202 2591 2256 per
2618 2189 2940 2248 charitatem
2969 2209 3148 2262 suam,
3174 2212 3340 2266 quam
3379 2202 3536 2258 nobis
3559 2204 3653 2258 tri-

2065 2268 2200 2364 buit,
2236 2272 2347 2347 ω
2373 2292 2471 2333 nos
2498 2278 2551 2332 in
2576 2279 2681 2335 hoc
2716 2284 2915 2338 mundo
2950 2295 3159 2342 mentes
3190 2289 3356 2361 figere
3384 2306 3490 2347 non
3530 2309 3657 2364 per-

2064 2362 2249 2417 mittit.
2278 2366 2457 2436 Atque
2488 2370 2592 2424 boc
2621 2370 2796 2440 ipsum
2827 2373 2946 2444 ejus
2993 2376 3204 2433 minare
3228 2419 3244 2445 ,
3274 2389 3359 2435 est
3397 2380 3464 2434 ad
3494 2362 3652 2437 suum

2064 2468 2162 2507 nos
2190 2470 2430 2512 amorem
2459 2459 2795 2518 incessanter
2840 2467 3164 2534 accendere,
3199 2486 3269 2526 ne
3292 2486 3407 2526 cun-
3448 2489 3548 2529 nos
3574 2476 3655 2529 vi-

2062 2542 2245 2596 cissim
2275 2545 2582 2617 diligimus,
2610 2562 2791 2607 mente
2818 2552 2872 2607 in
2900 2555 3005 2610 hoc
3027 2557 3220 2614 exsilio
3253 2575 3650 2618 remaneamus.

2062 2630 2177 2686 Iloc
2209 2649 2461 2706 quoque,
2508 2643 2653 2710 quod
2698 2644 2765 2698 ad
2816 2647 3073 2717 templum
3119 2649 3441 2708 deferendo:
3471 2665 3652 2719 esset,

2062 2720 2353 2781 Malachias
2379 2730 2642 2797 propheta
2676 2733 2994 2802 denuntiat,
3023 2737 3210 2795 dicens
3242 2757 3258 2795 :
3298 2759 3317 2793 ι
3365 2742 3491 2797 Haec
3518 2745 3651 2799 dicit

2059 2814 2356 2872 Dominus:
2385 2818 2525 2876 Ecce
2548 2836 2648 2892 ego
2676 2824 2831 2880 mitto
2850 2826 3102 2897 angelum
3124 2845 3326 2896 meum,
3350 2840 3405 2888 et
3432 2848 3647 2904 prarpa-

2059 2906 2203 2960 rabit
2236 2908 2378 2963 viam
2405 2919 2534 2965 ante
2576 2911 2773 2969 faciem
2803 2931 3012 2981 meam,
3059 2927 3114 2972 et
3155 2921 3340 2976 statim
3371 2924 3552 2978 veniet
3578 2926 3648 2979 ad

2061 2999 2319 3068 templum
2363 3016 2520 3057 suum
2552 3003 2895 3074 dominator,
2946 3024 3107 3078 quem
3142 3027 3241 3067 vos
3287 3016 3558 3084 quarritis,
3588 3026 3648 3071 et

2060 3091 2280 3160 angelus
2306 3095 2639 3161 testamenti,
2666 3111 2831 3167 quem
2855 3113 2952 3153 vos
2975 3099 3157 3155 vultis.
3185 3099 3328 3158 Ecce
3351 3106 3647 3175 venit,dicit

2060 3180 2319 3238 Dominus
2344 3185 2719 3254 exercituum,
2748 3190 2950 3259 etquis
2990 3193 3192 3259 poterit
3221 3196 3463 3264 cogitare
3498 3198 3642 3251 diem

2058 3273 2323 3326 adventus
2337 3269 2455 3339 ejus
2478 3274 2499 3328 ἲ
2531 3292 2551 3327 ι
2586 3275 2847 3345 (Malach.
2883 3280 2990 3351 nt.)
3012 3280 3150 3346 Quia
3173 3297 3303 3339 vero
3316 3286 3493 3340 adhuc
3507 3301 3640 3356 par-

2056 3360 2214 3415 vulus
2243 3362 2297 3417 iu
2327 3363 2617 3434 Egyptum
2660 3368 3008 3426 deducendus
3028 3381 3083 3427 et
3110 3373 3447 3431 reducendus
3472 3383 3641 3444 esset,

2055 3453 2193 3509 Osee
2223 3456 2564 3523 manifestat,
2601 3474 2722 3513 cum
2758 3462 2891 3515 dicit
2922 3476 2937 3515 :
2971 3482 2989 3514 ι
3028 3464 3179 3519 Sicut
3213 3480 3372 3521 mane
3410 3468 3636 3532 transit,

2054 3547 2384 3613 pertransiet
2420 3563 2512 3602 rex
2544 3548 2710 3604 Israel
2736 3589 2752 3616 ,
2798 3552 2927 3620 quia
2972 3569 3109 3623 puer
3148 3554 3347 3622 Israel,
3390 3566 3444 3611 et
3473 3558 3637 3611 dilexi

2052 3653 2198 3702 eum,
2236 3647 2291 3692 et
2313 3653 2379 3692 ex
2411 3638 2645 3711 Egypto
2674 3643 2862 3697 vocavi
2893 3644 3062 3698 filium
3089 3661 3267 3701 meum
3298 3647 3454 3716 (Osee
3483 3654 3583 3717 χι).
3611 3667 3632 3700 ι

2122 3730 2275 3794 Quod
2314 3740 2495 3785 autem
2516 3746 2681 3802 super
2706 3735 2916 3789 asinam
2963 3736 3157 3793 sedens
3179 3736 3478 3793 Jerusalem
3505 3756 3637 3794 ven-

2054 3829 2206 3874 turus
2235 3831 2413 3888 esset,
2450 3822 2748 3881 Zacharias
2777 3826 3042 3895 declarat,
3074 3829 3264 3899 dicens
3292 3849 3306 3883 :
3344 3848 3363 3880 ε
3408 3831 3632 3886 Exsulta

2053 3912 2185 3966 satis
2211 3912 2321 3968 tilia
2345 3912 2502 3979 Sion,
2530 3911 2703 3982 iubila
2733 3916 2840 3970 filia
2860 3915 3187 3985 Jerusalem,
3215 3933 3342 3973 eice
3369 3918 3481 3973 Itex
3509 3931 3636 3975 tuus

2050 4003 2228 4057 veniet
2277 4004 2374 4059 tibi
2417 4003 2632 4073 justus,
2677 4013 2733 4060 et
2783 4007 3023 4061 salvator
3063 4026 3077 4062 :
3125 4009 3241 4078 ipse
3287 4024 3522 4079 pauper,
3573 4021 3633 4065 et

2050 4096 2350 4150 ascendens
2378 4110 2543 4165 super
2575 4096 2819 4164 asinam,
2847 4108 2905 4153 et
2936 4113 3101 4168 super
3126 4099 3295 4154 tilium
3343 4101 3546 4167 asinze;
3575 4111 3633 4156 et

2048 4186 2355 4255 disperdam
2380 4187 2698 4258 quadrigam
2742 4187 3021 4259 Ephraim,
3047 4199 3103 4244 et
3130 4205 3331 4259 equum
3358 4190 3426 4246 de
3472 4190 3628 4247 Jeru-

2047 4277 2220 4331 salem
2244 4316 2259 4339 ,
2291 4286 2346 4331 et
2376 4277 2729 4348 dissipabitur
2754 4294 2917 4335 arcus
2960 4279 3085 4335 belli
3114 4298 3128 4335 :
3158 4292 3214 4336 et
3256 4282 3509 4351 loquetur
3534 4299 3631 4353 pa-

2048 4383 2165 4424 cein
2189 4368 2461 4437 gentibus,
2484 4379 2540 4425 et
2564 4380 2803 4439 potestas
2826 4372 2945 4443 ejus
2960 4387 2990 4426 a
3013 4374 3153 4427 mari
3179 4389 3346 4443 usque
3366 4376 3434 4430 ad
3456 4392 3629 4442 mare,

2049 4470 2107 4515 et
2130 4479 2160 4514 a
2194 4460 2417 4517 flutnine
2439 4476 2611 4533 usque
2629 4462 2696 4518 ad
2720 4462 2857 4519 fines
2889 4474 3044 4521 terra:
3073 4463 3259 4537 (Zach.
3293 4467 3392 4537 Ix).
3423 4486 3443 4520 ι
3473 4467 3627 4537 Quod

2050 4563 2232 4606 autem
2266 4561 2556 4623 arguturus
2598 4562 2743 4609 esset
2774 4550 2991 4609 Iudaeos
3032 4564 3090 4609 et
3137 4570 3325 4611 eorum
3357 4557 3623 4613 malitiam

2047 4655 2419 4716 correpturus,
2442 4646 2613 4702 Isaias
2637 4645 2898 4713 declarat,
2926 4662 3049 4701 cum
3078 4648 3194 4702 ait:
3228 4666 3247 4701 ι
3278 4647 3395 4703 Non
3430 4664 3625 4705 secun-

2046 4739 2172 4792 dum
2204 4738 2468 4795 visionem
2490 4737 2768 4794 oculorum
2804 4736 3100 4805 judicabit,
3128 4753 3304 4807 neque
3327 4741 3622 4795 secundum

2046 4829 2554 4883 audiznm-aurium
2600 4839 2831 4899 arguet,
2879 4828 2975 4882 sed
3021 4827 3291 4895 judicabit
3333 4831 3384 4883 in
3409 4829 3622 4900 justitia

2041 4937 2327 4993 pauperes,
2345 4933 2403 4977 et
2428 4930 2617 4991 arguet
2641 4921 2694 4974 in
2719 4920 2973 4989 aequitate
2995 4936 3095 4991 pro
3122 4924 3417 4977 mansuetis
3441 4935 3621 4990 terrae,

2042 5025 2094 5070 et
2122 5015 2386 5083 percutiet
2414 5021 2615 5068 terram
2644 5012 2793 5083 virga
2823 5014 2939 5069 oris
2979 5015 3097 5080 sui,
3140 5025 3195 5071 et
3226 5016 3421 5086 spiritu
3452 5016 3620 5071 labio-

2045 5125 2163 5163 rum
2208 5124 2428 5163 suorum
2463 5107 2754 5162 interficiet
2780 5106 3001 5177 impium
3022 5148 3039 5174 ,
3064 5118 3119 5163 et
3148 5110 3253 5163 erit
3273 5108 3483 5178 justitia
3506 5111 3621 5164 cin-

2042 5202 2226 5269 gulam
2275 5201 2579 5256 lumborum
2614 5200 2763 5270 ejus.
2805 5210 2859 5255 et
2890 5202 3021 5255 fides
3066 5202 3387 5255 cinctorium
3428 5216 3620 5256 renum

2043 5294 2160 5363 ejus
2190 5293 2327 5363 (Ira.
2352 5294 2453 5363 xu).
2493 5311 2511 5345 ι
2548 5292 2717 5348 Porro
2739 5292 2879 5363 quod
2908 5294 2961 5346 in
2995 5292 3232 5347 Iordane
3264 5292 3622 5362 baptizanan

2041 5387 2145 5440 erit
2183 5388 2344 5441 Isaias
2365 5385 2665 5441 denuntiat.
2689 5400 2810 5439 cum
2840 5385 2917 5438 ait
2945 5400 2960 5440 :
2993 5403 3012 5435 ε
3046 5383 3289 5438 Εκευηθι
3321 5384 3620 5450 desertum,

2041 5487 2099 5532 et
2131 5478 2401 5533 exsultent
2445 5476 2761 5535 solitudines
2801 5473 3087 5540 Iordanis,
3124 5484 3174 5529 ct
3206 5475 3435 5544 populus
3465 5490 3619 5531 meus

2043 5568 2239 5622 videbit
2288 5567 2627 5623 altitudinem
2672 5566 2882 5620 Domini
2932 5573 2987 5620 et
3034 5564 3373 5640 majestatem
3405 5565 3619 5625 Domini

2043 5660 2178 5733 (lsu.
2214 5662 2396 5732 xxxv).
2452 5679 2470 5712 ι
2512 5658 2574 5714 Et
2614 5659 2772 5728 paulo
2814 5668 2930 5728 post
2965 5671 2980 5711 :
3021 5677 3039 5710 ι
3090 5661 3156 5717 Et
3188 5660 3431 5733 aperiam
3466 5677 3622 5716 mon-
