4024 6200
290 421 361 474 (5
851 416 1078 473 OPUSC
1139 418 1225 472 111.
1269 449 1335 459 -ο
1384 417 1750 475 MALOGUS.
1793 419 2006 473 iN'l'EB
2045 419 2349 477 ιιῖΜιωι
2394 419 2478 474 lt'T
2516 420 3000 477 CHRISTIANIIE.
3503 425 3577 482 ϐο

285 545 342 589 et
377 548 539 587 unam
585 539 768 588 tecum
808 532 864 587 in
914 532 1064 587 calce
1109 531 1269 601 hujus
1297 532 1546 601 opusculi
1588 531 1880 600 quassum»
1909 537 1953 592 Α
1981 529 2417 600 (inminuit-assius
2453 530 2637 600 positi,
2664 534 3576 604 nunquamlucruntpt‘ophetarum

283 626 465 683 cuiam
497 624 737 680 breviter
770 624 1009 695 agitare;
1041 631 1312 694 quatenus
1334 623 1481 693 quod
1523 633 1627 680 tua:
1649 638 1884 679 conver-

283 721 426 780 sioni
457 720 548 775 'sit
583 734 920 789 congruum,
969 717 1102 771 nihil
1140 715 1392 772 videatur
1436 716 1641 772 nostris
1685 716 1883 771 studiis

283 817 636 871 intentatum.
661 813 774 882 Age
801 811 986 879 igitur,
1018 811 1288 880 lasponde
1316 810 1472 873 mihi,
1494 811 1642 880 quod
1663 811 1888 882 gravius-

282 915 568 977 peccatum
595 911 782 974 patres
809 901 974 955 vestri
1003 909 1350 976 perpetrasse
1385 909 1713 966 noscuntur,
1737 901 1885 956 unde

283 999 378 1055 Dei
405 998 544 1052 iram
579 995 750 1066 magis
777 992 1161 1056 accenderent,
1189 1000 1245 1044 et
1273 989 1389 1057 eius
1415 991 1472 1046 in
1497 1007 1560 1046 se
1585 992 1880 1046 vindictam

283 1091 465 1144 aerius
486 1084 880 1159 provocarent?
900 1082 1409 1146 Murmurationem,
1433 1082 1667 1152 inquies,
1703 1081 1880 1136 idolo-

283 1183 523 1246 latriam,
548 1177 986 1234 fornicationem.
1007 1175 1139 1230 Nam
1161 1183 1216 1230 ct
1234 1190 1336 1244 ego
1355 1176 1460 1230 hoc
1483 1184 1657 1230 tecum
1681 1175 1878 1238 sentio.

280 1287 334 1328 et
360 1275 481 1329 lucc
508 1273 611 1327 tria
641 1271 860 1325 illorum
890 1267 1084 1323 delicta
1112 1266 1509 1323 danmabiliora
1559 1266 1728 1322 fuisse
1751 1282 1880 1337 per-

280 1367 460 1437 pendo
486 1385 500 1420 :
527 1367 902 1420 verumtamen
941 1361 1060 1416 haec
1085 1360 1266 1415 omnia
1300 1359 1442 1430 apud
1469 1359 1878 1416 misericordem

281 1459 372 1514 Dei
389 1459 663 1529 justitiam
691 1471 798 1510 non
827 1452 1238 1509 irrcvocabilem
1263 1452 1538 1522 pertulere
1559 1451 1876 1506 vindictam.

280 1549 568 1619 Siquidem
594 1556 654 1602 nt
677 1547 744 1600 ad
769 1557 961 1600 vestra:
984 1544 1326 1613 antiquitatis
1350 1557 1692 1599 recurremus
1713 1543 1881 1598 histo-

282 1645 445 1706 riam,
485 1642 555 1697 de
596 1639 1031 1695 murmuratione
1083 1640 1135 1692 in
1180 1638 1321 1703 libro
1367 1637 1590 1693 Numeri
1636 1637 1876 1709 legitur:

284 1753 305 1786 ι
343 1733 487 1802 Quia
525 1731 832 1787 vociferans
876 1731 1056 1792 omnis
1087 1732 1243 1786 turba
1291 1729 1439 1788 ﬂevit
1470 1739 1636 1790 nocte
1668 1730 1757 1788 illa
1778 1771 1793 1793 ,
1825 1737 1882 1785 et

282 1823 611 1880 murmurati
643 1829 772 1876 sunt
801 1829 988 1875 contra
1035 1819 1252 1891 Moysen
1280 1829 1337 1875 et
1367 1820 1546 1875 Aaron
1575 1821 1756 1875 cuncti
1786 1819 1878 1874 lilii

1984 621 2262 678 consortio
2286 622 2505 693 penitus
2533 623 2799 688 destituti,
2847 625 3099 682 videlicet
3124 637 3181 682 ut
3211 644 3311 697 pro
3335 630 3578 700 peccatis

1984 729 2175 771 eorum
2195 713 2404 786 iugiter
2451 717 2877 784 intercederent,
2908 727 2963 773 et
2990 719 3162 791 legem
3197 721 3410 777 Domini
3433 738 3578 777 sem-

1983 820 2085 875 per
2109 806 2195 862 eis
2234 807 2302 862 ad
2332 807 2656 864 memoriam
2687 818 3026 875 revocarent,
3081 827 3445 883 magnumque
3494 814 3577 869 eis

1981 897 2332 966 pmentium
2383 897 2762 954 calamitatum
2808 899 3050 956 solamen
3095 900 3388 968 allen-ent;
3443 903 3573 957 dum

1980 989 2086 1045 sibi
2111 999 2324 1044 eertum
2352 989 2550 1048 futurae
2579 992 2912 1048 reversionis
2939 993 3008 1048 ad
3029 995 3260 1064 patriam
3286 995 3574 1051 articultmi

1981 1080 2319 1138 nuntiarent.
2362 1078 2520 1140 Sicut
2540 1096 2639 1152 per
2661 1082 2984 1138 Zachariam
3007 1084 3238 1140 dicitur:
3276 1104 3298 1138 ‹
3331 1086 3574 1157 Angelus

1981 1170 2197 1226 Domini
2274 1170 2464 1226 dixit:
2553 1173 2782 1230 DOtniue
2854 1175 3239 1243 exercituum,
3293 1192 3578 1249 usquequo

1982 1276 2089 1315 non
2112 1261 2462 1320 misereberis
2502 1261 2832 1331 Jentsatem,
2858 1273 2916 1319 et
2935 1265 3154 1320 urbium
3192 1265 3354 1333 Juda,
3376 1268 3580 1336 quibus

1985 1349 2164 1406 iratus
2189 1351 2293 1407 es?
2315 1351 2422 1408 iste
2458 1342 2896 1425 scputagesimus
2914 1370 3090 1416 anuus
3113 1368 3218 1416 est.
3252 1357 3320 1413 Et
3347 1373 3577 1429 respon-

1984 1443 2064 1497 dit
2093 1444 2351 1500 Dominus
2377 1446 2569 1516 angelo
2595 1449 2684 1517 qui
2706 1449 3030 1519 loquebatur
3055 1450 3210 1507 inme
3223 1453 3389 1508 verba
3411 1453 3576 1515 bona,

1980 1535 2145 1589 verba
2191 1536 2552 1593 consolatoria
2616 1536 2804 1609 (Zach.
2851 1539 2916 1610 r).
2955 1559 2974 1592 ι
3007 1541 3076 1595 Et
3117 1557 3218 1613 per
3242 1541 3576 1599 let-entiam:

1987 1648 2006 1680 ι
2034 1628 2311 1697 Servient,
2345 1631 2540 1701 inquit,
2577 1648 2768 1688 omnes
2796 1641 2984 1706 gentes
3009 1635 3125 1690 ista:
3147 1635 3258 1704 regi
3288 1636 3580 1708 Babylonis

1979 1722 2326 1793 septuaginta
2379 1725 2579 1780 annis:
2640 1739 2880 1795 cumque
2933 1725 3135 1796 impleti
3191 1725 3622 1789 fur-rinLanui-

1981 1816 2341 1886 septuaginta,
2390 1815 2622 1872 visitabo
2653 1831 2818 1888 super
2844 1831 3030 1888 regem
3067 1817 3360 1890 Babylonis
3417 1814 3571 1886 (lcr.

281 1914 476 1979 Israel,
498 1913 767 1968 dicentes:
795 1908 1016 1966 Utinam
1042 1908 1241 1966 mortui
1281 1922 1525 1968 essemus
1543 1909 1594 1970 in
1617 1907 1876 1980 Emito,
1913 1892 1957 1950 Β
1983 1908 2132 1975 xxv),
2167 1928 2186 1961 ι
2215 1917 2272 1964 et
2298 1909 2529 1982 reliqua.

280 2017 474 2064 etnon
504 2006 558 2059 in
593 2006 693 2059 hac
723 2012 870 2058 vasta
899 2002 1190 2057 solitudine
1217 2018 1232 2055 :
1256 2001 1465 2056 utinam
1493 2017 1805 2078 pereamus,
1824 2011 1881 2060 et

281 2117 385 2157 non
421 2099 645 2156 inducat
679 2110 779 2150 nos
806 2094 1066 2150 Dominus
1092 2095 1146 2149 in
1179 2104 1382 2150 terram
1413 2095 1597 2160 istam,
1630 2110 1698 2148 ne
1720 2095 1884 2149 cada-

281 2210 402 2250 mus
426 2192 630 2266 gladio,
654 2199 709 2244 et
735 2203 957 2252 uxores,
987 2201 1051 2241 ac
1089 2186 1245 2242 liberi
1286 2187 1460 2243 nostri
1493 2186 1764 2247 ducantur
1787 2199 1881 2241 ca-

280 2287 446 2358 ptivi.
487 2285 558 2340 Et
603 2284 859 2342 dixerunt
906 2280 1044 2334 alter
1067 2281 1133 2334 ad
1174 2279 1448 2334 alterum:
1483 2279 1882 2335 constituamus

282 2379 447 2434 nobis
459 2379 746 2439 ducem,et
761 2380 1095 2433 revertamur
1111 2371 1163 2426 iu
1179 2368 1474 2442 mgyptum
1490 2369 1683 2442 (Num.
1701 2368 1837 2440 xiv).
1854 2385 1896 2421 γ

284 2473 518 2544 Propter
538 2472 641 2526 hoc
666 2479 867 2531 tamen,
898 2465 1352 2524 murnmrationis
1374 2463 1624 2518 videlicet
1646 2463 1882 2517 immane

285 2573 592 2637 peccatum,
627 2577 734 2619 non
764 2558 995 2634 amplius
1019 2573 1176 2627 quam
1204 2571 1301 2625 per
1320 2553 1677 2625 quadraginta
1709 2567 1882 2609 annos

283 2659 482 2715 divina:
510 2653 821 2712 severitatis
857 2651 910 2708 in
936 2665 1032 2706 eos
1057 2648 1294 2708 vindicta
1334 2645 1580 2712 desmvit,
1610 2645 1750 2704 sicut
1775 2645 1880 2701 illis

284 2749 549 2806 Doniinus
594 2747 800 2801 dixisse
849 2743 1100 2813 legitur:
1150 2759 1168 2792 ι
1227 2739 1382 2805 Filii,
1433 2738 1652 2809 inquit,
1709 2737 1880 2792 vestri

282 2845 400 2914 vagi
439 2849 604 2909 erunt
648 2835 1005 2908 quadraginta
1036 2833 1222 2896 annis,
1251 2839 1306 2886 et
1345 2831 1637 2901 portabunt
1679 2827 1879 2898 iniqui-

284 2946 422 2990 tates
475 2940 717 3004 patrmn,
764 2929 936 2983 donec
981 2932 1373 2980 consumantur
1411 2921 1675 2978 cadavera
1701 2928 1882 2975 vestra

285 3025 336 3078 in
398 3024 622 3078 deserto
670 3019 822 3089 juxta
883 3029 1167 3070 numerum
1226 3010 1587 3082 quadraginta
1633 3011 1881 3073 dierum,

284 3117 482 3188 quibus
527 3108 916 3168 COIiSitiCl'ﬂSliS
972 3117 1201 3161 terram.
1262 3104 1453 3158 Annus
1491 3117 1593 3174 pro
1642 3100 1730 3158 die
1776 3101 1882 3156 im-

284 3207 602 3279 putabitur,
653 3211 709 3258 et
745 3199 1102 3272 quadraginta
1151 3195 1309 3251 anuis
1364 3192 1638 3264 recipietis
1687 3193 1885 3265 iniqui-

2055 1997 2213 2054 Putet
2261 2000 2444 2069 igitur,
2474 2001 2602 2071 quia
2633 2010 2818 2070 patres
2858 2003 3050 2067 vestri,
3084 2001 3210 2057 licet
3257 1999 3586 2072 plerumque

1982 2089 2187 2152 iuerint
2209 2089 2395 2146 divina
2425 2091 2630 2148 ultione
2673 2092 2939 2164 percussi,
2971 2091 3359 2148 refovebantor
3393 2102 3585 2148 tamen

1981 2181 2275 2252 aliquando
2323 2183 2587 2253 impensis
2651 2183 3122 2240 consolationibus
3171 2185 3404 2240 recreati
3441 2198 3585 2239 :vos

1984 2283 2170 2331 autem
2198 2288 2228 2328 a
2251 2274 2504 2345 passione
2525 2273 2732 2334 Christi
2757 2289 2936 2346 usque
2961 2274 3121 2332 hodie
3145 2275 3196 2330 in
3235 2284 3346 2330 tam
3382 2274 3584 2345 longis-

1984 2365 2142 2423 simis
2172 2364 2581 2424 calamitatibus
2609 2367 2795 2439 positi,
2828 2368 3146 2441 prophetam
3191 2369 3331 2424 inter
3368 2385 3466 2425 vos
3488 2369 3586 2424 ali-

1982 2458 2110 2514 cubi
2143 2467 2417 2516 terrarum
2442 2474 2560 2515 non
2577 2460 2838 2527 cernitis;
2875 2461 2971 2517 sed
2999 2469 3057 2516 et
3084 2460 3282 2516 futura:
3310 2463 3588 2532 prosperi-

1987 2551 2118 2602 tatis
2148 2547 2398 2602 nuntium
2453 2549 2716 2603 divinitus
2757 2548 2916 2604 vobis
2963 2549 3189 2604 missum
3221 2551 3442 2620 penitus
3474 2567 3584 2605 non

1985 2641 2207 2700 auditis.
2263 2639 2395 2709 Qua:
2425 2650 2511 2698 est
2554 2656 2685 2712 ergo
2718 2641 2833 2697 lucc
2878 2648 3059 2696 vestra
3109 2650 3218 2696 tam
3263 2641 3590 2698 insanabilis

1985 2731 2189 2802 culpa?
2215 2731 2371 2788 Unde
2394 2731 2547 2790 vobis
2577 2739 2684 2789 tam
2717 2731 3136 2790 irremcdiabilis
3161 2733 3361 2802 piens?
3405 2732 3586 2816 Unde,

1984 2821 2226 2890 inquam,
2276 2820 2379 2876 nisi
2429 2821 2556 2892 quia
2595 2819 2877 2876 Christum
2907 2821 3000 2875 Dei
3028 2821 3227 2877 Filium
3275 2823 3587 2890 occidistis,

1984 2910 2093 2982 50
2115 2920 2315 2984 etpost
2347 2920 2630 2982 peractum
2665 2913 2880 2970 facinus
2907 2914 2976 2969 ad
3005 2913 3212 2970 fontem
3238 2916 3364 2971 vita:
3390 2933 3589 2973 recur-

1984 3017 2106 3058 rere
2154 3003 2450 3059 noluisus?
2513 3001 2628 3059 Hoc
2676 3003 2823 3059 enim
2855 3005 3344 3074 prolundissimum
3388 3018 3588 3064 vestra:

1984 3093 2293 3164 iniquitatis
2357 3093 2640 3149 baratrum
2697 3097 2944 3149 omnium
3015 3093 3344 3166 ﬂagitiorum
3404 3107 3590 3155 trans-

1985 3184 2170 3240 cendit
2237 3184 2505 3250 modum,
2573 3183 2819 3240 omnium
2888 3194 3114 3255 superat
3187 3187 3592 3246 immaniutteut

480 3260 695 3352 vestras
752 3260 986 3365 Ibid):
1029 3308 1048 3342 ι
1100 3289 1206 3344 Pro
1265 3286 1434 3343 vitulo
1479 3260 1671 3353 etiam,
1720 3260 1880 3357 quem
1909 3260 1956 3321 (ἶ
1987 3275 2300 3331 criminum.
2328 3273 2499 3330 Plane
2526 3275 2630 3330 hoc
2651 3284 2938 3344 peccatum
2959 3284 3199 3331 vestrum
3217 3277 3432 3350 Moyses
3448 3297 3596 3352 plus-

288 3391 654 3446 adoraverunt
673 3383 826 3454 juxta
857 3390 1095 3436 montem
1126 3379 1300 3444 Sinai,
1329 3393 1438 3433 non
1461 3378 1692 3449 amplius
1715 3392 1882 3448 quam

287 3480 480 3553 viginti
537 3479 640 3532 tria
697 3474 863 3530 millia
914 3471 1193 3527 hominum
1252 3468 1532 3525 novimus~
1551 3468 1720 3524 fuisse
1771 3468 1884 3538 gla-

289 3571 817 3635 diis’interempta,
879 3563 1023 3619 sicut
1087 3560 1140 3615 in
1207 3559 1346 3615 libro
1402 3557 1573 3614 Exodi
1636 3558 1878 3628 legitur;

289 3658 398 3730 49
422 3658 502 3712 ait
533 3655 636 3711 illis
675 3653 924 3726 Moyses:
978 3671 997 3704 ι
1029 3651 1202 3706 Ponat
1229 3650 1312 3704 vir
1342 3647 1580 3720 gladium
1612 3664 1776 3720 super
1804 3649 1885 3702 le-

295 3766 414 3804 mur
439 3761 621 3811 suum,
659 3755 716 3800 et
745 3745 840 3809 ite,
877 3749 932 3799 et
962 3741 1135 3797 redite
1166 3741 1232 3796 de
1261 3750 1415 3811 porta
1443 3740 1511 3794 ad
1538 3749 1753 3810 portam
1785 3753 1885 3810 per

294 3841 530 3898 medium
560 3848 888 3900 castrorum,
910 3844 964 3889 et
994 3828 1206 3902 occidat
1234 3833 1605 3902 unusquisque
1632 3831 1881 3896 fratrem,

292 3943 344 3988 et
365 3931 626 3993 amicum,
681 3937 738 3982 et
768 3900 1074 3998 proximum
1105 3939 1282 3979 suum.
1314 3921 1585 3980 Fecerunt
1615 3922 1708 3978 lilii
1753 3922 1881 3978 Levi

291 4027 439 4098 juxta
466 4033 774 4076 sermonem
794 4014 982 4088 Moysi,
1013 4023 1068 4070 et
1089 4014 1400 4070 ceciderunt
1427 4013 1479 4067 in
1503 4012 1589 4068 die
1616 4011 1704 4068 illa
1727 4014 1882 4083 quasi

294 4116 486 4188 viginti
521 4113 625 4168 tria
664 4110 830 4165 millia
864 4107 1171 4163 hominum.
1204 4107 1272 4162 Et
1302 4107 1379 4161 ait
1411 4105 1647 4177 Moyses:
1681 4104 1877 4161 Couse~

293 4207 490 4263 cras-tis
507 4219 696 4257 manus
709 4193 920 4255 vestras
936 4198 1182 4266 Domino,
1203 4197 1576 4268 unusquisque
1606 4197 1661 4252 in
1679 4198 1808 4255 lilio.
1829 4208 1881 4252 et

305 4300 475 4352 fratre
497 4310 618 4361 suo,
654 4303 713 4348 ut
736 4294 894 4347 detur
922 4287 1395 4345 vobisbenedietio
1417 4286 1616 4358 (Exod.
1636 4288 1828 4359 xxxii).
1858 4308 1878 4341 ›

361 4389 474 4446 Pro
497 4385 855 4443 fornicatione
875 4398 1109 4454 quoque,
1139 4397 1302 4454 quam
1325 4396 1446 4437 cum
1469 4381 1882 4436 Madiauitarutn

296 4480 514 4536 ﬁliabus
562 4485 949 4542 exercuerunt,
993 4473 1248 4530 similiter
1301 4489 1407 4528 non
1457 4472 1578 4542 plus
1607 4487 1769 4542 quam
1804 4473 1882 4528 vi-

295 4575 430 4646 ginti
485 4573 586 4628 tria
619 4572 786 4626 millia
831 4567 1110 4624 hominum
1157 4565 1702 4640 gladioceciderunt,
1742 4565 1882 4619 sit-ut

297 4671 350 4724 in
380 4668 520 4722 libro
547 4664 769 4719 Numeri
801 4677 990 4717 rursus
1020 4660 1282 4730 scriptqu
1313 4667 1425 4714 est:
1484 4676 1502 4710 ‹
1531 4656 1882 4726 Cessavitque

299 4763 452 4833 plaga
482 4776 510 4813 a
542 4758 667 4816 ﬁliis
699 4755 890 4821 lsrael,
930 4766 983 4811 et
1013 4754 1177 4810 occisi
1204 4760 1330 4809 sunt
1358 4752 1548 4824 viginti
1593 4751 1693 4808 tria
1722 4751 1885 4807 millia

303 4853 580 4909 hominum
605 4849 775 4924 (Num
805 4847 954 4917 ur).
983 4867 1001 4898 ›
1023 4846 1160 4917 Quid
1176 4860 1306 4920 ergo
1331 4854 1435 4912 est,
1461 4845 1605 4915 quod
1635 4853 1742 4899 tam
1764 4844 1889 4899 bre-

302 4962 421 5002 vem
452 4946 747 5003 vindictam
778 4942 845 4998 de
889 4941 1129 5016 peccatis
1161 4949 1373 5010 patrum
1413 4947 1718 4998 vestrorum
1745 4937 1888 4993 Deus

302 5037 571 5107 recepisse
603 5035 837 5106 legitur;
869 5043 1049 5087 vestra
1077 5041 1257 5085 autem
1290 5030 1404 5086 hsce
1431 5029 1689 5093 servitus,
1716 5037 1765 5082 ct
1787 5043 1886 5102 per

302 5132 474 5178 totum
508 5121 767 5176 mundum
805 5119 1072 5191 dispersio
1093 5116 1204 5184 jam
1235 5131 1332 5186 per
1375 5125 1454 5171 tot
1482 5113 1678 5176 secula
1710 5123 1891 5183 prote-

302 5215 459 5268 iatur.
487 5211 630 5284 Lege
653 5211 817 5266 etiam
833 5208 1125 5284 Josephum
1159 5218 1306 5262 tuutn
1325 5209 1344 5278 (
1353 5206 1425 5262 De
1452 5206 1586 5261 Bell.
1608 5207 1786 5278 Jud.),
1819 5206 1888 5261 ibi

306 5308 538 5376 reperies
569 5318 667 5373 pro
694 5301 929 5358 vindicta
954 5298 1144 5358 mortis
1185 5296 1406 5362 Christi,
1440 5312 1603 5368 quam
1631 5314 1751 5352 cum
1785 5297 1887 5351 Vc-

305 5397 554 5466 spasiano
583 5394 737 5448 Titus
755 5392 1020 5457 exercuit,
1044 5389 1110 5444 de
1142 5389 1337 5460 populo
1370 5387 1678 5446 Judaeorum
1711 5387 1891 5442 decies

307 5497 532 5543 centena
563 5484 728 5542 tnillia
760 5483 953 5556 gladiis
983 5482 1273 5542 corruisse,
1301 5490 1357 5535 ct.
1377 5480 1632 5534 undecies
1662 5490 1887 5534 centena

308 5577 473 5632 millia
519 5577 680 5630 ducta
711 5574 875 5628 luisse
906 5573 1149 5643 captiva:
1184 5581 1237 5625 et
1278 5580 1398 5643 post
1432 5571 1546 5625 haec
1581 5571 1891 5640 quicunque

309 5670 440 5724 estis
459 5669 638 5739 gladio
668 5669 966 5723 devoranze
999 5665 1218 5724 residui.
1259 5664 1500 5719 omnium
1525 5663 1767 5735 gentium
1800 5679 1890 5732 pc-

309 5761 465 5816 dibus
513 5759 771 5815 videmini
811 5757 1075 5814 servitute
1118 5755 1414 5821 substrati;
1469 5769 1662 5819 nempe
1708 5765 1893 5824 patres

309 5837 496 5921 vestri,
543 5853 859 5925 quicunque
896 5849 951 5906 in
987 5849 1301 5922 captivitate
1330 5848 1480 5905 ducti
1510 5856 1656 5914 sunt,
1687 5847 1740 5902 in
1775 5849 1892 5920 ipso

1913 4617 1960 4677 Ῐ)
1992 4641 2169 4713 possis
2196 4643 2463 4698 evadere:
2495 4645 2686 4698 desere
2726 4641 2967 4699 Judaicze
3009 4647 3270 4728 czccitatis
3315 4665 3581 4714 errorem,

1985 3368 2229 3435 videbat,
2260 3379 2384 3424 eum
2415 3369 2705 3424 adversum
2729 3383 2827 3424 vos
2866 3370 3038 3427 iratus
3065 3369 3318 3426 dicebat:
3378 3391 3398 3424 ο
3433 3372 3586 3429 Con-

1983 3467 2204 3530 gregate
2229 3459 2297 3514 ad
2315 3472 2402 3513 me
2424 3472 2620 3513 omnes
2637 3457 2872 3527 niaiores
2893 3468 3020 3513 natu
3041 3475 3139 3528 per
3166 3461 3342 3516 tribus
3369 3472 3595 3519 vestras
3637 3481 3644 3485 '

1985 3559 2151 3619 atque
2181 3549 2458 3612 doctores,
2493 3557 2550 3604 et
2591 3548 2784 3618 loquar
2813 3549 3162 3607 audientibus
3186 3551 3270 3608 eis
3299 3568 3597 3612 semioncs

1984 3641 2139 3705 istos,
2171 3649 2226 3694 et
2247 3640 2516 3695 invocabo
2535 3648 2728 3695 contra
2752 3653 2850 3696 eos
2869 3641 3091 3708 calum,
3119 3652 3180 3698 et
3205 3652 3434 3700 terram.
3469 3647 3582 3702 No-

1984 3731 2036 3784 vi
2066 3732 2214 3785 enim
2256 3731 2402 3800 quod
2451 3738 2575 3800 post
2605 3724 2840 3786 mortem
2880 3747 3058 3787 meam
3089 3732 3278 3806 inique
3304 3739 3499 3808 agetis,
3531 3747 3606 3794 et-

1983 3821 2330 3878 declinabitis
2349 3823 2462 3878 cito
2477 3823 2666 3888 devia,
2680 3837 2843 3892 quam
2868 3826 3291 3898 put-cepimus,
3314 3838 3370 3884 et
3383 3845 3588 3886 occur-

1984 3920 2108 3966 rent
2140 3911 2294 3968 vobis
2324 3910 2468 3967 mala
2496 3911 2550 3966 in
2585 3921 2840 3968 extremo
2871 3925 3134 3984 tempore,
3183 3921 3408 3986 quando
3435 3920 3583 3984 fece-

1984 4002 2105 4058 ritis
2136 3993 2344 4058 malum
2381 4003 2438 4058 in
2486 4011 2782 4073 conspectu
2812 4004 3048 4069 Domini,
3099 4015 3158 4059 ut
3187 4007 3420 4065 irritetls
3452 4025 3584 4066 eum

1982 4107 2078 4163 per
2102 4107 2267 4163 opera
2292 4107 2554 4148 manuum
2576 4103 2882 4148 vestrarum
2909 4093 3090 4164 (Deut.
3121 4099 3293 4170 xxxv).
3334 4118 3358 4153 ι

2023 4187 2209 4244 .Nunc
2251 4186 2436 4258 igitur,
2493 4185 2699 4252 Judaae,
2748 4189 2873 4244 audi
2923 4202 3101 4244 meum
3155 4191 3470 4260 consilium,
3526 4205 3588 4252 ut

1983 4279 2175 4344 Deum,
2227 4293 2388 4349 quem
2420 4278 2624 4333 iratum
2674 4279 2861 4344 habes,
2915 4279 3093 4350 possis
3141 4279 3349 4339 habere
3398 4287 3592 4357 propi-

1984 4371 2117 4424 tium
2141 4384 2156 4424 :
2180 4369 2388 4440 depone
2416 4369 2617 4425 veteris
2645 4371 2886 4427 hominis
2909 4371 3306 4442 indumentum,
3338 4385 3394 4430 et
3427 4393 3589 4433 novae

1983 4460 2171 4532 gratia:
2195 4461 2412 4531 suscipe
2453 4471 2893 4529 sacramentum;
2929 4463 3181 4532 placeant
3232 4467 3326 4522 tibi
3360 4468 3597 4523 benedi-

1984 4551 2195 4606 ctiones
2215 4549 2477 4617 Garizim,
2494 4561 2553 4606 ut
2583 4551 2991 4609 maledictiones
3011 4553 3180 4610 Hebal
3196 4555 3370 4628 (Deut.
3482 4563 3592 4630 xi).

1990 4745 2044 4790 et
2072 4743 2124 4789 te
2169 4734 2238 4788 ad
2269 4733 2611 4806 Evangelicae
2639 4736 2831 4805 gratia:
2873 4735 3047 4808 dirige
3095 4737 3416 4793 veritatem:
3465 4751 3586 4796 esto

1989 4823 2176 4897 procul
2212 4825 2376 4881 dubio
2402 4841 2632 4880 securus
2663 4827 2730 4881 de
2772 4825 2952 4892 venia,
3002 4826 3047 4881 si
3080 4827 3146 4882 ad
3187 4828 3390 4884 Christi
3423 4831 3582 4886 [idem

1989 4930 2312 4982 conversus,
2344 4916 2485 4971 sacri
2527 4915 2868 4986 hapt‘smatis
2910 4917 3086 4973 lueris
3116 4919 3261 4975 unda
3303 4920 3580 4991 perfusus.

1999 5009 2108 5066 Sed
2133 5010 2392 5080 quoniam
2420 5011 2564 5080 apud
2586 5007 2828 5065 animum
2856 5021 3007 5065 tuum
3033 5011 3151 5082 plus
3174 5011 3402 5068 forsitan
3428 5015 3582 5071 valeo

1994 5102 2163 5159 Deum
2191 5101 2553 5172 deprecando,
2584 5117 2747 5174 quam
2783 5103 2926 5173 apud
2955 5111 3006 5157 te
3036 5104 3406 5172 praedicando.
3437 5104 3582 5162 Deus

1994 5204 2208 5264 patrum
2256 5204 2469 5248 tuorum
2521 5209 2552 5249 a
2599 5196 2762 5250 corde
2814 5207 2904 5251 tuo
2953 5205 3226 5252 vetustum
3261 5197 3582 5267 ignorantizc

1996 5287 2240 5344 velamen
2270 5284 2510 5352 ahjiciat,
2536 5295 2589 5342 et
2617 5287 2854 5358 depulsis
2878 5305 3125 5344 errorum
3155 5289 3416 5355 tenebris,
3440 5307 3581 5346 nova

1938 5398 1940 5401 τ
1994 5387 2046 5433 te
2073 5378 2398 5448 cognitionis
2421 5392 2531 5432 sua:
2557 5378 2674 5433 luce
2699 5378 3004 5449 permutat,
3030 5379 3120 5447 qui
3144 5394 3242 5447 per
3263 5382 3580 5450 prophetam

1994 5487 2153 5527 suum
2196 5469 2504 5541 pollicetur,
2534 5470 2760 5525 dicens:
2822 5490 2839 5521 ι
2873 5471 2927 5524 Si
2963 5469 3126 5523 fuerit
3152 5486 3414 5528 numerus
3441 5474 3582 5529 lilio-

1995 5567 2116 5620 rum
2145 5565 2310 5620 israel
2341 5567 2488 5626 velut
2517 5581 2682 5619 arena
2715 5565 2903 5626 maris,
2957 5564 3196 5622 relluuiae
3227 5565 3389 5621 isnael
3420 5570 3582 5622 salva:

1965 5653 1968 5655 Α
1997 5661 2127 5715 lieut
2150 5657 2308 5729 (laci.
2336 5673 2402 5718 ις
2431 5653 2581 5713 Rom.
2614 5655 2713 5724 Ix).

2067 5749 2339 5820 Epilogus.
2357 5745 2492 5805 Ecce
2505 5746 2792 5816 perpendis
2809 5746 2943 5821 ipse,
2959 5747 3278 5805 citatissime
3293 5749 3459 5803 frater
3475 5750 3582 5803 llo-

1999 5845 2172 5910 ueste,
2189 5840 2315 5911 quia
2330 5839 2452 5894 dum
2468 5838 2822 5895 imbecillitati
2843 5841 3240 5896 tuatconsulere
3254 5840 3454 5906 studui,
3473 5857 3580 5894 non
