4018 6194
376 404 446 460 67

799 400 861 457 S.
898 395 1102 455 PETRI
1142 389 1424 450 DAMIANI
1458 388 1610 446 OPP.
1648 382 1886 442 TOXIUS
1923 382 2054 439 SEU
2096 379 2274 437 PARS
2311 377 2397 434 Ill.
2440 406 2508 417 —-
2546 372 2909 431 OPUSCULA
2951 368 3183 425 VARIA.

3542 366 3611 417 (38

377 516 647 572 coloratos
671 513 954 568 rhetoricae
977 509 1240 564 facundiae
1253 504 1642 568 ilosculos,non
1656 507 1815 555 acuta
1829 497 1946 553 dia-
1973 506 2023 567 Α
2045 495 2324 553 effundere
2350 493 2570 554 debeas,
2604 504 2712 558 quo
2746 488 2991 558 clypeum
3019 475 3461 538 circumvolverc,
3490 474 3615 544 quia

382 610 695 665 lecticarum
728 620 928 675 ponere
941 610 1253 672 argumenta
1283 596 1487 653 curavi.
1521 592 1681 649 Salvo
1698 591 1843 647 enim
1858 604 1947 653 eo,

384 703 522 772 quod
538 701 667 754 mibi
684 697 956 755 saecularis
968 694 1243 765 sapientia:
1256 690 1505 761 phaleras
1517 684 1666 754 sequi
1683 697 1788 738 non
1802 680 1956 750 libet,

384 795 508 861 quia
541 801 594 844 te
618 791 781 845 etiam
812 787 1042 859 negetiis
1069 780 1419 840 saecularibus
1467 776 1799 846 implicatum
1829 772 1954 828 novi

388 884 552 939 multa
587 899 690 937 non
737 896 893 951 posse
925 879 1221 949 perlegere,
1272 870 1419 927 nolui
1463 878 1515 925 te
1542 866 1766 938 prolixis
1794 880 1954 934 argu-

385 983 688 1029 mentorum
718 969 1157 1026 distinctionibus
1181 976 1430 1021 onerare.
1459 959 1803 1028 Quapropter
1825 956 1953 1010 dunt

386 1064 526 1118 nuda
551 1078 685 1128 pene
723 1060 817 1114 tibi
846 1058 1250 1121 Scripturarum
1279 1049 1523 1121 exempla
1560 1044 1834 1118 proposui.
1862 1059 1957 1099 ve-

386 1154 464 1207 lut
512 1154 827 1223 sagittarum
882 1147 1196 1204 fasciculum
1252 1145 1304 1198 in
1337 1141 1648 1213 pharetram
1690 1137 1834 1193 misi.
1890 1135 1959 1190 Et

395 1242 513 1310 quia
557 1257 625 1296 ex
669 1240 851 1294 verbis
877 1236 1166 1295 contrariis
1210 1232 1517 1303 suggeritur
1543 1229 1700 1299 copia
1732 1240 1959 1297 respon-

395 1331 567 1393 Jendi,
597 1345 747 1385 arma
795 1327 1014 1399 quidem
1041 1322 1275 1396 praebui;
1321 1334 1429 1393 quo
1454 1333 1584 1375 vero
1611 1326 1665 1373 te
1691 1315 1953 1372 invictum

2053 588 2192 644 bella
2221 585 2447 642 necdum
2476 580 2777 641 imminent,
2810 575 2878 630 ad
2910 573 3123 644 plenum
3150 570 3345 623 docere
3370 579 3475 619 non
3521 578 3618 631 po-

2056 681 2156 735 tui.
2206 676 2384 731 Habes
2415 673 2577 744 igitur
2597 684 2782 724 coram
2824 666 3021 736 posita,
3060 674 3179 731 qute
3205 658 3271 713 ad
3317 652 3618 724 hujusmodi

2054 769 2365 826 conﬂictum
2391 772 2519 819 sunt
2555 757 2881 816 necessaria.
2911 755 3076 810 Utere
3112 748 3336 807 paratis.
3367 754 3428 802 ut
3455 759 3622 801 exne-

2055 864 2171 919 dire
2200 855 2526 915 decreveris.

2125 949 2479 1016 Omnipotens
2502 944 2663 1005 Deus,
2696 935 3048 994 dilectissime
3072 932 3258 992 frater,
3293 928 3360 982 ab
3386 922 3625 980 invisibl-

2060 1043 2192 1097 lium
2233 1049 2286 1094 te
2318 1035 2529 1092 insidiis
2570 1030 2805 1087 hostium
2835 1022 3260 1081 misericorditer
3302 1022 3547 1088 protegat
3576 1020 3630 1067 et

2061 1134 2359 1202 immunem
2391 1136 2443 1181 te
2484 1126 2552 1180 de
2578 1119 2886 1192 bujusniodi
2931 1113 3228 1173 certamine
3273 1109 3342 1165 ad
3389 1105 3629 1164 caelestia

2062 1237 2226 1294 regna
2252 1218 2533 1290 perducat.
2559 1214 2751 1268 Amen.

2402 1304 2484 1361 Sit
2509 1319 2693 1359 nomen
2722 1298 2932 1357 Domini
2955 1295 3302 1350 benedictum.

394 1460 3619 1550 ΜΝ*-

1017 1673 1260 1749 ⁵¹“⁵²
1340 1674 2184 1797 OPUSGULUM
2267 1662 2996 1806 QUARTUM.

665 1855 1189 1977 DISCEPTATIO
1230 1900 1677 1969 SYNODALIS
1718 1897 1957 1959 INTER
1997 1892 2232 1954 REGIS
2276 1888 2776 1952 ADVOCATUM
2819 1886 2923 1949 ET
2965 1884 3327 1949 ROMANAS

1492 1998 1892 2063 ECCLESUE
1939 1995 2093 2057 DEF
2103 1991 2492 2054 ENSOREM.

397 2314 789 2368 Aacnusswu.
809 2306 949 2361 —ln
994 2306 1099 2361 hoc
1123 2300 1303 2357 libello
1330 2300 1587 2355 Romanae
1617 2296 1873 2351 Ecclesia!
1897 2293 2151 2368 defensor
2185 2300 2239 2347 et
2267 2291 2409 2361 regis
2438 2288 2655 2344 ilcnriri
2688 2288 2979 2368 advocatus
3004 2283 3343 2348 [altercantes
3381 2280 3645 2368 induci-ru:

473 2348 579 2437 iiii.
605 2348 775 2433 (latisa
804 2387 984 2431 autem
1011 2389 1195 2429 eorum
1220 2369 1584 2426 altercationis
1604 2348 1894 2437 nescierat:
1928 2348 2229 2437 Incleverat
2246 2348 2417 2437 prava
2440 2357 2802 2437 consuetudo,
2826 2365 2905 2437 ηε·
2927 2354 3214 2437 Romanus.
3250 2348 3637 2422 pontiiex‘eligi

468 2469 575 2506 non
607 2458 809 2519 posset,
836 2448 938 2519 nisi
980 2445 1047 2500 ab
1074 2423 2036 2519 imperatore_prius.eonlirmaretur.
2083 2423 2845 2519 Quinuigiltur‘tnnetemporis
2862 2423 3220 2519 Henriclnsnlll
3248 2432 3562 2519 puerlesset.
3594 2432 3649 2503 et

464 2491 642 2576 saucii:
671 2519 771 2573 sub
795 2491 972 2571 ’tutela
999 2491 1356 2574 constitutus,
1377 2491 1692 2564 sinewillins
1732 2518 1959 2560 assensu
2003 2500 2239 2576 pontifex
2264 2491 2490 2576 “eiectus
2531 2507 2652 2553 est:
2690 2491 2847 2567 'qttod
2875 2511 2995 2576 eum
3021 2496 3089 2576 ab
3116 2492 3330 2548 ilenrici
3377 2491 3567 2573 legatis
3595 2492 3646 2576 in

710 2563 1612 2650 vocarevtuwrﬁn‘liaedisputatione
1636 2586 1828 2650 cuncta
1857 2563 2046 2650 eorum
2076 2568 2285 2639 objecta
2313 2568 2671 2650 refelluntur,
2700 2563 2759 2621 tit
2790 2565 3046 2650 paulatim
3070 2566 3315 2650 “cogatur
3353 2563 3651 2650 regi-iusad-

466 2630 686 2713 vocatus
730 2630 1027 2712 ravliottibn's
1046 2630 1445 2711 convictustrin
1480 2630 1815 2702 contrariam
1849 2643 2083 2697 transire
2102 2630 2456 2713 sententiam.
2497 2630 2740 2706 Pingitur
2773 2630 2949 2691 autem
2991 2630 3449 2713 ltazcdisceptatio
3466 2630 3649 2685 habita

467 2702 1437 2792 citi-3..."s960lié'aﬁiséépsiha«ius.
1459 2727 1518 2770 ut
1549 2718 1648 2770 bac
1672 2716 1739 2769 de
1768 2727 1823 2768 re
1863 2711 2298 2781 pronuntiarent,
2331 2709 2386 2765 in
2413 2723 2577 2767 unum
2603 2702 2992 2763 convenerant.
3019 2704 3310 2759 Cudalouut
3339 2702 3649 2771 antipspam

475 2787 828 2867 sequentibus
853 2787 1031 2849 verbis
1057 2787 1422 2847 compellat’S.
1450 2794 1658 2843 auctor.

474 2975 583 3031 Sed
614 2973 681 3029 ad
707 2974 819 3027 ba'e
856 2968 1106 3039 gloriaris
1140 2976 1197 3024 et
1219 2965 1426 3037 jactas:
1451 2965 1564 3021 Rex
1590 2979 1697 3029 me,
1726 2972 1785 3019 et
1810 2963 1979 3032 impe—
2008 2967 2055 3027 Β
2081 2961 2194 3017 sive
2221 2957 2588 3029 metropoleon
2617 2957 2897 3027 primatus.
2934 2953 3444 3025 autepiscopatuum
3469 2955 3655 3010 cathe-

403 3070 574 3123 ratrix
609 3074 785 3123 mater
805 3064 980 3134 eligit.
1016 3062 1082 3117 ad
1106 3062 1249 3117 inme
1289 3060 1495 3130 apicem
1526 3073 1613 3113 me
1641 3057 1784 3127 regia
1819 3055 1979 3111 celsi-

405 3161 535 3217 tudo
558 3156 836 3230 provexit:
866 3153 962 3208 sed
987 3168 1110 3207 cum
1139 3152 1266 3207 hinc
1294 3150 1415 3204 aula
1444 3148 1591 3230 regia
1627 3163 1784 3202 suum
1823 3155 1976 3201 tuea-

402 3260 492 3306 tur
521 3226 772 3311 electum,
818 3245 965 3300 illinc
998 3243 1241 3298 Romana
1273 3240 1512 3297 Ecclesia
1553 3226 1831 3309 proprium
1881 3238 1977 3292 de-

403 3343 589 3402 fendat
614 3337 932 3402 antistitem,
955 3333 1069 3404 jam
1093 3333 1146 3388 in
1174 3331 1311 3389 solio
1337 3330 1725 3394 constitutum;
1758 3329 1977 3397 dignum

402 3440 513 3495 est,
560 3439 623 3484 ut
670 3440 981 3483 sanctorum
1035 3433 1201 3494 atque
1245 3421 1589 3493 prudentium
1635 3420 1978 3475 sacerdotum

406 3519 694 3577 multitudo
727 3515 1046 3571 conveniat:
1082 3524 1140 3568 et
1166 3514 1308 3568 hanc
1332 3510 1689 3581 qutestionem
1710 3507 1981 3562 ventilatis

405 3611 507 3665 sub
531 3607 779 3664 canonici
805 3605 944 3676 juris
970 3603 1293 3659 auctoritate
1320 3601 1614 3656 discernat.
1634 3598 1702 3653 Et
1724 3598 1979 3667 quoniam

411 3701 466 3756 in
499 3698 767 3770 proximo,
808 3704 866 3748 ttt
891 3706 1192 3764 speramus,
1233 3691 1325 3745 ﬁet
1351 3690 1478 3744 binc
1495 3686 1823 3744 Osboriense
1849 3702 1980 3741 con-

404 3790 612 3855 cilium,
643 3786 732 3841 hic
750 3784 864 3855 jam
896 3782 1137 3852 ejusdem
1160 3779 1376 3835 concilii
1404 3777 1800 3834 constituamus
1840 3777 1985 3829 velut

412 3884 467 3937 in
506 3880 737 3952 quadam
790 3876 1000 3932 tabella:
1029 3873 1237 3943 pictura
1263 3869 1602 3941 przeludium.
1630 3866 1792 3924 Juxta
1822 3868 1983 3922 visio-

411 3989 537 4029 nem
567 3987 699 4043 ergo
722 3967 957 4024 Danielis
977 3966 1140 4029 (Dan.
1168 3964 1292 4033 vn),
1318 3971 1531 4032 patrum
1555 3962 1732 4018 throni
1758 3960 1862 4023 sint
1891 3974 1987 4029 po-

409 4067 524 4133 siti,
554 4065 811 4134 iudicium
837 4061 1042 4122 sedeat,
1090 4057 1211 4112 libri
1240 4055 1577 4126 aperiantur,
1606 4062 1662 4108 et
1700 4051 1985 4108 solutionis

413 4158 595 4227 indiga
639 4142 864 4225 quaestio
915 4152 967 4205 in
998 4150 1230 4205 medium
1264 4148 1583 4204 deducatur.
1637 4144 1777 4199 Hinc
1806 4144 1986 4213 itaque

415 4251 669 4304 Romana:
697 4243 949 4299 defensor
976 4240 1233 4296 Ecclesia:
1276 4253 1406 4294 suas
1448 4233 1803 4305 allegationes
1847 4231 1987 4286 infe-

2080 3053 2232 3116 dras,
2254 3051 2337 3106 vel
2369 3044 2738 3106 Ecclesiarutn
2777 3047 3143 3118 cujuscunque
3170 3049 3374 3103 ordinis
3420 3050 3655 3119 dignita-

2079 3153 2181 3211 tes,
2204 3143 2318 3198 sive
2341 3156 2437 3197 rex
2456 3182 2472 3207 ,
2513 3143 2630 3197 sive
2656 3143 2976 3211 imperator,
3011 3142 3127 3196 sive
3152 3139 3441 3209 cujuslibet
3468 3142 3658 3195 condi-

2079 3233 2245 3289 tionis
2272 3234 2434 3287 homo
2463 3248 2632 3303 purus
2665 3231 2919 3294 instituit,
2951 3240 3005 3285 et
3036 3231 3219 3301 (prout
3250 3231 3518 3294 voluntas,
3564 3241 3659 3286 aut

2079 3322 2309 3377 lacultas
2339 3321 2484 3393 tulit)
2517 3321 2831 3391 spccialium
2881 3319 2983 3375 sibi
3036 3321 3509 3391 pratrogativarum
3534 3320 3657 3389 jura

2080 3410 2342 3481 praeﬁxit;
2367 3410 2667 3466 Romanam
2692 3419 2874 3464 autem
2902 3408 3201 3464 Ecclesium
3224 3410 3371 3465 solus
3402 3410 3492 3465 ille
3533 3411 3657 3464 fitn-

2080 3501 2251 3564 davit,
2284 3508 2340 3556 et
2380 3514 2542 3569 super
2572 3509 2781 3569 petram
2812 3499 2934 3553 lidei
2966 3513 3090 3553 mox
3124 3499 3395 3554 nascentis
3443 3502 3655 3555 erexit:

2078 3588 2180 3655 Qui
2236 3589 2396 3644 beato
2432 3590 2555 3641 vita:
2583 3596 2800 3641 attenta:
2838 3587 3142 3657 clavigcro,
3197 3589 3439 3653 terreni,
3488 3589 3650 3643 simul

2079 3687 2135 3733 et
2161 3677 2393 3734 caelestis
2417 3677 2625 3748 imperii
2650 3677 2774 3746 jura
2819 3677 3091 3732 commisit
3119 3675 3335 3747 (Manli.
3377 3679 3510 3750 xvr).
3541 3678 3657 3733 Non

2084 3786 2214 3840 ergo
2239 3770 2493 3840 quaelibet
2542 3778 2755 3824 terrena
2789 3770 3083 3835 sententia,
3114 3770 3209 3825 sed
3240 3770 3371 3825 illud
3403 3769 3658 3836 Verbum,

2083 3878 2181 3931 per
2212 3862 2358 3932 quod
2391 3861 2672 3917 conditum
2702 3870 2783 3916 est
2808 3860 3002 3916 coelum
3027 3873 3083 3917 et
3104 3871 3268 3926 terra,
3301 3877 3397 3931 per
3415 3863 3553 3931 quod
3577 3864 3662 3917 de-

2083 3955 2247 4024 nique
2275 3953 2454 4008 omnia
2480 3955 2695 4008 condita
2729 3963 2853 4009 sunt
2878 3955 3168 4019 elementa,
3200 3955 3501 4010 Romanam
3531 3958 3653 4010 lun-

2086 4047 2235 4102 davit
2266 4045 2601 4112 Ecclesium;
2647 4046 2792 4102 illius
2819 4057 2969 4101 certe
2999 4047 3277 4117 privilegio
3307 4046 3569 4118 fungitur,
3603 4049 3662 4101 il-

2086 4137 2193 4192 lius
2242 4137 2565 4192 auctoritate
2597 4137 2838 4191 fulcitur.
2896 4135 3048 4191 Unde
3076 4153 3183 4191 non
3234 4137 3480 4203 dubium,
3534 4140 3663 4207 quia

2086 4225 2337 4298 quisquis
2364 4224 2591 4282 cuilibet
2620 4224 2876 4280 Eccie:.i:e
2899 4224 2994 4293 jus
3041 4241 3198 4280 suum
3228 4227 3490 4293 detraxit,
3527 4229 3665 4297 inju-

416 4350 500 4394 rat
519 4358 532 4392 :
554 4337 700 4392 illinc
720 4335 1013 4389 advocatus
1037 4332 1217 4400 regius
1235 4327 1466 4398 propria:
1484 4325 1653 4395 partis
1666 4332 1981 4395 argumenta
2011 4336 2057 4397 ρ
2088 4317 2289 4372 stitiam
2317 4316 2472 4371 facit:
2488 4315 2578 4387 qui
2596 4325 2774 4371 autem
2792 4315 3046 4370 Romanae
3057 4316 3313 4373 Ecclesia:
3328 4319 3665 4389 privilegium

415 4431 719 4498 depromat.
751 4422 955 4478 Taceat
983 4420 1175 4473 Parma
1198 4433 1321 4473 cum
1352 4431 1450 4472 suo
1477 4411 1857 4473 hatresiarclta,
1889 4409 1985 4462 ad-

418 4517 631 4572 vdeatio
662 4520 865 4568 tantum
898 4508 1065 4578 regia,
1101 4517 1155 4563 et
1188 4507 1426 4562 Romana
1467 4502 1697 4559 invicem
1723 4500 1983 4570 obloqua—

419 4618 507 4661 tur
537 4604 805 4666 Ecclesia;
837 4608 1148 4654 sanctorum
1173 4610 1302 4651 vero
1319 4592 1658 4650 sacerdotum
1687 4589 1854 4644 erecti
1881 4588 1990 4641 sint

421 4696 614 4761 animi,
648 4703 705 4747 ut
738 4702 793 4748 et
822 4706 942 4761 quae
974 4690 1229 4756 utrinque
1254 4685 1478 4741 dicenda
1509 4692 1659 4749 sunt,
1684 4680 1987 4743 conferant,

420 4798 481 4845 et
512 4793 778 4857 peroratm
801 4796 977 4837 causa:
998 4777 1268 4849 iudicialis
1295 4774 1573 4833 sententia:
1597 4771 1860 4829 calculum
1891 4783 1989 4840 po-

424 4889 576 4934 nant.
609 4878 722 4946 Age
752 4874 939 4945 igitur,
976 4870 1228 4925 defensor
1252 4865 1558 4937 apostolica
1582 4864 1726 4920 sedis
1747 4863 1989 4932 incipiat,

424 4969 619 5024 deinde
648 4966 829 5036 regius
876 4963 1191 5025 advocatus,
1243 4972 1363 5027 qure
1401 4956 1503 5013 sibi
1534 4955 1857 5011 videbuntur
1898 4952 1994 5007 ob-

422 5058 629 5113 tendat.

800 5140 1054 5214 Defensor
1080 5139 1326 5194 Romana:
1355 5133 1624 5190 Ecclesia.

500 5240 635 5295 Cum
659 5237 945 5292 Beatitndo
975 5242 1174 5296 vestra,
1206 5226 1541 5283 venerabiles
1586 5235 1785 5295 patres,
1835 5237 1998 5293 super

434 5329 746 5399 apostolica:
774 5326 918 5380 sedis
945 5321 1159 5391 negotio
1184 5318 1444 5385 disputat,
1466 5314 1533 5369 ad
1553 5322 1780 5368 cunctas
1807 5308 1993 5365 Eccle-

429 5420 541 5474 sias
561 5420 849 5487 pertinere,
883 5414 1026 5485 quod
1048 5417 1294 5465 versatur
1326 5408 1377 5460 in
1409 5399 1678 5465 manibus,
1709 5416 1813 5455 non
1842 5401 1995 5470 igno-

431 5516 537 5562 rat.
566 5502 675 5560 llae
699 5506 842 5559 enim
874 5512 1075 5565 stante,
1110 5498 1332 5568 reliqua:
1358 5503 1534 5559 stant;
1567 5490 1648 5547 sin
1667 5502 1842 5546 autem
1863 5492 1996 5556 ha‘c,

430 5611 550 5668 quae
575 5592 813 5649 omnium
860 5589 1269 5646 fundamentum
1313 5591 1416 5652 est,
1457 5594 1513 5639 et
1541 5582 1686 5639 basis
1714 5578 1996 5636 obruitur:

429 5664 750 5743 ceterarum
803 5696 1018 5753 quoque
1073 5687 1246 5735 status
1277 5690 1497 5732 necesse
1548 5682 1633 5729 est
1679 5664 1997 5726 collabatur.
2030 5702 2077 5761 η

429 5782 629 5840 Omnes
666 5785 845 5833 autem
897 5774 1010 5830 sive
1039 5769 1389 5843 patriarcbivi
1437 5767 1723 5841 cujuslibet
1770 5760 2003 5835 apicem,

2094 4406 2297 4483 ab‘ipso
2323 4421 2536 4461 summo
2553 4405 2793 4460 omnium
2814 4406 3175 4461 Eeclesiarum
3203 4410 3381 4478 capite
3411 4412 3662 4467 traditunt

2090 4494 2304 4551 auferre
2324 4504 2573 4561 conatur,
2599 4494 2687 4550 hic
2703 4495 2888 4565 procul
2907 4495 3069 4551 dubio
3087 4496 3139 4551 in
3165 4498 3411 4553 bzeresim
3435 4499 3633 4555 labitur
3648 4540 3663 4555 .

2090 4596 2144 4640 ct
2189 4602 2310 4641 cum
2336 4586 2427 4641 ille
2455 4594 2672 4641 notetur
2725 4586 2976 4659 injustus,
3033 4586 3119 4643 hic
3144 4598 3227 4642 est
3276 4588 3462 4657 procul
3506 4590 3668 4645 dubio

2091 4676 2351 4731 dicendus
2380 4676 2684 4730 hazreticus.
2734 4673 2924 4730 Fidem
2953 4675 3153 4745 quippe
3183 4677 3368 4745 violat,
3425 4678 3518 4748 qui
3568 4682 3665 4734 ad-

2092 4783 2282 4824 versus
2311 4766 2456 4823 illam
2485 4767 2614 4837 agit,
2648 4781 2767 4836 quae
2811 4776 2987 4822 mater
3011 4775 3094 4822 est
3123 4765 3266 4832 ﬁdei,
3299 4779 3349 4823 et
3376 4769 3449 4824 illi
3475 4782 3666 4825 contu-

2096 4873 2220 4911 max
2264 4857 2559 4920 invenitur,
2588 4857 2678 4925 qui
2709 4870 2827 4910 eam
2858 4856 3069 4913 cunctis
3092 4855 3348 4913 Ecclesiis
3370 4860 3670 4928 praetulisse

2097 4946 2461 5016 cognoscitur.
2490 4945 2622 4998 Cum
2649 4945 2763 4999 inec
2790 4945 2955 5015 igitur
2976 4955 3153 5000 vestra
3207 4945 3481 5003 Sanctitas
3512 4949 3667 5002 illiill-

2095 5038 2332 5092 bitauter
2357 5044 2638 5106 agnoscat,
2690 5051 2803 5096 vos,
2839 5038 2929 5106 qui
2960 5054 3062 5091 tton
3109 5036 3354 5109 quilibet,
3392 5041 3485 5095 sed
3518 5042 3671 5096 nubi-

2097 5126 2282 5190 iiores,
2307 5135 2361 5181 et
2386 5126 2585 5197 egregii
2627 5126 2760 5180 estis
2790 5126 2880 5179 lilii
2912 5120 3169 5183 Rmuanze
3200 5120 3474 5197 Ecclesiae,
3503 5124 3672 5200 pieta-

2098 5218 2168 5273 tis
2182 5220 2387 5273 viscera
2410 5218 2554 5272 circa
2573 5227 2801 5273 matrem
2826 5225 3066 5273 Vestram
3080 5222 3472 5291 compatieutes
3490 5234 3669 5278 osten-

2099 5310 2239 5365 dite:
2268 5317 2323 5365 et
2349 5318 2529 5364 utrum
2562 5311 2763 5364 destrui
2792 5304 3003 5374 debeat,
3037 5306 3252 5365 sibimet
3282 5311 3525 5381 eligendo
3546 5328 3672 5382 potr-

2098 5398 2317 5463 tilicem,
2355 5398 2459 5469 53
2488 5398 2745 5467 judicate.
2808 5398 3000 5454 Mirum
3046 5396 3243 5469 quippe
3287 5409 3390 5466 est,
3428 5399 3473 5457 si
3529 5404 3671 5471 quod

2101 5492 2400 5546 minoribus
2428 5491 2684 5547 Ecclesiis
2723 5491 3016 5547 canonicus
3066 5488 3221 5564 vigor
3277 5494 3542 5562 attribuit,
3595 5487 3669 5550 illi

2102 5579 2228 5644 soli,
2256 5595 2378 5649 qua:
2402 5590 2565 5650 caput
2590 5591 2671 5636 est
2693 5582 2957 5645 omnium,
2988 5597 3098 5637 non
3126 5562 3394 5653 permisit.

2626 5670 2813 5740 Regius
2838 5670 3143 5727 advocatus.

2188 5757 2399 5813 Prolixa
2432 5757 2749 5813 declamatio
2776 5760 2918 5815 dedit
2947 5765 3295 5819 attentionem
3321 5806 3334 5833 ,
3358 5758 3675 5827 benevolen-
