4018 6194
344 448 415 503 6‘3

1233 447 1479 524 OPUSC.
1520 448 1609 503 IV.
1652 479 1717 487 —
1760 446 2210 503 DISCEPTA'HO
2250 447 2656 505 SVNODALIS.

3531 451 3603 508 70

344 567 495 625 tiam,
522 572 685 632 atque
711 562 1069 618 docilitatem:
1096 574 1152 618 et
1178 565 1283 618 hoc
1311 565 1488 633 potius
1505 565 1657 634 juxta
1686 579 1912 618 consuo-
1942 568 1992 625 Α
2018 580 2171 630 cere;
2205 566 2329 633 quis
2358 566 2744 635 imperatorum
2790 566 2952 635 elegit
2982 566 3319 636 Simplicium
3358 567 3598 625 Tiburti-

343 655 582 707 tndinem
628 652 733 707 fori
767 653 1068 721 iudicialis,
1119 670 1283 723 quam
1332 656 1626 709 secundum
1680 655 1918 722 regulam

342 743 553 796 concilii
579 741 886 813 synodalis:
912 742 1000 797 ubi
1027 743 1233 797 scilicet
1256 759 1360 798 non
1383 758 1708 813 magnopere
1729 756 1922 797 curare

342 834 598 887 debemus
644 832 971 887 elucubratas
1028 832 1316 888 locutionis
1373 835 1772 895 urbanitatem.
1823 832 1920 887 sed

338 922 473 976 vivae
502 921 685 990 potius
710 922 995 977 sententiae
1018 922 1330 992 puritatem.
1370 922 1453 976 Ad
1481 922 1758 992 querelam
1783 938 1916 992 ergo

336 1027 522 1065 coram
578 1011 782 1065 sanctis
834 1009 1211 1066 sacerdotibus
1252 1011 1647 1081 deponendam.
1682 1011 1921 1067 suﬁieiat

339 1102 495 1155 nobis
536 1102 755 1156 dicere:
807 1102 1063 1170 quoniam
1102 1101 1514 1157 intbronizastis
1560 1116 1754 1171 papam
1797 1101 1921 1158 sine
1967 1108 1977 1117 '

336 1206 602 1246 consensu
648 1191 852 1245 domini
900 1193 1069 1246 nostri
1101 1193 1265 1263 regis,
1316 1192 1385 1246 ad
1419 1191 1669 1263 injuriam
1712 1192 1920 1248 scilicet

336 1292 498 1352 atque
520 1291 888 1353 contemptum
915 1281 1076 1352 regia:
1102 1281 1423 1351 majestatis.

712 1369 968 1439 Defensor
992 1368 1242 1425 Romana:
1265 1368 1538 1425 Εεσιεεὲω.

405 1458 815 1515 Ordinationem
842 1476 993 1531 papa:
1014 1459 1216 1516 factam
1237 1461 1451 1516 dilliteri
1480 1475 1581 1515 nec
1601 1477 1913 1532 possumus,

334 1568 437 1607 nec
464 1552 727 1608 debemus
750 1569 765 1617 ;
797 1552 941 1622 regis
969 1562 1150 1608 autem
1177 1552 1430 1623 injuriam
1460 1553 1635 1608 modis
1660 1556 1915 1611 omnibus

330 1643 729 1715 propulsamus.
759 1642 867 1699 Sed
896 1643 1174 1699 rideamus
1198 1645 1394 1715 primo.
1432 1645 1477 1701 si
1504 1644 1699 1716 placet.
1726 1642 1931 1701 utrum‘

330 1748 470 1805 papa
498 1736 613 1790 sine
655 1750 780 1806 rege
806 1735 1044 1807 potuerit
1087 1735 1226 1805 ﬁeri,
1255 1745 1312 1793 et
1352 1737 1434 1794 sic
1468 1738 1809 1810 postmodum
1838 1738 1907 1795 de

329 1825 476 1896 regis
501 1825 838 1896 disputemus
867 1823 1085 1897 injuria.
1186 1842 1199 1851 ε
1678 1826 1684 1832 “

856 1914 1046 1988 Regius
1077 1917 1380 1973 advocatus.

396 2007 559 2061 Certe
586 2006 785 2075 liquido
810 2008 1075 2071 novimus.
1101 2010 1225 2079 quia
1255 2010 1327 2063 illi
1354 2010 1545 2066 debent
1572 2010 1900 2080 pontiﬁcem,

323 2116 450 2155 cum
480 2101 780 2165 ordinatur,
808 2088 1029 2173 eligere,
1061 2120 1197 2173 quos
1227 2102 1352 2167 sibi,
1376 2113 1659 2173 postquam
1682 2103 1902 2158 ordina-

326 2201 415 2247 tus
462 2191 663 2257 fuerit,
711 2195 973 2248 canonica
1023 2194 1266 2249 decernit
1313 2195 1613 2250 auctoritas
1639 2195 1901 2263 obedire;

323 2299 479 2353 papae
503 2299 651 2347 vero,
693 2284 815 2354 quia
848 2266 1167 2339 universalis
1194 2296 1279 2340 ost
1305 2285 1578 2357 pontifex,
1611 2302 1718 2341 non
1743 2287 1904 2342 modo

323 2374 603 2428 Romanus
632 2374 891 2444 populus,
926 2376 1020 2430 sed
1049 2385 1103 2431 et
1129 2375 1404 2431 Romanus
1444 2378 1740 2449 imperator
1762 2420 1778 2444 ,
1809 2380 1901 2449 qui

321 2474 483 2533 caput
533 2474 615 2518 est
654 2464 874 2536 populi,
922 2466 1282 2521 obedientiam
1328 2468 1506 2523 debet.
1561 2469 1902 2525 Censeudum

319 2569 452 2622 ergo
480 2563 585 2617 est,
629 2562 685 2606 ut
720 2569 912 2624 papam
952 2554 1070 2609 sine
1111 2554 1287 2623 capite
1322 2570 1421 2610 suo
1460 2556 1687 2625 populus
1714 2557 1899 2626 eligat.

319 2654 372 2696 et
400 2641 474 2705 ei,
506 2656 666 2711 quem
694 2657 801 2697 non
831 2640 994 2713 elegit
1035 2642 1329 2713 imperator
1349 2683 1364 2709 .
1409 2645 1645 2699 obadiat.
1677 2644 1901 2701 Constat

318 2750 451 2803 ergo
474 2775 489 2797 ,
521 2734 647 2803 quia
681 2734 785 2788 nisi
832 2733 1058 2788 Romani
1088 2735 1233 2805 regis
1282 2750 1536 2790 assensus
1580 2737 1896 2803 accesserit,

322 2822 552 2877 Boii-ani
586 2823 855 2893 pontiﬁcis
884 2824 1079 2878 electio
1101 2823 1340 2894 perfecta
1378 2826 1633 2880 nouerit.

697 2913 954 2983 Defensor
974 2913 1225 2969 Romana:
1256 2915 1527 2973 Ecclesite.

394 3002 793 3058 Perhibendum
829 3012 915 3058 est
960 3005 1144 3073 itaque
1178 3005 1329 3075 juxta
1367 3016 1558 3062 vestra:
1583 3009 1901 3079 disputatioc

316 3100 402 3152 nis
426 3098 738 3163 articulum,
756 3098 885 3167 quia
923 3112 1098 3168 neque
1128 3098 1459 3170 Stephanus.
1488 3115 1662 3169 neque
1686 3100 1897 3166 Sixtus,

318 3206 497 3259 neque
526 3188 830 3253 Cornelius,
861 3205 967 3245 non
994 3189 1226 3260 denique
1266 3188 1548 3255 Clemens,
1578 3206 1681 3245 non
1709 3190 1897 3262 Sylva-

313 3290 470 3345 ster,
516 3296 623 3334 nou
674 3281 785 3351 ipse
830 3280 889 3335 Β.
935 3280 1128 3335 Petrus
1171 3279 1446 3349 apostolus
1477 3280 1651 3349 papali
1683 3283 1899 3338 nomine

314 3370 467 3439 digni
493 3379 637 3432 sunt,
668 3368 758 3440 qui
785 3369 854 3426 ab
879 3365 1297 3439 imperatoribus
1315 3369 1627 3424 earumdem
1659 3378 1903 3441 tempore

314 3463 475 3517 electi
506 3480 611 3516 non
639 3471 784 3517 sunt.

851 3552 1037 3624 Regius
1063 3551 1365 3606 advocatus.

387 3643 632 3700 Gentiles
665 3659 818 3715 rcges
848 3638 953 3698 non
998 3651 1126 3697 sunt
1168 3640 1459 3695 adhibendi
1507 3640 1573 3694 ad
1615 3639 1797 3709 hujus,
1832 3641 1898 3696 de

316 3747 425 3801 quo
452 3732 725 3803 loquimur
752 3772 767 3795 ,
813 3730 1095 3787 electionis
1121 3728 1465 3799 exentpitlm;
1512 3730 1604 3799 qui
1638 3732 1892 3800 quoniam

313 3824 679 3880 Christianam
727 3823 1048 3894 ignorabant
1087 3822 1269 3889 ﬁdem,
1312 3821 1745 3877 Christianorum
1790 3838 1896 3877 non

315 3925 569 3985 poterant
611 3916 869 3971 ordinare
912 3910 1245 3984 pontiﬁcem.
1295 3912 1561 3967 Caeterum
1600 3913 1894 3969 Christiani

315 4008 588 4079 principes
607 4022 822 4077 semper
848 4007 1120 4061 Romanos
1144 4005 1358 4076 elegere
1380 4004 1683 4075 pontiﬁces.

671 4097 927 4165 Defensor
974 4095 1227 4150 Romanu:
1267 4093 1535 4150 Ecclesiae.

384 4190 487 4256 Qui
543 4190 804 4243 mentitur
850 4189 904 4243 in
967 4188 1244 4242 communi
1294 4186 1602 4256 colloquio.
1663 4187 1894 4243 mendax

316 4283 537 4343 dicitur.
577 4281 670 4351 qui
724 4289 902 4334 autem
943 4279 996 4333 in
1048 4277 1336 4349 priesentia
1390 4279 1772 4333 venerabilium
1810 4294 1895 4332 sa-

314 4369 597 4426 cerdotum
649 4368 784 4427 falsa
822 4368 1139 4439 protulerit,
1179 4367 1450 4438 sacrilegii
1496 4368 1683 4437 procul
1732 4369 1894 4424 dubio

312 4464 520 4519 crimen
580 4462 825 4517 incurrit.
888 4458 1122 4525 Dixisti,
1183 4456 1292 4529 54
1348 4457 1687 4514 Christianos
1746 4459 1895 4529 prin-

312 4558 499 4628 cipes,
540 4557 815 4611 Romanos
861 4566 1075 4620 semper
1131 4549 1359 4619 elegisse
1405 4549 1718 4618 pontiﬁces;
1770 4563 1889 4619 per~

314 4665 476 4704 curre
516 4662 727 4703 mecum
780 4642 1162 4700 ecclesiastica:
1219 4640 1557 4710 antiquitatis
1603 4640 1887 4707 historias,

316 4738 682 4793 [tertianorum
759 4732 1045 4807 przesulum
1103 4729 1405 4801 catalogum
1471 4729 1711 4785 studiose
1783 4730 1892 4785 dis-

313 4833 501 4901 quire;
536 4840 590 4885 et
634 4844 756 4885 cum
788 4824 1069 4897 perpaucis
1094 4822 1370 4879 inveneris
1396 4822 1449 4876 in
1498 4820 1763 4895 electione
1791 4836 1887 4876 sua

315 4920 523 4990 regium
574 4917 872 4972 accessisse
923 4927 1277 4977 consensum,
1350 4909 1608 4965 conﬁtere
1658 4918 1710 4964 te
1762 4926 1888 4979 per-

309 5010 561 5076 spicuum
593 5005 885 5076 protulisse
908 5002 1269 5059 mendacium.
1299 5001 1432 5068 Quis
1453 5001 1600 5056 enim
1624 5015 1717 5054 rex
1738 5040 1754 5065 ,
1783 5001 1889 5055 An-

311 5096 446 5151 tonii
480 5096 651 5150 ﬁlium
684 5093 970 5148 Damasum
998 5090 1429 5161 Hispanensem?
1458 5089 1581 5158 quis
1623 5087 1905 5143 lunocen-.

311 5188 445 5241 tium
489 5184 787 5242 Innocentii
838 5182 1006 5237 ﬁlium
1048 5178 1451 5235 Albanensem?
1487 5178 1609 5249 quis
1656 5177 1888 5246 denique

308 5278 587 5333 Zosimum
616 5275 865 5331 Graecum
892 5271 1134 5327 Ebramii
1172 5269 1341 5323 ﬁlium
1376 5268 1574 5337 elegit?
1600 5267 1722 5338 quis
1750 5281 1886 5337 pra:-

311 5378 459 5423 terea
490 5368 725 5421 Leonem
760 5362 1004 5430 Quiriani
1034 5360 1202 5415 ﬁlium
1239 5360 1306 5415 de
1334 5358 1568 5414 Tuscia?
1597 5359 1719 5428 quis
1743 5356 1882 5411 Hilao

307 5459 452 5512 rium
483 5456 719 5527 Crispini
756 5454 923 5509 ﬁlium
954 5454 1022 5508 de
1053 5451 1339 5507 Sardinia?
1367 5452 1489 5522 quis
1538 5449 1887 5527 Gmlestinum

310 5547 484 5603 Prisci
528 5546 759 5601 Romani
792 5544 925 5600 civis
955 5543 1162 5598 lilium?
1205 5544 1327 5613 quis
1371 5541 1737 5604 Bonifacium,
1769 5540 1892 5610 quis

311 5635 664 5691 Anastasium
686 5648 837 5705 mque
862 5631 1172 5687 Romanos?
1191 5631 1433 5700 Denique
1456 5630 1652 5683 multos
1682 5637 1890 5684 auexe-

1920 4602 1969 4660 Ι)

2021 655 2189 743 ιιιιὶιηῖ
2218 654 2448 709 Felicem
2499 657 2716 711 natione
2767 656 3110 710 Remanum?
3153 659 3276 727 quis
3320 658 3597 715 Gelasium

2019 744 2211 799 Afrum
2248 744 2459 799 Valerii
2492 745 2697 799 ﬁlium?
2728 747 2850 816 quis
2897 746 3281 818 Symmachum
3333 748 3598 805 Sardinia:

2020 835 2312 903 provincia:
2360 834 2525 889 ﬁlium
2560 835 2876 890 Fortunati?
2903 838 3025 907 quis
3054 836 3395 893 Hormisdam
3428 839 3593 896 ﬁlium

2019 926 2156 981 Justi
2189 926 2404 981 natione
2429 926 2762 997 Campanum
2782 966 2798 992 .
2820 927 3080 984 Joannem
3110 930 3302 983 ordine
3322 928 3591 992 Tuscum;

2020 1016 2252 1072 Felicem
2298 1020 2516 1071 natione
2566 1018 2888 1085 Samnitem,
2937 1018 3270 1074 Bonifacium
3330 1018 3592 1089 Sigibaldi

2021 1105 2193 1159 ﬁlium
2215 1144 2232 1170 ,
2268 1105 2596 1161 Mercurium
2623 1105 2853 1177 Projecti
2871 1150 2886 1173 .
2914 1110 3199 1180 Agapitum
3224 1108 3475 1164 Gordiani
3501 1125 3592 1163 na-

2018 1202 2143 1249 tura
2168 1194 2476 1249 Romanos?
2496 1194 2629 1260 Quis
2649 1197 2793 1250 enim
2816 1213 3001 1267 regum
3023 1198 3275 1251 electioni
3311 1197 3593 1265 cujuslibet

2018 1284 2249 1339 istorum
2280 1299 2435 1339 suum
2482 1284 2678 1354 legitur
2717 1286 3026 1341 adhibuisse
3060 1288 3424 1341 consensum?
3470 1302 3592 1341 cum

2015 1388 2204 1430 eorum
2249 1374 2580 1443 temporibus
2632 1373 2886 1428 Romana:
2945 1375 3255 1443 reipublica:
3297 1375 3591 1430 Christiani

2010 1454 2287 1532 principes
2316 1461 2597 1532 pmﬁtisse
2625 1463 2890 1533 legantur.
2937 1464 2990 1516 id
3036 1474 3120 1518 est
3141 1504 3156 1528 ,
3187 1463 3594 1520 Valentinianus

2016 1550 2214 1606 Seuior
2237 1567 2254 1618 ;
2288 1548 2488 1605 Valens
2510 1550 2682 1605 frater
2708 1552 2853 1622 ejus.
2878 1553 2970 1621 qui
2995 1553 3207 1608 occisus
3226 1563 3309 1607 est
3332 1553 3385 1606 iu
3414 1568 3590 1623 pugna

2015 1638 2246 1694 Gothica
2270 1653 2439 1711 prope
2471 1639 2912 1710 Adrianopolim;
2952 1640 3275 1706 Gratianus.
3303 1644 3393 1711 qui
3424 1660 3453 1696 a
3481 1642 3590 1697 Ma-

2012 1728 2161 1783 ximo
2189 1737 2422 1800 tyranno
2446 1738 2760 1800 peremptus
2790 1739 2907 1796 est;
2935 1730 3345 1785 Valentinianus
3373 1729 3590 1796 Juuior,

2011 1820 2106 1891 qui
2138 1829 2364 1877 necatus
2388 1830 2474 1876 est
2497 1837 2528 1877 a
2559 1822 2760 1878 comite
2786 1838 2885 1878 suo
2912 1822 3164 1888 Vienum;
3199 1824 3392 1880 deinde
3415 1826 3587 1879 Arca-

1934 1904 1982 1965 B
2009 1911 2151 1976 dius.
2181 1909 2481 1977 Honorius,
2507 1912 2879 1976 Theodosius;
2914 1911 3155 1969 Joannes
3178 1913 3300 1996 ille,
3330 1915 3422 1985 qui
3445 1916 3591 1986 apud

2001 1999 2319 2059 Ravennam
2357 2003 2574 2059 occisus
2621 2011 2735 2069 est;
2771 2004 3183 2061 Valentinianus
3232 2009 3463 2073 tertius,
3493 2008 3589 2076 qui

2004 2095 2057 2149 in
2087 2110 2279 2165 eampo
2326 2094 2520 2149 Martio
2550 2105 2634 2150 est
2665 2105 3011 2167 peremptus.
3062 2098 3398 2163 Martianus,
3444 2100 3588 2163 Leo.

2002 2184 2335 2256 Majorianus
2354 2226 2370 2250 ,
2402 2184 2639 2241 Severus
2658 2228 2672 2250 ,
2695 2187 3019 2242 Anthemius
3036 2228 3053 2253 .
3080 2188 3335 2258 Olybrius
3352 2229 3370 2255 ,
3398 2189 3589 2259 Glyce-

2002 2274 2147 2339 rius.
2179 2274 2357 2339 Zeno;
2386 2276 2563 2346 Nepos
2594 2276 2682 2332 ille
2704 2317 2720 2341 .
2752 2278 2842 2346 qui
2875 2277 2930 2332 in
2976 2278 3102 2332 villa
3130 2295 3226 2334 sua
3259 2282 3475 2336 occisus
3499 2289 3587 2335 est

1994 2375 2149 2449 juxta
2182 2365 2452 2433 Salonas;
2498 2367 2869 2437 Augustulus,
2898 2367 3250 2435 Anastasius,
3300 2371 3547 2426 Justinus
3569 2413 3587 2437 .

1999 2463 2057 2509 et
2085 2456 2277 2510 caeteri
2320 2455 2551 2512 Romani
2601 2457 2993 2526 imperatores.
3042 2475 3180 2529 quos
3210 2462 3414 2516 vitandi
3454 2462 3588 2517 laci-

2001 2543 2141 2597 niosi
2167 2543 2293 2614 styli
2314 2559 2477 2599 causa
2501 2553 2787 2615 praetereo.
2816 2546 2890 2601 Da
2913 2548 3046 2601 mihi
3070 2562 3200 2617 ergo
3223 2564 3435 2614 eorum,
3452 2566 3587 2619 quos

1999 2635 2464 2699 enumeravimus,
2487 2635 2750 2703 aliquem,
2774 2637 2856 2690 vel
2882 2638 3165 2707 praesulem
3193 2640 3580 2709 requirentem.

1999 2725 2083 2780 vel
2106 2724 2406 2795 principem
2438 2739 2724 2781 assensum
2751 2726 2806 2781 in
2834 2726 3104 2784 electione
3132 2730 3459 2799 praebentem
3492 2741 3587 2788 :et

1999 2830 2102 2885 ego
2143 2816 2212 2871 do
2236 2831 2454 2871 manum
2474 2855 2490 2881 .
2523 2831 2588 2870 ac
2617 2826 2672 2871 te
2721 2817 2984 2887 perhibeo
3023 2819 3378 2876 laureandum
3407 2842 3419 2875 :
3451 2824 3586 2879 alio-

1998 2908 2128 2977 quin
2162 2907 2209 2963 si
2235 2908 2365 2964 dare
2389 2923 2499 2965 non
2526 2909 2763 2979 poteris.
2811 2911 2865 2965 in
2910 2910 3015 2965 hoc
3063 2920 3115 2966 te
3143 2913 3456 2967 convictum
3487 2930 3588 2985 per

1998 3002 2181 3058 omnia
2208 3016 2430 3057 necesse
2455 3011 2541 3057 est
2566 3001 2812 3057 fatearis.
2840 3002 2993 3069 Quod
3017 3012 3200 3059 autem
3227 3004 3289 3059 Β.
3320 3004 3584 3076 Gregorio

1998 3092 2200 3163 legitur
2219 3093 2538 3149 adhibuisse
2563 3092 2850 3149 Mauritius
2878 3094 3173 3162 imperator
3201 3110 3503 3163 assensum,
3528 3106 3587 3152 et

2002 3186 2256 3255 perpauci
2311 3186 2403 3242 alii
2432 3187 2706 3257 principes
2735 3188 2857 3242 aliis
2892 3190 3276 3259 promovendis
3308 3208 3322 3244 :
3363 3192 3466 3247 hoc
3500 3193 3584 3247 di-

2003 3278 2172 3332 ctavit
2193 3277 2535 3348 perturbatio
2563 3284 2964 3349 temporum,et
2988 3287 3285 3350 tempestas
3310 3281 3581 3340 horrenda

2000 3366 2287 3423 bellorum.

2518 3458 2713 3530 Regius
2751 3459 3057 3516 advocatus.

2069 3550 2129 3607 Si
2157 3550 2375 3608 mentiri
2403 3559 2487 3606 est
2513 3559 2707 3607 contra
2738 3560 2974 3607 mentem
3012 3552 3158 3624 loqui
3182 3594 3197 3620 .
3230 3557 3579 3614 temerarium

1996 3652 2081 3698 est
2111 3659 2198 3698 me
2224 3642 2489 3699 mendacii
2520 3650 2633 3700 tam
2660 3643 2971 3713 procaciter
2985 3644 3184 3717 argui.
3216 3646 3310 3717 qui
3330 3662 3439 3705 non
3469 3650 3580 3706 uti-

1996 3748 2102 3802 que
2130 3732 2357 3798 t'alsum,
2395 3733 2489 3789 sed
2538 3749 2725 3788 verum
2753 3749 2841 3789 me
2882 3734 3089 3791 dixisse
3137 3738 3319 3805 putavi
3351 3757 3364 3791 :
3396 3748 3577 3795 tamen

1996 3826 2268 3882 assentior
2301 3825 2432 3881 etin
2450 3827 2552 3881 hoc
2574 3834 2886 3894 superatum
2909 3843 2997 3882 me
3018 3828 3223 3884 dixisse
3249 3844 3354 3886 non
3374 3832 3574 3887 abnuo.

2501 3915 2762 3985 Defensor
2791 3917 3063 3973 Ecclesia'.

2070 4005 2140 4063 Ut
2166 4014 2346 4062 autem
2372 4006 2608 4077 idipsum
2637 4008 2816 4061 adhuc
2844 4008 3188 4066 manifestius
3212 4020 3415 4082 pateat,
3444 4024 3497 4069 et
3520 4024 3578 4071 to

1997 4111 2162 4167 super
2187 4098 2291 4152 hac
2322 4097 2615 4153 dimicandi
2641 4099 2866 4153 materia
2882 4099 3199 4174 perdidisse
3215 4140 3232 4167 ,
3258 4101 3575 4175 tibimetipsi

1994 4186 2196 4241 clarius
2246 4186 2547 4242 innotescat
2602 4205 2616 4241 :
2671 4188 3182 4258 lege.Gonstsntini
3228 4193 3575 4264 imperatoris

1993 4278 2231 4332 edictum
2253 4314 2270 4341 .
2302 4275 2394 4330 ubi
2439 4276 2586 4331 sedis
2610 4278 2922 4347 apostolicae
2949 4279 3234 4336 constituit
3256 4294 3421 4353 super
3453 4300 3573 4339 mn-

1996 4385 2094 4424 nes
2123 4368 2177 4423 in
2223 4367 2358 4423 orbe
2402 4366 2507 4438 55
2555 4377 2824 4424 terrarum
2868 4370 3140 4427 Ecclesias
3180 4374 3572 4445 principatum.

1994 4460 2128 4515 Nam
2150 4469 2433 4531 postquam
2457 4476 2618 4529 supra
2647 4477 2844 4532 corpus
2863 4462 2925 4516 Β.
2951 4461 3097 4518 Petri
3127 4464 3407 4521 basilicam
3440 4468 3566 4524 l‘un-

1995 4553 2154 4606 dator
2174 4552 2348 4607 erexit
2364 4592 2380 4616 ,
2401 4561 2687 4622 postquam
2715 4552 3102 4621 patriarchium
3124 4553 3489 4613 Lateraneusa
3512 4562 3567 4617 in

1994 4642 2138 4696 beati
2168 4640 2466 4698 Salvatoris
2493 4642 2754 4697 honorem
2786 4643 3125 4709 construxit,
3157 4661 3285 4699 mox
3323 4662 3421 4717 per
3462 4651 3566 4704 im-

1994 4733 2210 4803 perialis
2240 4732 2486 4802 rescripti
2511 4733 2709 4789 seriem
2732 4733 2985 4788 Romana:
3021 4734 3269 4791 ecclesia:
3288 4742 3569 4797 constituit

1994 4821 2336 4890 dignitatem.
2390 4818 2491 4875 Ubi
2544 4820 2800 4874 nimirum
2867 4820 2927 4874 Β.
2981 4819 3293 4892 Sylvestro,
3342 4829 3565 4897 suisque

1991 4910 2398 4967 successoribus
2421 4911 2647 4975 obtulit,
2678 4920 2737 4966 ut
2772 4911 2938 4982 regali
2969 4929 3122 4970 more
3170 4925 3227 4971 et
3273 4932 3435 4972 aurea
3467 4935 3559 4973 eo-

1996 5017 2127 5057 rona
2158 5000 2523 5072 plecterentur
2553 5001 2607 5055 in
2635 5002 2839 5071 capite,
2879 5012 2935 5056 et
2960 5014 3189 5061 crateras
3225 5008 3354 5077 regii
3384 5009 3562 5064 cultus

1994 5092 2196 5147 infulas
2228 5101 2552 5161 usurparent
2587 5091 2720 5160 (vide
2752 5102 2903 5147 notus
2945 5092 3016 5151 ed
3044 5093 3236 5149 calcem
3279 5097 3559 5164 opusculi).

1992 5180 2192 5239 Verum
2241 5180 2303 5234 Β.
2355 5180 2629 5251 Sylvester
2676 5190 3025 5243 ornamenta.
3075 5194 3195 5252 qua:
3239 5184 3558 5239 sacerdotali

1989 5286 2289 5343 congruere
2312 5270 2593 5339 judicabat
2614 5269 2813 5334 ollicio.
2843 5270 2897 5324 in
2926 5272 3176 5340 proprios
3203 5287 3331 5325 usus
3350 5287 3559 5327 assum-

1989 5362 2097 5433 psit
2123 5379 2137 5416 :
2169 5375 2425 5417 coronam
2460 5376 2621 5426 vero,
2657 5361 2738 5415 vel
2766 5369 2960 5415 czetera
2982 5402 2997 5423 ,
3028 5374 3148 5428 qua:
3189 5360 3360 5430 magis
3385 5362 3560 5417 ambi-

1989 5450 2127 5505 tiosa
2167 5464 2329 5520 quam
2374 5449 2599 5519 mystica
2652 5449 2991 5515 videbantur,
3021 5448 3224 5504 omisit.
3252 5449 3350 5504 Cui
3392 5452 3556 5507 etiam

1988 5541 2376 5599 Constantinus
2418 5539 2784 5595 Lateranense
2818 5539 3113 5609 pala:ium,
3156 5540 3299 5610 quod
3332 5550 3557 5596 este-nus

1991 5632 2110 5687 aula
2159 5632 2360 5701 regalis
2404 5632 2720 5694 exstiterat,
2773 5638 3032 5699 perpetuo
3087 5629 3209 5699 jure
3254 5634 3554 5699 concessit;

312 5740 467 5789 rem.
515 5723 619 5779 nisi
662 5722 933 5779 fastidium
965 5736 1301 5791 generarem.
1334 5720 1439 5775 Sed
1490 5735 1557 5775 ne
1592 5733 1677 5774 me
1730 5728 1887 5791 putes
1987 5739 2209 5793 regnum
2256 5719 2424 5784 italia:
2444 5720 2797 5790 judicandum
2831 5718 3071 5773 tradidit.
3118 5717 3254 5774 Nam
3302 5731 3358 5776 et
3388 5721 3558 5792 ipsius

312 5832 423 5873 non
449 5817 741 5872 habentem
768 5813 978 5886 copiatu
1008 5815 1076 5871 ab
1101 5827 1290 5869 eorum
1314 5810 1725 5873 enumeratione
1750 5807 1882 5869 deﬁ-
1986 5811 2129 5884 regis
2173 5809 2289 5867 haec
2340 5808 2503 5866 verba
2552 5816 2721 5865 sunt:
2768 5807 2923 5867 Unde
2964 5821 3296 5882 congruum,
3343 5809 3552 5878 inquit.
