4018 6194
210 217 278 274 73
1208 217 1460 279 orusc.
1501 191 1601 276 iv.
1635 250 1700 259 —
1741 212 2228 282 DISCEPTATIO
2269 213 2708 274 SYNODALIS.
2957 243 2964 250 «
3637 215 3703 273 74

209 339 384 407 Juda,
413 343 468 394 et
497 337 718 396 dux'de
761 339 972 398 femore
1002 341 1146 412 ejus,
1179 342 1360 400 donec
1409 343 1598 399 veniat
1637 341 1738 415 qui
1779 339 1978 398 mit—A
1995 354 2128 396 sum
2157 354 2256 404 vos
2279 343 2409 406 (Jer.
2439 344 2635 408 XXVI).
2673 362 2694 388 υ
2731 337 2884 395 Hinc
2903 345 3007 406 est,
3033 337 3187 411 quod
3213 338 3286 396 ad
3317 338 3450 396 Heli
3473 355 3702 415 quoque

217 427 432 484 lendus
461 433 545 482 est
578 428 724 500 (Gen,
779 432 966 490 XLIX).
999 452 1024 478 η
1084 429 1154 485 Ει
1185 435 1370 486 tamen
1429 445 1535 487 nec
1561 429 1926 502 temporibus
2007 445 2108 504 per
2139 430 2328 487 virum
2356 429 2457 487 Dei
2489 428 2771 487 Dominus
2789 431 2902 487 ait:
2937 452 2956 479 α
2999 430 3265 505 Loquens
3301 431 3524 490 locutus
3553 449 3702 504 sum,

212 515 490 573 Iudicum
535 517 782 588 legimus
811 517 967 574 viros
1015 519 1086 578 de
1135 517 1288 578 tribu
1321 519 1470 578 Juda
1495 535 1718 594 semper
1756 535 1928 592 super
2011 527 2074 578 ut
2105 519 2312 578 domus
2361 525 2478 590 tua,
2532 529 2584 576 et
2625 520 2836 578 domus
2869 519 3048 592 patris
3094 521 3180 578 tui
3241 521 3594 582 ministraret
3645 526 3710 582 in

213 607 398 666 Israel
427 608 679 665 tenuisse
719 609 1016 682 ducatum,
1051 627 1154 668 nec
1205 627 1368 684 reges
1409 627 1483 667 ex
1537 609 1738 668 eadem
1773 609 1930 666 tribu
2009 615 2316 681 conspectu
2357 623 2484 664 meo
2513 623 2696 680 usque
2725 608 2782 664 in
2815 610 3250 682 sempiternum.
3287 610 3454 668 Nunc
3493 618 3708 684 autem,

215 697 614 770 principatum
653 698 910 757 tenuisse
949 715 1135 772 usque
1185 701 1256 758 ad
1293 700 1508 758 Christi
1553 697 1927 774 reperiuntur
2011 695 2150 752 dicit
2183 694 2486 763 Dominus,
2519 693 2670 750 absit
2699 695 2808 752 hoc
2835 711 2867 752 a
2899 711 3010 764 me,
3041 696 3139 753 sed
3169 697 3504 770 quicunque
3531 698 3714 769 glori-

215 785 564 843 adventum.
619 785 850 844 Constat
886 802 1040 860 ergo,
1095 789 1235 862 quia
1276 803 1428 861 saepe
1474 787 1629 844 Deus
1674 785 1930 858 omnipo—
2015 785 2272 844 ticaverit
2322 800 2432 848 me,
2477 783 2810 856 glorificabo
2861 801 2997 842 eum
3033 805 3046 843 :
3088 785 3194 860 qui
3241 793 3436 846 autem
3466 795 3714 847 contem-

221 881 372 946 tens,
408 876 558 950 quod
591 876 816 934 homini
845 877 1127 950 promisit,
1155 877 1488 947 imminuit;
1523 877 1802 949 quoniam
1827 875 1932 934 ho-
2014 881 2168 936 nunt
2194 891 2304 946 me,
2335 881 2506 932 erunt
2541 874 2827 948 ignobiles
2860 880 2910 944 (Ι
2931 879 3064 945 Reg.
3101 881 3186 944 11).
3219 900 3244 924 η

219 979 340 1035 mo,
382 963 536 1036 quod
569 963 688 1023 Deo
718 965 1014 1037 debuerat,
1048 982 1167 1024 non
1198 966 1484 1040 implevit.
2589 976 2788 1040 Regius
2833 974 3150 1030 advocatus.

789 1077 997 1141 Regius
1023 1076 1337 1146 advocatus.
2087 1071 2260 1128 Recte
2305 1069 2476 1142 plane
2521 1079 2752 1142 cuncta,
2791 1065 2929 1144 quae!
2957 1087 3356 1146 proposueras,
3398 1074 3716 1147 perspicuis

308 1171 452 1228 Doce
478 1169 651 1228 etiam
701 1169 802 1227 ubi
838 1170 985 1228 Deus
1016 1165 1278 1244 promisit
1313 1171 1536 1230 bonum
1587 1168 1848 1242 aliquod,
1881 1175 1936 1226 et
2019 1159 2298 1218 roborasti
2356 1159 2702 1218 testimoniis
2757 1158 3184 1234 Scripturarum
3228 1179 3242 1233 ;
3305 1177 3460 1220 nunc
3521 1169 3717 1222 autem

222 1258 540 1318 eﬂicaciter
577 1273 692 1315 non
725 1258 1005 1332 implevit.
2019 1249 2310 1323 paulisper
2337 1251 2406 1310 ad
2435 1254 2730 1324 superiora
2759 1259 3066 1320 revertere,
3093 1259 3150 1309 et
3171 1253 3340 1325 juxta
3395 1260 3510 1312 tuae
3541 1269 3718 1327 spon-
3797 1295 3810 1302 .

673 1367 934 1432 Defensor
956 1369 1210 1422 Romam
1237 1367 1510 1422 Ecclesia
2022 1339 2204 1396 sionis
2241 1339 2518 1414 elogium,
2558 1340 2628 1398 de
2677 1339 2910 1398 Domini
2967 1339 3118 1412 regis
3177 1340 3392 1413 injuria
3439 1343 3718 1401 rationem

307 1461 628 1518 Recordare
665 1461 804 1534 quia
851 1461 990 1518 dicit
1034 1461 1314 1520 Dominus
1362 1462 1433 1519 ad
1479 1443 1696 1519 Josiam
1747 1473 1940 1530 regem
2023 1428 2216 1486 redde'
2461 1523 2497 1538 λ
2540 1523 2562 1538 Δ
2741 1523 2776 1538 ἡ
3023 1523 3061 1538 ,,
3127 1525 3141 1538 ,
3210 1525 3221 1538 ,

223 1549 258 1608 J
265 1550 394 1610 uda
421 1573 435 1606 :
471 1573 492 1601 ι
522 1549 626 1607 Pro
653 1523 738 1620 eo,
769 1551 980 1624 inquit,
1011 1551 1162 1623 quod
1185 1551 1378 1608 vidisti
1402 1551 1577 1608 verba
1603 1547 1938 1616 voluminis,
2107 1615 2165 1624 Μ
2244 1615 2255 1624 ,
2451 1523 2716 1624 Βζθῗωδδίῗνξ
2735 1523 3286 1624 Βοῖηαηεεὲοοιεείξῖ·

227 1645 294 1693 et
331 1640 696 1710 perterritum
725 1615 811 1697 est
839 1615 936 1696 cor
966 1615 1152 1708 tuum,
1182 1645 1236 1696 et
1273 1639 1612 1698 humiliatus
1665 1655 1726 1696 es
1754 1653 1814 1695 co

2138 1615 2361 1674 rlorioso
2397 1617 2537 1690 regi,
2585 1618 2751 1676 nobis
2779 1618 3044 1691 eligendo
3077 1621 3424 1692 pontiﬁcem,
3458 1621 3625 1686 absit.
3659 1627 3725 1682 ut

231 1688 516 1795 Doinino,
547 1725 758 1783 auditis
787 1688 1154 1784 sermonibus
1201 1735 1396 1786 contra
1433 1727 1625 1785 locum
1659 1725 1860 1789 istum,
1891 1688 2134 1782 etBnos
2183 1703 2586 1802 muli-38901115
2633 1705 3112 1802 iniul'iam:_cum_
3144 1707 3214 1766 ad
3267 1709 3378 1802 PO?
3415 1727 3538 1779 Ποει
3575 1712 3726 1771 Sicut

229 1793 594 1873 habitatores
623 1817 770 1888 ejus,
819 1822 875 1873 et
906 1815 1126 1873 scidisti
1182 1817 1527 1874 vestimenta
1559 1823 1677 1884 tua,
1734 1821 1788 1872 et

2140 1793 2296 1850 crius
2332 1793 2552 1852 dictum
2592 1801 2695 1864 est,
2745 1797 3052 1854 necessitas
3097 1796 3412 1869 impulerit,
3463 1815 3581 1858 non
3637 1815 3727 1858 ra—

236 1901 390 1958 visti
416 1917 598 1958 coram
641 1881 734 1960 me
755 1881 778 1958 ἐ
815 1901 1026 1960 idcirco
1056 1903 1326 1976 colligam
1359 1911 1412 1962 te
1461 1903 1532 1962 ad
1565 1881 1756 1976 patres
1798 1909 1946 1970 tuos,
2030 1881 2166 1976 Ρίυξῖ
2201 1881 2314 1976 {ad
2339 1881 2466 1976 110C}.
2493 1883 2756 1976 ﬂuctuari},
2791 1900 2896 1942 nos
2925 1885 3140 1976 invitos
3163 1887 3730 1948 attraxitimminens

231 1995 302 2047 et
353 1988 636 2060 colligeris
675 1991 748 2047 ad
787 1991 1120 2064 sepulcrum
1165 1970 1332 2051 tuum
1389 1993 1447 2048 in
1498 1970 1634 2065 pace
1673 1994 1772 2062 (IV
1815 1994 1946 2058 Reg,
2031 1970 2356 2067 periculum
2393 1971 2584 2067 civilis
2623 1971 2782 2042 belli,
2817 1989 2934 2032 non
2981 1974 3251 2047 laedendi,
3293 1978 3382 2036 vel
3429 1978 3732 2038 minuendi

229 2083 432 2146 XXII).
455 2057 562 2136 »ἷζε
581 2087 764 2139 tamen
786 2057 958 2154 paulo
977 2089 1104 2156 post
1117 2082 1414 2156 Scriptura
1429 2057 1597 2141 dicit:
1623 2107 1648 2130 «ε
1665 2057 1730 2140 In
1747 2057 1953 2138 diebus
2034 2057 2183 2118 ῙίνοΓ
2205 2060 2454 2134 imperii-

231 2167 378 2240 ejus
445 2169 694 2226 ascendit
743 2170 961 2228 Pharao
1012 2171 1204 2230 Necho
1255 2173 1520 2246 [Necbao]
1573 2188 1678 2229 rex
1721 2167 1953 2244 1Egypti
2116 2249 2165 2254 __
2219 2251 2251 2254 Α-
2317 2252 2328 2254 Δ
2388 2253 2421 2254 Η
2609 2157 2809 2224 Regius
2837 2156 3151 2254 αάυοοαέυδο
3443 2245 3452 2254 ,

235 2263 454 2312 contra
489 2271 676 2330 regem
707 2259 1082 2331 Assyriorum
1109 2261 1178 2317 ad
1221 2261 1440 2319 ﬂumen
1491 2261 1872 2333 Euphratem,
1900 2263 1956 2316 et
2107 2249 2291 2310 Civile
2315 2252 2534 2312 bellum
2559 2253 2786 2326 objicis,
2827 2249 3142 2314 imminens
3172 2249 3498 2330 periculum
3527 2258 3590 2317 in
3619 2263 3735 2319 tua;
3815 2271 3838 2290 ⁴

239 2341 396 2398 abiit
419 2341 598 2400 Josias
625 2343 682 2400 in
731 2361 1040 2404 occursum
1086 2349 1232 2421 ejus,
1275 2355 1328 2406 et
1359 2349 1580 2407 occisus
1618 2355 1702 2405 est
1733 2347 1812 2404 in.
1833 2345 1952 2402 Ma-
2039 2339 2396 2413 allegationis
2433 2342 2766 2402 defensione
2797 2346 3111 2418 praetendis
3153 2365 3166 2404 :
3197 2346 3421 2406 dicatur
3456 2349 3652 2422 etiam,
3685 2351 3734 2409 si

243 2431 402 2504 gedo
435 2431 764 2507 [Mageddo],
799 2449 932 2492 cum
965 2437 1205 2496 vidisset
1234 2453 1373 2495 eum
1405 2441 1507 2512 [IV
1530 2442 1662 2506 Reg.
1693 2439 1892 2504 XXIII).
1930 2455 1950 2484 ι)
2038 2428 2241 2500 placet,
2277 2429 2415 2501 quia
2450 2431 2662 2488 ccelum
2709 2439 2920 2503 rueret,
2955 2439 3105 2492 terra
3133 2435 3350 2494 caedem
3395 2429 3614 2496 civium
3639 2454 3739 2512 pa-

251 2518 354 2576 Ad
401 2517 734 2577 Sedechiam
779 2538 1012 2597 quoque
1061 2541 1254 2599 regem
1307 2525 1457 2584 Juda
1491 2541 1591 2598 per
1646 2522 1956 2582 Jcremiam
2041 2521 2272 2586 teretur,
2315 2513 2486 2592 perge
2511 2521 2700 2578 adhuc
2729 2521 2964 2592 addens,
3005 2523 3144 2594 quia
3195 2529 3406 2595 pontus
3441 2531 3738 2598 aresceret,

253 2607 475 2666 dicitur
507 2627 572 2665 εει
601 2611 758 2668 Audi
791 2613 1028 2671 verbum
1063 2615 1316 2684 Domini,
1345 2614 1610 2674 Sedeccia
1630 2605 1732 2671 rex
1765 2613 1954 2670 Juda:
2045 2611 2193 2662 terra
2243 2605 2538 2663 diluvium
2591 2607 2920 2680 inundaret,
2972 2609 3116 2680 quid
3161 2611 3306 2668 mihi
3353 2611 3549 2670 omnia
3593 2613 3737 2682 hec,

249 2697 406 2756 Haec
455 2697 591 2755 dicit
619 2698 904 2758 Dominus
931 2702 1002 2759 ad
1036 2709 1088 2760 te
1121 2723 1132 2760 ε
1175 2703 1299 2762 Non
1339 2702 1604 2762 morieris
1634 2703 1696 2759 in
1747 2699 1956 2771 gladio,
2043 2695 2183 2754 dum
2216 2703 2454 2760 constet,
2487 2697 2626 2768 quia
2650 2699 2934 2772 quidquid
2963 2700 3201 2770 accidet,
3235 2702 3396 2761 nullo
3423 2709 3584 2776 pacto
3607 2721 3742 2762 san-

249 2784 368 2842 sed
425 2785 482 2842 in
531 2801 670 2858 pace
718 2789 999 2858 morieris,
1050 2795 1106 2848 et
1161 2791 1480 2848 secundum
1537 2787 1963 2848 combustiones
2045 2784 2120 2842 cli
2153 2799 2313 2857 papae
2369 2785 2712 2844 sententiam
2749 2787 3002 2846 debuisti
3053 2788 3392 2864 infringere,
3439 2791 3602 2850 nulla
3653 2809 3746 2851 ra-
3799 2853 3822 2868 ο

249 2881 494 2950 patrum
546 2881 798 2946 tuorum,
847 2895 1046 2952 regum
1079 2880 1364 2954 priorum,
1410 2883 1513 2954 qui
1551 2881 1788 2938 luerunt
1831 2882 1964 2934 ante
2047 2874 2202 2932 tione
2234 2873 2526 2945 synodalis
2552 2873 2763 2934 decreti
2785 2876 3128 2949 mysterium
3159 2877 3328 2936 licuit
3359 2877 3454 2936 59
3489 2881 3750 2940 violare?

253 2970 338 3034 te,
375 2963 458 3021 sic
485 2966 820 3026 comburent
853 2974 904 3026 te
939 2989 950 3026 :
991 2977 1046 3028 et
1085 2986 1195 3040 vui,
1243 2970 1506 3038 Domine,
1559 2969 1832 3042 plangent
1862 2971 1914 3024 te
1947 2989 1960 3022 :
1996 3038 2028 3042 _
2053 2958 2212 3018 Sicut
2242 2959 2400 3017 enim
2431 2959 2725 3034 Scriptura
2757 2964 3018 3037 perhibet
3046 2989 3058 3022 :
3094 2989 3112 3014 ι
3159 2965 3366 3024 Melius
3386 2973 3472 3026 est
3509 2975 3573 3027 ut
3595 2969 3748 3027 oria-

253 3053 404 3129 quia
447 3054 688 3130 verbum
735 3057 840 3115 hoc
878 3075 980 3131 ego
1029 3038 1255 3118 locutus
1301 3075 1452 3128 sum,
1493 3038 1632 3116 dicit
1683 3038 2144 3116 Dominusctur
2181 3047 2540 3130 scandalum,
2572 3065 2745 3122 quam
2771 3058 2835 3109 ut
2874 3053 3083 3110 veritas
3127 3054 3508 3130 relinquatur.
3551 3079 3574 3108 ι
3605 3057 3753 3115 Nam

252 3147 393 3213 (Jer.
453 3149 690 3213 XXXIV).
725 3169 752 3196 ιι
812 3145 972 3216 Quod
1031 3149 1318 3208 nimirum
1374 3148 1659 3223 quomodo
1713 3146 1968 3220 potuerit
2051 3137 2098 3195 si
2128 3139 2236 3196 hoc
2265 3138 2483 3195 bellum
2519 3139 2849 3198 timuissent
2877 3141 3026 3198 beati
3057 3151 3358 3218 martyres,
3393 3144 3752 3220 tierentpro-

257 3233 418 3302 ﬁeri,
449 3233 548 3308 qui
583 3235 786 3294 seriem
816 3243 1104 3296 scrutatur
1133 3239 1412 3308 historias,
1458 3252 1760 3310 nunquam
1813 3244 1968 3310 pote-
2050 3227 2144 3285 (ἰαὶ
2172 3226 2347 3286 dumo
2373 3235 2586 3285 sanctae
2614 3229 2841 3286 milith
2865 3229 3197 3288 desertores-

259 3323 344 3380 rit
371 3321 652 3381 invenire.
683 3325 830 3382 Nam
859 3333 1158 3400 postquam
1191 3344 1224 3385 a
1281 3343 1410 3400 rege
1437 3325 1747 3400 Babylonis
1792 3324 1970 3384 semel
2485 3329 2747 3394 Defensor
2771 3331 3309 3388 RomanaEcclesiz.

259 3413 356 3466 est
391 3415 608 3506 captus,
638 3409 1133 3506 Babyloniamun
1171 3413 1500 3506 translatus,
1532 3407 1778 3506 ulterius
1815 3429 1970 3506 nun-
2085 3496 2090 3502 ο
2131 3424 2258 3482 Non
2289 3424 2538 3498 ignoras,
2569 3426 2724 3499 quod
2773 3427 2919 3485 inter
2959 3442 3162 3485 omnes
3193 3432 3418 3486 sanctos
3469 3435 3755 3506 martyres

262 3517 448 3591 quam
475 3501 684 3574 legitur
716 3499 810 3556 58
850 3503 922 3559 ab
967 3505 1091 3576 ejus
1144 3503 1390 3561 vinculis
1441 3503 1758 3561 absolutus.
1813 3503 1975 3560 Justo
2058 3496 2262 3570 Petrus
2294 3496 2348 3570 et
2389 3496 2602 3572 Paulus—
2629 3513 2693 3572 in
2725 3514 3022 3587 apostolici
3063 3521 3296 3575 senatus
3327 3515 3588 3576 culmine
3623 3496 3756 3591 pos-

259 3607 404 3662 ergo
425 3589 648 3664 judicio
675 3591 1129 3650 subtrahitDeus
1155 3593 1383 3651 homini
1414 3608 1840 3666 nonnunquam
1869 3591 1970 3650 bo-
2057 3604 2247 3684 siqent
2267 3603 2678 3678 principatum.
3347 3661 3354 3674 ,
3625 3589 3642 3591 _
3673 3609 3676 3612 ’

261 3697 346 3739 na
391 3697 525 3754 quae
553 3682 841 3754 promisit,
872 3698 1005 3741 cum
1039 3682 1271 3740 rebellis
1317 3683 1492 3742 homo
1545 3683 1708 3742 illius
1747 3697 1974 3740 servare
2127 3682 2140 3684 “
2630 3703 2830 3769 Βορέας
2872 3685 3185 3760 αάυοοάιαε,

262 3769 538 3830 mandata
565 3770 924 3872 contemnit,
1146 3871 1155 3872 ί
2123 3797 2248 3856 Hoc
2288 3795 2436 3856 sicut
2479 3813 2688 3871 negare
2721 3797 3067 3872 sacrilegum
3098 3807 3204 3872 est,
3249 3800 3329 3859 ita
3369 3807 3424 3858 et
3473 3801 3760 3860 aﬂirmare

843 3873 1043 3940 Regius
1084 3871 1397 3929 advocatus.
2054 3887 2435 3962 superﬂuum.

345 3965 694 4054 Prosequere
736 3966 915 4054 etiam
958 3969 1243 4042 quomodo
1295 3970 1469 4040 Deus,
1510 3966 1665 4042 quod
1719 3963 1974 4026 minatus
2482 3977 2742 4054 Defensor
2774 3977 3030 4034 Romanae
3057 3980 3328 4038 Ecclesiae.

253 4059 380 4132 ,est,
415 4069 528 4111 non
557 4053 794 4128 inﬂigit.
2127 4071 2341 4132 Eorum
2375 4078 2512 4132 sunt
2543 4053 2708 4130 nobis
2741 4072 2986 4132 tenenda
3027 4073 3289 4148 vestigia,
3337 4091 3538 4137 eorum
3577 4079 3762 4142 forma

693 4163 956 4229 Defensor
991 4165 1244 4220 Romanae
1281 4161 1551 4220 Ecclesiae.
2056 4163 2268 4224 nostris
2287 4169 2374 4222 est
2401 4162 2624 4220 actibus
2659 4160 3069 4234 imprimenda,
3103 4163 3212 4222 sub
3253 4181 3456 4226 eorum
3493 4169 3762 4242 magistra

345 4255 548 4327 Nemo,
600 4257 703 4330 qui
757 4257 934 4314 limen
995 4257 1270 4316 Ecclesiae
1329 4259 1478 4328 terit,
1527 4257 1775 4330 ignorat,
1836 4255 1976 4329 quia
2057 4253 2338 4334 debemus
2364 4251 2562 4310 vivere
2589 4249 2920 4322 disciplina.

267 4351 446 4409 Jonas
473 4347 544 4404 ad
595 4345 848 4405 Niniven
877 4364 910 4404 a
939 4347 1186 4406 Domino
1215 4348 1446 4418 missus,
1482 4343 1852 4416 exclamavit,
1886 4344 2040 4418 di-n
2638 4349 2842 4415 Regius
2865 4345 3182 4405 advocatus.

781 4398 1170 4512 quadraginta
1209 4437 1352 4508 dies,
1390 4398 1446 4495 ei
1493 4435 1704 4495 Ninive
1733 4398 2040 4494 subver-D
2135 4435 2259 4495 Hoc
2304 4435 2508 4510 utique
2553 4398 2776 4494 claruin
2825 4441 2909 4494 est
2941 4451 3008 4494 ac
3036 4436 3428 4510 perspicuum.
3467 4436 3580 4497 Sed
3623 4438 3766 4512 quid

276 4535 429 4585 tetur
471 4529 632 4595 (Iona
675 4528 775 4597 Ill).
816 4551 836 4577 ι
897 4527 1006 4586 Sed
1067 4528 1204 4600 quia
1257 4527 1460 4603 civitas
1514 4526 1614 4584 illa
1667 4526 1738 4584 ad
1797 4527 1980 4584 Deum
2063 4540 2098 4581 a
2142 4531 2196 4582 te
2227 4523 2494 4597 portenti,
2535 4523 2674 4598 quid
2705 4523 2984 4596 praestigii
3013 4525 3122 4582 sub
3161 4526 3266 4584 hoc
3304 4526 3566 4586 funiculo
3591 4527 3766 4586 indu-

279 4621 396 4672 toto
443 4621 524 4671 est
563 4615 734 4672 corde
763 4631 1056 4683 conversa,
1104 4631 1470 4689 nequaquam
1499 4617 1668 4688 juxta
1697 4616 1982 4674 minacem
2065 4612 2272 4670 ctionis
2298 4611 2504 4683 alatur,
2545 4611 2766 4685 ignoro.
2997 4673 3002 4678 _

277 4707 516 4764 Domini
546 4706 888 4763 sententiam
923 4705 1136 4766 excidii
1165 4713 1250 4764 est
1276 4706 1574 4765 eversione
1605 4704 1806 4764 deleta.
1836 4705 1982 4763 Cum
2362 4718 2372 4724 '
2502 4711 2760 4776 Defensor
2789 4712 3044 4764 Romanae
3061 4711 3332 4766 Ecclesiae.

279 4811 418 4868 ergo
443 4795 596 4852 Deus
628 4795 992 4868 omnipotens
1025 4811 1139 4854 non
1173 4797 1340 4854 modo
1382 4812 1576 4862 verax,
1615 4796 1710 4853 sed
1761 4801 1816 4852 ct
1856 4795 1980 4868 ipsa
2135 4795 2294 4854 Tolle
2339 4795 2718 4870 praistigium,
2761 4792 3018 4868 iutellige
3065 4797 3403 4854 veritatem:
3458 4799 3624 4858 times
3676 4817 3768 4862 me

278 4883 356 4941 sit
387 4882 614 4951 veritas,
661 4883 938 4942 inviolato
966 4883 1194 4942 consilii
1228 4887 1318 4944 sui
1366 4893 1632 4944 manente
1673 4885 1980 4957 proposito,
2065 4893 2339 4958 tanquam
2381 4885 2480 4942 tibi
2507 4884 2826 4942 tendiculas
2853 4885 3303 4956 substruenlem,
3335 4887 3476 4945 audi
3521 4888 3766 4950 Paulum

277 4969 588 5028 exterioris
635 4972 840 5044 judicii
892 4974 982 5031 sui
1040 4989 1192 5046 smpe
1243 4975 1426 5032 variat
1473 4975 1754 5040 ordinem.
1815 4977 1984 5048 juxta
2066 4973 2137 5031 de
2188 4971 2510 5044 coapostolo
2580 4986 2683 5028 suo
2749 4971 2914 5028 Petro
2975 4972 3252 5030 veraciter
3325 4975 3764 5047 perhibentem:

275 5057 526 5116 humani
555 5073 680 5115 snve
707 5059 894 5132 probi,
930 5059 1051 5120 sive
1081 5061 1332 5135 improbi
1377 5061 1568 5120 meriti
1595 5062 1930 5136 qualitatem
1966 5079 1981 5131 ;
2076 5084 2096 5112 ς
2125 5060 2468 5134 Priusquam
2495 5058 2759 5116 venirent
2783 5060 2884 5132 qui
2909 5061 3020 5116 lam
3047 5076 3080 5116 a
3115 5060 3345 5130 Jacobo,
3397 5078 3532 5122 cum
3579 5065 3769 5138 genti-

277 5155 570 5221 quatenus
599 5153 653 5205 et
681 5165 708 5204 υ
761 5149 1041 5221 pravitate
1080 5159 1384 5222 correctus,
1417 5151 1570 5226 quod
1632 5152 1786 5209 Deus
1833 5153 2012 5224 justo.
2069 5151 2178 5208 bus
2205 5149 2405 5207 edebat
2433 5173 2444 5206 :
2475 5164 2606 5206 cum
2629 5157 2841 5206 .autem
2885 5150 3204 5220 venissent,
3257 5152 3631 5212 subtrahebat
3687 5171 3772 5226 se,

281 5237 566 5302 minatur.
600 5235 802 5296 evadat
837 5259 850 5296 :
883 5247 940 5298 et
977 5242 1276 5315 prolapsus
1323 5241 1386 5298 in
1439 5241 1694 5312 culpam,
1736 5241 1986 5299 nullate-
2069 5247 2124 5298 et
2183 5239 2554 5311 segregabat,
2617 5239 2824 5297 timens
2875 5255 2970 5296 eos
3025 5240 3128 5312 qui
3183 5257 3256 5298 ex
3333 5241 3774 5302 circumcisione

283 5341 421 5394 nus,
455 5341 588 5398 quae
627 5327 952 5402 pollicetur,
996 5332 1148 5389 bona
1177 5331 1464 5406 percipiat.
1509 5332 1660 5389 I‘Iinc
1698 5339 1798 5395 est,
1833 5331 1986 5406 quod
2072 5334 2253 5384 erant.
2291 5351 2316 5373 ι»
2344 5325 2650 5383 Cernimus
2667 5341 2800 5398 ergo
2831 5326 3058 5382 Petrum
3079 5341 3191 5383 non
3245 5328 3518 5402 rigidum,
3543 5330 3640 5388 sed
3667 5332 3778 5390 dis-

283 5427 392 5486 per
419 5411 729 5471 Jeremiam
770 5415 951 5473 dicit:
988 5417 1232 5476 «Bonas
1283 5417 1446 5474 facite
1477 5418 1596 5474 vias
1649 5425 1882 5486 vestras,
1937 5423 1989 5474 et
2075 5424 2317 5474 cretum.
2353 5415 2616 5474 Timebat
2662 5415 2822 5472 enim
2855 5414 3108 5486 Judaaos,
3161 5433 3232 5474 ne
3275 5435 3376 5492 per
3416 5423 3776 5481 occasionem

283 5497 482 5556 studia
513 5506 720 5568 vestra,
771 5509 825 5558 et
877 5503 1072 5561 audite
1127 5519 1322 5561 vocem
1351 5503 1586 5562 Domini
1635 5505 1734 5562 Dei
1775 5505 1986 5562 vestri:
2078 5507 2340 5579 gentium
2395 5505 2563 5562 aiide
2591 5503 2916 5562 recederent
2948 5503 3428 5580 Christianorum,
3461 5517 3518 5566 et
3546 5527 3618 5568 ne
3645 5529 3774 5582 per-

282 5593 340 5646 et
375 5585 682 5660 pcenitebit
709 5589 1027 5650 Dominum
1061 5593 1219 5666 mali,
1245 5593 1396 5667 quod
1427 5593 1654 5652 locutus
1683 5599 1764 5652 est
1788 5593 1993 5652 adver-
2075 5593 2236 5651 deret
2283 5607 2513 5664 gregem
2565 5590 2869 5660 creditum,
2921 5589 3058 5647 boni
3119 5594 3362 5666 pastoris
3391 5605 3477 5656 est
3515 5597 3775 5658 imitatus

619 5701 881 5766 PATROL.
930 5707 1153 5768 CXLV.
3393 5711 3424 5768 3
