4018 6194
181 335 234 391 77
1159 333 1409 393 OPUSC.
1453 333 1550 392 IV.
1582 365 1652 375 —
1684 331 2174 392 DISCEPTATIO
2217 331 2655 394 SYNODALIS.

3584 340 3652 396 78

181 460 741 536 plum,-scandalum
777 460 1111 534 praecaverit
1157 425 1548 519 Judaeorum?
1595 487 1621 509 ιι
1653 459 2112 532 Simon,Aquod
2163 464 2275 515 tam
2334 458 2589 516 districte
2657 460 2978 532 prohibuit,
3034 463 3155 535 ipse
3206 479 3310 536 pro
3375 465 3652 527 charitate

182 553 382 626 inquit.
416 567 576 625 reges
609 557 890 610 terrarum
926 568 959 608 a
995 551 1206 623 quibus
1249 552 1536 623 accipiunt
1567 551 1868 620 tributum,

181 656 208 698 a
245 639 386 696 ﬁliis
427 639 572 708 suis,
623 655 698 696 an
738 639 811 697 ab
852 639 1116 696 alienis?
1163 655 1277 712 quo
1326 640 1700 713 respondente
1746 664 1758 697 :
1799 641 1871 698 ab

180 731 376 790 alienis
408 749 472 799 n;
508 737 721 804 premo
750 731 1055 802 subjungit
1097 750 1108 788 :
1150 753 1171 781 ι
1199 731 1347 803 Ergo
1374 731 1542 789 liberi
1584 740 1716 790 sunt
1741 733 1868 789 ﬁlii.

183 819 242 878 Ut
300 825 497 876 autem
553 833 672 876 non
730 818 1184 887 scandalizemus
1231 835 1346 888 eos,
1397 820 1539 877 vade
1577 820 1647 877 ad
1693 835 1868 888 mare,

184 910 333 966 mitte
358 909 622 978 hamum,
654 914 710 965 et
739 924 874 966 eum
917 909 1154 981 piscem,
1186 910 1286 983 qui
1329 909 1489 982 prius
1532 910 1870 979 ascenderit,

186 999 323 1069 tolle,
368 1007 424 1056 et
467 1007 661 1072 aperto
709 1014 806 1057 ore
851 999 975 1072 ejus
1023 1000 1287 1057 invenies
1333 1006 1646 1059 stateram:
1705 1000 1874 1058 illum

184 1102 428 1156 sumens,
461 1086 534 1143 da
589 1086 675 1143 eis
719 1101 821 1158 pro
870 1101 963 1143 me
1007 1093 1063 1143 et
1113 1093 1164 1143 te
1211 1090 1432 1155 (Matth.
1483 1093 1655 1156 XVII).
1709 1110 1734 1136 η
1785 1087 1876 1145 Ad

184 1176 552 1234 molliendum
585 1191 718 1248 ergo
749 1175 998 1248 rigorem
1043 1176 1403 1235 rectitudinis
1447 1177 1521 1235 ad
1569 1179 1870 1236 tenendam

184 1264 450 1322 virtutem
482 1262 868 1332 discretionis,
899 1264 947 1320 si
993 1263 1096 1320 tibi
1136 1263 1340 1322 Petrus
1387 1280 1502 1323 non
1557 1265 1767 1322 sufﬁcit
1803 1266 1873 1323 ad

183 1353 536 1426 exemplum,
561 1353 745 1426 junge
778 1352 950 1412 simul
1001 1360 1057 1410 et
1089 1335 1352 1412 Paulum.
1385 1354 1544 1424 Quod
1575 1354 1623 1412 si
1651 1354 1873 1428 procaci

183 1442 551 1503 contumacize
605 1450 910 1517 nequeunt
951 1450 1193 1518 uterque
1247 1445 1528 1514 sufﬁcere,
1581 1447 1791 1519 pudeat
1821 1452 1874 1503 te

181 1535 319 1593 ultra
348 1534 552 1592 Jesum
585 1549 684 1606 per
711 1531 1028 1591 dicacitatis
1058 1533 1336 1607 ineptiam
1373 1534 1634 1608 prosilire
1672 1551 1685 1589 :
1725 1558 1745 1584 ε
1779 1534 1875 1592 Fi-

183 1620 259 1679 nis
283 1622 449 1680 enim
490 1621 631 1694 legis
677 1619 938 1678 Christus
979 1619 1051 1676 ad
1089 1619 1372 1692 justitiam
1414 1621 1575 1681 omni
1623 1621 1879 1681 credenti-

183 1713 345 1779 (Rom.
384 1713 475 1784 Χ).
513 1733 534 1760 ι
1042 1767 1046 1771 ,

777 1813 940 1880 Regis
971 1812 1286 1868 advocatus.
1351 1809 1358 1814 ⁷

242 1906 622 1966 Discretionis
667 1906 940 1966 virtutem
997 1914 1079 1966 tot
1133 1909 1566 1982 Scripturarum
1620 1910 1878 1968 testimo-

186 1995 286 2053 niis
311 1995 690 2069 approbatam
729 1997 1052 2069 improbare
1086 2012 1203 2056 non
1234 1999 1258 2021 “
1287 2013 1492 2056 sumus
1523 2021 1536 2067 ;
1578 1999 1677 2055 sed
1707 1998 1877 2070 absit,

188 2090 242 2143 ut
265 2085 390 2144 ulla
406 2085 601 2143 virtus
643 2085 718 2144 sit
745 2092 860 2143 tam
886 2086 1156 2144 sublimis
1209 2083 1304 2141 62
1354 2092 1543 2144 tamve
1568 2087 1878 2160 praecipua,

185 2175 338 2248 cujus
401 2175 669 2232 tenenda:
726 2175 914 2233 studio
972 2175 1034 2232 in
1096 2176 1479 2233 anathematis
1545 2176 1881 2234 barathrum

188 2281 442 2325 corruere
463 2266 794 2339 debeamus.
825 2266 971 2324 Nam
995 2282 1130 2324 cum
1167 2281 1360 2335 omne,
1406 2265 1558 2336 quod
1593 2265 1760 2323 nobis
1807 2282 1881 2322 ex

188 2355 374 2413 divina
403 2355 527 2425 lege
553 2354 909 2427 praecipitur,
947 2355 1019 2412 ad
1055 2355 1162 2412 hoc
1194 2354 1406 2427 procul
1433 2354 1613 2412 dubio
1665 2355 1879 2424 tendat,

191 2452 242 2503 nt
267 2462 370 2504 nos
437 2446 688 2502 Creatori
747 2442 940 2502 nhstro
988 2445 1226 2502 societas
1268 2451 1482 2502 azterna
1521 2444 1832 2517 conjungat
1867 2463 1878 2500 :

190 2534 356 2592 sinos
381 2533 459 2607 ab
511 2549 598 2599 eo,
644 2533 800 2607 quod
842 2533 1010 2603 absit,
1061 2549 1161 2606 per
1191 2532 1612 2590 maledictionis
1653 2539 1882 2590 senten-

193 2615 314 2679 tiam
342 2605 642 2694 contingat
667 2605 993 2684 abscedere.
1028 2605 1163 2696 quae
1193 2620 1398 2691 virtus,
1431 2636 1562 2694 quae
1592 2619 1882 2691 discretio,

188 2725 326 2782 quae,
361 2710 516 2766 sicut
544 2709 778 2779 dicitur,
811 2709 905 2782 pia
935 2711 1255 2781 compassio
1285 2715 1403 2766 tam
1436 2708 1884 2782 incomparabile

189 2800 462 2857 damnum
490 2799 660 2857 nobis
686 2799 892 2872 poterit
920 2815 1291 2871 compensare
1320 2798 1348 2856 ?
1380 2797 1530 2858 Sane
1580 2798 1628 2855 si
1658 2807 1885 2872 propter

189 2892 282 2949 hoc
304 2890 503 2948 solum
531 2891 718 2948 virtus
745 2889 1050 2963 appetitur,
1086 2896 1151 2946 ut
1177 2888 1589 2962 omnipotentis
1620 2888 1747 2946 -Dei
1791 2904 1884 2946 so-

191 2982 352 3039 cietas
408 2981 763 3055 acquiratur,
812 2980 1005 3053 qualis
1049 2980 1169 3052 jam
1221 2978 1323 3036 illa
1361 2977 1547 3068 virtus
1592 2981 1718 3049 erit,
1751 2994 1883 3052 quae

190 3086 281 3130 nos
305 3088 341 3129 a
363 3071 559 3130 divini
590 3070 956 3129 contubernii
988 3069 1253 3128 societate
1282 3068 1519 3142 repellat
1545 3078 1568 3128 ?

609 3181 869 3247 Defensor
899 3182 1154 3236 Romana
1184 3179 1456 3234 Ecclesiaz.

250 3277 392 3338 Haec
451 3294 557 3336 cur
599 3277 990 3352 prosequaris,
1054 3279 1193 3351 quia
1225 3277 1393 3336 nobis
1445 3277 1667 3336 occulta
1733 3281 1889 3347 sunt,

187 3367 485 3440 evidenter
513 3383 756 3439 expone.

705 3475 908 3540 Regius
946 3472 1259 3530 advocatus.

255 3569 566 3644 Synodalis
594 3570 753 3629 enim
792 3571 1006 3629 decreti
1033 3571 1262 3644 pagina,
1295 3585 1471 3642 quam
1503 3577 1634 3628 ciim
1663 3569 1892 3628 concilii

1952 550 2196 607 fratrum
2251 549 2698 620 infirmantium,
2776 567 2846 608 ne
2909 553 3246 611 scandalum
3299 560 3648 628 paterentur,

1951 636 2233 710 implevit.
2290 636 2453 705 Quod
2501 638 2658 694 enim
2702 640 2913 711 majus,
2971 641 3094 698 sive
3144 641 3396 701 deterius
3447 645 3653 716 poterit

1953 726 2086 800 quis
2115 726 2419 784 anathema
2444 725 2864 799 subire,.quam
2895 728 2989 787 cui
3021 737 3292 802 negatum
3332 738 3434 802 est,
3486 732 3654 792 Chri-

1955 824 2112 874 stum
2142 832 2241 889 pro
2279 815 2370 874 sui
2399 823 2588 874 reatus
2627 816 2996 875 damnatione
3026 819 3292 890 prodesse
3317 819 3344 876 ?
3368 821 3513 879 Nam
3556 823 3650 880 cui

1957 907 2217 964 Christus
2255 922 2372 963 non
2420 906 2665 977 prodest,
2722 908 2920 980 procul
2969 908 3146 966 dubio
3198 910 3505 968 anathema
3546 919 3651 983 est,

1954 994 2222 1066 nihilque
2250 994 2521 1051 estaliud
2573 995 2876 1052 anathema
2916 997 3233 1068 quemlibet
3279 997 3424 1068 fieri,
3478 999 3591 1057 nisi
3619 1016 3654 1056 a

1958 1083 2189 1154 Christi,
2220 1082 2279 1139 in
2329 1098 2444 1155 quo
2482 1082 2909 1159 benedicuntur
2963 1100 3166 1144 omnes
3209 1094 3427 1159 gentes,
3469 1089 3652 1147 socie-

1957 1179 2069 1230 tate
2095 1172 2314 1246 repelli.
2359 1172 2417 1231 Si
2447 1188 2583 1245 ergo
2631 1173 2848 1231 Paulus
2875 1174 2983 1231 hoc
3027 1178 3330 1233 anathema
3375 1193 3477 1250 pro
3514 1179 3653 1236 cha-

1956 1263 2122 1320 ritate
2150 1263 2391 1320 fratrum
2419 1262 2615 1320 subire
2644 1279 2760 1320 non
2789 1262 3002 1333 timuit,
3033 1264 3150 1322 imo
3180 1280 3416 1338 prorsus
3447 1267 3654 1338 evasit,

1957 1365 2090 1408 cum
2130 1365 2246 1407 non
2279 1352 2743 1423 qualemcunque
2768 1349 3085 1419 hominem,
3127 1352 3224 1408 sed
3255 1352 3653 1410 Christianum

1958 1440 2160 1515 utique
2193 1439 2546 1513 discipulum
2592 1439 2991 1509 circumcidit;
3025 1444 3106 1510 tu,
3136 1455 3354 1514 quzeso,
3405 1443 3507 1500 ubi
3528 1459 3652 1501 cor-

1958 1527 2048 1586 dis
2088 1528 2286 1587 oculos
2324 1527 2592 1598 amisisti,
2626 1528 2749 1599 qui,
2779 1527 2934 1600 quod
2977 1529 3284 1600 Apostolus
3333 1531 3487 1603 fecit,
3536 1549 3653 1592 non

1958 1618 2286 1676 faciendum
2311 1633 2437 1677 esse.
2465 1617 2689 1675 testaris
2714 1617 2742 1675 ?
2763 1617 2891 1691 Ipse
2920 1619 3080 1675 enim
3119 1619 3285 1678 dicit:
3318 1644 3339 1670 ι
3366 1620 3657 1690 Quaecun-

1959 1725 2073 1783 que
2127 1709 2337 1782 scripta
2394 1715 2549 1778 sunt,
2614 1709 2685 1766 ad
2747 1714 3002 1766 nostram
3071 1711 3393 1771 doctrinam
3447 1714 3656 1788 scripta

1893 1814 1940 1876 Β
1962 1803 2098 1859 sunt
2119 1803 2291 1881 (Rom.
2327 1803 2456 1868 xv).
2496 1820 2517 1850 ν

2474 1912 2568 1969 63
2596 1920 2795 1984 Regi-us
2824 1917 3141 1975 advocatus.

2035 2021 2363 2080 Verisimile
2417 2028 2502 2080 est
2573 2023 2728 2097 quia,
2802 2025 2950 2083 sicut
3008 2027 3225 2087 Paulus
3271 2029 3659 2103 coapostolum

1963 2126 2137 2170 suum
2195 2111 2430 2169 Petrum
2475 2112 2546 2169 de
2585 2111 2917 2185 judaizandi
2969 2115 3231 2174 rediviva
3286 2121 3662 2194 usurpatione
3717 2145 3724 2154 -

1962 2200 2253 2273 corripuit
2279 2223 2293 2270 ;
2325 2200 2405 2258 ita
2431 2200 2818 2260 nihilominus
2851 2208 2906 2261 et
2948 2204 3022 2262 in
3055 2208 3452 2281 semetipsum,
3507 2217 3664 2284 post-

1965 2304 2141 2362 quam
2191 2288 2542 2362 discipulum
2589 2290 3041 2362 circumciderat,
3100 2297 3467 2368 reprehendit
3505 2318 3517 2357 :
3561 2315 3667 2357 nec

1965 2380 2114 2437 mihi
2139 2381 2246 2438 hoc
2273 2379 2440 2438 aliter
2467 2395 2730 2451 unquam
2775 2384 2982 2453 poterit
3017 2387 3370 2458 persuaderi,
3402 2389 3517 2446 nisi
3547 2390 3664 2449 for-

1967 2468 2136 2526 lassis
2165 2469 2226 2526 in
2252 2469 2376 2542 ejus
2401 2467 2594 2526 verbis
2624 2467 2992 2541 aliquatenus
3021 2472 3208 2532 valeat
3233 2475 3505 2534 inveniri.

2389 2589 2651 2654 Defensor
2678 2590 2931 2644 Romanae
2963 2592 3235 2650 Ecclesia.

2037 2681 2110 2740 Ut
2137 2681 2338 2740 nullus
2363 2681 2758 2754 ambiguitatis
2789 2700 2989 2750 naevus
3037 2685 3098 2744 in
3131 2694 3230 2746 tua
3265 2695 3457 2749 mente
3481 2707 3670 2750 rema-

1966 2777 2120 2844 neat,
2161 2777 2223 2828 ut
2252 2769 2416 2828 nulla
2444 2786 2541 2828 cor
2569 2778 2735 2827 tuum
2767 2787 2938 2844 super
2969 2775 3077 2834 hoc
3118 2778 3349 2849 negotio
3401 2780 3686 2856 deinceps,

1966 2859 2150 2930 caligo
2189 2857 2522 2926 confundat,
2565 2857 2701 2914 audi
2731 2859 2873 2931 quid
2901 2861 3056 2920 idem
3084 2862 3296 2922 Paulus
3333 2867 3405 2924 ad
3459 2867 3672 2926 Roma-

1967 2962 2073 3005 nos
2101 2946 2292 3010 dicat:
2335 2971 2355 3002 ι
2416 2947 2731 3004 Veritatem
2773 2947 2900 3007 dico
2930 2951 2993 3008 in
3039 2951 3286 3025 Christo,
3342 2971 3457 3014 non
3507 2973 3672 3015 men-

1968 3037 2097 3106 tior,
2155 3037 2555 3095 testimonium
2606 3034 2753 3094 mihi
2789 3040 3128 3112 perhibente
3157 3045 3508 3103 conscientia
3548 3062 3676 3105 mea

1909 3128 2031 3230 Cin
2069 3126 2288 3228 Spiritu
2321 3133 2535 3200 sancto,
2581 3133 2856 3206 quoniam
2905 3132 3134 3190 tristitia
3165 3141 3248 3191 est
3273 3135 3420 3193 mihi
3444 3151 3671 3210 magna,

1975 3224 2031 3277 et
2058 3218 2367 3276 continuus
2393 3219 2556 3277 dolor
2599 3222 2756 3280 cordi
2803 3237 2931 3280 meo
2969 3241 2986 3291 ;
3023 3223 3288 3296 optabam
3344 3224 3502 3282 enim
3549 3227 3674 3298 ipse

1973 3311 2278 3369 anathema
2331 3325 2454 3367 esse
2509 3327 2543 3368 a
2600 3311 2828 3370 Christo
2881 3327 2984 3386 pro
3039 3313 3315 3372 fratribus
3374 3315 3539 3383 meis,
3574 3317 3677 3388 qui

1973 3407 2110 3460 sunt
2137 3401 2362 3473 cognati
2395 3400 2506 3458 mei
2539 3404 2856 3461 secundum
2896 3419 3151 3472 carnem,
3188 3403 3291 3478 qui
3323 3412 3459 3463 sunt
3491 3406 3678 3465 Israe-

1971 3491 2091 3549 litm
2122 3493 2291 3562 (Rom.
2320 3495 2424 3556 1x).
2461 3513 2482 3540 κ
2518 3491 2662 3550 Ecce
2694 3493 2928 3562 Paulus,
2958 3509 3090 3551 cum
3139 3509 3255 3552 non
3286 3494 3360 3552 sit
3398 3496 3546 3554 sicut
3574 3512 3680 3556 nos

1975 3580 2309 3638 necessitate
2357 3585 2602 3645 coactus,
2645 3571 2846 3654 sponte
2895 3596 2960 3638 ac
3013 3581 3340 3640 voluntarie
3396 3583 3681 3643 desiderat

193 3658 372 3749 (οὕυέ
403 3675 646 3717 assensu
704 3659 908 3749 beatus
961 3657 1406 3749 Νἱφῢψξρθρει
1439 3656 1760 3749 consulunt
1799 3654 1894 3712 CUi
1975 3671 2277 3728 anathema
2327 3685 2450 3727 esse
2503 3687 2607 3744 pro
2661 3671 2976 3742 fratribus;
3025 3678 3081 3729 et
3133 3679 3190 3730 tu
3226 3673 3370 3731 mihi
3408 3677 3681 3749 proponis

189 3747 432 3818 propria:
461 3762 675 3804 manus
701 3747 1014 3804 articulum
1063 3744 1292 3814 indidit,
1327 3753 1502 3817 quam
1557 3751 1635 3802 tot
1675 3743 1889 3816 episco-

2013 3755 2281 3816 nathema
2312 3759 2657 3836 timendum,
2707 3761 2807 3818 ubi
2861 3777 2953 3818 me
3001 3763 3294 3835 perspicis,
3325 3770 3379 3820 et
3409 3743 3679 3824 inevita-

189 3849 392 3905 porum
442 3835 830 3904 venerandus,
888 3833 1245 3908 celebrisque
1275 3838 1595 3889 conventus
1642 3831 1889 3888 subscri-

2013 3851 2084 3908 lili
2112 3867 2346 3923 prorsus
2379 3851 2711 3908 necessitate
2744 3851 2921 3910 fuisse
2971 3855 3362 3924 constrictum,
3395 3862 3448 3913 et
3489 3857 3678 3914 chari-

188 3925 382 3997 ptione
411 3925 690 3995 firmavit,
745 3923 1130 3981 anathematis
1183 3922 1418 3980 vinculo
1450 3923 1631 4005 juxta
1677 3935 1889 3978 morem

2013 3922 2347 4008 itisstudio,
2383 3954 2453 3995 ne
2509 3943 2663 3996 tanta
2705 3939 2947 3996 fratrum
3005 3939 3318 3998 multitudo
3350 3922 3677 4016 Vcorrueret,

187 4028 377 4112 carere
403 4031 520 4072 non
547 4013 760 4112 potuit.
821 4013 987 4112 Uffde
1028 4026 1130 4070 VOS
1175 4010 1748 4112 ρΐουίξφξηβξλεείοηφν
1806 4008 1899 4067 “'91
1981 4029 2348 4087 inclinatum.
2403 4028 2558 4086 Audi
2612 4031 2782 4088 etiam
2846 4031 2991 4104 quid
3039 4031 3264 4106 Moyses
3316 4049 3418 4107 pro
3464 4008 3676 4110 populo

187 4105 700 4175 condescensione,
751 4102 944 4162 nescio
995 4118 1189 4176 quam,
1256 4101 1447 4160 dicitis
1499 4101 1746 4160 furentis
1799 4114 1889 4172 po-

2015 4119 2298 4179 sraelitico
2320 4119 2616 4195 postulans
2641 4121 2792 4180 dicat
2824 4145 2836 4179 :
2865 4101 2897 4173 ἀ
2929 4101 3195 4194 Obsecro,
3228 4101 3490 4195 Domine,
3540 4101 3675 4200 pec-

186 4194 329 4290 Plllig
387 4210 759 4290 ηθίῖυδίῖυίξω
798 4192 1503 4290 νοὲφθῐῖρεοελῂἀθδξῐῖεῖίξε
1543 4198 1667 4290 ,ἴδω
1698 4192 1898 4290 Ῐηεξηο·
1979 4211 2131 4270 cavit
2155 4192 2404 4284 populus
2428 4211 2534 4267 iste
2579 4217 2872 4284 peccatum
2920 4192 3218 4286 magnum,
3261 4192 3678 4277 fecerunt-sibi

186 4284 418 4344 dalibus
446 4285 750 4343 sententiae
772 4285 1026 4341 nexibus
1052 4283 1297 4340 irretire.
1327 4281 1664 4340 Ridiculum
1684 4281 1889 4354 quippe

2013 4315 2114 4357 eos
2146 4281 2352 4356 aureos
2379 4315 2389 4352 :
2424 4305 2527 4356 aut
2554 4281 2778 4357 dimitte
2807 4301 2889 4358 eis
2915 4281 3065 4359 hanc
3095 4281 3329 4375 noxam,
3361 4311 3461 4362 aut
3487 4305 3534 4362 si
3564 4322 3678 4366 non

185 4381 287 4467 est,
318 4376 408 4433 sic
425 4375 723 4467 ‘obrutu-m
751 4373 822 4432 de
849 4373 1124 4443 voragine
1168 4373 1377 4467 {Datin}
1421 4371 1631 4467 ηυείυε
1672 4385 1894 4467 (fuere:
1981 4388 2176 4457 facias,
2205 4387 2330 4446 dele
2363 4403 2454 4446 me
2501 4389 2571 4445 de
2621 4388 2767 4447 libro
2815 4397 2915 4448 tuo
2945 4407 3118 4465 quem
3165 4371 3440 4466 scripsisti
3479 4399 3676 4467 (Exod.

182 4469 242 4519 Ut
271 4465 404 4535 ipse
429 4458 1063 4554 δρωρειιθίυτίετεριοτ
1105 4461 1213 4519 SUb
1251 4459 1490 4519 undOSiS
1518 4458 1958 4554 Procenal‘umn
1980 4483 2199 4548 xxxu).
2244 4501 2270 4527 ι»
2303 4478 2466 4548 Quod
2495 4479 2776 4538 nimirum
2817 4458 3240 4553 tunc-pleniter
3262 4458 3379 4554 fiet,
3427 4458 3560 4545 cum
3592 4504 3680 4547 re-

184 4551 594 4626 spumantium
631 4553 884 4612 cumulis
919 4567 1235 4611 remanere.

620 4661 881 4727 Defensor
915 4663 1170 4716 Romanae
1197 4661 1463 4716 Ecclesiae.

249 4750 412 4808 Cum
440 4751 567 4808 haec
595 4752 984 4810 inconsultius
1026 4753 1300 4828 loqueris,
1335 4751 1753 4809 andabatarum
1796 4749 1898 4807 ad-

182 4853 426 4896 versum
461 4855 550 4897 me
578 4855 738 4898 more
767 4840 1031 4913 conﬂigis
1056 4843 1195 4913 (cide
1215 4840 1456 4915 scholia),
1494 4839 1596 4914 qui
1619 4839 1898 4897 nimirum

183 4925 326 4983 dum
384 4928 598 4985 clausis
632 4944 858 5002 semper
886 4929 1073 4988 oculis
1133 4935 1410 5004 pugnant,
1472 4927 1616 4986 alios
1663 4927 1900 5000 quidem

184 5015 529 5083 vulnerant,
581 5016 678 5073 sed
741 5017 1035 5090 quomodo
1088 5018 1425 5091 semetipsos
1466 5032 1499 5074 a
1553 5015 1900 5075 vulneribus

187 5111 492 5174 tueantur,
525 5104 817 5177 ignorant.
851 5106 1006 5165 Dicis
1035 5107 1172 5180 quia
1198 5123 1566 5182 nequaquam
1623 5108 1900 5165 debemus

1980 4568 2172 4641 probis
2228 4567 2288 4624 in
2332 4567 2551 4640 judicio
2597 4568 2773 4626 dicit:
2816 4593 2841 4620 ιι
2872 4571 2973 4639 Ite,
3018 4571 3325 4643 maledicti,
3376 4575 3436 4632 in
3487 4576 3679 4648 ignem

1979 4665 2263 4716 aeternum
2307 4660 2529 4724 (Matth.
2581 4669 2756 4727 XXV).
2814 4682 2834 4708 »
2887 4659 3032 4717 Ecce
3080 4660 3217 4719 hinc
3263 4661 3481 4722 Paulus
3524 4673 3679 4738 optat

1980 4748 2284 4806 anathema
2314 4763 2414 4819 pro
2448 4747 2722 4806 fratribus
2758 4748 2883 4806 fieri
2916 4767 2931 4818 ;
2966 4765 3093 4808 ecce
3130 4750 3294 4809 illinc
3319 4752 3544 4826 Moyses
3573 4772 3678 4828 po-

1982 4837 2155 4894 stulat
2183 4852 2256 4893 ex
2303 4836 2407 4894 Dei
2433 4836 2581 4893 libro
2623 4852 2722 4908 pro
2769 4837 2986 4910 populi,
3031 4856 3204 4913 quem
3250 4841 3509 4913 ducebat,
3548 4846 3678 4904 cha-

1981 4925 2148 4984 ritate
2194 4925 2395 4995 deleri,
2440 4931 2495 4983 et
2535 4926 2656 4984 sola
2705 4926 2968 4985 Romana
3016 4928 3294 5002 Ecclesia,
3331 4948 3462 5006 quas
3493 4935 3670 5007 pieta-

1983 5021 2118 5084 tem,
2158 5020 2213 5072 et
2239 5013 2572 5071 charitatem
2616 5019 2727 5072 toto
2759 5020 3040 5073 terrarum
3078 5016 3213 5076 orbe
3243 5019 3581 5098 specialiter,
3621 5029 3678 5080 et

1983 5104 2376 5178 principaliter
2399 5103 2582 5172 docet,
2613 5120 2688 5161 ex
2719 5104 3166 5166 imminentibus
3195 5116 3249 5166 et
3291 5111 3409 5182 jam
3439 5110 3680 5171 vibratis

185 5194 241 5252 in
271 5194 597 5253 anathema
640 5211 925 5264 corruere,
976 5197 1148 5255 etiam
1195 5197 1245 5254 si
1297 5213 1399 5270 per
1451 5198 1558 5254 hoc
1608 5196 1903 5253 valeamus
1984 5193 2244 5268 undique
2267 5192 2474 5265 gladiis
2513 5191 2664 5250 filios
2691 5209 2846 5260 suos,
2895 5211 3040 5269 quos
3085 5196 3342 5270 quotidie
3390 5213 3493 5270 per
3534 5201 3727 5260 sacri'

183 5285 453 5342 infirmis
491 5285 767 5344 fratribus
801 5286 1132 5344 subvenire.
1184 5287 1327 5345 Ecce
1355 5286 1594 5345 vibrasti
1624 5285 1901 5359 gladium,
1985 5281 2344 5356 baptismatis
2373 5282 2708 5354 mysterium
2749 5289 3001 5353 generat,
3030 5283 3271 5342 liberare
3314 5302 3427 5344 non
3454 5290 3680 5350 audet?

185 5371 434 5430 tentasti
473 5371 694 5430 vulnus
720 5372 1002 5446 inﬂigere,
1059 5374 1155 5432 sed
1205 5373 1430 5431 tibimet
1475 5373 1574 5431 ubi
1633 5373 1905 5446 clypeum
1993 5393 2013 5422 κ
2054 5370 2390 5430 Maledictus
2451 5371 2563 5441 vir,
2614 5371 2694 5428 ait
2745 5371 2906 5442 Saul,
2961 5373 3060 5444 qui
3113 5375 3425 5434 comederit
3475 5395 3684 5452 panem

179 5477 534 5535 opponeres,
571 5477 690 5519 non
719 5462 938 5520 vidisti.
974 5463 1254 5536 Nunquid
1288 5462 1392 5520 tibi
1417 5464 1534 5537 jam
1585 5462 1656 5519 de
1688 5475 1907 5518 memo—
1993 5476 2177 5535 usque
2217 5459 2287 5516 ad
2334 5474 2650 5530 vesperam,
2683 5460 2862 5518 donec
2901 5461 3144 5519 ulciscar
3184 5478 3274 5521 me
3315 5463 3386 5522 de
3432 5466 3689 5528 inimicis

180 5551 263 5611 ria
287 5551 547 5620 excidit,
587 5553 738 5624 quod
771 5553 1041 5627 superius
1073 5552 1305 5624 protuli,
1335 5551 1613 5625 quoniam
1641 5550 1702 5608 B.
1757 5551 1910 5610 Pau-
1991 5551 2136 5610 meis
2166 5553 2212 5615 (Ι
2229 5553 2362 5617 Reg.
2394 5555 2544 5617 XIV).
2579 5572 2602 5596 ι
2656 5549 2722 5606 In
2764 5550 2890 5619 hoc,
2922 5549 3068 5608 sicut
3123 5551 3353 5624 legitur,
3381 5558 3689 5616 anathema

182 5639 273 5698 lus
305 5641 374 5697 in
429 5637 682 5711 Epistola
715 5655 818 5698 sua
855 5639 996 5697 dicit
1023 5659 1035 5697 :
1078 5659 1103 5689 α
1135 5638 1280 5707 Quia
1312 5639 1361 5696 si
1387 5638 1905 5710 circumcidamini,
1989 5637 2266 5696 Jonathas
2295 5635 2535 5708 cecidit;
2567 5635 2666 5693 sed
2702 5651 2838 5693 eum
2871 5636 2942 5693 ab
2973 5637 3303 5698 imminenti
3336 5644 3534 5700 mortis
3559 5659 3687 5700 sen-

184 5729 470 5788 Cbristus
506 5729 673 5788 vobis
713 5729 795 5787 nil
834 5729 1130 5805 proderit?
1167 5753 1187 5780 -
1237 5731 1384 5800 (Gal.
1433 5734 1518 5797 v.)
1569 5729 1639 5786 Et
1692 5735 1905 5800 tamen,
1993 5727 2190 5798 tentia,
2222 5727 2488 5796 Charitas,
2521 5742 2636 5798 qua
2664 5742 2765 5799 pro
2785 5727 2995 5800 populo
3017 5736 3250 5788 strenue
3287 5731 3708 5802 dimicaverat,-
