4018 6194
307 351 376 411 79
759 348 816 408 S.
860 347 1079 407 PETRI
1122 345 1444 408 DAMIANI
1484 349 1642 410 OPP.
1685 351 1935 414 TOMUS
1981 354 2121 417 SEU
2162 358 2353 420 PARS
2391 362 2497 423 III.
2548 396 2603 406 -
2641 362 3029 428 OPUSCULA
3070 369 3335 432 VARIA.
3721 378 3790 436 80

309 474 593 534 liberavit.
626 473 728 531 Vis
760 473 959 531 audire
989 473 1126 547 quid
1163 473 1333 530 etiam
1367 475 1436 532 de
1468 473 1590 547 ipso
1619 474 1779 561 Jesu,
1836 479 2072 541 totiusA
2089 481 2240 553 juris
2282 485 2543 556 amittat;
2578 495 2633 545 et
2661 505 2835 561 quem
2865 499 3094 551 auctore
3150 495 3266 561 Deo
3318 496 3469 555 votis
3516 498 3789 558 omnibus
3866 527 3889 542 κ

305 563 725 659 benedictionis
746 568 995 659 auctore,
1028 563 1181 659 idem
1216 563 1524 635 Apostolus
1550 560 1748 659 dicat?
1785 593 1809 615 ‹‹
1842 567 2009 659 Chri-
2092 571 2493 641 praestolamur
2518 575 2589 631 ad
2630 560 2926 649 imperiale
2963 560 3279 655 fastigium,
3340 602 3451 643 non
3501 588 3786 659 permitti-

306 660 449 724 stus,
504 651 717 726 inquit,
752 658 857 743 ut
902 665 1006 707 nos
1062 649 1330 743 liberaret
1392 667 1425 707 a
1478 652 1787 743 maledicto
1843 655 2007 729 legis,
2091 672 2222 715 mus
2248 660 2320 716 ob
2364 660 2615 720 alienam
2654 662 2897 739 culpam’
2934 649 3126 743 regite
3155 649 3453 743 dignitatis
3493 649 3788 733 incurrere

304 744 487 802 factus
533 750 618 799 est
653 740 1023 797 maledictum
1074 735 1212 811 (G'al.
1240 746 1344 810 Ill).
1390 767 1415 789 »
1469 741 1529 800 Si
1573 759 1707 815 ergo
1747 745 1869 818 ipse
1906 763 2008 805 au-
2090 745 2523 807 detrimentum.
2750 735 2768 739 ’
2998 735 3027 743 ”

303 841 422 891 ctor
470 831 883 921 benedictionis
938 836 1191 921 aeternas,
1220 838 1291 921 ut
1326 847 1444 921 nos
1473 848 1505 888 a
1552 833 1786 892 vinculo
1827 837 2004 894 male-
2165 834 2272 891 Sed
2305 845 2368 893 ut
2394 844 2567 896 totam
2593 840 2869 900 inauditae
2902 846 3241 904 calamitatis
3286 855 3498 905 nostrae
3551 865 3786 921 percur-

302 922 570 980 diclionis
638 920 979 988 absolveret,
1053 918 1441 976 maledictioni
1513 936 1627 978 non
1690 930 1775 979 est
1838 924 2000 982 dedi-
2050 936 2285 995 .ramus
2342 925 2663 995 historiam,
2721 930 3046 1003 Stephanus
3109 934 3418 992 cardinalis
3494 918 3788 1009 presbyter

304 1020 511 1087 gnatus
558 1011 887 1083 subjacere;
948 1009 996 1066 si
1052 1010 1231 1065 sancti
1285 1010 1504 1082 quique
1552 1011 1642 1067 vel
1708 1012 1851 1071 Novi
1910 1013 1999 1071 vel
2087 1013 2412 1083 apostolicae
2467 1016 2636 1087 sedis,
2690 1020 2781 1076 vir
2830 1021 3096 1081 videlicet
3157 1031 3327 1082 tantae
3385 1026 3682 1098 gravitatis
3731 1034 3787 1084 et

303 1102 524 1160 Veteris
555 1099 925 1169 Testamenti,
957 1100 1094 1157 dum
1128 1099 1217 1157 sui
1246 1099 1448 1170 capitis
1480 1100 1781 1159 imitantur
1809 1119 2001 1160 exem—
2086 1098 2400 1159 honestatis
2446 1104 2627 1163 nitore
2670 1109 3015 1181 conspicuus
3046 1130 3061 1180 ;
3117 1113 3289 1169 tantis
3318 1114 3583 1186 denique,
3637 1113 3784 1171 sicut

301 1196 485 1267 plum,
540 1198 594 1248 et
644 1190 892 1247 infirmis
942 1189 1258 1277 subvenire
1311 1190 1585 1247 fratribus
1623 1191 1683 1247 in
1732 1192 2002 1263 periculis
2086 1206 2199 1248 non
2260 1194 2572 1275 obscurum
2637 1205 2740 1263 est,
2798 1200 3077 1259 virtutum
3141 1203 3379 1260 ﬂoribus
3444 1205 3779 1278 insignitus,

300 1282 731 1355 concupiscunt,
767 1286 823 1336 et
851 1280 1231 1335 anathematis
1262 1279 1460 1336 subire
1498 1280 1843 1338 sententiam
1874 1283 2005 1339 nul-
2083 1295 2217 1337 cum
2273 1283 2597 1354 apostolicis
2660 1285 2862 1344 litteris
2948 1290 3019 1346 ad
3086 1291 3278 1349 aulam
3355 1293 3571 1365 regiam
3637 1294 3783 1350 mis-

300 1373 527 1430 latenus
566 1369 1009 1442 perhorrescunt
1041 1386 1053 1424 :
1090 1382 1193 1424 cur
1241 1383 1427 1425 unum
1476 1368 1624 1425 mihi
1653 1370 1855 1427 niteris
1886 1371 1998 1427 im-
2084 1384 2200 1441 sus,
2253 1370 2324 1427 ab
2371 1372 2575 1431 aulicis
2639 1374 3200 1437 administratoribus
3256 1396 3371 1437 non
3432 1388 3516 1438 est
3563 1381 3779 1439 admis-

301 1469 501 1537 putare
550 1466 866 1533 peccatum,
917 1465 972 1514 et
1022 1457 1355 1515 charitatem
1413 1460 1483 1515 ad
1548 1461 1653 1517 hoc
1697 1460 1999 1519 induxisse

298 1569 417 1611 non
446 1548 739 1624 perspicis,
772 1563 906 1621 quae
921 1547 1103 1619 operit
1134 1546 1567 1605 multitudinem
1590 1546 2002 1620 peccatorum?

302 1648 346 1713 (1
368 1648 481 1700 Pet.
516 1648 623 1708 1V).
655 1638 953 1707 Quomodo
1004 1644 1199 1695 autem
1262 1653 1353 1695 me
1406 1638 1718 1712 cujuslibet
1750 1640 2001 1698 hominis

302 1732 588 1792 sententia
636 1730 792 1803 ligat,
844 1744 1019 1801 quem
1066 1728 1314 1786 Charitas
1359 1728 1501 1802 ipsa,
1544 1745 1674 1803 qum
1720 1731 1871 1789 Deus
1917 1737 2002 1788 est

2084 1475 2226 1531 sus;
2262 1462 2361 1519 sed
2411 1480 2511 1536 per
2565 1466 2825 1540 quinque
2884 1470 3001 1527 fere
3055 1472 3195 1541 dies,
3250 1473 3319 1530 ad
3373 1472 3436 1530 B.
3520 1474 3673 1531 Petri
3727 1481 3781 1531 et

2083 1549 2408 1621 apostolicae
2438 1554 2590 1611 sedis
2616 1554 2912 1627 injuriam,
2945 1574 3061 1630 prae
3091 1560 3311 1618 foribus
3344 1563 3554 1620 mansit
3578 1562 3778 1622 exclu-

2083 1653 2200 1698 sus.
2230 1638 2391 1708 Quod
2429 1641 2548 1712 ille,
2581 1650 2774 1716 utpote
2804 1646 2893 1703 vir
2939 1649 3154 1719 gravis,
3187 1657 3240 1706 et
3284 1652 3523 1722 patiens,
3581 1668 3777 1725 aequa-

2081 1727 2316 1787 nimiter
2346 1730 2475 1795 tulit
2506 1749 2519 1800 ;
2557 1731 2725 1804 legati
2763 1741 2954 1794 tamen
3003 1738 3280 1810 otiicium,
3330 1756 3444 1812 quo
3494 1741 3775 1813 fungeba-

300 1828 349 1893 (I
376 1827 532 1879 Joan.
586 1821 686 1891 1v),
727 1816 980 1876 liberat?
1024 1819 1333 1877 Erubescat
1378 1836 1512 1892 ergo
1562 1821 1805 1880 humani
1856 1820 2198 1900 ana-Btur,
2251 1817 2489 1890 implere
2551 1837 2665 1878 non
2730 1824 2936 1895 potuit.
2995 1826 3265 1885 Clausum
3320 1829 3534 1902 itaque,
3582 1830 3777 1901 signa-

300 1911 568 2000 thematis
609 1910 940 1983 imputator,
982 1923 1113 1966 cum
1153 1905 1250 1962 64
1300 1924 1400 1981 per
1434 1909 1727 1968 charitatis
1760 1909 2001 1982 gratiam

297 2004 529 2069 mecum
554 2006 629 2065 sit
653 2011 883 2063 mternae
914 2003 1337 2061 benedictionis
1356 2002 1635 2062 indultor’.

877 2123 1078 2188 Regius
1104 2121 1421 2175 advocatus.

370 2226 709 2299 Cuicunque
767 2224 831 2280 in
887 2221 1273 2295 disputatione
1322 2221 1562 2279 certanti
1615 2221 1821 2279 veritas
1877 2220 1999 2294 ipsa

298 2312 587 2378 defecerit,
655 2311 917 2383 ineptum
979 2315 1064 2367 est
1108 2309 1299 2367 adhuc
1340 2326 1441 2382 per
1498 2309 1768 2381 ambages
1827 2314 2000 2381 atque

298 2404 580 2462 versutias
606 2401 971 2475 pertinaciter
1038 2400 1193 2471 niti;
1266 2398 1577 2458 ridiculum
1633 2406 1717 2456 est
1779 2399 2001 2456 diutius

296 2494 487 2552 verbis
516 2490 931 2565 prolixioribus
963 2488 1259 2547 immorari
1289 2512 1301 2545 :
1331 2489 1402 2545 de
1434 2489 1668 2559 vinculo
1711 2488 1999 2559 siquidem

291 2581 697 2651 anatliematis,
742 2596 857 2653 quo
910 2588 961 2637 te
1020 2580 1297 2637 hactenus
1358 2578 1680 2635 arbitrabar
1735 2579 1994 2651 astringi,

294 2673 372 2730 ita
405 2680 455 2729 te
488 2672 710 2730 naviter
744 2670 1046 2743 expedisti,
1075 2676 1140 2726 ut
1189 2668 1336 2725 nihil
1366 2668 1436 2725 de
1483 2674 1687 2725 caetero
1741 2666 1843 2739 tibi
1895 2683 1996 2724 va-

292 2761 406 2818 leat
427 2760 618 2834 objici,
648 2759 732 2815 nil
764 2774 938 2830 super
970 2759 1076 2814 hoc
1132 2757 1384 2829 capitulo
1440 2756 1853 2813 rationabiliter
1880 2772 2000 2828 pos-

296 2849 366 2905 sit
392 2848 621 2921 opponi.
655 2847 1070 2904 Verumtamen
1098 2845 1290 2903 adhuc
1315 2845 1459 2902 mihi
1488 2844 1655 2902 video
1696 2844 1999 2902 materiam

293 2954 613 3012 superesse,
646 2953 817 3011 quam
857 2936 958 2994 tibi
1011 2936 1233 2994 valeam
1284 2940 1413 2994 non‘
1447 2935 1572 2992 sine
1616 2951 1787 2993 causa
1838 2935 1996 2992 relu-

293 3032 471 3083 ctator
533 3025 800 3099 objicere.
856 3023 1077 3095 Dicitis,
1120 3024 1259 3098 quia
1287 3025 1639 3096 ,necessitate
1685 3024 1994 3095 constricti,

293 3124 348 3174 et
420 3115 579 3173 velut
632 3114 863 3186 angusti
919 3113 1191 3186 temporis
1244 3113 1406 3170 brevi
1461 3115 1643 3186 spatio
1708 3113 1994 3184 coarctati,

289 3222 661 3281 nequaquam
690 3206 958 3278 potuistis
1000 3206 1062 3261 in
1118 3203 1396 3262 electione
1446 3203 1737 3277 pontiﬁcis
1789 3220 1987 3278 exspe-
2015 3192 2059 3251 Ο

285 3303 435 3354 ctare
486 3310 834 3353 consensum
904 3296 1078 3365 regite
1135 3291 1469 3365 majestatis,
1535 3293 1689 3365 quod
1748 3291 1995 3365 profecto

285 3383 561 3441 frivolum
595 3398 716 3439 esse
745 3381 1113 3455 perspicuum
1143 3387 1247 3437 est.
1279 3379 1513 3436 Constat
1544 3381 1699 3437 enim
1729 3388 1840 3436 tres
1866 3379 1996 3451 plus

286 3472 482 3529 minus
531 3486 759 3527 menses
813 3469 1046 3526 interim
1113 3468 1434 3526 decurrisse
1489 3484 1563 3525 ex
1613 3485 1728 3541 quo
1781 3476 1993 3525 sanctae

286 3562 585 3621 memoriae
610 3576 757 3634 papa
788 3560 1059 3618 Nicolaus
1091 3559 1380 3629 occubuit,
1406 3575 1591 3631 usque
1609 3560 1679 3615 ad
1706 3558 1994 3618 Kalendas

283 3653 544 3713 Octobris
571 3668 707 3711 cum
750 3652 855 3709 iste
904 3650 1194 3709 successit.
1249 3649 1562 3708 Videamus
1611 3666 1743 3724 ergo
1790 3650 1836 3707 si
1896 3666 1995 3723 per

281 3752 398 3803 tam
472 3758 757 3802 morosam
825 3741 1286 3815 longitudinem,
1352 3740 1656 3797 trimestris
1727 3740 1995 3807 videlicet

279 3836 469 3911 spatii,
500 3850 616 3893 non
660 3830 912 3905 potuerit
957 3830 1029 3887 ab
1073 3830 1206 3888 aula
1247 3829 1401 3903 regia
1437 3829 1804 3903 pragmatij
1858 3844 1993 3887 san-

276 3923 486 3983 ctionis
518 3921 681 3981 vobis
707 3923 925 3994 apocha
954 3917 1257 3992 reportari.

684 4034 942 4100 Defensor
988 4035 1241 4087 Romanae
1282 4033 1556 4086 Ecclesiae.

352 4144 495 4201 Ecce
549 4140 844 4212 compellis
892 4154 985 4195 me
1037 4138 1271 4211 vulgato
1332 4153 1598 4195 sermone
1649 4137 1989 4210 depromere

280 4233 438 4309 quod
465 4232 539 4289 ob
591 4227 912 4301 imperialis
940 4227 1137 4299 palatii
1187 4227 1569 4284 reverentiam
1625 4226 1991 4284 decreveram

285 4322 515 4379 silentio
547 4319 840 4393 praeterire
874 4336 887 4386 ;
916 4319 1015 4375 sed
1042 4317 1207 4390 juxta
1257 4323 1463 4376 vestrm
1490 4316 1704 4373 scilicet
1734 4317 1991 4374 exactio-

285 4411 379 4469 nis
438 4408 795 4475 instantiam,
851 4406 969 4479 jam
1029 4405 1353 4479 proferatur
1408 4405 1467 4462 in
1534 4404 1795 4462 medium
1847 4419 1991 4477 opus

285 4495 581 4569 egregium
636 4499 919 4561 vestrum,
987 4494 1220 4550 saeculis
1281 4493 1555 4550 omnibus
1629 4491 1984 4549 inauditum.

288 4584 559 4642 Rectores
590 4583 747 4641 enim
777 4582 928 4641 aulae
976 4581 1149 4654 regiae
1180 4597 1316 4639 cum
1365 4579 1665 4638 nonnullis
1694 4579 1996 4639 Teutonici

289 4677 451 4750 regni
482 4676 715 4744 sanctis,
769 4683 833 4732 ut
876 4675 953 4730 ita
1001 4672 1224 4745 loquar,
1277 4672 1556 4747 episcopis
1602 4672 1997 4745 conspirantes

285 4774 483 4825 contra
539 4764 860 4823 Romanam
908 4760 1241 4827 Ecclesiam,
1301 4760 1604 4818 concilium
1663 4761 1993 4834 collegistis,

290 4875 405 4933 quo
446 4870 649 4930 papam
700 4852 865 4925 quasi
920 4865 1022 4922 per
1070 4847 1404 4923 synodalem
1462 4850 1804 4906 sententiam
1857 4865 1994 4906 con-

291 4944 626 5013 demnastis,
678 4949 732 4999 et
784 4942 998 5007 omnia,
1062 4956 1194 5013 quae
1250 4941 1321 4997 ab
1373 4954 1439 4996 eo
1499 4940 1727 4996 fuerant
1765 4947 1995 5012 statuta,

293 5030 867 5104 cassareincredibili
915 5045 1153 5103 prorsus
1211 5029 1453 5086 audacia
1496 5029 1993 5101 praesumpsistis:

294 5125 354 5181 in
380 5139 495 5197 quo
524 5120 950 5180 nimirumnon
983 5117 1170 5175 dicam
1197 5116 1437 5189 judicio,
1491 5118 1590 5175 sed
1634 5116 1992 5190 przejudicio,

294 5208 549 5282 idipsum
598 5221 853 5287 quoque.
879 5203 1272 5278 privilegium,
1326 5202 1480 5274 quod
1530 5203 1647 5276 regi
1688 5203 1997 5276 prmdictus

296 5315 441 5373 papa
497 5298 837 5367 contulerat,
892 5296 940 5353 si
1010 5294 1202 5352 dicere
1266 5294 1451 5364 liceat,
1508 5295 1814 5354 vacuastis.
1852 5296 1995 5354 Nam

296 5386 457 5455 dum,
492 5385 774 5459 quidquid
814 5384 913 5441 ille
966 5383 1280 5454 constituit,
1338 5392 1527 5441 vestra
1569 5387 1849 5444 sententia
1893 5388 1993 5444 de-

296 5483 581 5544 cernente,
626 5475 985 5545 destruitur;
1040 5482 1453 5547 consequenter
1503 5475 1671 5532 etiam
1704 5476 1782 5547 id,
1841 5480 1995 5553 quod

296 5565 369 5623 ab
399 5578 465 5621 eo
498 5562 618 5635 regi
659 5563 982 5635 praestitum
1041 5563 1247 5632 fuerat,
1295 5561 1572 5621 aboletur.
1618 5562 1725 5621 Sed
1774 5566 1921 5623 absit
1960 5584 1993 5623 a

297 5653 483 5723 nobis,
545 5658 608 5708 ut
661 5657 889 5724 propter
944 5650 1253 5725 cujuslibet
1311 5651 1567 5709 hominis
1625 5650 1993 5713 insolentiam

258 5756 420 5812 'rcx,
449 5738 553 5810 qui
598 5738 878 5797 innocens
914 5746 1055 5806 erat,
1086 5744 1369 5810 quantum
1415 5740 1486 5797 ad
1538 5754 1664 5811 nos,
1723 5757 1842 5801 rem
1899 5742 1988 5801 sui

2008 4544 2056 4601 D

2084 1912 2326 1980 tumque
2352 1905 2446 1963 65
2478 1911 2816 1984 mysterium
2866 1914 3119 1985 concilii,
3154 1916 3321 1987 cujus
3367 1924 3486 1974 erat
3518 1918 3777 1991 gerulus,

2086 1996 2302 2067 retulit,
2367 1999 2504 2072 quia
2563 2001 2713 2073 regis
2780 2016 2912 2060 eum
2979 2006 3315 2076 praesentari
3383 2008 3783 2079 conspectibus

2083 2088 2392 2146 curialium
2420 2089 2717 2161 plectenda
2748 2093 3041 2150 temeritas
3071 2110 3187 2151 non
3240 2096 3520 2167 permisit.
3551 2097 3615 2155 In
3665 2113 3782 2171 qua

2083 2174 2365 2232 nimirum
2429 2176 2742 2249 inopinatae
2804 2181 3271 2253 praesumptionis
3325 2185 3562 2243 audacia
3630 2192 3784 2242 tanta

2081 2264 2414 2338 disputandi
2472 2267 2764 2326 videretur
2808 2269 2997 2329 inesse
3039 2272 3298 2343 materia,
3357 2281 3421 2331 ut
3467 2280 3521 2331 et
3576 2275 3783 2332 Demo-

2081 2355 2751 2436 sthenis‘eloquentiam
2816 2360 3024 2432 vincat,
3087 2370 3141 2419 et
3190 2363 3413 2435 copiam
3490 2364 3781 2423 Tullianae

2082 2445 2369 2503 facultatis
2406 2448 2662 2504 excedat.
2699 2448 2864 2505 Unde
2919 2450 2967 2507 si
3017 2450 3299 2508 vellemus
3347 2451 3621 2523 injuriam
3671 2468 3780 2510 no-

2080 2539 2255 2589 stram
2284 2533 2598 2592 districtius
2636 2536 2924 2611 persequi,
2947 2536 3079 2609 jure
3118 2554 3415 2608 possemus
3452 2539 3779 2607 obtendere,

2078 2623 2215 2694 quia
2244 2639 2343 2681 vos
2378 2624 2653 2682 Romauze
2683 2625 2970 2693 Ecclesiae,
3034 2629 3407 2700 vosmetipsos
3454 2629 3577 2701 ipso
3626 2627 3779 2685 dono

2078 2711 2364 2782 privastis,
2398 2713 2497 2785 qui
2528 2713 2741 2770 scilicet
2772 2714 2824 2770 ei
2846 2714 3160 2786 praejudicii
3193 2716 3365 2772 vestri
3408 2716 3582 2788 gratis
3637 2732 3778 2773 con-

2081 2798 2376 2855 tumeliam
2407 2799 2703 2856 intulistis.
2732 2800 2836 2858 Ille
2878 2801 3094 2874 quippe
3124 2802 3312 2860 fmdus
3345 2802 3615 2859 amicitiae
3655 2802 3780 2859 vio-

2086 2889 2179 2957 lat,
2233 2888 2335 2961 qui
2386 2889 2563 2961 gratis
2609 2888 2864 2947 amicuin
2932 2905 3033 2962 per
3077 2889 3413 2946 offensionis
3459 2888 3782 2945 molestiam

2080 2976 2287 3049 pulsat.
2321 2978 2465 3035 Nam
2510 2987 2564 3037 et
2602 2979 2884 3037 Dominus
2913 2979 3135 3038 Judzeis
3180 2996 3279 3052 per
3315 2978 3623 3037 Jeremiam
3650 2979 3731 3036 ait
3764 2996 3777 3028 :

2084 3067 2281 3124 «Ecce
2326 3067 2527 3124 feriam
2557 3067 2756 3126 domui
2806 3067 2999 3130 Israel,
3053 3074 3107 3125 et
3158 3068 3355 3125 domui
3405 3068 3553 3127 Juda
3593 3068 3783 3127 foedus

2083 3171 2317 3225 novum,
2368 3173 2485 3215 non
2543 3158 2860 3215 secundum
2909 3164 3140 3231 pactum
3190 3158 3342 3232 quod
3402 3159 3593 3233 pepigi
3644 3175 3782 3216 cum

2079 3246 2339 3318 patribus
2369 3261 2590 3315 eorum,
2627 3257 2856 3320 pactum
2882 3247 3035 3320 quod
3082 3248 3315 3305 irritum
3366 3247 3623 3306 fecerunt
3651 3250 3779 3321 (Jer.

2079 3339 2275 3409 XXXI).
2308 3358 2334 3389 »
2366 3335 2472 3394 Ille
2491 3353 2626 3410 ergo
2646 3336 2877 3396 irritum
2902 3338 3087 3395 reddit
3108 3338 3374 3397 beneficii
3404 3347 3650 3411 pactum,
3675 3339 3782 3412 qui

2076 3425 2233 3499 prior
2293 3425 2471 3484 violat
2534 3426 2804 3485 amicitiae
2861 3436 3307 3486 sacramentum.
3365 3427 3774 3486 Verumtamen

2076 3513 2335 3571 Romana
2391 3514 2643 3573 Ecclesia
2698 3531 2814 3574 non
2869 3516 2993 3573 vult
3032 3531 3340 3588 exagerare
3377 3515 3529 3588 quod
3579 3523 3775 3589 pertu-

2076 3601 2171 3672 lit;
2223 3603 2322 3659 sed
2374 3618 2740 3675 perseverare
2793 3604 2950 3678 cupit
3005 3604 3065 3661 in
3114 3618 3357 3670 munere
3408 3604 3563 3676 quod
3616 3605 3775 3678 regio

2075 3691 2316 3749 culmini
2340 3690 2655 3753 liberaliter
2681 3694 3050 3767 prmrogavit.

2654 3813 2854 3880 Regius
2883 3812 3199 3869 advocatus.

2145 3916 2308 3985 Quod
2349 3917 2584 3975 domino
2623 3924 2818 3976 nostro
2865 3918 2984 3991 regi
3034 3924 3367 3978 reverenter
3401 3918 3638 3977 ascribis
3677 3918 3781 3975 in-

2075 4008 2421 4077 nocentiam,
2463 3996 2637 4080 digne
2667 4008 2849 4065 facis:
2902 4007 3055 4082 quod
3103 4014 3298 4066 autem
3350 4007 3775 4066 administrato-

2076 4094 2234 4153 ribus
2262 4096 2412 4153 aulae
2460 4096 2701 4167 publicaz
2746 4096 3008 4153 devolvis
3054 4112 3084 4153 e
3133 4096 3363 4153 diverso
3400 4094 3779 4163 calumniam,

2076 4185 2306 4241 videtur
2332 4185 2634 4258 injustum.
2669 4183 2964 4256 Quidquid
2997 4183 3152 4239 enim
3186 4185 3337 4241 circa
3367 4198 3467 4240 vos
3495 4183 3557 4239 in
3580 4184 3784 4257 hujus-

2076 4272 2229 4329 modi
2279 4272 2506 4330 casibus
2552 4278 2744 4328 actum
2768 4276 2870 4338 est,
2923 4271 2993 4328 ad
3044 4272 3148 4327 hoc
3196 4287 3301 4329 nos
3350 4273 3527 4345 regiae
3577 4272 3786 4329 matris

2075 4360 2308 4433 impulit
2337 4360 2636 4433 imperiale
2681 4367 3053 4432 praeceptum,
3083 4376 3199 4418 non
3222 4360 3469 4434 propriae
3493 4360 3786 4417 libertatis

2074 4448 2401 4506 arbitrium.

2503 4542 2761 4606 Defensor
2782 4543 3037 4595 Romanae
3065 4542 3337 4597 Ecclesia.

2150 4648 2219 4705 Et
2248 4664 2351 4722 ego
2401 4647 2505 4704 tibi
2540 4647 2861 4705 secundum
2897 4647 3085 4706 cordis
3113 4648 3196 4705 tui
3229 4646 3502 4705 duritiam
3528 4659 3770 4717 respon-

2079 4737 2224 4795 debo
2260 4756 2271 4794 :
2303 4736 2429 4794 dico
2478 4737 2655 4794 enim
2688 4736 2824 4809 quia
2864 4736 2963 4794 Dei
3014 4735 3426 4808 omnipotentis
3475 4733 3774 4806 obtempe-

2080 4842 2205 4884 rare
2232 4826 2597 4884 sermonibus
2623 4826 2935 4899 aliquando
2965 4831 3255 4899 peccatum
3285 4832 3391 4881 est.

2645 4956 2845 5022 Regius
2884 4953 3198 5007 advocatus.

2151 5062 2239 5117 Ad
2269 5060 2395 5129 hoc,
2427 5060 2583 5133 quod
2631 5059 2859 5130 asseris,
2908 5075 3070 5116 mens
3113 5059 3370 5115 humana
3424 5056 3780 5127 concutitur,

2080 5156 2135 5208 et
2163 5148 2503 5207 Christiania
2524 5150 2749 5223 pietatis
2778 5153 2924 5208 ferre
2945 5165 3060 5208 non
3094 5150 3241 5207 valet
3270 5149 3528 5208 auditus.

2510 5279 2768 5345 Defensor
2786 5280 3039 5333 Romanae
3064 5279 3337 5335 Ecclesiae.

2148 5383 2292 5453 Quia
2345 5384 2451 5441 hoc
2503 5388 2793 5456 tantopere
2840 5384 3088 5453 miraris,
3143 5383 3287 5441 illud
3341 5385 3514 5442 etiam
3568 5400 3778 5442 conse-

2078 5480 2319 5547 quenter
2339 5472 2564 5545 adjicio,
2596 5472 2732 5545 quia
2759 5478 2986 5544 propter
3024 5473 3146 5541 hoc,
3188 5472 3340 5545 quod
3388 5474 3504 5531 Deo
3531 5473 3773 5548 quidam

2074 5570 2370 5635 promptus
2398 5560 2670 5632 obedivit,
2701 5560 2960 5619 funditus
2998 5560 3167 5634 periit
3199 5585 3211 5617 :
3241 5561 3392 5619 alius
3423 5562 3496 5619 ob
3524 5561 3602 5629 id,
3633 5562 3780 5635 quia.

2074 5650 2463 5725 obtemperare
2489 5650 2865 5724 comtempsit,
2894 5651 2967 5709 ad
2993 5651 3298 5710 cumulum
3328 5652 3528 5724 gratiae
3556 5652 3779 5725 plenio-

2074 5742 2153 5800 ris
2175 5742 2448 5801 ascendit.
