4018 6194
273 260 338 318 81

843 394 1043 460 Regius
1097 394 1410 451 advocatus.

342 473 695 534 Incredibile
732 484 816 535 est
845 478 1028 548 valde,
1072 481 1222 552 quod
1261 482 1405 541 dicis
1441 508 1452 541 :
1497 495 1896 549 verumtamen
1927 495 1975 550 si

271 561 433 619 voles
475 563 763 654 exemplis
811 567 1125 640 approbare
1179 571 1331 644 quod
1378 573 1656 648 loqueris,
1703 579 1794 637 dic
1844 582 1977 654 quis

269 665 536 726 unquam
563 651 680 710 Deo
708 655 980 726 obedivit,
1013 673 1078 714 ac
1109 669 1403 732 propterea
1432 665 1650 736 periit?

697 752 959 817 Defensor
993 755 1246 811 Romana:
1280 761 1548 820 Ecclesia.

338 836 466 894 Non
502 842 555 895 te
583 837 739 908 latet,
774 841 911 912 quia
953 842 1119 902 Judas
1162 846 1436 919 Iscarioti,
1477 852 1578 924 qui
1602 853 1722 926 jam
1750 864 1976 931 accepto

245 927 510 1000 consilio
569 944 706 987 eum
760 931 1079 1008 traditurus
1135 943 1272 1007 erat,
1326 936 1420 992 66
1479 941 1760 1003 Dominus
1826 927 1906 1006 ait
1957 969 1970 1007 :

268 1040 297 1064 σι
343 1014 508 1084 Quod
559 1017 717 1088 facis,
769 1020 856 1078 fac
896 1020 1068 1080 citius
1111 1025 1284 1094 (Joan.
1335 1031 1483 1102 XIII).
1531 1054 1555 1080 ιο
1600 1032 1968 1111 Postmodum

261 1117 519 1178 quoque,
550 1121 685 1164 cum
717 1108 787 1164 ad
818 1110 943 1182 ejus
971 1113 1236 1172 osculum
1274 1119 1540 1178 accedere
1569 1108 1974 1199 pnesumpsis-

263 1199 368 1260 set,
399 1193 609 1289 adjecit
639 1220 650 1253 :
696 1224 722 1247 ιε
747 1200 969 1269 Amice,
1001 1204 1074 1260 ad
1096 1204 1237 1276 quid
1266 1207 1522 1267 venisti?
1549 1193 1588 1265 ››“
1608 1193 1972 1289 subauditur,

261 1281 494 1350 perﬁce.
549 1280 658 1341 Sed
697 1287 835 1358 quia
883 1290 1060 1347 miser
1109 1292 1202 1349 his
1253 1298 1620 1358 sermonibus
1671 1280 1976 1364 efﬁcaciter

258 1366 541 1441 obedivit,
578 1371 1032 1435 irrevocabiliter
1059 1381 1248 1452 periit.
1507 1441 1512 1447 .
1626 1420 1629 1421 ν

839 1477 1040 1543 Regius
1093 1478 1404 1536 advocatus.

325 1562 527 1636 Hujus
578 1569 986 1642 propositionis
1039 1576 1259 1635 ratione
1317 1580 1560 1653 reddita,
1612 1584 1786 1643 redde
1838 1602 1972 1645 con-

250 1659 573 1725 sequenter
628 1657 887 1728 alterius,
945 1663 1078 1736 quis
1134 1665 1351 1725 scilicet
1409 1669 1512 1728 Dei
1565 1675 1974 1747 omnipotentis

1273 272 1522 333 OPUSC.
1563 274 1660 334 IV.
1694 307 1760 320 -~
1798 278 2285 342 DISCEPTATIO
2325 285 2760 350 SYNODALIS.

3689 293 3760 350 82

1989 404 2164 464 Asuo
2213 422 2328 464 non
2380 413 2647 484 pepercit,
2701 414 2797 471 sed
2846 415 3164 487 pro'nobis
3208 417 3484 476 omnibus
3526 417 3760 474 tradidit

2059 491 2226 550 illum
2283 500 2456 564 (Rom.
2511 501 2653 569 VIII).
2715 523 2741 552 ››
2792 500 2897 560 Cui
2957 510 3011 561 et
3071 505 3340 563 Salomon
3388 506 3504 563 ait:
3549 530 3575 553 «
3607 505 3755 564 Cum

2059 582 2138 640 sis
2176 585 2394 657 justus,
2443 595 2497 646 et
2542 591 2737 649 omnia
2768 593 2925 666 juste
2955 596 3243 669 disponas,
3277 596 3468 669 ipsum
3503 612 3754 670 quoque,

2059 674 2160 745 qui
2207 689 2320 732 non
2365 677 2532 736 debet
2580 682 2796 753 puniri,
2845 687 3196 744 condemnas
3235 690 3386 759 (Sap.
3420 689 3500 759 II).
3538 709 3558 738 ι
3594 687 3757 756 Quod

2057 770 2251 822 autem
2301 781 2361 823 se
2418 767 2603 826 Filius
2650 773 2963 845 tradiderit,
3018 776 3184 834 idem
3215 777 3356 836 dicit
3399 775 3752 850 Apostolus:

2061 870 2087 903 «
2141 851 2250 920 Qui
2304 869 2394 912 me
2445 856 2669 928 dilexit,
2731 868 2785 917 et
2835 863 3066 922 tradidit
3117 865 3382 938 seipsum.
3421 881 3522 938 pro
3578 883 3690 924 me.
3737 891 3758 916 ι

2056 941 2220 1009 Quod
2266 949 2458 1002 autem
2511 953 2566 1004 et
2619 947 2866 1021 Spiritus
2914 960 3145 1012 sanctus
3199 954 3492 1014 tradiderit
3539 955 3758 1014 Filium

2060 1032 2347 1108 Sapientia
2393 1039 2674 1112 perhibet,
2730 1043 2926 1103 dicens
2964 1070 2975 1102 :
3043 1072 3062 1097 ι
3120 1047 3417 1119 Benignus
3465 1055 3550 1106 est
3598 1047 3757 1106 enim

2061 1122 2310 1196 Spiritus
2357 1129 2670 1201 sapientiae,
2715 1140 2771 1191 et
2825 1152 2933 1194 non
2987 1137 3254 1196 liberabit
3305 1139 3676 1196 maledictum
3723 1153 3757 1194 a

2057 1211 2227 1270 labiis
2268 1215 2388 1274 suis
2425 1219 2574 1291 (Sap.
2607 1225 2667 1288 I).
2722 1245 2741 1272 ι
2799 1223 3080 1284 Maledicti
3131 1226 3281 1298 apud
3339 1233 3556 1285 veteres
3603 1226 3756 1283 dice-

2057 1299 2268 1358 bantur
2321 1319 2521 1362 omnes
2585 1309 2682 1383 qui
2756 1311 3082 1383 pendebant
3134 1313 3196 1370 in
3260 1313 3435 1385 ligno.
3493 1313 3758 1371 Christus

2058 1395 2272 1461 autem,
2319 1400 2379 1450 ut
2422 1395 2732 1468 Apostolus
2769 1399 2925 1470 dicit,
2971 1408 3181 1467 _ut,nos
3213 1402 3479 1461 liberaret
3508 1419 3543 1461 a
3573 1401 3760 1459 male-

2058 1480 2228 1552 dicto,
2263 1484 2444 1542 factus
2478 1492 2561 1544 est
2595 1488 2966 1549 maledictum
2990 1494 3137 1565 (Gal.
3172 1500 3276 1564 III).
3333 1493 3582 1567 Spiritus
3625 1501 3772 1552 vero

2057 1581 2289 1632 sanctus
2334 1591 2448 1635 non
2480 1576 2745 1637 liberavit
2785 1581 3154 1641 maledictum
3191 1601 3220 1642 a
3252 1585 3420 1642 labiis
3450 1584 3591 1654 suis,
3620 1585 3759 1658 quia

2057 1677 2188 1735 quae
2215 1679 2316 1737 per
2343 1681 2441 1724 ora
2470 1668 2880 1740 prophetarum
2928 1671 2998 1729 de
3037 1671 3248 1731 Christi
3286 1674 3554 1746 passione
3595 1673 3755 1732 locu-

249 1739 651 1802 obedientiam
683 1748 917 1820 sprevit,
953 1757 1008 1808 et
1036 1759 1268 1826 propter
1297 1755 1406 1814 hoc
1433 1739 1810 1832 copiosiorem
1837 1779 1968 1838 gra-
1990 1759 2037 1820 B
2057 1758 2144 1810 ius
2173 1760 2277 1824 θεῖ,
2308 1771 2420 1812 Ποη
2451 1739 2748 1830 DPOhibUit
2789 1778 2802 1828 ς
2851 1761 2952 1818 sed
2983 1777 3154 1834 super
3182 1739 3314 1820 01111.1
3344 1763 3469 1820 Sine
3495 1762 3756 1821 diminu‘

253 1832 396 1890 tiam
433 1837 650 1894 meruit
673 1834 701 1894 ?

686 1941 950 2007 Defensor
978 1945 1234 2000 Romanae
1269 1948 1540 2006 Ecclesia.

326 2029 390 2089 Si
419 2030 606 2105 placet
636 2035 744 2093 hoc
784 2037 845 2094 in
884 2032 1230 2099 memoriam
1255 2059 1457 2103 revoca
1496 2050 1648 2120 quod
1687 2051 1969 2112 Dominus

249 2119 324 2176 ad
372 2120 690 2181 Jeremiam
735 2125 930 2184 dixit:
972 2153 991 2178 ι
1028 2129 1186 2189 Vade
1228 2133 1298 2189 ad
1345 2119 1586 2194 domum
1625 2139 1968 2200 Rechabita-

252 2224 410 2279 rum,
441 2218 495 2267 et
526 2210 761 2286 loquere
791 2214 894 2284 eis,
929 2223 982 2274 et
1010 2217 1344 2279 introduces
1374 2223 1431 2280 in
1464 2224 1704 2284 domum
1733 2229 1969 2290 Domini

251 2297 312 2353 in
358 2304 544 2357 unam
585 2302 858 2361 exedram
906 2306 1328 2383 thesaurorum,
1371 2318 1425 2370 et
1469 2314 1632 2372 dabis
1660 2316 1743 2374 eis
1773 2318 1970 2380 bibere

256 2386 472 2478 vinum
515 2389 642 2460 (Jer.
689 2389 908 2464 XXXV).
937 2419 964 2444 υ
1009 2396 1071 2453 Ει
1115 2399 1291 2470 paulo
1339 2408 1462 2473 post
1507 2405 1782 2478 propheta
1826 2409 1968 2467 sub-

249 2475 488 2582 jungit':
538 2504 559 2526 -
600 2479 668 2536 Et
710 2483 875 2576 posui
926 2501 1117 2582 coram
1175 2487 1314 2546 ﬁliis
1351 2475 1799 2582 Rechabitarum
1839 2513 1968 2572 scy-

254 2561 397 2634 phos
423 2563 628 2635 plenos
663 2568 822 2638 vino,
857 2577 912 2628 et
941 2571 1166 2645 calices,
1214 2583 1267 2632 et
1311 2561 1437 2634 di‘xi
1482 2579 1552 2636 ad
1600 2597 1696 2638 eos
1730 2602 1742 2640 :
1779 2561 1968 2676 Bibi-te

251 2652 497 2724 vinum;
524 2657 625 2728 qui
653 2662 1105 2732 responderunt:
1141 2663 1265 2723 Non
1286 2667 1552 2726 bibemus
1577 2671 1802 2743 vinum,
1829 2652 1966 2750 quia

248 2739 514 2801 Jonadab
563 2754 724 2818 pater
766 2760 958 2810 noster
1004 2755 1276 2828 przecepit
1317 2757 1502 2827 nobis,
1547 2760 1744 2820 dicens
1774 2739 1796 2819 τ’
1837 2739 1964 2822 Non

244 2833 464 2894 bibetis
501 2839 703 2898 vinum
735 2859 836 2901 vos
875 2852 928 2902 et
972 2847 1081 2905 ﬁlii
1134 2850 1306 2907 vestri
1344 2868 1530 2926 usque
1571 2854 1631 2912 in
1664 2858 1962 2932 sempiter-

247 2939 418 2984 num.
462 2949 482 2978 ο
532 2927 692 2988 Unde
725 2935 1092 3005 postmodum
1138 2935 1420 2999 Jeremias
1462 2943 1540 2999 ait
1575 2944 1706 3002 eis:
1761 2927 1803 2998 ί
1825 2948 1964 3007 Haec

247 3011 390 3069 dicit
421 3013 706 3075 Dominus
742 3019 894 3080 Deus
933 3027 1297 3085 exercituum
1326 3053 1337 3085 :
1375 3029 1499 3087 Non
1528 3031 1754 3091 deficiet
1777 3036 1866 3093 vir
1893 3038 1962 3096 de

2053 1841 2208 1900 tione
2237 1845 2511 1920 compleri
2558 1854 2762 1905 cuncta
2806 1851 3086 1921 permisit.
3139 1851 3288 1924 Ergo
3327 1853 3648 1911 secundum
3680 1858 3754 1920 te,

2051 1931 2152 2004 qui
2185 1948 2299 1990 non
2344 1935 2415 1994 de
2460 1936 2648 1994 cordis
2680 1938 3019 2010 intentione,
3058 1942 3156 2000 sed
3191 1957 3415 2016 semper
3451 1959 3524 2000 ex
3570 1942 3760 2016 operis

2050 2019 2141 2076 vis
2175 2023 2476 2094 superﬁcie
2505 2023 2804 2097 judicare:
2862 2028 2910 2084 si
2955 2027 3121 2086 Pater
3167 2029 3400 2088 tradidit
3432 2029 3672 2100 Filium,
3704 2033 3760 2088 et

2053 2108 2174 2182 ipse
2210 2126 2268 2167 se
2305 2111 2536 2170 tradidit
2568 2114 2775 2185 Filius,
2825 2116 3061 2190 insuper
3116 2124 3170 2176 et
3219 2117 3466 2192 Spiritus
3503 2126 3756 2191 sanctus,

2051 2197 2230 2256 Judas
2261 2199 2402 2272 quid
2451 2201 2588 2258 mali
2632 2202 2815 2261 fecit?
2869 2202 3036 2262 Facta
3075 2214 3159 2264 est
3207 2205 3439 2265 traditio
3485 2223 3518 2265 a
3571 2207 3756 2279 Patre,

2053 2288 2198 2351 facta
2227 2295 2311 2346 est
2336 2304 2368 2345 a
2400 2289 2566 2355 Filio,
2617 2307 2721 2349 nec
2771 2309 2884 2350 non
2922 2309 2955 2350 a
3004 2293 3224 2365 Spiritu
3254 2295 3467 2363 sancto,
3497 2296 3645 2354 facta
3673 2303 3758 2354 est

2052 2384 2107 2435 et
2135 2393 2169 2434 a
2196 2377 2227 2435 J
2235 2378 2366 2435 uda.
2397 2377 2523 2436 Una
2553 2396 2641 2438 res
2688 2398 2721 2439 a
2750 2382 3019 2455 pluribus
3072 2384 3214 2442 facta
3246 2391 3365 2458 gest,
3415 2386 3513 2443 sed
3557 2387 3757 2444 eadem

2053 2483 2143 2524 res
2200 2467 2260 2525 in
2317 2470 2713 2542 operatoribus
2751 2453 3150 2533 discernenda
3210 2453 3311 2534 e‘SI.
3371 2476 3531 2546 Quod
3596 2475 3784 2538 enim

2047 2557 2206 2616 Deus
2253 2560 2619 2632 omnipotens
2664 2577 2735 2619 ex
2784 2565 3078 2636 charitate,
3129 2567 3236 2624 hoc
3281 2567 3460 2625 Judas
3504 2568 3636 2626 fecit
3675 2584 3753 2627 ex

2049 2648 2314 2721 pecunias
2343 2650 2712 2722 acquirendae
2761 2653 3265 2729 cupidirie.‘Quod
3317 2656 3470 2714 Deus
3508 2657 3638 2714 fecit
3681 2659 3750 2716 ad

2051 2728 2252 2795 salutis
2281 2743 2493 2796 nostrae
2518 2740 2859 2811 remedium,
2891 2742 2998 2800 hoc
3022 2728 3124 2800 ille
3147 2743 3278 2802 fecit
3301 2745 3372 2802 ad
3393 2744 3753 2817 explendum

2050 2827 2398 2885 insatiabilis
2442 2829 2698 2887 avaritiae
2750 2837 2973 2890 votum.
3029 2832 3207 2893 Vides
3259 2851 3394 2908 ergo
3443 2836 3580 2908 quia
3635 2851 3753 2895 non

2047 2917 2188 2990 quid
2218 2917 2392 2975 homo
2423 2918 2610 2990 faciat,
2640 2919 2919 2979 debemus
2947 2924 3238 2982 attendere
3266 2942 3280 2994 ;
3329 2926 3426 2982 sed
3472 2941 3588 2999 quo
3624 2927 3753 2983 ani-

2045 3020 2141 3061 mo
2188 3012 2242 3062 et
2292 3006 2591 3064 voluntate
2640 3007 2826 3079 faciat,
2875 3008 3184 3083 diligenter
3213 3014 3569 3072 examinare.
3604 3015 3751 3073 Nam

247 3100 430 3174 stirpe
462 3102 721 3164 Jonadab
765 3109 873 3166 ﬁlii
909 3110 1159 3184 Rechab,
1206 3123 1362 3173 stans
1399 3119 1460 3175 in
1496 3130 1799 3192 conspectu
1834 3094 2023 3184 meoC
2047 3095 2094 3193 ,Si
2141 3094 2583 3193 δοιδμᾱυηῳχδί
2617 3099 2908 3193 ΞΧῘθΓίθΐδ
2941 3101 3371 3193 ΡΘΓΡΘἘῙ.(ῘῘΨ“⁸’
3413 3102 3752 3193 ῘΠῨΘΠΠΠΠΒ

249 3192 482 3248 cunctis
509 3192 732 3253 diebus.
767 3223 792 3245 υ
827 3198 969 3257 Ecce
995 3201 1092 3259 ille
1121 3204 1271 3262 male
1297 3206 1589 3278 obediens,
1619 3211 1961 3283 perfunctus

248 3278 602 3340 obedientiae
642 3301 882 3346 munere
909 3293 1160 3350 cucurrit
1195 3295 1264 3352 ad
1295 3295 1569 3370 laqueum
1597 3278 1742 3358 :‘isti
1776 3301 1960 3360 felici-

248 3377 331 3426 ter
362 3371 778 3444 inobedientes,
824 3385 1163 3452 perpetuum
1198 3383 1520 3444 Conditoris
1559 3389 1651 3446 sui
1698 3406 1962 3451 meruere

247 3467 645 3534 conspectum.
675 3463 794 3522 Hoc
835 3466 1004 3525 etiam
1037 3470 1109 3527 ad
1141 3471 1249 3529 hoc
1288 3473 1459 3544 valet,
1499 3476 1959 3553 quod‘superius

246 3549 475 3608 dictum
505 3559 607 3622 est,
639 3555 773 3627 quia
800 3571 933 3616 cum
968 3575 1169 3634 papam
1199 3563 1326 3622 sine
1355 3549 1640 3625 consensu
1673 3549 1822 3641 regis
1851 3572 1958 3630 eli-

247 3640 464 3711 gimus,
497 3657 612 3699 non
640 3651 868 3718 prmsto,
899 3649 1051 3720 quod
1081 3651 1442 3712 extrinsecus
1470 3661 1662 3713 actum
1691 3640 1775 3715 est
1803 3659 1956 3735 diju-

245 3729 463 3800 dicare,
510 3732 609 3790 sed
651 3737 840 3807 potius
868 3754 984 3810 quo
1011 3741 1225 3811 animo,
1273 3748 1327 3799 et
1373 3759 1488 3817 qua
1520 3745 1841 3807 intentione
1859 3729 1956 3808 'sit

245 3817 483 3892 factum,
516 3821 798 3884 deberetis
827 3826 1132 3901 diligenter
1164 3832 1474 3892 attendere.

822 3930 1023 3996 Regius
1063 3931 1376 3989 advocatus.

313 4015 455 4075 Haec
509 4027 850 4090 argumenta
905 4024 1071 4083 nobis
1125 4027 1436 4087 domestica
1485 4039 1641 4104 sunt,
1694 4042 1749 4092 et
1797 4053 1950 4097 nun-

241 4121 414 4180 quam
457 4108 754 4181 deﬁciunt,
803 4113 939 4186 quia
980 4114 1050 4170 de
1089 4120 1498 4189 promptuariis
1528 4123 1946 4194 proferuntur;

237 4209 471 4266 semper
513 4195 672 4253 enim
713 4213 1021 4271 possumus
1057 4201 1119 4258 in
1156 4204 1321 4276 pravi
1359 4208 1550 4278 operis
1591 4211 1950 4272 exhibitione

237 4282 606 4356 delinquere,
635 4293 691 4343 et
715 4288 852 4361 quia
878 4291 1101 4349 occulta
1131 4300 1214 4350 est
1239 4294 1309 4351 ad
1339 4311 1500 4368 puras
1531 4299 1740 4358 mentis
1773 4301 1946 4360 debe-

238 4386 371 4429 mus
401 4373 790 4444 patrocinium
828 4381 1151 4438 convolare.

660 4457 922 4537 Defensor
956 4476 1212 4530 Romanae
1247 4479 1519 4535 Ecclesiae.

308 4560 602 4618 Censesne
637 4577 863 4636 semper
899 4563 1106 4624 debere
1138 4567 1307 4639 juxta
1347 4585 1561 4638 rerum,
1600 4578 1774 4648 atque
1813 4591 1944 4633 ver-

239 4648 449 4707 borum
469 4651 842 4722 ‘5uperticiem
861 4652 1157 4725 judicari?
1187 4657 1327 4729 quid
1362 4660 1517 4716 enim
1543 4661 1711 4733 juxta
1741 4664 1946 4723 verbo-

238 4751 374 4793 rum
406 4737 714 4809 strepitum
749 4739 931 4810 magis
967 4749 1050 4796 est
1082 4740 1387 4813 absonum,
1424 4761 1601 4818 quam
1631 4763 1763 4805 cum
1794 4749 1946 4810 Deus

239 4821 427 4891 Pater,
480 4831 535 4881 et
602 4824 803 4894 Filius,
861 4833 916 4884 et
965 4827 1218 4901 Spiritus
1275 4840 1507 4891 sanctus
1571 4836 1945 4897 mediatorem

236 4913 338 4970 Dei
374 4921 431 4972 et
466 4914 774 4974 hominum
820 4916 1032 4976 dicitur
1083 4919 1436 4980 tradidisse?
1475 4924 1619 4984 Ecce
1651 4926 1945 4987 Christum

235 5002 474 5062 tradidit
498 5004 700 5076 Judas,
742 5007 976 5065 tradidit
1003 5015 1058 5066 et
1095 5009 1248 5069 Deus
1281 5011 1487 5085 Pater;
1529 5017 1796 5089 nunquid
1824 5013 1944 5078 non

235 5095 401 5167 quasi
459 5097 654 5154 simile
701 5099 916 5157 factum
970 5100 1200 5159 videtur
1229 5105 1256 5158 τ
1292 5103 1520 5178 Ergone
1582 5109 1816 5169 traditur
1860 5118 1945 5170 est

234 5183 263 5242 ,Ι
270 5186 431 5254 udas,
469 5194 524 5244 et
559 5187 794 5248 traditor
821 5189 975 5256 Deus
1005 5191 1169 5250 Pater
1195 5192 1224 5251 ?

808 5290 1010 5356 Regius
1054 5287 1369 5348 advocatus.

303 5381 473 5439 Unde
520 5381 748 5456 probas,
799 5388 935 5458 quia
985 5387 1170 5458 Pater,
1217 5396 1272 5446 et
1310 5389 1526 5462 Filius,
1585 5401 1640 5452 et
1689 5393 1940 5470 Spiritus

229 5478 469 5530 sanctus
499 5473 842 5533 tradiderint
873 5477 1225 5538 Salvatorem
1257 5480 1284 5538 ?

605 5569 702 5628 6’7
729 5578 991 5644 Defensor
1019 5582 1272 5636 Romanae
1296 5585 1568 5641 Ecclesia.

298 5661 457 5719 Audi
508 5665 851 5737 Apostolum
900 5668 1231 5729 dicentem:
1294 5693 1317 5724 ι
1351 5671 1465 5742 Qui
1513 5674 1742 5748 proprio
1792 5673 1939 5734 Filio

2045 3184 2232 3256 ipsum
2266 3181 2581 3240 Dominum
2616 3183 2971 3244 Salvatorem
3011 3193 3067 3245 et
3107 3187 3327 3247 dixisse
3363 3191 3516 3263 quod
3553 3193 3750 3264 prohi-

2042 3271 2156 3341 bet,
2211 3275 2266 3328 et
2317 3270 2480 3330 aliter
2527 3273 2725 3331 fecisse
2772 3290 2944 3346 quam
2987 3277 3167 3348 jubet.
3223 3300 3250 3331 «
3299 3277 3597 3355 Quisquis,
3647 3284 3747 3354 ait,

2043 3357 2257 3416 dixerit
2303 3358 2461 3416 fratri
2511 3376 2636 3425 suo,
2691 3361 2888 3432 Fatue,
2941 3379 3074 3422 reus
3118 3365 3226 3422 erit
3266 3368 3550 3439 gehennm
3592 3371 3748 3443 ignis

2045 3448 2265 3516 (Matth.
2301 3451 2360 3515 V)
2397 3471 2408 3504 :
2445 3468 2472 3500 »
2515 3455 2570 3506 et
2610 3456 2803 3528 tamen
2851 3451 2971 3524 ipse
3013 3455 3448 3514 resurrectionis
3489 3475 3611 3517 suae
3651 3459 3746 3518 die

2041 3537 2269 3596 duobus
2293 3538 2363 3595 de
2389 3555 2449 3596 se
2491 3537 2809 3599 dubitativa
2849 3541 3221 3615 loquentibus
3266 3545 3347 3602 ait
3379 3566 3390 3604 :
3434 3571 3459 3598 ιι
3489 3547 3533 3607 Ο
3559 3551 3743 3620 stulti,

2039 3634 2093 3684 et
2139 3628 2284 3684 tardi
2332 3629 2501 3686 corde
2549 3629 2620 3685 ad
2661 3631 3048 3690 credendum!
3085 3638 3230 3704 (Luc.
3266 3638 3458 3708 XXIV.)
3492 3658 3518 3690 »
3562 3639 3744 3697 Dixe-

2036 3722 2124 3774 rat
2167 3715 2340 3774 etiam
2384 3716 2444 3774 in
2493 3725 2688 3802 monte
2742 3719 3089 3794 discipulis:
3135 3750 3160 3773 σι
3197 3724 3257 3784 Si
3317 3727 3451 3799 quis
3504 3734 3555 3786 te
3616 3746 3744 3802 per-

2040 3805 2282 3864 cusserit
2310 3807 2369 3864 in
2401 3798 2696 3866 dexteram
2724 3810 3047 3882 maxillam,
3080 3817 3273 3886 praebe
3302 3798 3477 3876 illiiet
3503 3798 3743 3879 alteram

2039 3898 2255 3968 (Matth.
2286 3909 2363 3967 v.)
2397 3917 2416 3945 ι
2453 3897 2522 3954 In
2553 3899 2817 3970 passione
2841 3916 2977 3959 vero
3000 3903 3218 3975 positus
3240 3906 3578 3976 percutienti
3600 3909 3741 3968 sein

2039 3983 2340 4040 maxillam
2392 4000 2569 4056 puero
2616 3987 2924 4045 sacerdotis
2967 4005 3084 4054 non
3130 3993 3300 4050 modo
3343 4008 3458 4051 non
3497 3995 3740 4055 alteram

2035 4069 2305 4146 praebuit,
2337 4071 2435 4128 sed
2467 4073 2704 4146 insuper
2727 4072 2921 4131 dixit:
2963 4101 2988 4125 κ
3039 4075 3098 4135 Si
3126 4077 3276 4135 male
3313 4078 3542 4138 locutus
3581 4097 3735 4153 sum,

2032 4160 2318 4233 exprobra
2343 4161 2413 4218 de
2438 4159 2592 4222 malo
2622 4183 2635 4232 ;
2664 4163 2756 4220 sin
2783 4170 2977 4223 autem
3011 4167 3174 4238 bene,
3202 4184 3306 4226 cur
3329 4184 3423 4227 me
3453 4170 3625 4228 caedis
3647 4170 3676 4230 ?
3711 4195 3732 4224 ι

2033 4250 2206 4320 (Joan.
2239 4252 2429 4322 XVIII.)
2482 4251 2551 4308 Et
2599 4253 2888 4325 quomodo
2929 4255 3052 4328 jam
3103 4272 3303 4315 verum
3339 4259 3446 4316 erit
3469 4261 3631 4332 “quod
3666 4261 3738 4319 de

2029 4340 2130 4398 illo
2170 4340 2354 4397 Lucas
2392 4341 2510 4399 ait:
2562 4365 2582 4393 ι
2635 4342 2746 4412 Qui
2794 4345 2964 4418 cmpit
3007 4347 3214 4417 facere,
3255 4355 3312 4405 et
3353 4348 3555 4408 docere
3585 4354 3733 4417 (Act.

2031 4437 2072 4500 Ι)
2102 4456 2152 4501 ιι,
2183 4432 2230 4490 si
2262 4434 2419 4507 quod
2445 4433 2637 4492 docuit
2672 4449 2785 4492 non
2827 4435 3090 4510 implevit
3117 4437 3142 4496 ?
3189 4439 3298 4498 Sed
3331 4440 3528 4514 procul
3561 4442 3739 4502 dubio

2030 4517 2472 4592 intelligendum
2515 4529 2599 4579 est
2646 4523 2753 4604 hoc
2797 4539 2933 4581 eum
2965 4527 3302 4601 praecepisse
3339 4529 3410 4585 ad
3442 4545 3734 4604 prtepara-

2032 4605 2246 4665 tionem
2296 4609 2503 4678 cordis,
2553 4602 2788 4668 non'ad
2837 4615 3272 4673 ostentationem
3325 4602 3530 4689 operis.
3564 4602 3738 4689 “Quo-

2031 4697 2198 4753 modo
2228 4698 2386 4754 enim
2419 4706 2650 4770 paratus
2681 4699 2849 4756 corde
2880 4715 2993 4758 non
3031 4701 3140 4759 fuit
3169 4703 3226 4759 in
3261 4704 3562 4763 maxillam
3591 4707 3735 4765 alte-

2030 4800 2152 4841 ram
2198 4783 2362 4853 czedi,
2414 4784 2512 4858 q'ui
2567 4802 2667 4858 pro
2721 4786 3027 4844 hominum
3055 4789 3238 4846 salute
3267 4789 3593 4850 decreverat
3625 4801 3736 4853 toto

2029 4887 2260 4946 corpore
2306 4873 2627 4945 cruciligi?
2692 4873 2907 4932 Paulus
2967 4875 3139 4934 etiam
3193 4879 3383 4954 palma
3427 4895 3736 4954 percussus

2021 4961 2282 5034 jussione
2328 4963 2637 5035 pontiﬁcis,
2671 4963 2786 5021 ait:
2835 4991 2858 5010 α
2904 4965 3190 5027 Percutiet
3237 4977 3289 5026 te
3337 4968 3509 5038 Deus,
3544 4972 3733 5043 paries

2027 5049 2286 5108 dealbate
2330 5053 2476 5120 (Act.
2511 5057 2706 5122 XXIII).
2753 5079 2778 5101 ››
2823 5053 2983 5122 Quod
3032 5057 3228 5116 minus
3274 5057 3734 5131 intelligentibus

2026 5139 2256 5197 videtur
2293 5142 2356 5198 in
2387 5141 2564 5198 verbo
2592 5141 2944 5213 convicium,
2977 5144 3074 5202 sed
3114 5145 3175 5202 in
3208 5160 3380 5202 sensu
3417 5147 3733 5218 prophetici

2027 5235 2178 5286 tenet
2219 5230 2438 5288 oraculi
2481 5241 2924 5290 sacramentum.
2986 5234 3179 5291 Paries
3233 5234 3388 5290 enim
3435 5236 3736 5296 dealbatus

2024 5317 2346 5391 hypocrisis
2388 5325 2492 5389 est,
2531 5319 2939 5378 sacerdotalem
2969 5320 3076 5378 sub
3106 5321 3214 5378 hoc
3243 5323 3482 5380 nomine
3521 5325 3731 5396 priete-

2024 5422 2158 5464 rens
2200 5406 2561 5479 dignitatem,
2623 5409 2721 5466 sed
2765 5409 3056 5467 occultans
3112 5409 3460 5469 intrinsecus
3513 5413 3730 5473 luteam

2021 5495 2260 5553 malitiae
2289 5497 2755 5569 turpitudinem:
2809 5513 2944 5553 nam
2991 5497 3147 5569 quod
3196 5494 3548 5559 humilitatis
3593 5503 3726 5574 fuit,

2019 5584 2366 5643 mirabiliter
2419 5585 2748 5644 custodivit.
2811 5585 2957 5641 Cum
3007 5588 3166 5644 enim
3225 5588 3312 5646 illi
3369 5590 3658 5649 diceretur
3709 5616 3722 5650 :

2027 5699 2052 5727 ι
2101 5675 2355 5750 Principi
2409 5675 2767 5734 sacerdotum
2831 5674 3130 5736 maledicis
3181 5676 3209 5738 ‘?
3273 5701 3293 5730 ι
3363 5681 3657 5755 respondit
3709 5704 3722 5739 :
