4018 6194
261 214 329 273 83
722 222 778 281 S.
823 224 1045 285 PETRI
1083 226 1406 286 DAMIANI
1446 227 1602 287 OPP.
1646 230 1893 291 TOMUS
1934 232 2077 292 SEU
2117 235 2310 295 PARS
2352 237 2454 294 III.
2496 266 2563 279 —
2604 234 2994 295 OPUSCULA
3033 237 3289 298 VARIA.
3676 242 3743 301 84

266 360 291 437 τι
329 339 581 437 Nescivi,
635 344 826 415 frater,
882 354 977 412 68
1020 350 1157 422 quia
1202 350 1466 423 princeps
1510 360 1655 410 esset
1702 356 2024 419 sacerdo-A
2044 364 2215 431 atque
2256 360 2528 417 canonica
2572 360 2713 416 falce
2758 361 3051 433 praecisus,
3093 370 3157 418 ut
3200 377 3272 419 ne
3304 362 3363 431 in
3405 370 3585 421 morte
3611 364 3745 437 qui-

266 430 387 527 tum
414 452 446 527 τ’
461 426 749 527 Scriptum
775 441 858 492 est
889 438 1046 494 enim
1074 457 1085 494 :
1117 464 1141 486 ‹‹
1169 438 1489 512 Principem
1510 442 1714 514 populi
1748 444 1828 501 tui
1854 459 1969 501 non
2050 426 2181 503 dem
2215 448 2286 505 ad
2314 426 2777 506 Christianitatis-
2792 449 2964 507 fuerit
3001 426 3232 507 titulum
3279 426 3661 511 reformatus:
3692 461 3750 511 et

262 516 569 618 maledicas
613 524 754 618 (Act.
806 532 1004 618 xxiii).
1053 550 1079 579 »
1142 530 1248 618 Iibi
1307 539 1565 603 patenter
1622 536 1963 598 ostenditur,
2050 539 2131 595 sic
2162 554 2262 611 per
2291 555 2426 597 eum
2472 539 2727 597 ordinari
2781 540 3099 599 Romanam
3152 540 3459 613 Ecclesiam
3502 544 3747 617 dignum

261 616 475 706 quanta
495 608 649 706 illud
684 614 1096 706 tranquillitate
1126 617 1387 688 dixisset,
1419 622 1569 695 quod
1604 622 1783 681 iratus
1814 625 1966 684 intu-
2048 608 2180 698 fuit,
2214 630 2316 700 qui
2347 630 2472 702 ejus
2508 644 2732 703 semper
2763 636 3039 688 cruentus
3063 630 3285 687 exstitit
3315 608 3605 702 inimicus,
3642 633 3745 706 qui

259 696 734 786 lisservidebatur.
766 703 988 772 Quibus
1013 704 1440 779 Scripturarum
1459 711 1800 769 testimoniis
1821 715 1962 786 quid

258 785 421 843 aliud
467 787 794 863 edocemur,
852 793 966 849 nisi
1013 795 1149 867 quia
1202 812 1314 853 nou
1363 798 1543 869 juxta,
1588 799 1742 857 nuda
1788 785 1963 861 verba

259 892 485 950 semper
510 878 789 939 debemus
821 885 1133 941 sententias
1155 886 1415 959 judicare
1440 906 1451 943 :
1485 888 1585 944 sed
1611 905 1723 961 quo
1743 892 1959 966 animo,

259 980 373 1037 qua
402 970 613 1027 mentis
640 970 959 1031 intentione
987 976 1371 1047 proferantur,
1403 966 1682 1050 inspicere
1708 978 1735 1036 ?

836 1092 1039 1157 Regius
1067 1091 1380 1148 advocatus.

329 1185 538 1262 Dubia,
597 1209 728 1265 quae
788 1196 1081 1268 proponis,
1150 1196 1475 1255 luculenter
1542 1198 1795 1256 elucidas
1864 1215 1963 1272 per

257 1279 542 1351 exempla,
578 1289 707 1355 quas
738 1284 1021 1356 subjicis:
1064 1285 1158 1342 sed
1199 1302 1399 1359 quaeso
1438 1295 1510 1358 te,
1558 1297 1623 1347 ut
1669 1290 1740 1346 ad
1789 1304 1960 1362 supe-

258 1367 407 1424 riora
436 1371 734 1446 paulisper
762 1375 977 1442 redeas,
1013 1385 1067 1434 et
1099 1394 1203 1435 cur
1239 1391 1342 1435 nos
1371 1379 1763 1449 calumnieris,
1797 1380 1959 1439 vobis

254 1457 663 1529 praajudicium
706 1462 994 1536 intulisse,
1038 1466 1139 1540 qui
1182 1468 1355 1541 regiae
1393 1466 1601 1527 ditioni
1636 1469 1953 1543 paruimus,

254 1551 513 1619 patenter
548 1565 823 1622 exponas.

683 1674 943 1739 Defensor
971 1676 1225 1729 Romana
1251 1677 1520 1733 Ecclesiaz.

332 1772 525 1843 Recte,
578 1773 767 1847 plane,
807 1777 1207 1835 ordinabiliter
1245 1784 1299 1835 et
1349 1785 1747 1851 congruenter,
1802 1783 1957 1853 post-

251 1880 426 1938 quam
474 1866 667 1923 omnis
714 1873 919 1923 vestrm
979 1867 1156 1940 partis
1193 1867 1435 1939 objectio
1488 1883 1604 1925 non
1662 1868 1961 1925 rhetoricis

249 1956 631 2027 argumentis,
684 1972 800 2013 non
850 1955 1141 2014 coloribus
1194 1956 1475 2025 oratoriis,
1535 1972 1651 2013 non
1709 1957 1961 2030 denique

250 2044 563 2102 dialecticis
605 2044 979 2119 syllogismis,
1024 2047 1123 2104 sed
1169 2047 1320 2103 vivae
1358 2046 1569 2119 potius,
1611 2054 1780 2120 atque
1828 2063 1960 2120 per-

250 2132 465 2205 spicua;
500 2132 755 2191 veritatis
781 2141 866 2191 est
900 2135 1119 2192 ratione
1146 2141 1385 2207 purgata
1416 2160 1427 2192 :
1483 2151 1644 2192 versa
1676 2135 1801 2191 vice
1835 2136 1958 2207 jam

248 2226 493 2298 dignum
543 2231 645 2289 est,
691 2230 754 2281 ut
793 2224 864 2281 de
911 2225 1119 2281 vestris
1175 2225 1514 2282 excessibus
1569 2224 1654 2281 vel
1708 2224 1959 2282 breviter

247 2314 582 2373 disseratur.
612 2313 926 2372 Enimvero
954 2314 1247 2373 damnatio
1280 2330 1441 2389 papas
1489 2322 1601 2371 tam
1642 2314 1855 2386 gravis,
1902 2322 1959 2371 et

246 2402 677 2476 inexplicabllis
704 2392 807 2471 est,
844 2412 907 2462 ut
939 2419 1054 2461 non
1084 2404 1362 2473 humano,
1412 2406 1511 2462 sed
1555 2404 1757 2462 divino
1804 2404 1957 2461 dun-

246 2497 405 2548 taxat
434 2490 515 2547 sic
546 2491 837 2548 tractanda
862 2491 1100 2564 judicio.
1146 2492 1328 2564 Reges
1354 2494 1547 2551 autem
1576 2500 1799 2549 nostros
1822 2505 1957 2548 cum

246 2578 432 2636 aetatis
460 2570 790 2644 inﬁrmitas,
818 2586 943 2636 tum
977 2580 1257 2653 fragilitas
1293 2596 1469 2637 sexus
1505 2586 1784 2648 excusat;
1822 2578 1955 2650 qui-

246 2670 356 2727 bus
389 2668 593 2742 utique
640 2682 754 2724 non
805 2675 995 2725 reatus
1033 2668 1361 2737 ascribitur,
1393 2668 1490 2725 sed
1531 2683 1731 2725 eorum
1763 2666 1954 2724 consi-

247 2758 453 2828 liariis,
483 2766 546 2816 ut
570 2758 812 2830 dignum
840 2765 942 2826 est,
975 2757 1308 2830 imputatur.
1343 2757 1583 2816 Omissis
1612 2757 1803 2828 itaque
1834 2772 1957 2827 per-

248 2848 618 2907 versitatibus
648 2848 891 2917 caeteris,
927 2854 991 2905 ut
1019 2847 1160 2921 quid
1192 2848 1489 2919 ignorante
1530 2847 1713 2905 Roma
1760 2861 1955 2918 repro-

247 2940 389 2997 bum
419 2939 721 2996 hominem
751 2938 811 2995 in
849 2938 1177 2997 Romanum
1208 2928 1537 3013 pontificem
1564 2936 1775 3009 eligere
1806 2952 1954 3009 prae-

248 3026 577 3103 sumpsistis
606 3026 631 3084 ?

825 3122 1027 3188 Regius
1054 3120 1369 3177 advocatus.

324 3232 676 3291 Electionem
721 3230 977 3305 quidem,
1028 3236 1091 3288 ut
1138 3229 1327 3303 palam
1374 3236 1478 3299 est,
1525 3228 1812 3287 fecimus:
1858 3227 1956 3285 sed

252 3322 425 3393 longe
474 3320 637 3394 prius
685 3319 937 3378 Gerardo
977 3317 1205 3387 comite,
1252 3316 1498 3390 aliisque
1547 3315 1847 3386 Romanis,
1896 3322 1960 3372 ut

254 3411 568 3481 dicebatur,
624 3409 851 3467 civibus
912 3407 1348 3479 infatigabiliter
1414 3405 1834 3471 insistentibus,
1887 3404 1958 3460 ad

254 3500 361 3557 hoc
407 3497 627 3555 inducti
676 3512 902 3554 sumus.
937 3496 1083 3552 Nam
1121 3502 1176 3551 et
1212 3495 1387 3552 abbas
1420 3491 1772 3560 monasterii,
1807 3490 1960 3565 quod

252 3587 465 3645 dicitur
497 3585 699 3643 Clivus
732 3583 953 3652 Scauri,
1002 3598 1120 3640 non
1167 3581 1368 3639 defuit.
1414 3580 1539 3639 Non
1573 3596 1727 3653 ergo,
1766 3586 1830 3637 ut
1868 3594 1960 3635 as-

253 3677 416 3745 seris,
451 3676 751 3749 ignorante
784 3674 987 3742 Roma,
1023 3672 1121 3730 sed
1166 3678 1445 3745 prmsente
1495 3677 1669 3745 atque
1712 3675 1956 3743 petente,

255 3766 501 3826 Romani
530 3764 818 3841 pontiﬁcis
844 3763 1045 3820 electio
1073 3763 1217 3819 facta
1243 3768 1345 3819 est.

682 3880 941 3946 Defensor
975 3881 1227 3934 Romanae
1263 3880 1534 3936 Ecclesia}.

332 3987 399 4044 In
447 3985 554 4043 hoc
604 3998 706 4056 pro
758 4000 851 4042 me
890 3984 1047 4053 facis,
1081 3984 1513 4043 dumGerardo
1566 3986 1676 4044 sub
1722 3985 1960 4043 anathe-

262 4086 411 4135 mate
465 4076 776 4134 constituto
818 4084 871 4132 te
917 4078 1373 4134 communicasse
1414 4077 1680 4134 testaris:
1725 4092 1859 4133 nam
1898 4083 1963 4135 ut

258 4167 329 4225 de
378 4168 599 4234 abbate,
658 4173 713 4222 et
768 4165 898 4221 aliis
948 4165 1181 4221 interim
1237 4164 1535 4237 sileamus,
1591 4166 1661 4223 de
1713 4166 1963 4224 Gerardo

260 4256 428 4313 liceat
472 4253 876 4311 tantummodo
926 4253 1135 4323 dicere,
1185 4254 1452 4311 Ecclesiae
1502 4255 1798 4312 hominem
1846 4270 1963 4312 non

260 4345 461 4412 fuisse,
512 4351 565 4399 et
619 4341 831 4399 Christi
875 4358 1247 4415 nequaquam
1286 4342 1634 4415 pertinuisse
1668 4342 1959 4400 fidelibus.

260 4434 413 4493 Illud
445 4435 603 4491 enim
634 4450 817 4492 unum
857 4442 1028 4506 caput
1055 4435 1423 4505 anathemati,
1458 4434 1961 4506 maledictionique

2046 731 2172 772 eam
2227 732 2452 790 semper
2498 728 2581 776 est
2634 720 2883 777 feraliter
2927 728 3278 793 persecutus.
3339 720 3407 776 Et
3460 722 3746 794 quomodo

2046 820 2330 863 summam
2360 806 2527 865 debet
2555 808 2866 866 Ecclesium
2894 808 3181 877 ordinare,
3208 808 3301 866 cui
3329 809 3747 884 cujuscumque

2044 896 2221 953 limen
2254 896 2523 955 Ecclesiae
2552 914 2667 955 non
2698 898 2827 955 licet
2852 898 3178 971 attingere?
3210 898 3427 955 Clamat
3464 899 3745 957 Dominus

2043 986 2115 1042 ad
2147 985 2321 1043 Israel
2350 1005 2361 1044 :
2396 1007 2424 1039 ‹‹
2458 988 2778 1045 Anathema
2809 988 2869 1045 in
2902 988 3093 1046 medio
3122 988 3228 1058 tui,
3256 988 3430 1045 Israel
3460 1010 3473 1057 ;
3507 1004 3612 1046 nec
3642 1005 3745 1062 po-

2046 1074 2181 1131 teris
2233 1082 2382 1132 stare
2428 1084 2625 1133 contra
2675 1077 2866 1133 hostes
2921 1084 3068 1147 tuos,
3123 1076 3307 1133 donec
3358 1076 3619 1135 deleatur
3670 1092 3746 1134 ex

2044 1171 2117 1233 te,
2148 1165 2249 1239 qui
2288 1166 2394 1222 hoc
2419 1166 2843 1223 contaminatus
2870 1172 2954 1222 est
3001 1165 3232 1223 scelere.
3266 1189 3294 1214 ››
3328 1164 3396 1222 Et
3442 1166 3547 1223 hoc
3596 1182 3743 1239 qua-

2044 1252 2154 1311 re?
2206 1252 2492 1322 Quoniam
2542 1256 2732 1312 Achar
2785 1255 2943 1313 filius
2996 1254 3228 1312 Charmi
3274 1255 3342 1313 de
3384 1256 3745 1313 anathemate

2045 1340 2273 1400 Jericho
2314 1345 2590 1403 ducentos
2630 1346 2914 1403 duntaxat
2956 1347 3176 1417 argenti
3224 1346 3412 1412 siclos,
3454 1345 3743 1417 regulam-

2046 1451 2159 1508 que
2209 1451 2445 1492 auream
2494 1438 2920 1511 quinquaginta
2958 1439 3251 1507 siclorum,
3305 1446 3359 1496 et
3412 1438 3742 1495 coccineum

2042 1525 2357 1583 abstulerat
2382 1526 2623 1599 pallium
2655 1546 2667 1583 :
2703 1534 2758 1585 et
2796 1528 2869 1585 ob
2904 1528 3053 1585 hanc
3078 1528 3255 1586 vilem
3284 1528 3550 1585 videlicet
3580 1544 3741 1585 sum-

2043 1633 2196 1675 mam
2255 1626 2451 1675 auctor
2505 1618 2736 1676 sceleris
2792 1634 2905 1676 non
2955 1619 3123 1677 modo
3178 1618 3481 1691 lapidatur,
3536 1618 3633 1675 sed
3686 1624 3744 1675 et

1973 1705 2301 1779 Blapidum
2347 1707 2569 1764 acervis
2619 1708 2906 1765 obruitur.
2956 1706 3016 1765 Si
3062 1714 3289 1781 propter
3335 1706 3507 1764 illum
3550 1706 3741 1764 homi-

2042 1810 2194 1865 nem,
2226 1795 2327 1869 qui
2356 1795 2639 1854 duntaxat
2669 1812 2853 1855 unum
2886 1796 3253 1869 sacrilegium
3286 1795 3486 1853 fraude
3510 1795 3745 1854 commi-

2043 1890 2210 1953 serat,
2263 1883 2439 1941 Israel
2483 1892 2615 1941 ante
2660 1900 2903 1942 suorum
2941 1884 3192 1942 hostium
3241 1884 3444 1941 faciem
3481 1885 3744 1943 ruiturus

2042 1977 2197 2029 erat:
2234 1972 2521 2047 quomodo
2549 1972 2721 2030 stabit
2750 1972 3023 2042 Ecclesia,
3070 1972 3119 2029 si
3159 1988 3260 2045 per
3286 1972 3480 2029 virum
3513 1978 3589 2029 tot
3628 1974 3740 2030 cri-

2043 2062 2302 2120 minibus
2330 2062 2659 2121 involutum
2700 2064 2876 2121 fuerit
2923 2061 3233 2119 ordinata?
3264 2062 3578 2135 prassertim
3607 2078 3741 2121 cum

2040 2161 2095 2210 et
2140 2153 2310 2210 talem
2354 2154 2605 2227 elegerit,
2650 2155 2711 2212 in
2754 2169 2953 2229 quem,
2995 2160 3133 2210 teste
3189 2154 3428 2222 mundo,
3474 2152 3742 2211 omnium

2040 2242 2315 2299 vitiorum
2345 2243 2570 2299 sentina
2599 2243 2883 2300 conﬂuxit
2908 2241 3479 2315 pseudoepiscopum,
3516 2246 3741 2313 aposto-

2040 2327 2163 2385 lum
2197 2329 2559 2399 Antichristi,
2589 2329 2983 2387 adversarium
3016 2327 3248 2397 Christi,
3292 2327 3555 2397 animam
3577 2325 3740 2399 puel-

2042 2415 2252 2490 larum,
2297 2433 2646 2491 mangonem
2691 2418 3061 2477 ecclesiarum
3104 2417 3205 2483 (2).
3252 2415 3391 2483 Quis
3429 2428 3562 2485 ergo
3604 2412 3743 2472 isto-

2041 2521 2172 2563 rum
2190 2510 2348 2580 justo
2376 2506 2667 2563 videbitur
2692 2505 2962 2580 examine
2983 2502 3422 2578 praet'erendus?
3447 2512 3643 2561 utrum
3668 2501 3741 2570 is,

2040 2576 2214 2669 quem
2258 2596 2429 2669 elegit
2470 2612 2625 2654 unus
2664 2597 2753 2653 vir
2796 2576 3085 2670 perpetua:
3134 2595 3555 2653 maledictionis
3598 2608 3740 2650 ana-

2042 2687 2289 2743 themate
2328 2684 2782 2753 condemnatus;
2832 2700 2906 2741 an
2944 2685 3045 2742 ille
3085 2684 3293 2757 potius,
3342 2699 3516 2757 quem
3551 2680 3738 2740 cardi-

2040 2776 2199 2833 nales
2237 2775 2487 2848 episcopi
2527 2775 2884 2832 unanimiter
2916 2781 3307 2833 vocaverunt:
3341 2790 3512 2845 quem
3551 2772 3741 2830 clerus

2039 2864 2228 2937 elegit,
2281 2880 2452 2937 quem
2496 2864 2746 2937 populus
2792 2865 3071 2937 expetivit
3115 2881 3228 2923 non
3276 2864 3335 2922 in
3383 2861 3741 2921 extremitate

2040 2962 2343 3023 terrarum,
2371 2954 2470 3011 sed
2502 2954 2651 3010 intra
2695 2955 2911 3012 muenia
2941 2955 3357 3026 Romanorum,
3389 2959 3444 3011 et
3470 2953 3532 3011 in
3560 2950 3741 3024 ipsius

1975 3075 2019 3135 ο
2039 3041 2190 3099 sedis
2222 3041 2544 3115 apostolicze
2570 3042 2840 3114 gremio?

2608 3144 2808 3210 Regius
2846 3142 3161 3197 advocatus.

2112 3234 2219 3293 Tot
2268 3251 2301 3292 a
2352 3240 2403 3291 te
2453 3233 2773 3331 rationibus
2822 3233 3078 3330 redditis,
3118 3245 3430 3331 posse-mus
3484 3227 3742 3331 fortassis

2040 3322 2315 3380 adhibere
2388 3317 2775 3391 consensu’m,
2857 3321 2906 3378 si
2957 3320 3135 3377 semel
3191 3318 3462 3377 emissam
3518 3317 3745 3375 deceret

2040 3412 2257 3484 regiam
2314 3412 2668 3485 majestatem
2726 3418 2951 3471 mutare
3011 3409 3377 3478 sententiam,
3436 3408 3741 3483 principali

2042 3502 2254 3574 quippe
2283 3501 2483 3575 gloriae
2512 3501 2670 3559 velut
2704 3500 3110 3560 inconstantia:
3137 3515 3339 3558 naevus
3364 3498 3742 3572 imprimitur,

2040 3594 2091 3650 si
2140 3595 2528 3667 quodcunque
2582 3609 2704 3651 suae
2756 3591 3182 3651 constitutionis
3236 3590 3487 3651 edictum
3538 3589 3741 3647 leviter

2041 3683 2375 3741 annuletur.

2470 3773 2730 3839 Defensor
2756 3774 3010 3827 Romanae
3037 3772 3307 3825 Ecclesiae.

2115 3868 2254 3938 Quis
2281 3867 2496 3926 nesciat
2540 3885 2673 3941 rege
2718 3868 2904 3926 Deum
2944 3884 3067 3926 esse
3099 3869 3417 3941 majorem?
3453 3865 3521 3923 Et
3550 3871 3740 3922 tamen

2043 3958 2229 4015 dicere
2260 3973 2374 4015 non
2408 3958 2737 4017 erubescit:
2792 3984 2816 4006 ‹‹
2871 3957 3111 4015 Pmnitet
3160 3971 3273 4027 me,
3328 3954 3480 4027 quod
3528 3953 3741 4011 consti-

2044 4051 2252 4109 tuerim
2290 4049 2423 4108 Saul
2464 4066 2655 4121 regem
2704 4054 2755 4118 (I
2780 4054 2934 4119 Reg,
2972 4053 3122 4116 XV);
3164 4042 3191 4096 ii
3251 4052 3306 4101 et
3350 4060 3450 4116 per
3502 4043 3745 4101 Samue-

2044 4141 2160 4197 lem
2202 4140 2253 4196 ei
2300 4138 2599 4197 denuntiat
2638 4137 2833 4194 dicens
2863 4160 2874 4191 :
2910 4157 2938 4187 ‹‹
2974 4132 3213 4205 Projecit
3246 4139 3295 4188 te
3322 4131 3632 4200 Dominus,
3668 4146 3743 4189 ne

2043 4229 2122 4287 sis
2170 4244 2274 4285 rex
2318 4244 2488 4301 super
2535 4227 2705 4283 Israel
2752 4226 2957 4296 (Ibid).
2989 4245 3016 4275 »
3053 4222 3113 4280 Si
3156 4222 3433 4296 poenitere
3474 4237 3533 4278 se
3589 4220 3743 4278 Deus

2042 4316 2310 4387 asseruit,
2356 4316 2459 4388 qui
2508 4315 2703 4372 futura
2750 4318 2955 4370 cuncta
3002 4318 3388 4383 cognoverat:
3426 4326 3530 4367 cur
3568 4310 3742 4366 homo

1974 4422 2214 4495 Dsuam
2266 4412 2619 4462 commutare
2670 4403 2730 4461 in
2782 4401 2990 4460 melius
3040 4400 3383 4459 sententiam
3423 4399 3736 4467 erubescat,

261 4489 877 4595 subjacuitomnium'
908 4489 1023 4580 {se
1059 4489 1423 4595 agitata;
1458 4489 1803 4599 gustia.
1833 4489 1961 4580 15.6-
1975 4489 2023 4517 "
2046 4500 2161 4599 qui,
2187 4498 2396 4599 qualis,
2427 4504 2479 4599 ἐι
2508 4496 2629 4599 η)εέ
2657 4511 2890 4599 quoque
2917 4494 2995 4593 sit,
3025 4489 3743 4599 Fulutqsg,ig{1°§aﬁ?,}ll_°

264 4630 452 4671 mana:
478 4613 747 4671 Ecclesia:
777 4614 899 4671 suis
928 4614 1281 4687 temporibus
1302 4615 1695 4689 praefuerunt:
1723 4615 1961 4673 demum

262 4702 437 4776 paulo
489 4708 799 4777 antequam
850 4710 1189 4773 moreretur,
1240 4712 1467 4777 propter
1519 4704 1746 4772 ducem,
1780 4710 1834 4761 et
1866 4719 1961 4761 ar-

258 4790 687 4865 chiepisc0pum
726 4791 1071 4865 Anglorum,
1117 4807 1261 4864 quos
1297 4809 1330 4851 a
1376 4794 1525 4851 beati
1560 4793 1709 4852 Petri
1739 4792 1960 4851 limini-

259 4883 372 4941 bus
406 4883 709 4942 redeuntes
747 4883 981 4955 invasit,
1018 4884 1304 4958 spoliavit,
1350 4894 1405 4943 et
1454 4901 1641 4960 usque
1687 4886 1759 4943 ad
1802 4886 1962 4944 mille

263 4973 558 5046 Papiensis
590 4981 834 5031 monetae
867 4974 1039 5032 libras
1072 4975 1450 5049 appendentia
1485 4976 1692 5047 rapuit.
1732 4976 1963 5049 Propter

260 5066 367 5122 hoc
402 5062 597 5138 itaque
632 5062 696 5120 in
739 5063 996 5137 plenaria
1023 5064 1264 5139 synodo,
1302 5080 1443 5136 papa
1481 5063 1714 5122 Nicolao
1758 5063 1960 5136 praesi-

257 5152 448 5222 dente,
478 5152 1018 5210 excommunicatus
1045 5161 1148 5223 est,
1175 5161 1229 5208 et
1252 5152 1555 5210 exstinctis
1577 5152 1961 5210 luminaribus

258 5240 366 5300 sub
387 5250 658 5316 perpetuo
676 5242 788 5299 fuit
803 5243 1165 5299 anathemate
1185 5241 1619 5298 condemnatus.
1643 5240 1961 5313 Perpendat

257 5330 435 5404 igitur
453 5340 645 5389 sancta
666 5333 942 5405 synodus,
961 5331 1008 5387 si
1033 5331 1193 5388 illius
1214 5330 1457 5403 ejusque
1470 5330 1815 5404 complicum
1840 5338 1960 5388 rata

249 5421 383 5495 jure
424 5420 518 5479 69
560 5424 824 5482 videatur
855 5422 1077 5493 electio,
1114 5423 1215 5496 qui
1270 5431 1385 5479 tam
1429 5422 1758 5480 terribiliter
1786 5429 1959 5494 atque

255 5498 707 5569 irrevocabili'ter
735 5519 819 5569 est
847 5512 919 5567 ab
954 5512 1223 5569 Ecclesim
1268 5510 1585 5569 visceribus
1629 5509 1960 5582 evangelica

318 5652 389 5717 (2)
412 5651 697 5704 Cadaloum
727 5654 1033 5719 antipapam
1068 5654 1334 5718 intelligit.

2042 4591 2112 4649 de
2148 4590 2298 4647 bono
2335 4589 2515 4646 factus
2555 4593 2638 4644 est
2689 4586 2876 4643 malus
2909 4607 2921 4654 ;
2982 4584 3087 4641 iste
3133 4583 3401 4640 videlicet
3437 4580 3739 4651 Cadalous,

2041 4680 2112 4737 de
2158 4677 2307 4736 malo
2360 4677 2579 4751 utique,
2631 4674 2783 4749 quod
2829 4676 2951 4747 jam
3002 4678 3140 4744 erat,
3195 4672 3269 4730 sit
3311 4670 3567 4746 quotidie
3617 4670 3739 4728 dia-

2042 4772 2160 4831 boli
2190 4786 2347 4829 more
2373 4768 2636 4828 deterior.

2608 4872 2808 4938 Regius
2855 4867 3171 4923 advocatus.

2115 4969 2299 5039 Quam
2352 4967 2682 5027 inconsulte
2731 4980 2891 5024 nunc
2958 4960 3233 5035 loqueris,
3289 4959 3391 5034 qui
3446 4958 3740 5017 diabolum

2044 5056 2379 5117 deteriorari
2428 5070 2592 5128 posse
2636 5052 2878 5121 testaris,
2914 5051 3017 5123 qui
3045 5055 3196 5107 certe
3233 5056 3349 5106 tam
3400 5048 3590 5121 malus
3630 5052 3738 5117 est,

2044 5152 2107 5203 ut
2133 5142 2379 5201 deterior
2407 5158 2529 5199 esse
2557 5157 2673 5198 non
2703 5139 2901 5213 possit.

2400 5238 2492 5294 7O
2521 5232 2781 5307 Defensor
2818 5242 3072 5296 Romana:
3109 5240 3379 5293 Ecclesiae.

2115 5331 2381 5401 Mentior,
2438 5330 2485 5387 si
2544 5329 2696 5403 quod
2753 5327 3044 5401 proposui,
3116 5326 3427 5398 Scriptura)
3495 5324 3739 5381 testimo-

2044 5420 2159 5477 niis
2216 5419 2585 5493 comprobare
2632 5433 2749 5476 non
2796 5416 2978 5475 valeo.
3032 5416 3197 5485 Nam,
3248 5415 3397 5473 Isaia
3443 5421 3600 5486 teste,
3650 5413 3741 5471 di-

2042 5512 2201 5570 cebat
2245 5511 2532 5584 superbus
2580 5510 2640 5567 in
2688 5508 2892 5568 mundi
2942 5506 3225 5581 principio
3278 5524 3291 5562 :
3344 5529 3370 5555 ι
3418 5505 3743 5564 Ascendam
