  <div class='ocr_page' id='page_1' title='image "/cluster/home/n/w/nwhite01/storage/ocr_20150623/145/hvd.32044048207542/050.png"; bbox 0 0 4018 6194; ppageno 0'>
   <div class='ocr_carea' id='block_1_1' title="bbox 183 274 2650 392">
    <p class='ocr_par' dir='ltr' id='par_1_1' title="bbox 183 274 2650 392">
     <span class='ocr_line' id='line_1_1' title="bbox 183 274 2650 392; baseline 0.003 -17"><span class='ocrx_word' id='word_1_1' title='bbox 183 317 237 375; x_wconf 80' lang='grc'>85</span> <span class='ocrx_word' id='word_1_2' title='bbox 485 330 488 331; x_wconf 66' lang='grc'><strong><em>⁷</em></strong></span> <span class='ocrx_word' id='word_1_3' title='bbox 895 274 899 279; x_wconf 22' lang='grc'><strong>1</strong></span> <span class='ocrx_word' id='word_1_4' title='bbox 1160 324 1410 386; x_wconf 90' lang='lat' dir='ltr'>OPUSC.</span> <span class='ocrx_word' id='word_1_5' title='bbox 1451 327 1547 387; x_wconf 92' lang='lat' dir='ltr'>IV.</span> <span class='ocrx_word' id='word_1_6' title='bbox 1577 360 1646 374; x_wconf 89' lang='lat'>--</span> <span class='ocrx_word' id='word_1_7' title='bbox 1684 330 2171 392; x_wconf 83' lang='lat' dir='ltr'>DISCEPTATIO</span> <span class='ocrx_word' id='word_1_8' title='bbox 2212 326 2650 390; x_wconf 81' lang='lat' dir='ltr'>SYNODALIS.</span> 
     </span>
    </p>
   </div>
   <div class='ocr_carea' id='block_1_2' title="bbox 3577 309 3647 370">
    <p class='ocr_par' dir='ltr' id='par_1_2' title="bbox 3577 309 3647 370">
     <span class='ocr_line' id='line_1_2' title="bbox 3577 309 3647 370; baseline -0.057 0"><span class='ocrx_word' id='word_1_9' title='bbox 3577 309 3647 370; x_wconf 81' lang='lat'>86</span> 
     </span>
    </p>
   </div>
   <div class='ocr_carea' id='block_1_3' title="bbox 183 443 3644 536">
    <p class='ocr_par' dir='ltr' id='par_1_3' title="bbox 183 443 3644 536">
     <span class='ocr_line' id='line_1_3' title="bbox 183 443 3644 536; baseline 0.002 -36"><span class='ocrx_word' id='word_1_10' title='bbox 183 459 338 514; x_wconf 74' lang='lat' dir='ltr'>super</span> <span class='ocrx_word' id='word_1_11' title='bbox 395 443 764 503; x_wconf 81' lang='lat' dir='ltr'>altitudinem</span> <span class='ocrx_word' id='word_1_12' title='bbox 815 447 1086 519; x_wconf 91' lang='lat' dir='ltr'>nubium,</span> <span class='ocrx_word' id='word_1_13' title='bbox 1143 452 1348 510; x_wconf 86' lang='lat' dir='ltr'>similis</span> <span class='ocrx_word' id='word_1_14' title='bbox 1401 472 1498 515; x_wconf 91' lang='lat' dir='ltr'>ero</span> <span class='ocrx_word' id='word_1_15' title='bbox 1567 457 1928 524; x_wconf 81' lang='lat' dir='ltr'>AltissimoA</span> <span class='ocrx_word' id='word_1_16' title='bbox 1948 461 2029 518; x_wconf 86' lang='lat' dir='ltr'>vit</span> <span class='ocrx_word' id='word_1_17' title='bbox 2057 461 2340 536; x_wconf 83' lang='lat' dir='ltr'>exemplis</span> <span class='ocrx_word' id='word_1_18' title='bbox 2370 483 2381 527; x_wconf 94' lang='lat'>;</span> <span class='ocrx_word' id='word_1_19' title='bbox 2415 465 2480 516; x_wconf 93' lang='lat' dir='ltr'>ut</span> <span class='ocrx_word' id='word_1_20' title='bbox 2511 473 2614 516; x_wconf 91' lang='lat' dir='ltr'>nos</span> <span class='ocrx_word' id='word_1_21' title='bbox 2641 461 2877 513; x_wconf 87' lang='lat' dir='ltr'>eatenus</span> <span class='ocrx_word' id='word_1_22' title='bbox 2902 453 3098 526; x_wconf 86' lang='lat' dir='ltr'>ignota</span> <span class='ocrx_word' id='word_1_23' title='bbox 3139 449 3384 517; x_wconf 82' lang='lat' dir='ltr'>doceret,</span> <span class='ocrx_word' id='word_1_24' title='bbox 3437 450 3492 536; x_wconf 81' lang='lat' dir='ltr'>et</span> <span class='ocrx_word' id='word_1_25' title='bbox 3541 455 3644 499; x_wconf 80' lang='lat' dir='ltr'>VOS</span> 
     </span>
    </p>
   </div>
   <div class='ocr_carea' id='block_1_4' title="bbox 180 532 1866 614">
    <p class='ocr_par' dir='ltr' id='par_1_4' title="bbox 180 532 1866 614">
     <span class='ocr_line' id='line_1_4' title="bbox 180 532 1866 614; baseline 0.011 -26"><span class='ocrx_word' id='word_1_26' title='bbox 180 532 311 600; x_wconf 82' lang='lat' dir='ltr'>(Isai.</span> <span class='ocrx_word' id='word_1_27' title='bbox 382 538 534 596; x_wconf 80' lang='lat' dir='ltr'>XIV.)</span> <span class='ocrx_word' id='word_1_28' title='bbox 568 557 588 581; x_wconf 74' lang='grc' dir='ltr'><strong><em>η</em></strong></span> <span class='ocrx_word' id='word_1_29' title='bbox 653 535 868 593; x_wconf 84' lang='lat' dir='ltr'>Paulus</span> <span class='ocrx_word' id='word_1_30' title='bbox 917 544 1110 595; x_wconf 88' lang='lat' dir='ltr'>autem</span> <span class='ocrx_word' id='word_1_31' title='bbox 1170 539 1351 601; x_wconf 82' lang='lat' dir='ltr'>dicit:</span> <span class='ocrx_word' id='word_1_32' title='bbox 1399 569 1421 589; x_wconf 79' lang='grc' dir='ltr'><em>α</em></span> <span class='ocrx_word' id='word_1_33' title='bbox 1477 545 1586 614; x_wconf 89' lang='lat' dir='ltr'>Qui</span> <span class='ocrx_word' id='word_1_34' title='bbox 1643 548 1704 605; x_wconf 90' lang='lat' dir='ltr'>in</span> <span class='ocrx_word' id='word_1_35' title='bbox 1753 549 1866 606; x_wconf 83' lang='lat' dir='ltr'>ﬁne</span> 
     </span>
    </p>
   </div>
   <div class='ocr_carea' id='block_1_5' title="bbox 180 621 1862 709">
    <p class='ocr_par' dir='ltr' id='par_1_5' title="bbox 180 621 1862 709">
     <span class='ocr_line' id='line_1_5' title="bbox 180 621 1862 709; baseline 0.012 -32"><span class='ocrx_word' id='word_1_36' title='bbox 180 621 365 678; x_wconf 87' lang='lat' dir='ltr'>mundi</span> <span class='ocrx_word' id='word_1_37' title='bbox 391 622 652 693; x_wconf 85' lang='lat' dir='ltr'>veniens,</span> <span class='ocrx_word' id='word_1_38' title='bbox 684 624 1036 698; x_wconf 78' lang='lat' dir='ltr'>adversatur,</span> <span class='ocrx_word' id='word_1_39' title='bbox 1070 634 1125 685; x_wconf 80' lang='lat' dir='ltr'>et</span> <span class='ocrx_word' id='word_1_40' title='bbox 1149 631 1446 691; x_wconf 83' lang='lat' dir='ltr'>extollitur</span> <span class='ocrx_word' id='word_1_41' title='bbox 1473 651 1643 708; x_wconf 86' lang='lat' dir='ltr'>supra</span> <span class='ocrx_word' id='word_1_42' title='bbox 1670 653 1862 709; x_wconf 89' lang='lat' dir='ltr'>omne,</span> 
     </span>
    </p>
   </div>
   <div class='ocr_carea' id='block_1_6' title="bbox 179 711 1788 800">
    <p class='ocr_par' dir='ltr' id='par_1_6' title="bbox 179 711 1788 800">
     <span class='ocr_line' id='line_1_6' title="bbox 179 711 1788 800; baseline 0.011 -34"><span class='ocrx_word' id='word_1_43' title='bbox 179 712 315 800; x_wconf 85' lang='lat' dir='ltr'>quod</span> <span class='ocrx_word' id='word_1_44' title='bbox 349 711 562 769; x_wconf 91' lang='lat' dir='ltr'>dicitur</span> <span class='ocrx_word' id='word_1_45' title='bbox 593 713 768 784; x_wconf 89' lang='lat' dir='ltr'>Deus,</span> <span class='ocrx_word' id='word_1_46' title='bbox 801 723 901 772; x_wconf 88' lang='lat' dir='ltr'>aut</span> <span class='ocrx_word' id='word_1_47' title='bbox 938 718 1090 790; x_wconf 88' lang='lat' dir='ltr'>quod</span> <span class='ocrx_word' id='word_1_48' title='bbox 1137 718 1348 779; x_wconf 83' lang='lat' dir='ltr'>colitur</span> <span class='ocrx_word' id='word_1_49' title='bbox 1397 729 1473 792; x_wconf 92' lang='lat' dir='ltr'>(II</span> <span class='ocrx_word' id='word_1_50' title='bbox 1499 729 1679 783; x_wconf 87' lang='lat' dir='ltr'>Thess.</span> <span class='ocrx_word' id='word_1_51' title='bbox 1711 730 1788 800; x_wconf 90' lang='lat' dir='ltr'>Il).</span> 
     </span>
    </p>
   </div>
   <div class='ocr_carea' id='block_1_7' title="bbox 179 799 1862 888">
    <p class='ocr_par' dir='ltr' id='par_1_7' title="bbox 179 799 1862 888">
     <span class='ocr_line' id='line_1_7' title="bbox 179 799 1862 888; baseline 0.013 -34"><span class='ocrx_word' id='word_1_52' title='bbox 179 799 305 867; x_wconf 87' lang='lat' dir='ltr'>Quia</span> <span class='ocrx_word' id='word_1_53' title='bbox 345 815 482 871; x_wconf 83' lang='lat' dir='ltr'>ergo</span> <span class='ocrx_word' id='word_1_54' title='bbox 524 810 661 860; x_wconf 90' lang='lat' dir='ltr'>tunc</span> <span class='ocrx_word' id='word_1_55' title='bbox 700 803 987 862; x_wconf 74' lang='lat' dir='ltr'>affectavit</span> <span class='ocrx_word' id='word_1_56' title='bbox 1031 807 1146 864; x_wconf 88' lang='lat' dir='ltr'>Deo</span> <span class='ocrx_word' id='word_1_57' title='bbox 1193 825 1253 867; x_wconf 91' lang='lat' dir='ltr'>se</span> <span class='ocrx_word' id='word_1_58' title='bbox 1300 811 1549 872; x_wconf 85' lang='lat' dir='ltr'>similem</span> <span class='ocrx_word' id='word_1_59' title='bbox 1596 832 1739 888; x_wconf 89' lang='lat' dir='ltr'>esse,</span> <span class='ocrx_word' id='word_1_60' title='bbox 1799 818 1862 875; x_wconf 91' lang='lat' dir='ltr'>in</span> 
     </span>
    </p>
   </div>
   <div class='ocr_carea' id='block_1_8' title="bbox 180 889 1865 979">
    <p class='ocr_par' dir='ltr' id='par_1_8' title="bbox 180 889 1865 979">
     <span class='ocr_line' id='line_1_8' title="bbox 180 889 1865 979; baseline 0.012 -34"><span class='ocrx_word' id='word_1_61' title='bbox 180 889 277 945; x_wconf 82' lang='lat' dir='ltr'>ﬁne</span> <span class='ocrx_word' id='word_1_62' title='bbox 305 889 510 946; x_wconf 88' lang='lat' dir='ltr'>mundi</span> <span class='ocrx_word' id='word_1_63' title='bbox 530 892 651 963; x_wconf 87' lang='lat' dir='ltr'>jam</span> <span class='ocrx_word' id='word_1_64' title='bbox 692 891 940 950; x_wconf 87' lang='lat' dir='ltr'>deterior</span> <span class='ocrx_word' id='word_1_65' title='bbox 985 895 1187 968; x_wconf 89' lang='lat' dir='ltr'>factus,</span> <span class='ocrx_word' id='word_1_66' title='bbox 1221 899 1346 956; x_wconf 87' lang='lat' dir='ltr'>vult</span> <span class='ocrx_word' id='word_1_67' title='bbox 1392 904 1557 974; x_wconf 87' lang='lat' dir='ltr'>quasi</span> <span class='ocrx_word' id='word_1_68' title='bbox 1605 906 1865 979; x_wconf 87' lang='lat' dir='ltr'>superior</span> 
     </span>
    </p>
   </div>
   <div class='ocr_carea' id='block_1_9' title="bbox 179 979 1865 1065">
    <p class='ocr_par' dir='ltr' id='par_1_9' title="bbox 179 979 1865 1065">
     <span class='ocr_line' id='line_1_9' title="bbox 179 979 1865 1065; baseline 0.013 -30"><span class='ocrx_word' id='word_1_69' title='bbox 179 979 436 1039; x_wconf 86' lang='lat' dir='ltr'>eminere.</span> <span class='ocrx_word' id='word_1_70' title='bbox 489 981 596 1039; x_wconf 91' lang='lat' dir='ltr'>Per</span> <span class='ocrx_word' id='word_1_71' title='bbox 641 984 795 1057; x_wconf 92' lang='lat' dir='ltr'>quod</span> <span class='ocrx_word' id='word_1_72' title='bbox 854 986 1156 1046; x_wconf 83' lang='lat' dir='ltr'>manifeste</span> <span class='ocrx_word' id='word_1_73' title='bbox 1209 991 1516 1065; x_wconf 82' lang='lat' dir='ltr'>colligitur,</span> <span class='ocrx_word' id='word_1_74' title='bbox 1571 997 1865 1057; x_wconf 89' lang='lat' dir='ltr'>diabolum</span> 
     </span>
    </p>
   </div>
   <div class='ocr_carea' id='block_1_10' title="bbox 180 1069 1863 1158">
    <p class='ocr_par' dir='ltr' id='par_1_10' title="bbox 180 1069 1863 1158">
     <span class='ocr_line' id='line_1_10' title="bbox 180 1069 1863 1158; baseline 0.013 -34"><span class='ocrx_word' id='word_1_75' title='bbox 180 1069 350 1126; x_wconf 87' lang='lat' dir='ltr'>adhuc</span> <span class='ocrx_word' id='word_1_76' title='bbox 406 1070 474 1127; x_wconf 89' lang='lat' dir='ltr'>in.</span> <span class='ocrx_word' id='word_1_77' title='bbox 519 1071 800 1130; x_wconf 86' lang='lat' dir='ltr'>deteriora</span> <span class='ocrx_word' id='word_1_78' title='bbox 848 1089 1013 1147; x_wconf 87' lang='lat' dir='ltr'>posse</span> <span class='ocrx_word' id='word_1_79' title='bbox 1056 1092 1362 1150; x_wconf 85' lang='lat' dir='ltr'>corruere;</span> <span class='ocrx_word' id='word_1_80' title='bbox 1409 1084 1545 1158; x_wconf 87' lang='lat' dir='ltr'>quia</span> <span class='ocrx_word' id='word_1_81' title='bbox 1599 1086 1863 1147; x_wconf 86' lang='lat' dir='ltr'>diabolus</span> 
     </span>
    </p>
   </div>
   <div class='ocr_carea' id='block_1_11' title="bbox 179 1158 1863 1236">
    <p class='ocr_par' dir='ltr' id='par_1_11' title="bbox 179 1158 1863 1236">
     <span class='ocr_line' id='line_1_11' title="bbox 179 1158 1863 1236; baseline 0.014 -23"><span class='ocrx_word' id='word_1_82' title='bbox 179 1158 569 1231; x_wconf 81' lang='lat' dir='ltr'>interpretatur</span> <span class='ocrx_word' id='word_1_83' title='bbox 631 1165 879 1220; x_wconf 81' lang='lat' dir='ltr'>deorsum</span> <span class='ocrx_word' id='word_1_84' title='bbox 944 1170 1133 1236; x_wconf 83' lang='lat' dir='ltr'>ﬂuens.</span> <span class='ocrx_word' id='word_1_85' title='bbox 1189 1167 1471 1230; x_wconf 86' lang='lat' dir='ltr'>Cadalous</span> <span class='ocrx_word' id='word_1_86' title='bbox 1525 1191 1559 1232; x_wconf 91' lang='lat' dir='ltr'>a</span> <span class='ocrx_word' id='word_1_87' title='bbox 1608 1177 1863 1236; x_wconf 87' lang='lat' dir='ltr'>cadendo</span> 
     </span>
    </p>
   </div>
   <div class='ocr_carea' id='block_1_12' title="bbox 178 1244 1863 1337">
    <p class='ocr_par' dir='ltr' id='par_1_12' title="bbox 178 1244 1863 1337">
     <span class='ocr_line' id='line_1_12' title="bbox 178 1244 1863 1337; baseline 0.014 -36"><span class='ocrx_word' id='word_1_88' title='bbox 178 1244 369 1317; x_wconf 91' lang='lat' dir='ltr'>dictus,</span> <span class='ocrx_word' id='word_1_89' title='bbox 430 1255 647 1306; x_wconf 79' lang='lat' dir='ltr'>ruinam</span> <span class='ocrx_word' id='word_1_90' title='bbox 704 1257 904 1325; x_wconf 78' lang='lat' dir='ltr'>populi</span> <span class='ocrx_word' id='word_1_91' title='bbox 963 1265 1144 1327; x_wconf 89' lang='lat' dir='ltr'>sonat,</span> <span class='ocrx_word' id='word_1_92' title='bbox 1197 1259 1340 1330; x_wconf 90' lang='lat' dir='ltr'>ipsis</span> <span class='ocrx_word' id='word_1_93' title='bbox 1400 1277 1630 1337; x_wconf 92' lang='lat' dir='ltr'>quoque</span> <span class='ocrx_word' id='word_1_94' title='bbox 1682 1267 1863 1324; x_wconf 88' lang='lat' dir='ltr'>nomi-</span> 
     </span>
    </p>
   </div>
   <div class='ocr_carea' id='block_1_13' title="bbox 176 1338 1863 1421">
    <p class='ocr_par' dir='ltr' id='par_1_13' title="bbox 176 1338 1863 1421">
     <span class='ocr_line' id='line_1_13' title="bbox 176 1338 1863 1421; baseline 0.011 -27"><span class='ocrx_word' id='word_1_95' title='bbox 176 1338 333 1396; x_wconf 85' lang='lat' dir='ltr'>nibus</span> <span class='ocrx_word' id='word_1_96' title='bbox 395 1341 695 1414; x_wconf 86' lang='lat' dir='ltr'>aptissime</span> <span class='ocrx_word' id='word_1_97' title='bbox 761 1345 1016 1404; x_wconf 88' lang='lat' dir='ltr'>invicem</span> <span class='ocrx_word' id='word_1_98' title='bbox 1076 1354 1320 1421; x_wconf 89' lang='lat' dir='ltr'>uterque</span> <span class='ocrx_word' id='word_1_99' title='bbox 1378 1353 1700 1412; x_wconf 87' lang='lat' dir='ltr'>concordat.</span> <span class='ocrx_word' id='word_1_100' title='bbox 1760 1355 1863 1413; x_wconf 93' lang='lat' dir='ltr'>Dic</span> 
     </span>
    </p>
   </div>
   <div class='ocr_carea' id='block_1_14' title="bbox 177 1431 1862 1512">
    <p class='ocr_par' dir='ltr' id='par_1_14' title="bbox 177 1431 1862 1512">
     <span class='ocr_line' id='line_1_14' title="bbox 177 1431 1862 1512; baseline 0.014 -31"><span class='ocrx_word' id='word_1_101' title='bbox 177 1441 290 1499; x_wconf 87' lang='lat' dir='ltr'>ergo</span> <span class='ocrx_word' id='word_1_102' title='bbox 319 1431 613 1500; x_wconf 87' lang='lat' dir='ltr'>quomodo</span> <span class='ocrx_word' id='word_1_103' title='bbox 646 1433 752 1491; x_wconf 92' lang='lat' dir='ltr'>iste</span> <span class='ocrx_word' id='word_1_104' title='bbox 780 1435 1040 1506; x_wconf 83' lang='lat' dir='ltr'>pontifex</span> <span class='ocrx_word' id='word_1_105' title='bbox 1070 1437 1198 1508; x_wconf 91' lang='lat' dir='ltr'>erit,</span> <span class='ocrx_word' id='word_1_106' title='bbox 1232 1455 1405 1512; x_wconf 90' lang='lat' dir='ltr'>quem</span> <span class='ocrx_word' id='word_1_107' title='bbox 1430 1458 1544 1500; x_wconf 90' lang='lat' dir='ltr'>non</span> <span class='ocrx_word' id='word_1_108' title='bbox 1563 1444 1862 1504; x_wconf 84' lang='lat' dir='ltr'>Romanus</span> 
     </span>
    </p>
   </div>
   <div class='ocr_carea' id='block_1_15' title="bbox 177 1517 1862 1606">
    <p class='ocr_par' dir='ltr' id='par_1_15' title="bbox 177 1517 1862 1606">
     <span class='ocr_line' id='line_1_15' title="bbox 177 1517 1862 1606; baseline 0.014 -34"><span class='ocrx_word' id='word_1_109' title='bbox 177 1517 431 1588; x_wconf 87' lang='lat' dir='ltr'>populus,</span> <span class='ocrx_word' id='word_1_110' title='bbox 452 1519 548 1576; x_wconf 88' lang='lat' dir='ltr'>sed</span> <span class='ocrx_word' id='word_1_111' title='bbox 573 1536 729 1579; x_wconf 90' lang='lat' dir='ltr'>unus</span> <span class='ocrx_word' id='word_1_112' title='bbox 749 1522 921 1581; x_wconf 88' lang='lat' dir='ltr'>homo</span> <span class='ocrx_word' id='word_1_113' title='bbox 951 1540 1085 1582; x_wconf 90' lang='lat' dir='ltr'>cum</span> <span class='ocrx_word' id='word_1_114' title='bbox 1115 1527 1236 1585; x_wconf 92' lang='lat' dir='ltr'>suis</span> <span class='ocrx_word' id='word_1_115' title='bbox 1257 1531 1655 1606; x_wconf 88' lang='lat' dir='ltr'>complicibus,</span> <span class='ocrx_word' id='word_1_116' title='bbox 1686 1535 1862 1594; x_wconf 88' lang='lat' dir='ltr'>idem-</span> 
     </span>
    </p>
   </div>
   <div class='ocr_carea' id='block_1_16' title="bbox 175 1609 1864 1692">
    <p class='ocr_par' dir='ltr' id='par_1_16' title="bbox 175 1609 1864 1692">
     <span class='ocr_line' id='line_1_16' title="bbox 175 1609 1864 1692; baseline 0.014 -30"><span class='ocrx_word' id='word_1_117' title='bbox 175 1621 267 1676; x_wconf 88' lang='lat' dir='ltr'>que</span> <span class='ocrx_word' id='word_1_118' title='bbox 287 1622 409 1665; x_wconf 90' lang='lat' dir='ltr'>non</span> <span class='ocrx_word' id='word_1_119' title='bbox 440 1609 757 1682; x_wconf 85' lang='lat' dir='ltr'>Romanus,</span> <span class='ocrx_word' id='word_1_120' title='bbox 781 1615 880 1672; x_wconf 91' lang='lat' dir='ltr'>sed</span> <span class='ocrx_word' id='word_1_121' title='bbox 913 1614 1286 1676; x_wconf 89' lang='lat' dir='ltr'>suburbanus</span> <span class='ocrx_word' id='word_1_122' title='bbox 1311 1619 1423 1692; x_wconf 69' lang='lat'>(2‘),</span> <span class='ocrx_word' id='word_1_123' title='bbox 1451 1630 1507 1680; x_wconf 91' lang='lat' dir='ltr'>et</span> <span class='ocrx_word' id='word_1_124' title='bbox 1531 1639 1644 1682; x_wconf 88' lang='lat' dir='ltr'>non</span> <span class='ocrx_word' id='word_1_125' title='bbox 1673 1625 1864 1684; x_wconf 87' lang='lat' dir='ltr'>Eccle-</span> 
     </span>
    </p>
   </div>
   <div class='ocr_carea' id='block_1_17' title="bbox 177 1696 1864 1789">
    <p class='ocr_par' dir='ltr' id='par_1_17' title="bbox 177 1696 1864 1789">
     <span class='ocr_line' id='line_1_17' title="bbox 177 1696 1864 1789; baseline 0.013 -36"><span class='ocrx_word' id='word_1_126' title='bbox 177 1696 260 1754; x_wconf 62' lang='lat' dir='ltr'>sia;</span> <span class='ocrx_word' id='word_1_127' title='bbox 286 1698 473 1766; x_wconf 78' lang='lat' dir='ltr'>filius,</span> <span class='ocrx_word' id='word_1_128' title='bbox 507 1700 604 1757; x_wconf 88' lang='lat' dir='ltr'>sed</span> <span class='ocrx_word' id='word_1_129' title='bbox 633 1702 990 1774; x_wconf 83' lang='lat' dir='ltr'>maledictus,</span> <span class='ocrx_word' id='word_1_130' title='bbox 1023 1704 1610 1772; x_wconf 25' lang='lat' dir='ltr'>et‘anathematizatus</span> <span class='ocrx_word' id='word_1_131' title='bbox 1639 1715 1810 1789; x_wconf 81' lang='lat' dir='ltr'>elegit</span> <span class='ocrx_word' id='word_1_132' title='bbox 1835 1717 1864 1776; x_wconf 83' lang='lat'><strong>?</strong></span> 
     </span>
    </p>
   </div>
   <div class='ocr_carea' id='block_1_18' title="bbox 1833 751 1860 776">
    <p class='ocr_par' dir='ltr' id='par_1_18' title="bbox 1833 751 1860 776">
     <span class='ocr_line' id='line_1_18' title="bbox 1833 751 1860 776; baseline 0 0"><span class='ocrx_word' id='word_1_133' title='bbox 1833 751 1860 776; x_wconf 71' lang='grc' dir='ltr'><strong>ιι</strong></span> 
     </span>
    </p>
   </div>
   <div class='ocr_carea' id='block_1_19' title="bbox 1947 535 3640 631">
    <p class='ocr_par' dir='ltr' id='par_1_19' title="bbox 1947 535 3640 631">
     <span class='ocr_line' id='line_1_19' title="bbox 1947 535 3640 631; baseline -0.012 -23"><span class='ocrx_word' id='word_1_134' title='bbox 1947 552 2018 609; x_wconf 92' lang='lat' dir='ltr'>ab</span> <span class='ocrx_word' id='word_1_135' title='bbox 2079 551 2240 609; x_wconf 88' lang='lat' dir='ltr'>illius</span> <span class='ocrx_word' id='word_1_136' title='bbox 2306 549 2604 625; x_wconf 73' lang='lat' dir='ltr'>sententiae</span> <span class='ocrx_word' id='word_1_137' title='bbox 2673 545 2905 603; x_wconf 89' lang='lat' dir='ltr'>vinculo</span> <span class='ocrx_word' id='word_1_138' title='bbox 2970 549 3249 631; x_wconf 61' lang='lat' dir='ltr'>potenter</span> <span class='ocrx_word' id='word_1_139' title='bbox 3299 535 3640 631; x_wconf 74' lang='lat' dir='ltr'>absolveret.</span> 
     </span>
    </p>
   </div>
   <div class='ocr_carea' id='block_1_20' title="bbox 1946 621 3643 712">
    <p class='ocr_par' dir='ltr' id='par_1_20' title="bbox 1946 621 3643 712">
     <span class='ocr_line' id='line_1_20' title="bbox 1946 621 3643 712; baseline -0.01 -18"><span class='ocrx_word' id='word_1_140' title='bbox 1946 636 2164 696; x_wconf 90' lang='lat' dir='ltr'>Deinde</span> <span class='ocrx_word' id='word_1_141' title='bbox 2203 655 2234 694; x_wconf 91' lang='lat' dir='ltr'>a</span> <span class='ocrx_word' id='word_1_142' title='bbox 2265 637 2486 695; x_wconf 90' lang='lat' dir='ltr'>domini</span> <span class='ocrx_word' id='word_1_143' title='bbox 2527 621 2641 692; x_wconf 86' lang='lat' dir='ltr'>mei</span> <span class='ocrx_word' id='word_1_144' title='bbox 2688 633 2858 704; x_wconf 90' lang='lat' dir='ltr'>regis,</span> <span class='ocrx_word' id='word_1_145' title='bbox 2889 645 3064 706; x_wconf 88' lang='lat' dir='ltr'>quam</span> <span class='ocrx_word' id='word_1_146' title='bbox 3109 627 3461 712; x_wconf 81' lang='lat' dir='ltr'>dicebamus,</span> <span class='ocrx_word' id='word_1_147' title='bbox 3492 621 3643 712; x_wconf 68' lang='lat' dir='ltr'>inju-</span> 
     </span>
    </p>
   </div>
   <div class='ocr_carea' id='block_1_21' title="bbox 1949 710 3640 808">
    <p class='ocr_par' dir='ltr' id='par_1_21' title="bbox 1949 710 3640 808">
     <span class='ocr_line' id='line_1_21' title="bbox 1949 710 3640 808; baseline -0.009 -24"><span class='ocrx_word' id='word_1_148' title='bbox 1949 728 2053 795; x_wconf 89' lang='lat' dir='ltr'>ria,</span> <span class='ocrx_word' id='word_1_149' title='bbox 2085 745 2217 804; x_wconf 67' lang='lat' dir='ltr'>qua)</span> <span class='ocrx_word' id='word_1_150' title='bbox 2264 727 2479 786; x_wconf 85' lang='lat' dir='ltr'>scilicet</span> <span class='ocrx_word' id='word_1_151' title='bbox 2513 742 2615 783; x_wconf 91' lang='lat' dir='ltr'>nos</span> <span class='ocrx_word' id='word_1_152' title='bbox 2645 725 2956 782; x_wconf 87' lang='lat' dir='ltr'>adversum</span> <span class='ocrx_word' id='word_1_153' title='bbox 3007 737 3105 778; x_wconf 92' lang='lat' dir='ltr'>vos</span> <span class='ocrx_word' id='word_1_154' title='bbox 3145 710 3336 808; x_wconf 84' lang='lat' dir='ltr'>acriu&#39;s</span> <span class='ocrx_word' id='word_1_155' title='bbox 3365 710 3640 808; x_wconf 77' lang='lat' dir='ltr'>accende-</span> 
     </span>
    </p>
   </div>
   <div class='ocr_carea' id='block_1_22' title="bbox 1945 806 3641 898">
    <p class='ocr_par' dir='ltr' id='par_1_22' title="bbox 1945 806 3641 898">
     <span class='ocr_line' id='line_1_22' title="bbox 1945 806 3641 898; baseline -0.012 -23"><span class='ocrx_word' id='word_1_156' title='bbox 1945 817 2058 885; x_wconf 90' lang='lat' dir='ltr'>bat,</span> <span class='ocrx_word' id='word_1_157' title='bbox 2114 825 2229 874; x_wconf 86' lang='lat' dir='ltr'>tam</span> <span class='ocrx_word' id='word_1_158' title='bbox 2272 825 2504 874; x_wconf 87' lang='lat' dir='ltr'>strenue</span> <span class='ocrx_word' id='word_1_159' title='bbox 2562 823 2660 873; x_wconf 89' lang='lat' dir='ltr'>tua</span> <span class='ocrx_word' id='word_1_160' title='bbox 2719 829 2778 870; x_wconf 92' lang='lat' dir='ltr'>se</span> <span class='ocrx_word' id='word_1_161' title='bbox 2831 810 3096 884; x_wconf 80' lang='lat' dir='ltr'>purgavit</span> <span class='ocrx_word' id='word_1_162' title='bbox 3149 806 3373 898; x_wconf 46' lang='lat' dir='ltr'>oratio,</span> <span class='ocrx_word' id='word_1_163' title='bbox 3403 809 3470 898; x_wconf 78' lang='lat' dir='ltr'>ut</span> <span class='ocrx_word' id='word_1_164' title='bbox 3513 806 3641 898; x_wconf 77' lang='lat' dir='ltr'>evi-</span> 
     </span>
    </p>
   </div>
   <div class='ocr_carea' id='block_1_23' title="bbox 1947 894 3640 992">
    <p class='ocr_par' dir='ltr' id='par_1_23' title="bbox 1947 894 3640 992">
     <span class='ocr_line' id='line_1_23' title="bbox 1947 894 3640 992; baseline -0.012 -26"><span class='ocrx_word' id='word_1_165' title='bbox 1947 908 2104 966; x_wconf 90' lang='lat' dir='ltr'>denti</span> <span class='ocrx_word' id='word_1_166' title='bbox 2134 909 2401 966; x_wconf 85' lang='lat' dir='ltr'>clarescat</span> <span class='ocrx_word' id='word_1_167' title='bbox 2440 906 2672 975; x_wconf 87' lang='lat' dir='ltr'>indicio,</span> <span class='ocrx_word' id='word_1_168' title='bbox 2706 905 2843 978; x_wconf 85' lang='lat' dir='ltr'>quia</span> <span class='ocrx_word' id='word_1_169' title='bbox 2873 902 2934 958; x_wconf 90' lang='lat' dir='ltr'>in</span> <span class='ocrx_word' id='word_1_170' title='bbox 2970 917 3056 992; x_wconf 87' lang='lat' dir='ltr'>eo,</span> <span class='ocrx_word' id='word_1_171' title='bbox 3108 898 3258 992; x_wconf 81' lang='lat' dir='ltr'>quod</span> <span class='ocrx_word' id='word_1_172' title='bbox 3308 894 3419 992; x_wconf 76' lang='lat' dir='ltr'>sibi</span> <span class='ocrx_word' id='word_1_173' title='bbox 3447 894 3640 988; x_wconf 76' lang='lat' dir='ltr'>ponti-</span> 
     </span>
    </p>
   </div>
   <div class='ocr_carea' id='block_1_24' title="bbox 1947 987 3652 1079">
    <p class='ocr_par' dir='ltr' id='par_1_24' title="bbox 1947 987 3652 1079">
     <span class='ocr_line' id='line_1_24' title="bbox 1947 987 3652 1079; baseline -0.011 -24"><span class='ocrx_word' id='word_1_174' title='bbox 1947 995 2114 1054; x_wconf 86' lang='lat' dir='ltr'>ﬁcem</span> <span class='ocrx_word' id='word_1_175' title='bbox 2165 997 2410 1069; x_wconf 88' lang='lat' dir='ltr'>populus</span> <span class='ocrx_word' id='word_1_176' title='bbox 2472 995 2768 1053; x_wconf 82' lang='lat' dir='ltr'>Romanus</span> <span class='ocrx_word' id='word_1_177' title='bbox 2843 990 3032 1062; x_wconf 80' lang='lat' dir='ltr'>elegit,</span> <span class='ocrx_word' id='word_1_178' title='bbox 3121 987 3404 1079; x_wconf 76' lang='lat' dir='ltr'>majestati</span> <span class='ocrx_word' id='word_1_179' title='bbox 3467 987 3652 1079; x_wconf 61' lang='lat' dir='ltr'>regias</span> 
     </span>
    </p>
   </div>
   <div class='ocr_carea' id='block_1_25' title="bbox 1946 1075 3642 1178">
    <p class='ocr_par' dir='ltr' id='par_1_25' title="bbox 1946 1075 3642 1178">
     <span class='ocr_line' id='line_1_25' title="bbox 1946 1075 3642 1178; baseline -0.011 -33"><span class='ocrx_word' id='word_1_180' title='bbox 1946 1087 2310 1160; x_wconf 89' lang='lat' dir='ltr'>potissimum</span> <span class='ocrx_word' id='word_1_181' title='bbox 2341 1085 2707 1152; x_wconf 86' lang='lat' dir='ltr'>ministravit,</span> <span class='ocrx_word' id='word_1_182' title='bbox 2741 1099 2845 1141; x_wconf 93' lang='lat' dir='ltr'>nec</span> <span class='ocrx_word' id='word_1_183' title='bbox 2870 1081 2946 1178; x_wconf 72' lang='lat' dir='ltr'>ei,</span> <span class='ocrx_word' id='word_1_184' title='bbox 2965 1080 3131 1178; x_wconf 79' lang='lat' dir='ltr'>lsicut</span> <span class='ocrx_word' id='word_1_185' title='bbox 3175 1075 3491 1178; x_wconf 74' lang='lat' dir='ltr'>dicebatur,</span> <span class='ocrx_word' id='word_1_186' title='bbox 3523 1075 3642 1178; x_wconf 34' lang='lat' dir='ltr'>prii-</span> 
     </span>
    </p>
   </div>
   <div class='ocr_carea' id='block_1_26' title="bbox 1948 1158 3642 1249">
    <p class='ocr_par' dir='ltr' id='par_1_26' title="bbox 1948 1158 3642 1249">
     <span class='ocr_line' id='line_1_26' title="bbox 1948 1158 3642 1249; baseline -0.009 -18"><span class='ocrx_word' id='word_1_187' title='bbox 1948 1158 2226 1249; x_wconf 81' lang='lat' dir='ltr'>vilegium</span> <span class='ocrx_word' id='word_1_188' title='bbox 2277 1175 2430 1244; x_wconf 87' lang='lat' dir='ltr'>tulit,</span> <span class='ocrx_word' id='word_1_189' title='bbox 2488 1173 2585 1232; x_wconf 91' lang='lat' dir='ltr'>sed</span> <span class='ocrx_word' id='word_1_190' title='bbox 2638 1172 2833 1245; x_wconf 89' lang='lat' dir='ltr'>potius</span> <span class='ocrx_word' id='word_1_191' title='bbox 2868 1158 3176 1236; x_wconf 70' lang='lat' dir='ltr'>roboravit,</span> <span class='ocrx_word' id='word_1_192' title='bbox 3235 1165 3376 1221; x_wconf 90' lang='lat' dir='ltr'>dum</span> <span class='ocrx_word' id='word_1_193' title='bbox 3413 1177 3528 1219; x_wconf 92' lang='lat' dir='ltr'>non</span> <span class='ocrx_word' id='word_1_194' title='bbox 3571 1158 3642 1216; x_wconf 92' lang='lat' dir='ltr'>de</span> 
     </span>
    </p>
   </div>
   <div class='ocr_carea' id='block_1_27' title="bbox 1947 1246 3644 1334">
    <p class='ocr_par' dir='ltr' id='par_1_27' title="bbox 1947 1246 3644 1334">
     <span class='ocr_line' id='line_1_27' title="bbox 1947 1246 3644 1334; baseline -0.01 -11"><span class='ocrx_word' id='word_1_195' title='bbox 1947 1246 2208 1323; x_wconf 82' lang='lat' dir='ltr'>Romana</span> <span class='ocrx_word' id='word_1_196' title='bbox 2274 1257 2545 1334; x_wconf 88' lang='lat' dir='ltr'>Ecclesia,</span> <span class='ocrx_word' id='word_1_197' title='bbox 2609 1261 2707 1319; x_wconf 90' lang='lat' dir='ltr'>sed</span> <span class='ocrx_word' id='word_1_198' title='bbox 2768 1277 2842 1318; x_wconf 89' lang='lat' dir='ltr'>ex</span> <span class='ocrx_word' id='word_1_199' title='bbox 2898 1259 3030 1316; x_wconf 89' lang='lat' dir='ltr'>aula</span> <span class='ocrx_word' id='word_1_200' title='bbox 3085 1253 3242 1328; x_wconf 89' lang='lat' dir='ltr'>regia</span> <span class='ocrx_word' id='word_1_201' title='bbox 3291 1250 3644 1309; x_wconf 87' lang='lat' dir='ltr'>sacerdotem</span> 
     </span>
    </p>
   </div>
   <div class='ocr_carea' id='block_1_28' title="bbox 1942 1338 3641 1427">
    <p class='ocr_par' dir='ltr' id='par_1_28' title="bbox 1942 1338 3641 1427">
     <span class='ocr_line' id='line_1_28' title="bbox 1942 1338 3641 1427; baseline -0.01 -15"><span class='ocrx_word' id='word_1_202' title='bbox 1942 1355 2013 1412; x_wconf 90' lang='lat' dir='ltr'>ad</span> <span class='ocrx_word' id='word_1_203' title='bbox 2045 1354 2369 1427; x_wconf 65' lang='lat' dir='ltr'>apostolicae</span> <span class='ocrx_word' id='word_1_204' title='bbox 2399 1353 2551 1411; x_wconf 88' lang='lat' dir='ltr'>sedis</span> <span class='ocrx_word' id='word_1_205' title='bbox 2577 1351 2808 1408; x_wconf 89' lang='lat' dir='ltr'>culmen</span> <span class='ocrx_word' id='word_1_206' title='bbox 2851 1349 3061 1406; x_wconf 81' lang='lat' dir='ltr'>evexit.</span> <span class='ocrx_word' id='word_1_207' title='bbox 3098 1346 3389 1404; x_wconf 85' lang='lat' dir='ltr'>Postremo</span> <span class='ocrx_word' id='word_1_208' title='bbox 3415 1341 3487 1399; x_wconf 90' lang='lat' dir='ltr'>de</span> <span class='ocrx_word' id='word_1_209' title='bbox 3523 1338 3641 1397; x_wconf 87' lang='lat' dir='ltr'>ele-</span> 
     </span>
    </p>
   </div>
   <div class='ocr_carea' id='block_1_29' title="bbox 1942 1433 3643 1516">
    <p class='ocr_par' dir='ltr' id='par_1_29' title="bbox 1942 1433 3643 1516">
     <span class='ocr_line' id='line_1_29' title="bbox 1942 1433 3643 1516; baseline -0.009 -14"><span class='ocrx_word' id='word_1_210' title='bbox 1942 1447 2130 1504; x_wconf 89' lang='lat' dir='ltr'>ctione</span> <span class='ocrx_word' id='word_1_211' title='bbox 2160 1444 2487 1503; x_wconf 87' lang='lat' dir='ltr'>Parmensis</span> <span class='ocrx_word' id='word_1_212' title='bbox 2519 1443 2768 1516; x_wconf 88' lang='lat' dir='ltr'>episcopi</span> <span class='ocrx_word' id='word_1_213' title='bbox 2798 1439 2940 1512; x_wconf 91' lang='lat' dir='ltr'>quid</span> <span class='ocrx_word' id='word_1_214' title='bbox 2967 1438 3224 1496; x_wconf 89' lang='lat' dir='ltr'>dicemus</span> <span class='ocrx_word' id='word_1_215' title='bbox 3254 1436 3280 1492; x_wconf 87' lang='lat'><strong>?</strong></span> <span class='ocrx_word' id='word_1_216' title='bbox 3306 1433 3534 1506; x_wconf 87' lang='lat' dir='ltr'>loquar,</span> <span class='ocrx_word' id='word_1_217' title='bbox 3567 1447 3643 1488; x_wconf 91' lang='lat' dir='ltr'>an</span> 
     </span>
    </p>
   </div>
   <div class='ocr_carea' id='block_1_30' title="bbox 1944 1533 3644 1608">
    <p class='ocr_par' dir='ltr' id='par_1_30' title="bbox 1944 1533 3644 1608">
     <span class='ocr_line' id='line_1_30' title="bbox 1944 1533 3644 1608; baseline -0.009 -12"><span class='ocrx_word' id='word_1_218' title='bbox 1944 1537 2142 1596; x_wconf 87' lang='lat' dir='ltr'>sileam</span> <span class='ocrx_word' id='word_1_219' title='bbox 2173 1537 2199 1596; x_wconf 87' lang='lat'>?</span> <span class='ocrx_word' id='word_1_220' title='bbox 2231 1536 2362 1605; x_wconf 88' lang='lat' dir='ltr'>Sed,</span> <span class='ocrx_word' id='word_1_221' title='bbox 2388 1537 2558 1608; x_wconf 83' lang='lat' dir='ltr'>juxta</span> <span class='ocrx_word' id='word_1_222' title='bbox 2580 1535 2955 1606; x_wconf 81' lang='lat' dir='ltr'>Scripturam,</span> <span class='ocrx_word' id='word_1_223' title='bbox 2997 1554 3023 1581; x_wconf 77' lang='grc' dir='ltr'><strong><em>α</em></strong></span> <span class='ocrx_word' id='word_1_224' title='bbox 3055 1533 3394 1600; x_wconf 86' lang='lat' dir='ltr'>conceptum</span> <span class='ocrx_word' id='word_1_225' title='bbox 3425 1538 3644 1582; x_wconf 85' lang='lat' dir='ltr'>sermo-</span> 
     </span>
    </p>
   </div>
   <div class='ocr_carea' id='block_1_31' title="bbox 1944 1612 3646 1701">
    <p class='ocr_par' dir='ltr' id='par_1_31' title="bbox 1944 1612 3646 1701">
     <span class='ocr_line' id='line_1_31' title="bbox 1944 1612 3646 1701; baseline -0.009 -17"><span class='ocrx_word' id='word_1_226' title='bbox 1944 1641 2080 1684; x_wconf 89' lang='lat' dir='ltr'>nem</span> <span class='ocrx_word' id='word_1_227' title='bbox 2105 1632 2299 1683; x_wconf 75' lang='lat' dir='ltr'>tenere</span> <span class='ocrx_word' id='word_1_228' title='bbox 2319 1627 2452 1701; x_wconf 81' lang='lat' dir='ltr'>quis</span> <span class='ocrx_word' id='word_1_229' title='bbox 2485 1623 2701 1696; x_wconf 86' lang='lat' dir='ltr'>possit?</span> <span class='ocrx_word' id='word_1_230' title='bbox 2732 1625 2870 1692; x_wconf 87' lang='lat' dir='ltr'>(Job.</span> <span class='ocrx_word' id='word_1_231' title='bbox 2894 1624 3003 1691; x_wconf 87' lang='lat' dir='ltr'>Iv.)</span> <span class='ocrx_word' id='word_1_232' title='bbox 3035 1641 3062 1671; x_wconf 88' lang='lat'>»</span> <span class='ocrx_word' id='word_1_233' title='bbox 3092 1619 3162 1676; x_wconf 90' lang='lat' dir='ltr'>Et</span> <span class='ocrx_word' id='word_1_234' title='bbox 3181 1623 3331 1676; x_wconf 87' lang='lat' dir='ltr'>certe</span> <span class='ocrx_word' id='word_1_235' title='bbox 3360 1614 3460 1672; x_wconf 92' lang='lat' dir='ltr'>ubi</span> <span class='ocrx_word' id='word_1_236' title='bbox 3488 1612 3646 1671; x_wconf 89' lang='lat' dir='ltr'>nuda</span> 
     </span>
    </p>
   </div>
   <div class='ocr_carea' id='block_1_32' title="bbox 1945 1707 3646 1788">
    <p class='ocr_par' dir='ltr' id='par_1_32' title="bbox 1945 1707 3646 1788">
     <span class='ocr_line' id='line_1_32' title="bbox 1945 1707 3646 1788; baseline -0.008 -14"><span class='ocrx_word' id='word_1_237' title='bbox 1945 1717 2156 1775; x_wconf 86' lang='lat' dir='ltr'>veritas</span> <span class='ocrx_word' id='word_1_238' title='bbox 2186 1717 2462 1785; x_wconf 90' lang='lat' dir='ltr'>cernitur,</span> <span class='ocrx_word' id='word_1_239' title='bbox 2499 1715 2683 1788; x_wconf 87' lang='lat' dir='ltr'>turpis</span> <span class='ocrx_word' id='word_1_240' title='bbox 2717 1710 3057 1787; x_wconf 68' lang='lat' dir='ltr'>ignominiae</span> <span class='ocrx_word' id='word_1_241' title='bbox 3085 1716 3190 1778; x_wconf 90' lang='lat' dir='ltr'>est,</span> <span class='ocrx_word' id='word_1_242' title='bbox 3222 1707 3270 1765; x_wconf 92' lang='lat' dir='ltr'>si</span> <span class='ocrx_word' id='word_1_243' title='bbox 3318 1709 3646 1764; x_wconf 85' lang='lat' dir='ltr'>commento</span> 
     </span>
    </p>
   </div>
   <div class='ocr_carea' id='block_1_33' title="bbox 173 1784 3646 1881">
    <p class='ocr_par' dir='ltr' id='par_1_33' title="bbox 173 1784 3646 1881">
     <span class='ocr_line' id='line_1_33' title="bbox 173 1784 3646 1881; baseline 0.003 -38"><span class='ocrx_word' id='word_1_244' title='bbox 173 1784 336 1846; x_wconf 86' lang='lat' dir='ltr'>Illene</span> <span class='ocrx_word' id='word_1_245' title='bbox 368 1790 482 1846; x_wconf 89' lang='lat' dir='ltr'>erit</span> <span class='ocrx_word' id='word_1_246' title='bbox 524 1796 620 1848; x_wconf 91' lang='lat' dir='ltr'>tuo</span> <span class='ocrx_word' id='word_1_247' title='bbox 645 1792 866 1864; x_wconf 90' lang='lat' dir='ltr'>judicio</span> <span class='ocrx_word' id='word_1_248' title='bbox 896 1797 1176 1867; x_wconf 85' lang='lat' dir='ltr'>pontifex,</span> <span class='ocrx_word' id='word_1_249' title='bbox 1215 1800 1324 1872; x_wconf 85' lang='lat' dir='ltr'>qui</span> <span class='ocrx_word' id='word_1_250' title='bbox 1368 1816 1532 1860; x_wconf 89' lang='lat' dir='ltr'>suam</span> <span class='ocrx_word' id='word_1_251' title='bbox 1585 1784 1925 1881; x_wconf 77' lang='lat' dir='ltr'>vendidit,B</span> <span class='ocrx_word' id='word_1_252' title='bbox 1946 1808 2187 1867; x_wconf 72' lang='lat' dir='ltr'>fallaciae</span> <span class='ocrx_word' id='word_1_253' title='bbox 2210 1784 2555 1866; x_wconf 89' lang='lat' dir='ltr'>deservitur.</span> <span class='ocrx_word' id='word_1_254' title='bbox 2595 1784 2934 1880; x_wconf 28' lang='lat' dir='ltr'>_Ipsiwplane</span> <span class='ocrx_word' id='word_1_255' title='bbox 2965 1801 3186 1875; x_wconf 90' lang='lat' dir='ltr'>liquido</span> <span class='ocrx_word' id='word_1_256' title='bbox 3209 1799 3485 1857; x_wconf 89' lang='lat' dir='ltr'>novimus</span> <span class='ocrx_word' id='word_1_257' title='bbox 3502 1811 3646 1854; x_wconf 88' lang='lat' dir='ltr'>ana-</span> 
     </span>
    </p>
   </div>
   <div class='ocr_carea' id='block_1_34' title="bbox 177 1881 1870 1969">
    <p class='ocr_par' dir='ltr' id='par_1_34' title="bbox 177 1881 1870 1969">
     <span class='ocr_line' id='line_1_34' title="bbox 177 1881 1870 1969; baseline 0.012 -31"><span class='ocrx_word' id='word_1_258' title='bbox 177 1887 229 1938; x_wconf 85' lang='lat' dir='ltr'>ut</span> <span class='ocrx_word' id='word_1_259' title='bbox 278 1881 608 1942; x_wconf 81' lang='lat' dir='ltr'>Romanam</span> <span class='ocrx_word' id='word_1_260' title='bbox 659 1886 974 1946; x_wconf 88' lang='lat' dir='ltr'>Ecclesiam</span> <span class='ocrx_word' id='word_1_261' title='bbox 1014 1891 1354 1952; x_wconf 82' lang='lat' dir='ltr'>obtineret?</span> <span class='ocrx_word' id='word_1_262' title='bbox 1416 1897 1518 1969; x_wconf 91' lang='lat' dir='ltr'>qui</span> <span class='ocrx_word' id='word_1_263' title='bbox 1579 1897 1870 1966; x_wconf 77' lang='lat' dir='ltr'>Romanos</span> 
     </span>
    </p>
   </div>
   <div class='ocr_carea' id='block_1_35' title="bbox 175 1972 1869 2052">
    <p class='ocr_par' dir='ltr' id='par_1_35' title="bbox 175 1972 1869 2052">
     <span class='ocr_line' id='line_1_35' title="bbox 175 1972 1869 2052; baseline 0.015 -25"><span class='ocrx_word' id='word_1_264' title='bbox 175 1972 364 2030; x_wconf 87' lang='lat' dir='ltr'>occidit</span> <span class='ocrx_word' id='word_1_265' title='bbox 394 1974 462 2031; x_wconf 91' lang='lat' dir='ltr'>in</span> <span class='ocrx_word' id='word_1_266' title='bbox 491 1990 590 2034; x_wconf 90' lang='lat' dir='ltr'>ore</span> <span class='ocrx_word' id='word_1_267' title='bbox 617 1976 818 2050; x_wconf 84' lang='lat' dir='ltr'>gladii,</span> <span class='ocrx_word' id='word_1_268' title='bbox 878 1988 942 2038; x_wconf 90' lang='lat' dir='ltr'>ut</span> <span class='ocrx_word' id='word_1_269' title='bbox 986 1980 1288 2043; x_wconf 83' lang='lat' dir='ltr'>Romanus</span> <span class='ocrx_word' id='word_1_270' title='bbox 1335 1986 1604 2047; x_wconf 83' lang='lat' dir='ltr'>Pontifex</span> <span class='ocrx_word' id='word_1_271' title='bbox 1656 1992 1869 2052; x_wconf 85' lang='lat' dir='ltr'>ﬁeret?</span> 
     </span>
    </p>
   </div>
   <div class='ocr_carea' id='block_1_36' title="bbox 175 2059 1869 2142">
    <p class='ocr_par' dir='ltr' id='par_1_36' title="bbox 175 2059 1869 2142">
     <span class='ocr_line' id='line_1_36' title="bbox 175 2059 1869 2142; baseline 0.015 -25"><span class='ocrx_word' id='word_1_272' title='bbox 175 2059 308 2119; x_wconf 84' lang='lat' dir='ltr'>Dicis</span> <span class='ocrx_word' id='word_1_273' title='bbox 360 2079 480 2121; x_wconf 93' lang='lat' dir='ltr'>non</span> <span class='ocrx_word' id='word_1_274' title='bbox 529 2066 800 2125; x_wconf 86' lang='lat' dir='ltr'>debuisse</span> <span class='ocrx_word' id='word_1_275' title='bbox 851 2085 942 2127; x_wconf 91' lang='lat' dir='ltr'>me</span> <span class='ocrx_word' id='word_1_276' title='bbox 1007 2073 1335 2142; x_wconf 76' lang='lat' dir='ltr'>pontificem</span> <span class='ocrx_word' id='word_1_277' title='bbox 1395 2077 1520 2136; x_wconf 88' lang='lat' dir='ltr'>sine</span> <span class='ocrx_word' id='word_1_278' title='bbox 1582 2097 1869 2142; x_wconf 89' lang='lat' dir='ltr'>consensu</span> 
     </span>
    </p>
   </div>
   <div class='ocr_carea' id='block_1_37' title="bbox 181 2146 1866 2239">
    <p class='ocr_par' dir='ltr' id='par_1_37' title="bbox 181 2146 1866 2239">
     <span class='ocr_line' id='line_1_37' title="bbox 181 2146 1866 2239; baseline 0.013 -35"><span class='ocrx_word' id='word_1_279' title='bbox 181 2146 330 2222; x_wconf 80' lang='lat' dir='ltr'>Regis</span> <span class='ocrx_word' id='word_1_280' title='bbox 360 2150 595 2223; x_wconf 85' lang='lat' dir='ltr'>eligere,</span> <span class='ocrx_word' id='word_1_281' title='bbox 630 2158 684 2210; x_wconf 92' lang='lat' dir='ltr'>et</span> <span class='ocrx_word' id='word_1_282' title='bbox 715 2155 1286 2230; x_wconf 86' lang='lat' dir='ltr'>magnipendendum</span> <span class='ocrx_word' id='word_1_283' title='bbox 1322 2163 1470 2220; x_wconf 89' lang='lat' dir='ltr'>mihi</span> <span class='ocrx_word' id='word_1_284' title='bbox 1512 2181 1628 2224; x_wconf 93' lang='lat' dir='ltr'>non</span> <span class='ocrx_word' id='word_1_285' title='bbox 1664 2167 1866 2239; x_wconf 89' lang='lat' dir='ltr'>fuisse,</span> 
     </span>
    </p>
   </div>
   <div class='ocr_carea' id='block_1_38' title="bbox 181 2240 1870 2330">
    <p class='ocr_par' dir='ltr' id='par_1_38' title="bbox 181 2240 1870 2330">
     <span class='ocr_line' id='line_1_38' title="bbox 181 2240 1870 2330; baseline 0.014 -35"><span class='ocrx_word' id='word_1_286' title='bbox 181 2246 232 2330; x_wconf 85' lang='lat' dir='ltr'>ut</span> <span class='ocrx_word' id='word_1_287' title='bbox 273 2240 530 2312; x_wconf 90' lang='lat' dir='ltr'>populus</span> <span class='ocrx_word' id='word_1_288' title='bbox 567 2259 685 2301; x_wconf 91' lang='lat' dir='ltr'>non</span> <span class='ocrx_word' id='word_1_289' title='bbox 726 2247 958 2319; x_wconf 90' lang='lat' dir='ltr'>periret.</span> <span class='ocrx_word' id='word_1_290' title='bbox 1007 2242 1152 2308; x_wconf 79' lang='lat' dir='ltr'>ECce</span> <span class='ocrx_word' id='word_1_291' title='bbox 1196 2251 1336 2310; x_wconf 90' lang='lat' dir='ltr'>hinc</span> <span class='ocrx_word' id='word_1_292' title='bbox 1387 2253 1450 2314; x_wconf 91' lang='lat' dir='ltr'>B.</span> <span class='ocrx_word' id='word_1_293' title='bbox 1499 2257 1870 2330; x_wconf 86' lang='lat' dir='ltr'>Augustinus</span> 
     </span>
    </p>
   </div>
   <div class='ocr_carea' id='block_1_39' title="bbox 180 2329 1864 2423">
    <p class='ocr_par' dir='ltr' id='par_1_39' title="bbox 180 2329 1864 2423">
     <span class='ocr_line' id='line_1_39' title="bbox 180 2329 1864 2423; baseline 0.014 -36"><span class='ocrx_word' id='word_1_294' title='bbox 180 2329 520 2423; x_wconf 87' lang='lat' dir='ltr'>Hipponensi</span> <span class='ocrx_word' id='word_1_295' title='bbox 588 2335 882 2408; x_wconf 73' lang='lat' dir='ltr'>Ecclesiae,</span> <span class='ocrx_word' id='word_1_296' title='bbox 935 2340 1162 2400; x_wconf 90' lang='lat' dir='ltr'>Valerio</span> <span class='ocrx_word' id='word_1_297' title='bbox 1205 2345 1456 2418; x_wconf 75' lang='lat' dir='ltr'>vivente;</span> <span class='ocrx_word' id='word_1_298' title='bbox 1509 2329 1864 2423; x_wconf 69' lang='lat' dir='ltr'>praeﬁcitur:</span> 
     </span>
    </p>
   </div>
   <div class='ocr_carea' id='block_1_40' title="bbox 179 2422 1867 2514">
    <p class='ocr_par' dir='ltr' id='par_1_40' title="bbox 179 2422 1867 2514">
     <span class='ocr_line' id='line_1_40' title="bbox 179 2422 1867 2514; baseline 0.014 -37"><span class='ocrx_word' id='word_1_299' title='bbox 179 2437 286 2479; x_wconf 84' lang='lat' dir='ltr'>ecce</span> <span class='ocrx_word' id='word_1_300' title='bbox 319 2422 490 2481; x_wconf 90' lang='lat' dir='ltr'>illinc</span> <span class='ocrx_word' id='word_1_301' title='bbox 516 2426 857 2486; x_wconf 85' lang='lat' dir='ltr'>Ambrosius</span> <span class='ocrx_word' id='word_1_302' title='bbox 893 2438 1093 2489; x_wconf 88' lang='lat' dir='ltr'>octavo</span> <span class='ocrx_word' id='word_1_303' title='bbox 1139 2434 1232 2491; x_wconf 88' lang='lat' dir='ltr'>die</span> <span class='ocrx_word' id='word_1_304' title='bbox 1279 2422 1584 2509; x_wconf 86' lang='lat' dir='ltr'>postquam</span> <span class='ocrx_word' id='word_1_305' title='bbox 1616 2441 1867 2514; x_wconf 88' lang='lat' dir='ltr'>baptiza-</span> 
     </span>
    </p>
   </div>
   <div class='ocr_carea' id='block_1_41' title="bbox 179 2517 1863 2605">
    <p class='ocr_par' dir='ltr' id='par_1_41' title="bbox 179 2517 1863 2605">
     <span class='ocr_line' id='line_1_41' title="bbox 179 2517 1863 2605; baseline 0.012 -37"><span class='ocrx_word' id='word_1_306' title='bbox 179 2517 256 2568; x_wconf 86' lang='lat' dir='ltr'>tus</span> <span class='ocrx_word' id='word_1_307' title='bbox 307 2521 413 2582; x_wconf 86' lang='lat' dir='ltr'>est,</span> <span class='ocrx_word' id='word_1_308' title='bbox 479 2517 758 2588; x_wconf 87' lang='lat' dir='ltr'>perceptis</span> <span class='ocrx_word' id='word_1_309' title='bbox 808 2521 1036 2578; x_wconf 89' lang='lat' dir='ltr'>cunctis</span> <span class='ocrx_word' id='word_1_310' title='bbox 1091 2523 1492 2584; x_wconf 89' lang='lat' dir='ltr'>ecclesiasticis</span> <span class='ocrx_word' id='word_1_311' title='bbox 1561 2530 1863 2605; x_wconf 86' lang='lat' dir='ltr'>gradibus,</span> 
     </span>
    </p>
   </div>
   <div class='ocr_carea' id='block_1_42' title="bbox 180 2598 1864 2685">
    <p class='ocr_par' dir='ltr' id='par_1_42' title="bbox 180 2598 1864 2685">
     <span class='ocr_line' id='line_1_42' title="bbox 180 2598 1864 2685; baseline 0.015 -32"><span class='ocrx_word' id='word_1_312' title='bbox 180 2598 464 2673; x_wconf 82' lang='lat' dir='ltr'>episcopus</span> <span class='ocrx_word' id='word_1_313' title='bbox 491 2602 814 2662; x_wconf 90' lang='lat' dir='ltr'>ordinatur.</span> <span class='ocrx_word' id='word_1_314' title='bbox 863 2606 926 2663; x_wconf 93' lang='lat' dir='ltr'>In</span> <span class='ocrx_word' id='word_1_315' title='bbox 967 2609 1184 2683; x_wconf 89' lang='lat' dir='ltr'>quibus</span> <span class='ocrx_word' id='word_1_316' title='bbox 1224 2612 1426 2685; x_wconf 89' lang='lat' dir='ltr'>utique</span> <span class='ocrx_word' id='word_1_317' title='bbox 1469 2615 1541 2672; x_wconf 93' lang='lat' dir='ltr'>ob</span> <span class='ocrx_word' id='word_1_318' title='bbox 1568 2598 1658 2674; x_wconf 76' lang='lat' dir='ltr'>nil</span> <span class='ocrx_word' id='word_1_319' title='bbox 1703 2598 1864 2678; x_wconf 82' lang='lat' dir='ltr'>aliud</span> 
     </span>
    </p>
   </div>
   <div class='ocr_carea' id='block_1_43' title="bbox 176 2691 1870 2774">
    <p class='ocr_par' dir='ltr' id='par_1_43' title="bbox 176 2691 1870 2774">
     <span class='ocr_line' id='line_1_43' title="bbox 176 2691 1870 2774; baseline 0.014 -30"><span class='ocrx_word' id='word_1_320' title='bbox 176 2691 456 2751; x_wconf 66' lang='lat' dir='ltr'>canonicze</span> <span class='ocrx_word' id='word_1_321' title='bbox 491 2695 848 2753; x_wconf 87' lang='lat' dir='ltr'>auctoritatis</span> <span class='ocrx_word' id='word_1_322' title='bbox 890 2699 1030 2756; x_wconf 88' lang='lat' dir='ltr'>ordo</span> <span class='ocrx_word' id='word_1_323' title='bbox 1074 2700 1377 2774; x_wconf 87' lang='lat' dir='ltr'>deseritur,</span> <span class='ocrx_word' id='word_1_324' title='bbox 1422 2704 1536 2763; x_wconf 90' lang='lat' dir='ltr'>nisi</span> <span class='ocrx_word' id='word_1_325' title='bbox 1585 2707 1870 2768; x_wconf 87' lang='lat' dir='ltr'>duntaxat</span> 
     </span>
    </p>
   </div>
   <div class='ocr_carea' id='block_1_44' title="bbox 176 2779 1865 2868">
    <p class='ocr_par' dir='ltr' id='par_1_44' title="bbox 176 2779 1865 2868">
     <span class='ocr_line' id='line_1_44' title="bbox 176 2779 1865 2868; baseline 0.012 -33"><span class='ocrx_word' id='word_1_326' title='bbox 176 2779 227 2835; x_wconf 76' lang='lat' dir='ltr'>ut</span> <span class='ocrx_word' id='word_1_327' title='bbox 272 2781 450 2840; x_wconf 88' lang='lat' dir='ltr'>saluti</span> <span class='ocrx_word' id='word_1_328' title='bbox 503 2785 700 2856; x_wconf 89' lang='lat' dir='ltr'>populi</span> <span class='ocrx_word' id='word_1_329' title='bbox 759 2788 1116 2846; x_wconf 90' lang='lat' dir='ltr'>consulatur.</span> <span class='ocrx_word' id='word_1_330' title='bbox 1168 2790 1238 2847; x_wconf 89' lang='lat' dir='ltr'>Et</span> <span class='ocrx_word' id='word_1_331' title='bbox 1283 2799 1342 2849; x_wconf 94' lang='lat' dir='ltr'>tu</span> <span class='ocrx_word' id='word_1_332' title='bbox 1393 2794 1539 2851; x_wconf 89' lang='lat' dir='ltr'>mihi</span> <span class='ocrx_word' id='word_1_333' title='bbox 1584 2795 1748 2868; x_wconf 91' lang='lat' dir='ltr'>dicis,</span> <span class='ocrx_word' id='word_1_334' title='bbox 1801 2798 1865 2860; x_wconf 86' lang='lat' dir='ltr'>in</span> 
     </span>
    </p>
   </div>
   <div class='ocr_carea' id='block_1_45' title="bbox 175 2875 1865 2953">
    <p class='ocr_par' dir='ltr' id='par_1_45' title="bbox 175 2875 1865 2953">
     <span class='ocr_line' id='line_1_45' title="bbox 175 2875 1865 2953; baseline 0.01 -23"><span class='ocrx_word' id='word_1_335' title='bbox 175 2875 445 2932; x_wconf 83' lang='lat' dir='ltr'>servando</span> <span class='ocrx_word' id='word_1_336' title='bbox 475 2877 686 2950; x_wconf 91' lang='lat' dir='ltr'>populo</span> <span class='ocrx_word' id='word_1_337' title='bbox 717 2878 825 2950; x_wconf 91' lang='lat' dir='ltr'>ipsi</span> <span class='ocrx_word' id='word_1_338' title='bbox 867 2881 986 2953; x_wconf 89' lang='lat' dir='ltr'>regi</span> <span class='ocrx_word' id='word_1_339' title='bbox 1030 2895 1123 2938; x_wconf 89' lang='lat' dir='ltr'>me</span> <span class='ocrx_word' id='word_1_340' title='bbox 1172 2897 1290 2940; x_wconf 91' lang='lat' dir='ltr'>non</span> <span class='ocrx_word' id='word_1_341' title='bbox 1342 2883 1609 2944; x_wconf 87' lang='lat' dir='ltr'>debuisse</span> <span class='ocrx_word' id='word_1_342' title='bbox 1653 2904 1865 2948; x_wconf 91' lang='lat' dir='ltr'>consu-</span> 
     </span>
    </p>
   </div>
   <div class='ocr_carea' id='block_1_46' title="bbox 177 2961 1865 3050">
    <p class='ocr_par' dir='ltr' id='par_1_46' title="bbox 177 2961 1865 3050">
     <span class='ocr_line' id='line_1_46' title="bbox 177 2961 1865 3050; baseline 0.011 -32"><span class='ocrx_word' id='word_1_343' title='bbox 177 2961 293 3030; x_wconf 84' lang='lat' dir='ltr'>lere,</span> <span class='ocrx_word' id='word_1_344' title='bbox 326 2971 397 3021; x_wconf 87' lang='lat' dir='ltr'>ut</span> <span class='ocrx_word' id='word_1_345' title='bbox 427 2964 659 3023; x_wconf 87' lang='lat' dir='ltr'>sibimet</span> <span class='ocrx_word' id='word_1_346' title='bbox 686 2965 747 3023; x_wconf 90' lang='lat' dir='ltr'>in</span> <span class='ocrx_word' id='word_1_347' title='bbox 798 2967 988 3026; x_wconf 88' lang='lat' dir='ltr'>dando</span> <span class='ocrx_word' id='word_1_348' title='bbox 1028 2985 1318 3027; x_wconf 90' lang='lat' dir='ltr'>consensu</span> <span class='ocrx_word' id='word_1_349' title='bbox 1375 2972 1554 3031; x_wconf 93' lang='lat' dir='ltr'>unius</span> <span class='ocrx_word' id='word_1_350' title='bbox 1607 2976 1865 3050; x_wconf 74' lang='lat' dir='ltr'>epistolae</span> 
     </span>
    </p>
   </div>
   <div class='ocr_carea' id='block_1_47' title="bbox 172 3049 1866 3130">
    <p class='ocr_par' dir='ltr' id='par_1_47' title="bbox 172 3049 1866 3130">
     <span class='ocr_line' id='line_1_47' title="bbox 172 3049 1866 3130; baseline 0.011 -24"><span class='ocrx_word' id='word_1_351' title='bbox 172 3049 340 3122; x_wconf 82' lang='lat' dir='ltr'>gloria</span> <span class='ocrx_word' id='word_1_352' title='bbox 371 3055 717 3124; x_wconf 86' lang='lat' dir='ltr'>proveniret.</span> <span class='ocrx_word' id='word_1_353' title='bbox 773 3053 918 3112; x_wconf 84' lang='lat' dir='ltr'>Nam</span> <span class='ocrx_word' id='word_1_354' title='bbox 960 3058 1116 3114; x_wconf 90' lang='lat' dir='ltr'>unde</span> <span class='ocrx_word' id='word_1_355' title='bbox 1169 3059 1533 3130; x_wconf 88' lang='lat' dir='ltr'>postmodum</span> <span class='ocrx_word' id='word_1_356' title='bbox 1565 3049 1866 3124; x_wconf 84' lang='lat' dir='ltr'>Romanus</span> 
     </span>
    </p>
   </div>
   <div class='ocr_carea' id='block_1_48' title="bbox 174 3142 1930 3237">
    <p class='ocr_par' dir='ltr' id='par_1_48' title="bbox 174 3142 1930 3237">
     <span class='ocr_line' id='line_1_48' title="bbox 174 3142 1930 3237; baseline 0.01 -41"><span class='ocrx_word' id='word_1_357' title='bbox 174 3142 478 3213; x_wconf 82' lang='lat' dir='ltr'>imperator</span> <span class='ocrx_word' id='word_1_358' title='bbox 525 3143 703 3214; x_wconf 89' lang='lat' dir='ltr'>ﬁeret,</span> <span class='ocrx_word' id='word_1_359' title='bbox 733 3146 780 3202; x_wconf 89' lang='lat' dir='ltr'>si</span> <span class='ocrx_word' id='word_1_360' title='bbox 822 3152 958 3203; x_wconf 91' lang='lat' dir='ltr'>tunc</span> <span class='ocrx_word' id='word_1_361' title='bbox 996 3162 1056 3204; x_wconf 90' lang='lat' dir='ltr'>se</span> <span class='ocrx_word' id='word_1_362' title='bbox 1103 3147 1400 3206; x_wconf 82' lang='lat' dir='ltr'>Romanus</span> <span class='ocrx_word' id='word_1_363' title='bbox 1447 3152 1696 3224; x_wconf 90' lang='lat' dir='ltr'>populus</span> <span class='ocrx_word' id='word_1_364' title='bbox 1731 3170 1861 3212; x_wconf 91' lang='lat' dir='ltr'>mu-</span> <span class='ocrx_word' id='word_1_365' title='bbox 1886 3177 1930 3237; x_wconf 70' lang='grc' dir='ltr'>ο</span> 
     </span>
    </p>
   </div>
   <div class='ocr_carea' id='block_1_49' title="bbox 173 3233 1865 3316">
    <p class='ocr_par' dir='ltr' id='par_1_49' title="bbox 173 3233 1865 3316">
     <span class='ocr_line' id='line_1_49' title="bbox 173 3233 1865 3316; baseline 0.008 -28"><span class='ocrx_word' id='word_1_366' title='bbox 173 3233 272 3291; x_wconf 84' lang='lat' dir='ltr'>tuis</span> <span class='ocrx_word' id='word_1_367' title='bbox 319 3234 673 3292; x_wconf 80' lang='lat' dir='ltr'>vulneribus</span> <span class='ocrx_word' id='word_1_368' title='bbox 712 3236 1046 3308; x_wconf 87' lang='lat' dir='ltr'>peremisset</span> <span class='ocrx_word' id='word_1_369' title='bbox 1082 3235 1109 3295; x_wconf 84' lang='lat'><em>?</em></span> <span class='ocrx_word' id='word_1_370' title='bbox 1150 3237 1324 3296; x_wconf 89' lang='lat' dir='ltr'>Porro</span> <span class='ocrx_word' id='word_1_371' title='bbox 1355 3247 1571 3312; x_wconf 90' lang='lat' dir='ltr'>autem,</span> <span class='ocrx_word' id='word_1_372' title='bbox 1627 3244 1765 3316; x_wconf 92' lang='lat' dir='ltr'>quia</span> <span class='ocrx_word' id='word_1_373' title='bbox 1803 3244 1865 3302; x_wconf 92' lang='lat' dir='ltr'>in</span> 
     </span>
    </p>
   </div>
   <div class='ocr_carea' id='block_1_50' title="bbox 171 3322 1867 3396">
    <p class='ocr_par' dir='ltr' id='par_1_50' title="bbox 171 3322 1867 3396">
     <span class='ocr_line' id='line_1_50' title="bbox 171 3322 1867 3396; baseline 0.008 -20"><span class='ocrx_word' id='word_1_374' title='bbox 171 3322 562 3381; x_wconf 86' lang='lat' dir='ltr'>constituendo</span> <span class='ocrx_word' id='word_1_375' title='bbox 610 3323 881 3396; x_wconf 85' lang='lat' dir='ltr'>pontiﬁce</span> <span class='ocrx_word' id='word_1_376' title='bbox 919 3324 1179 3382; x_wconf 81' lang='lat' dir='ltr'>Romana</span> <span class='ocrx_word' id='word_1_377' title='bbox 1224 3326 1475 3385; x_wconf 88' lang='lat' dir='ltr'>Ecclesia</span> <span class='ocrx_word' id='word_1_378' title='bbox 1519 3345 1552 3386; x_wconf 89' lang='lat' dir='ltr'>a</span> <span class='ocrx_word' id='word_1_379' title='bbox 1589 3331 1867 3391; x_wconf 85' lang='lat' dir='ltr'>charitate</span> 
     </span>
    </p>
   </div>
   <div class='ocr_carea' id='block_1_51' title="bbox 171 3411 1865 3494">
    <p class='ocr_par' dir='ltr' id='par_1_51' title="bbox 171 3411 1865 3494">
     <span class='ocr_line' id='line_1_51' title="bbox 171 3411 1865 3494; baseline 0.007 -27"><span class='ocrx_word' id='word_1_380' title='bbox 171 3411 312 3482; x_wconf 84' lang='lat' dir='ltr'>regia</span> <span class='ocrx_word' id='word_1_381' title='bbox 350 3428 474 3470; x_wconf 91' lang='lat' dir='ltr'>non</span> <span class='ocrx_word' id='word_1_382' title='bbox 508 3414 761 3479; x_wconf 87' lang='lat' dir='ltr'>recessit,</span> <span class='ocrx_word' id='word_1_383' title='bbox 804 3413 909 3471; x_wconf 93' lang='lat' dir='ltr'>hoc</span> <span class='ocrx_word' id='word_1_384' title='bbox 937 3415 1113 3471; x_wconf 87' lang='lat' dir='ltr'>etiam</span> <span class='ocrx_word' id='word_1_385' title='bbox 1147 3415 1361 3474; x_wconf 88' lang='lat' dir='ltr'>indicio</span> <span class='ocrx_word' id='word_1_386' title='bbox 1404 3426 1508 3487; x_wconf 89' lang='lat' dir='ltr'>est,</span> <span class='ocrx_word' id='word_1_387' title='bbox 1563 3423 1700 3494; x_wconf 88' lang='lat' dir='ltr'>quia</span> <span class='ocrx_word' id='word_1_388' title='bbox 1731 3437 1865 3479; x_wconf 91' lang='lat' dir='ltr'>cum</span> 
     </span>
    </p>
   </div>
   <div class='ocr_carea' id='block_1_52' title="bbox 171 3498 1864 3578">
    <p class='ocr_par' dir='ltr' id='par_1_52' title="bbox 171 3498 1864 3578">
     <span class='ocr_line' id='line_1_52' title="bbox 171 3498 1864 3578; baseline 0.009 -25"><span class='ocrx_word' id='word_1_389' title='bbox 171 3498 220 3554; x_wconf 88' lang='lat' dir='ltr'>in</span> <span class='ocrx_word' id='word_1_390' title='bbox 270 3500 421 3558; x_wconf 90' lang='lat' dir='ltr'>clero</span> <span class='ocrx_word' id='word_1_391' title='bbox 459 3516 569 3558; x_wconf 88' lang='lat' dir='ltr'>suo</span> <span class='ocrx_word' id='word_1_392' title='bbox 598 3501 880 3574; x_wconf 86' lang='lat' dir='ltr'>religiosis</span> <span class='ocrx_word' id='word_1_393' title='bbox 929 3503 1070 3560; x_wconf 83' lang='lat' dir='ltr'>viris</span> <span class='ocrx_word' id='word_1_394' title='bbox 1112 3510 1167 3560; x_wconf 90' lang='lat' dir='ltr'>et</span> <span class='ocrx_word' id='word_1_395' title='bbox 1201 3505 1557 3578; x_wconf 90' lang='lat' dir='ltr'>sapientibus</span> <span class='ocrx_word' id='word_1_396' title='bbox 1602 3508 1864 3567; x_wconf 90' lang='lat' dir='ltr'>abunda-</span> 
     </span>
    </p>
   </div>
   <div class='ocr_carea' id='block_1_53' title="bbox 169 3588 1862 3671">
    <p class='ocr_par' dir='ltr' id='par_1_53' title="bbox 169 3588 1862 3671">
     <span class='ocr_line' id='line_1_53' title="bbox 169 3588 1862 3671; baseline 0.007 -27"><span class='ocrx_word' id='word_1_397' title='bbox 169 3593 264 3655; x_wconf 86' lang='lat' dir='ltr'>ret,</span> <span class='ocrx_word' id='word_1_398' title='bbox 305 3589 421 3648; x_wconf 91' lang='lat' dir='ltr'>nod</span> <span class='ocrx_word' id='word_1_399' title='bbox 461 3588 533 3645; x_wconf 90' lang='lat' dir='ltr'>de</span> <span class='ocrx_word' id='word_1_400' title='bbox 580 3590 848 3663; x_wconf 90' lang='lat' dir='ltr'>propriis,</span> <span class='ocrx_word' id='word_1_401' title='bbox 905 3592 1002 3648; x_wconf 89' lang='lat' dir='ltr'>sed</span> <span class='ocrx_word' id='word_1_402' title='bbox 1053 3606 1208 3662; x_wconf 88' lang='lat' dir='ltr'>eum,</span> <span class='ocrx_word' id='word_1_403' title='bbox 1264 3593 1365 3665; x_wconf 91' lang='lat' dir='ltr'>qui</span> <span class='ocrx_word' id='word_1_404' title='bbox 1404 3595 1525 3668; x_wconf 89' lang='lat' dir='ltr'>regi</span> <span class='ocrx_word' id='word_1_405' title='bbox 1587 3609 1862 3671; x_wconf 88' lang='lat' dir='ltr'>tanquam</span> 
     </span>
    </p>
   </div>
   <div class='ocr_carea' id='block_1_54' title="bbox 167 3679 1326 3760">
    <p class='ocr_par' dir='ltr' id='par_1_54' title="bbox 167 3679 1326 3760">
     <span class='ocr_line' id='line_1_54' title="bbox 167 3679 1326 3760; baseline 0.006 -24"><span class='ocrx_word' id='word_1_406' title='bbox 167 3679 508 3742; x_wconf 87' lang='lat' dir='ltr'>domesticus</span> <span class='ocrx_word' id='word_1_407' title='bbox 533 3691 591 3740; x_wconf 88' lang='lat' dir='ltr'>et</span> <span class='ocrx_word' id='word_1_408' title='bbox 615 3683 920 3760; x_wconf 81' lang='lat' dir='ltr'>familiaris</span> <span class='ocrx_word' id='word_1_409' title='bbox 949 3691 1090 3757; x_wconf 88' lang='lat' dir='ltr'>erat,</span> <span class='ocrx_word' id='word_1_410' title='bbox 1131 3687 1326 3759; x_wconf 89' lang='lat' dir='ltr'>elegit.</span> 
     </span>
    </p>
   </div>
   <div class='ocr_carea' id='block_1_55' title="bbox 723 3814 1280 3881">
    <p class='ocr_par' dir='ltr' id='par_1_55' title="bbox 723 3814 1280 3881">
     <span class='ocr_line' id='line_1_55' title="bbox 723 3814 1280 3881; baseline 0.002 -12"><span class='ocrx_word' id='word_1_411' title='bbox 723 3814 924 3881; x_wconf 83' lang='lat' dir='ltr'>Regius</span> <span class='ocrx_word' id='word_1_412' title='bbox 964 3814 1280 3870; x_wconf 84' lang='lat' dir='ltr'>advocatus.</span> 
     </span>
    </p>
   </div>
   <div class='ocr_carea' id='block_1_56' title="bbox 239 3925 1858 4004">
    <p class='ocr_par' dir='ltr' id='par_1_56' title="bbox 239 3925 1858 4004">
     <span class='ocr_line' id='line_1_56' title="bbox 239 3925 1858 4004; baseline 0.002 -19"><span class='ocrx_word' id='word_1_413' title='bbox 239 3925 517 3999; x_wconf 85' lang='lat' dir='ltr'>Quisquis</span> <span class='ocrx_word' id='word_1_414' title='bbox 569 3926 816 3997; x_wconf 85' lang='lat' dir='ltr'>veritati,</span> <span class='ocrx_word' id='word_1_415' title='bbox 878 3934 1179 4000; x_wconf 89' lang='lat' dir='ltr'>postquam</span> <span class='ocrx_word' id='word_1_416' title='bbox 1235 3930 1511 4002; x_wconf 90' lang='lat' dir='ltr'>patefacta</span> <span class='ocrx_word' id='word_1_417' title='bbox 1569 3930 1858 4004; x_wconf 79' lang='lat' dir='ltr'>claruerit,</span> 
     </span>
    </p>
   </div>
   <div class='ocr_carea' id='block_1_57' title="bbox 161 4011 1861 4089">
    <p class='ocr_par' dir='ltr' id='par_1_57' title="bbox 161 4011 1861 4089">
     <span class='ocr_line' id='line_1_57' title="bbox 161 4011 1861 4089; baseline 0.006 -22"><span class='ocrx_word' id='word_1_418' title='bbox 161 4011 438 4070; x_wconf 78' lang='lat' dir='ltr'>obstinate</span> <span class='ocrx_word' id='word_1_419' title='bbox 495 4012 782 4083; x_wconf 89' lang='lat' dir='ltr'>renititur,</span> <span class='ocrx_word' id='word_1_420' title='bbox 845 4014 948 4072; x_wconf 83' lang='lat' dir='ltr'>Dei</span> <span class='ocrx_word' id='word_1_421' title='bbox 1012 4016 1426 4089; x_wconf 89' lang='lat' dir='ltr'>omnipotentis</span> <span class='ocrx_word' id='word_1_422' title='bbox 1493 4018 1861 4078; x_wconf 85' lang='lat' dir='ltr'>adversarius</span> 
     </span>
    </p>
   </div>
   <div class='ocr_carea' id='block_1_58' title="bbox 162 4104 1860 4182">
    <p class='ocr_par' dir='ltr' id='par_1_58' title="bbox 162 4104 1860 4182">
     <span class='ocr_line' id='line_1_58' title="bbox 162 4104 1860 4182; baseline 0.005 -22"><span class='ocrx_word' id='word_1_423' title='bbox 162 4119 268 4160; x_wconf 87' lang='lat' dir='ltr'>non</span> <span class='ocrx_word' id='word_1_424' title='bbox 308 4104 604 4163; x_wconf 89' lang='lat' dir='ltr'>immerito</span> <span class='ocrx_word' id='word_1_425' title='bbox 649 4105 960 4178; x_wconf 86' lang='lat' dir='ltr'>judicatur,</span> <span class='ocrx_word' id='word_1_426' title='bbox 1011 4109 1184 4182; x_wconf 90' lang='lat' dir='ltr'>cujus</span> <span class='ocrx_word' id='word_1_427' title='bbox 1231 4109 1539 4168; x_wconf 91' lang='lat' dir='ltr'>adversum</span> <span class='ocrx_word' id='word_1_428' title='bbox 1597 4127 1657 4168; x_wconf 87' lang='lat' dir='ltr'>se</span> <span class='ocrx_word' id='word_1_429' title='bbox 1712 4110 1860 4169; x_wconf 87' lang='lat' dir='ltr'>iram</span> 
     </span>
    </p>
   </div>
   <div class='ocr_carea' id='block_1_59' title="bbox 161 4189 1860 4275">
    <p class='ocr_par' dir='ltr' id='par_1_59' title="bbox 161 4189 1860 4275">
     <span class='ocr_line' id='line_1_59' title="bbox 161 4189 1860 4275; baseline 0.008 -28"><span class='ocrx_word' id='word_1_430' title='bbox 161 4189 685 4265; x_wconf 85' lang='lat' dir='ltr'>inextinguibiliter</span> <span class='ocrx_word' id='word_1_431' title='bbox 735 4202 1025 4267; x_wconf 87' lang='lat' dir='ltr'>provocat,</span> <span class='ocrx_word' id='word_1_432' title='bbox 1081 4197 1130 4254; x_wconf 88' lang='lat' dir='ltr'>si</span> <span class='ocrx_word' id='word_1_433' title='bbox 1177 4199 1496 4270; x_wconf 88' lang='lat' dir='ltr'>veritatem,</span> <span class='ocrx_word' id='word_1_434' title='bbox 1549 4216 1684 4274; x_wconf 74' lang='lat' dir='ltr'>quae</span> <span class='ocrx_word' id='word_1_435' title='bbox 1737 4202 1860 4275; x_wconf 89' lang='lat' dir='ltr'>ipse</span> 
     </span>
    </p>
   </div>
   <div class='ocr_carea' id='block_1_60' title="bbox 159 4287 1856 4365">
    <p class='ocr_par' dir='ltr' id='par_1_60' title="bbox 159 4287 1856 4365">
     <span class='ocr_line' id='line_1_60' title="bbox 159 4287 1856 4365; baseline 0.006 -25"><span class='ocrx_word' id='word_1_436' title='bbox 159 4289 234 4340; x_wconf 80' lang='lat' dir='ltr'>est</span> <span class='ocrx_word' id='word_1_437' title='bbox 263 4287 315 4348; x_wconf 76' lang='grc' dir='ltr'>(Ι</span> <span class='ocrx_word' id='word_1_438' title='bbox 331 4288 497 4342; x_wconf 83' lang='lat' dir='ltr'>Joan.</span> <span class='ocrx_word' id='word_1_439' title='bbox 549 4290 631 4354; x_wconf 84' lang='lat' dir='ltr'>v),</span> <span class='ocrx_word' id='word_1_440' title='bbox 665 4287 1032 4358; x_wconf 87' lang='lat' dir='ltr'>pertinaciter</span> <span class='ocrx_word' id='word_1_441' title='bbox 1069 4293 1124 4344; x_wconf 88' lang='lat' dir='ltr'>et</span> <span class='ocrx_word' id='word_1_442' title='bbox 1153 4296 1486 4362; x_wconf 85' lang='lat' dir='ltr'>arroganter</span> <span class='ocrx_word' id='word_1_443' title='bbox 1533 4289 1856 4365; x_wconf 87' lang='lat' dir='ltr'>impugnat.</span> 
     </span>
    </p>
   </div>
   <div class='ocr_carea' id='block_1_61' title="bbox 157 4372 1855 4452">
    <p class='ocr_par' dir='ltr' id='par_1_61' title="bbox 157 4372 1855 4452">
     <span class='ocr_line' id='line_1_61' title="bbox 157 4372 1855 4452; baseline 0.006 -22"><span class='ocrx_word' id='word_1_444' title='bbox 157 4372 291 4433; x_wconf 69' lang='lat' dir='ltr'>Nam</span> <span class='ocrx_word' id='word_1_445' title='bbox 328 4384 394 4433; x_wconf 91' lang='lat' dir='ltr'>ut</span> <span class='ocrx_word' id='word_1_446' title='bbox 422 4376 547 4449; x_wconf 89' lang='lat' dir='ltr'>ipse</span> <span class='ocrx_word' id='word_1_447' title='bbox 572 4376 946 4449; x_wconf 87' lang='lat' dir='ltr'>disputationi</span> <span class='ocrx_word' id='word_1_448' title='bbox 976 4385 1093 4435; x_wconf 66' lang='lat' dir='ltr'>tua:</span> <span class='ocrx_word' id='word_1_449' title='bbox 1119 4379 1276 4437; x_wconf 87' lang='lat' dir='ltr'>velut</span> <span class='ocrx_word' id='word_1_450' title='bbox 1302 4381 1595 4452; x_wconf 88' lang='lat' dir='ltr'>epilogum</span> <span class='ocrx_word' id='word_1_451' title='bbox 1629 4383 1855 4452; x_wconf 86' lang='lat' dir='ltr'>faciam,</span> 
     </span>
    </p>
   </div>
   <div class='ocr_carea' id='block_1_62' title="bbox 1955 1888 3650 1966">
    <p class='ocr_par' dir='ltr' id='par_1_62' title="bbox 1955 1888 3650 1966">
     <span class='ocr_line' id='line_1_62' title="bbox 1955 1888 3650 1966; baseline -0.006 -10"><span class='ocrx_word' id='word_1_452' title='bbox 1955 1897 2381 1957; x_wconf 86' lang='lat' dir='ltr'>thematizatum</span> <span class='ocrx_word' id='word_1_453' title='bbox 2432 1913 2556 1956; x_wconf 90' lang='lat' dir='ltr'>esse</span> <span class='ocrx_word' id='word_1_454' title='bbox 2607 1895 2950 1964; x_wconf 88' lang='lat' dir='ltr'>Gerardum,</span> <span class='ocrx_word' id='word_1_455' title='bbox 3002 1909 3108 1951; x_wconf 88' lang='lat' dir='ltr'>nec</span> <span class='ocrx_word' id='word_1_456' title='bbox 3144 1893 3484 1966; x_wconf 89' lang='lat' dir='ltr'>ignoramus</span> <span class='ocrx_word' id='word_1_457' title='bbox 3521 1888 3650 1963; x_wconf 88' lang='lat' dir='ltr'>ejus</span> 
     </span>
    </p>
   </div>
   <div class='ocr_carea' id='block_1_63' title="bbox 1950 1983 3646 2065">
    <p class='ocr_par' dir='ltr' id='par_1_63' title="bbox 1950 1983 3646 2065">
     <span class='ocr_line' id='line_1_63' title="bbox 1950 1983 3646 2065; baseline -0.008 -17"><span class='ocrx_word' id='word_1_458' title='bbox 1950 1990 2232 2049; x_wconf 88' lang='lat' dir='ltr'>instinctu</span> <span class='ocrx_word' id='word_1_459' title='bbox 2262 1990 2630 2065; x_wconf 89' lang='lat' dir='ltr'>potissimum</span> <span class='ocrx_word' id='word_1_460' title='bbox 2662 1989 2820 2047; x_wconf 89' lang='lat' dir='ltr'>hunc</span> <span class='ocrx_word' id='word_1_461' title='bbox 2845 1987 3182 2060; x_wconf 89' lang='lat' dir='ltr'>episcopum</span> <span class='ocrx_word' id='word_1_462' title='bbox 3220 1984 3284 2040; x_wconf 90' lang='lat' dir='ltr'>in</span> <span class='ocrx_word' id='word_1_463' title='bbox 3333 1983 3443 2040; x_wconf 89' lang='lat' dir='ltr'>hoc</span> <span class='ocrx_word' id='word_1_464' title='bbox 3472 1994 3646 2053; x_wconf 90' lang='lat' dir='ltr'>nego-</span> 
     </span>
    </p>
   </div>
   <div class='ocr_carea' id='block_1_64' title="bbox 1955 2069 3649 2153">
    <p class='ocr_par' dir='ltr' id='par_1_64' title="bbox 1955 2069 3649 2153">
     <span class='ocr_line' id='line_1_64' title="bbox 1955 2069 3649 2153; baseline -0.008 -14"><span class='ocrx_word' id='word_1_465' title='bbox 1955 2081 2098 2139; x_wconf 91' lang='lat' dir='ltr'>tium</span> <span class='ocrx_word' id='word_1_466' title='bbox 2126 2079 2306 2138; x_wconf 84' lang='lat' dir='ltr'>fuisse</span> <span class='ocrx_word' id='word_1_467' title='bbox 2354 2079 2685 2153; x_wconf 90' lang='lat' dir='ltr'>pellectum.</span> <span class='ocrx_word' id='word_1_468' title='bbox 2730 2078 2804 2136; x_wconf 91' lang='lat' dir='ltr'>Ut</span> <span class='ocrx_word' id='word_1_469' title='bbox 2839 2078 3018 2151; x_wconf 84' lang='lat' dir='ltr'>igitur</span> <span class='ocrx_word' id='word_1_470' title='bbox 3062 2075 3143 2133; x_wconf 90' lang='lat' dir='ltr'>ita</span> <span class='ocrx_word' id='word_1_471' title='bbox 3185 2073 3411 2148; x_wconf 89' lang='lat' dir='ltr'>loquar,</span> <span class='ocrx_word' id='word_1_472' title='bbox 3459 2069 3649 2139; x_wconf 90' lang='lat' dir='ltr'>arbor,</span> 
     </span>
    </p>
   </div>
   <div class='ocr_carea' id='block_1_65' title="bbox 1951 2164 3652 2260">
    <p class='ocr_par' dir='ltr' id='par_1_65' title="bbox 1951 2164 3652 2260">
     <span class='ocr_line' id='line_1_65' title="bbox 1951 2164 3652 2260; baseline -0.009 -29"><span class='ocrx_word' id='word_1_473' title='bbox 1951 2188 2083 2246; x_wconf 65' lang='lat' dir='ltr'>qua:</span> <span class='ocrx_word' id='word_1_474' title='bbox 2108 2173 2179 2229; x_wconf 90' lang='lat' dir='ltr'>de</span> <span class='ocrx_word' id='word_1_475' title='bbox 2204 2176 2480 2230; x_wconf 88' lang='lat' dir='ltr'>venenata</span> <span class='ocrx_word' id='word_1_476' title='bbox 2511 2170 2700 2229; x_wconf 88' lang='lat' dir='ltr'>radice</span> <span class='ocrx_word' id='word_1_477' title='bbox 2714 2167 3097 2227; x_wconf 89' lang='lat' dir='ltr'>anathematis</span> <span class='ocrx_word' id='word_1_478' title='bbox 3117 2164 3320 2260; x_wconf 69' lang='lat' dir='ltr'>oritur,</span> <span class='ocrx_word' id='word_1_479' title='bbox 3337 2166 3652 2260; x_wconf 73' lang='lat' dir='ltr'>antequam</span> 
     </span>
    </p>
   </div>
   <div class='ocr_carea' id='block_1_66' title="bbox 1950 2250 3649 2349">
    <p class='ocr_par' dir='ltr' id='par_1_66' title="bbox 1950 2250 3649 2349">
     <span class='ocr_line' id='line_1_66' title="bbox 1950 2250 3649 2349; baseline -0.007 -30"><span class='ocrx_word' id='word_1_480' title='bbox 1950 2261 2342 2336; x_wconf 91' lang='lat' dir='ltr'>perniciosum</span> <span class='ocrx_word' id='word_1_481' title='bbox 2371 2265 2706 2334; x_wconf 86' lang='lat' dir='ltr'>prorumpat</span> <span class='ocrx_word' id='word_1_482' title='bbox 2739 2257 2799 2315; x_wconf 93' lang='lat' dir='ltr'>in</span> <span class='ocrx_word' id='word_1_483' title='bbox 2828 2258 3106 2349; x_wconf 80' lang='lat' dir='ltr'>fructum</span> <span class='ocrx_word' id='word_1_484' title='bbox 3125 2253 3312 2312; x_wconf 89' lang='lat' dir='ltr'>modis</span> <span class='ocrx_word' id='word_1_485' title='bbox 3342 2250 3649 2349; x_wconf 68' lang='lat' dir='ltr'>omnibus,</span> 
     </span>
    </p>
   </div>
   <div class='ocr_carea' id='block_1_67' title="bbox 1950 2339 3648 2420">
    <p class='ocr_par' dir='ltr' id='par_1_67' title="bbox 1950 2339 3648 2420">
     <span class='ocr_line' id='line_1_67' title="bbox 1950 2339 3648 2420; baseline -0.008 -11"><span class='ocrx_word' id='word_1_486' title='bbox 1950 2366 2182 2409; x_wconf 84' lang='lat' dir='ltr'>necesse</span> <span class='ocrx_word' id='word_1_487' title='bbox 2209 2355 2296 2408; x_wconf 86' lang='lat' dir='ltr'>est</span> <span class='ocrx_word' id='word_1_488' title='bbox 2335 2349 2640 2420; x_wconf 86' lang='lat' dir='ltr'>evellatur,</span> <span class='ocrx_word' id='word_1_489' title='bbox 2687 2353 2926 2406; x_wconf 87' lang='lat' dir='ltr'>testante</span> <span class='ocrx_word' id='word_1_490' title='bbox 2976 2344 3249 2412; x_wconf 86' lang='lat' dir='ltr'>Veritatc,</span> <span class='ocrx_word' id='word_1_491' title='bbox 3298 2357 3430 2415; x_wconf 73' lang='lat' dir='ltr'>quae</span> <span class='ocrx_word' id='word_1_492' title='bbox 3461 2339 3601 2397; x_wconf 91' lang='lat' dir='ltr'>dicit</span> <span class='ocrx_word' id='word_1_493' title='bbox 3635 2357 3648 2395; x_wconf 87' lang='lat'><strong>:</strong></span> 
     </span>
    </p>
   </div>
   <div class='ocr_carea' id='block_1_68' title="bbox 1955 2434 3653 2514">
    <p class='ocr_par' dir='ltr' id='par_1_68' title="bbox 1955 2434 3653 2514">
     <span class='ocr_line' id='line_1_68' title="bbox 1955 2434 3653 2514; baseline -0.007 -15"><span class='ocrx_word' id='word_1_494' title='bbox 1955 2463 1976 2492; x_wconf 71' lang='grc' dir='ltr'><strong>α</strong></span> <span class='ocrx_word' id='word_1_495' title='bbox 2009 2440 2211 2499; x_wconf 89' lang='lat' dir='ltr'>Omnis</span> <span class='ocrx_word' id='word_1_496' title='bbox 2236 2440 2424 2511; x_wconf 90' lang='lat' dir='ltr'>arbor,</span> <span class='ocrx_word' id='word_1_497' title='bbox 2454 2457 2584 2514; x_wconf 57' lang='lat' dir='ltr'>quas</span> <span class='ocrx_word' id='word_1_498' title='bbox 2628 2455 2746 2497; x_wconf 93' lang='lat' dir='ltr'>non</span> <span class='ocrx_word' id='word_1_499' title='bbox 2798 2439 2931 2496; x_wconf 88' lang='lat' dir='ltr'>facit</span> <span class='ocrx_word' id='word_1_500' title='bbox 2969 2437 3223 2493; x_wconf 87' lang='lat' dir='ltr'>fructum</span> <span class='ocrx_word' id='word_1_501' title='bbox 3256 2434 3496 2499; x_wconf 89' lang='lat' dir='ltr'>bonum,</span> <span class='ocrx_word' id='word_1_502' title='bbox 3546 2445 3653 2488; x_wconf 86' lang='lat' dir='ltr'>ex-</span> 
     </span>
    </p>
   </div>
   <div class='ocr_carea' id='block_1_69' title="bbox 1948 2527 3340 2604">
    <p class='ocr_par' dir='ltr' id='par_1_69' title="bbox 1948 2527 3340 2604">
     <span class='ocr_line' id='line_1_69' title="bbox 1948 2527 3340 2604; baseline -0.009 -17"><span class='ocrx_word' id='word_1_503' title='bbox 1948 2530 2190 2604; x_wconf 87' lang='lat' dir='ltr'>cidetur,</span> <span class='ocrx_word' id='word_1_504' title='bbox 2220 2538 2276 2588; x_wconf 90' lang='lat' dir='ltr'>et</span> <span class='ocrx_word' id='word_1_505' title='bbox 2303 2532 2363 2588; x_wconf 93' lang='lat' dir='ltr'>in</span> <span class='ocrx_word' id='word_1_506' title='bbox 2401 2531 2595 2603; x_wconf 86' lang='lat' dir='ltr'>ignem</span> <span class='ocrx_word' id='word_1_507' title='bbox 2627 2530 2886 2586; x_wconf 87' lang='lat' dir='ltr'>mittetur</span> <span class='ocrx_word' id='word_1_508' title='bbox 2915 2527 3130 2598; x_wconf 82' lang='lat' dir='ltr'>(Matth.</span> <span class='ocrx_word' id='word_1_509' title='bbox 3155 2529 3286 2593; x_wconf 82' lang='lat' dir='ltr'>vn).</span> <span class='ocrx_word' id='word_1_510' title='bbox 3319 2545 3340 2574; x_wconf 76' lang='grc' dir='ltr'><strong><em>ι</em></strong></span> 
     </span>
    </p>
   </div>
   <div class='ocr_carea' id='block_1_70' title="bbox 2375 2635 3232 2706">
    <p class='ocr_par' dir='ltr' id='par_1_70' title="bbox 2375 2635 3232 2706">
     <span class='ocr_line' id='line_1_70' title="bbox 2375 2635 3232 2706; baseline -0.007 -13"><span class='ocrx_word' id='word_1_511' title='bbox 2375 2641 2635 2706; x_wconf 82' lang='lat' dir='ltr'>Defensor</span> <span class='ocrx_word' id='word_1_512' title='bbox 2672 2641 2926 2694; x_wconf 76' lang='lat' dir='ltr'>Romanae</span> <span class='ocrx_word' id='word_1_513' title='bbox 2959 2635 3232 2690; x_wconf 68' lang='lat' dir='ltr'>Ecclesiae.</span> 
     </span>
    </p>
   </div>
   <div class='ocr_carea' id='block_1_71' title="bbox 2023 2728 3647 2802">
    <p class='ocr_par' dir='ltr' id='par_1_71' title="bbox 2023 2728 3647 2802">
     <span class='ocr_line' id='line_1_71' title="bbox 2023 2728 3647 2802; baseline -0.003 -10"><span class='ocrx_word' id='word_1_514' title='bbox 2023 2735 2165 2792; x_wconf 90' lang='lat' dir='ltr'>Ecce</span> <span class='ocrx_word' id='word_1_515' title='bbox 2201 2735 2426 2793; x_wconf 88' lang='lat' dir='ltr'>audivit</span> <span class='ocrx_word' id='word_1_516' title='bbox 2483 2733 2773 2790; x_wconf 82' lang='lat' dir='ltr'>beatitudo</span> <span class='ocrx_word' id='word_1_517' title='bbox 2806 2737 3014 2802; x_wconf 89' lang='lat' dir='ltr'>vestra,</span> <span class='ocrx_word' id='word_1_518' title='bbox 3046 2728 3405 2788; x_wconf 82' lang='lat' dir='ltr'>venerabiles</span> <span class='ocrx_word' id='word_1_519' title='bbox 3433 2728 3647 2800; x_wconf 87' lang='lat' dir='ltr'>Patres,</span> 
     </span>
    </p>
   </div>
   <div class='ocr_carea' id='block_1_72' title="bbox 1949 2818 3651 2899">
    <p class='ocr_par' dir='ltr' id='par_1_72' title="bbox 1949 2818 3651 2899">
     <span class='ocr_line' id='line_1_72' title="bbox 1949 2818 3651 2899; baseline -0.005 -16"><span class='ocrx_word' id='word_1_520' title='bbox 1949 2825 2226 2899; x_wconf 89' lang='lat' dir='ltr'>quoniam</span> <span class='ocrx_word' id='word_1_521' title='bbox 2255 2825 2355 2898; x_wconf 90' lang='lat' dir='ltr'>qui</span> <span class='ocrx_word' id='word_1_522' title='bbox 2385 2824 2674 2897; x_wconf 89' lang='lat' dir='ltr'>inspector</span> <span class='ocrx_word' id='word_1_523' title='bbox 2702 2828 2786 2880; x_wconf 92' lang='lat' dir='ltr'>est</span> <span class='ocrx_word' id='word_1_524' title='bbox 2819 2821 3127 2889; x_wconf 89' lang='lat' dir='ltr'>mentium,</span> <span class='ocrx_word' id='word_1_525' title='bbox 3165 2818 3515 2876; x_wconf 77' lang='lat' dir='ltr'>confcederat</span> <span class='ocrx_word' id='word_1_526' title='bbox 3545 2833 3651 2876; x_wconf 92' lang='lat' dir='ltr'>nos</span> 
     </span>
    </p>
   </div>
   <div class='ocr_carea' id='block_1_73' title="bbox 1950 2907 3649 2974">
    <p class='ocr_par' dir='ltr' id='par_1_73' title="bbox 1950 2907 3649 2974">
     <span class='ocr_line' id='line_1_73' title="bbox 1950 2907 3649 2974; baseline -0.004 -2"><span class='ocrx_word' id='word_1_527' title='bbox 1950 2914 2011 2972; x_wconf 91' lang='lat' dir='ltr'>in</span> <span class='ocrx_word' id='word_1_528' title='bbox 2040 2915 2461 2974; x_wconf 90' lang='lat' dir='ltr'>concertatione</span> <span class='ocrx_word' id='word_1_529' title='bbox 2487 2913 2814 2972; x_wconf 86' lang='lat' dir='ltr'>verborum.</span> <span class='ocrx_word' id='word_1_530' title='bbox 2848 2910 3008 2968; x_wconf 92' lang='lat' dir='ltr'>Vidit</span> <span class='ocrx_word' id='word_1_531' title='bbox 3039 2907 3196 2967; x_wconf 91' lang='lat' dir='ltr'>enim</span> <span class='ocrx_word' id='word_1_532' title='bbox 3226 2924 3332 2966; x_wconf 87' lang='lat' dir='ltr'>nos</span> <span class='ocrx_word' id='word_1_533' title='bbox 3370 2923 3487 2966; x_wconf 93' lang='lat' dir='ltr'>non</span> <span class='ocrx_word' id='word_1_534' title='bbox 3525 2923 3649 2965; x_wconf 89' lang='lat' dir='ltr'>ma-</span> 
     </span>
    </p>
   </div>
   <div class='ocr_carea' id='block_1_74' title="bbox 1951 2996 3652 3076">
    <p class='ocr_par' dir='ltr' id='par_1_74' title="bbox 1951 2996 3652 3076">
     <span class='ocr_line' id='line_1_74' title="bbox 1951 2996 3652 3076; baseline -0.003 -14"><span class='ocrx_word' id='word_1_535' title='bbox 1951 3004 2093 3063; x_wconf 68' lang='lat' dir='ltr'>litia:</span> <span class='ocrx_word' id='word_1_536' title='bbox 2121 3021 2292 3064; x_wconf 88' lang='lat' dir='ltr'>causa</span> <span class='ocrx_word' id='word_1_537' title='bbox 2319 3005 2648 3076; x_wconf 85' lang='lat' dir='ltr'>conﬂigere,</span> <span class='ocrx_word' id='word_1_538' title='bbox 2683 3002 2780 3060; x_wconf 89' lang='lat' dir='ltr'>sed</span> <span class='ocrx_word' id='word_1_539' title='bbox 2810 3000 3181 3060; x_wconf 60' lang='lat' dir='ltr'>invenienda;</span> <span class='ocrx_word' id='word_1_540' title='bbox 3231 2996 3491 3057; x_wconf 88' lang='lat' dir='ltr'>veritatis</span> <span class='ocrx_word' id='word_1_541' title='bbox 3541 3003 3652 3057; x_wconf 84' lang='lat' dir='ltr'>stu-</span> 
     </span>
    </p>
   </div>
   <div class='ocr_carea' id='block_1_75' title="bbox 1951 3088 3652 3169">
    <p class='ocr_par' dir='ltr' id='par_1_75' title="bbox 1951 3088 3652 3169">
     <span class='ocr_line' id='line_1_75' title="bbox 1951 3088 3652 3169; baseline -0.005 -15"><span class='ocrx_word' id='word_1_542' title='bbox 1951 3096 2045 3154; x_wconf 93' lang='lat' dir='ltr'>dio</span> <span class='ocrx_word' id='word_1_543' title='bbox 2087 3096 2396 3165; x_wconf 88' lang='lat' dir='ltr'>deservire,</span> <span class='ocrx_word' id='word_1_544' title='bbox 2444 3096 2688 3169; x_wconf 90' lang='lat' dir='ltr'>ideoque</span> <span class='ocrx_word' id='word_1_545' title='bbox 2745 3093 3018 3164; x_wconf 90' lang='lat' dir='ltr'>dignatus</span> <span class='ocrx_word' id='word_1_546' title='bbox 3073 3103 3158 3148; x_wconf 88' lang='lat' dir='ltr'>est</span> <span class='ocrx_word' id='word_1_547' title='bbox 3233 3096 3449 3147; x_wconf 90' lang='lat' dir='ltr'>motam</span> <span class='ocrx_word' id='word_1_548' title='bbox 3501 3088 3652 3145; x_wconf 91' lang='lat' dir='ltr'>inter</span> 
     </span>
    </p>
   </div>
   <div class='ocr_carea' id='block_1_76' title="bbox 1952 3179 3651 3259">
    <p class='ocr_par' dir='ltr' id='par_1_76' title="bbox 1952 3179 3651 3259">
     <span class='ocr_line' id='line_1_76' title="bbox 1952 3179 3651 3259; baseline -0.005 -16"><span class='ocrx_word' id='word_1_549' title='bbox 1952 3201 2058 3243; x_wconf 87' lang='lat' dir='ltr'>nos</span> <span class='ocrx_word' id='word_1_550' title='bbox 2095 3186 2283 3259; x_wconf 90' lang='lat' dir='ltr'>sopire</span> <span class='ocrx_word' id='word_1_551' title='bbox 2311 3185 2630 3259; x_wconf 87' lang='lat' dir='ltr'>querelam,</span> <span class='ocrx_word' id='word_1_552' title='bbox 2655 3190 2711 3240; x_wconf 90' lang='lat' dir='ltr'>et</span> <span class='ocrx_word' id='word_1_553' title='bbox 2752 3197 2918 3241; x_wconf 88' lang='lat' dir='ltr'>suam</span> <span class='ocrx_word' id='word_1_554' title='bbox 2963 3180 3130 3238; x_wconf 90' lang='lat' dir='ltr'>nobis</span> <span class='ocrx_word' id='word_1_555' title='bbox 3169 3179 3453 3253; x_wconf 88' lang='lat' dir='ltr'>inspirare</span> <span class='ocrx_word' id='word_1_556' title='bbox 3513 3192 3651 3235; x_wconf 62' lang='lat' dir='ltr'>cono</span> 
     </span>
    </p>
   </div>
   <div class='ocr_carea' id='block_1_77' title="bbox 1948 3268 3647 3345">
    <p class='ocr_par' dir='ltr' id='par_1_77' title="bbox 1948 3268 3647 3345">
     <span class='ocr_line' id='line_1_77' title="bbox 1948 3268 3647 3345; baseline -0.005 -15"><span class='ocrx_word' id='word_1_557' title='bbox 1948 3273 2218 3332; x_wconf 79' lang='lat' dir='ltr'>cordiam.</span> <span class='ocrx_word' id='word_1_558' title='bbox 2268 3273 2390 3330; x_wconf 87' lang='lat' dir='ltr'>Pax</span> <span class='ocrx_word' id='word_1_559' title='bbox 2422 3272 2580 3330; x_wconf 88' lang='lat' dir='ltr'>enim</span> <span class='ocrx_word' id='word_1_560' title='bbox 2609 3279 2819 3342; x_wconf 87' lang='lat' dir='ltr'>nostra,</span> <span class='ocrx_word' id='word_1_561' title='bbox 2845 3286 2978 3345; x_wconf 65' lang='lat' dir='ltr'>quae</span> <span class='ocrx_word' id='word_1_562' title='bbox 3007 3268 3141 3326; x_wconf 90' lang='lat' dir='ltr'>fecit</span> <span class='ocrx_word' id='word_1_563' title='bbox 3169 3275 3416 3340; x_wconf 84' lang='lat' dir='ltr'>utraque</span> <span class='ocrx_word' id='word_1_564' title='bbox 3460 3280 3647 3324; x_wconf 91' lang='lat' dir='ltr'>unum</span> 
     </span>
    </p>
   </div>
   <div class='ocr_carea' id='block_1_78' title="bbox 1949 3355 3651 3434">
    <p class='ocr_par' dir='ltr' id='par_1_78' title="bbox 1949 3355 3651 3434">
     <span class='ocr_line' id='line_1_78' title="bbox 1949 3355 3651 3434; baseline -0.003 -15"><span class='ocrx_word' id='word_1_565' title='bbox 1949 3365 2166 3434; x_wconf 84' lang='lat' dir='ltr'>(Ephes.</span> <span class='ocrx_word' id='word_1_566' title='bbox 2225 3362 2304 3434; x_wconf 76' lang='grc' dir='ltr'>Η),</span> <span class='ocrx_word' id='word_1_567' title='bbox 2357 3359 2628 3420; x_wconf 86' lang='lat' dir='ltr'>conﬂavit</span> <span class='ocrx_word' id='word_1_568' title='bbox 2677 3359 2738 3417; x_wconf 92' lang='lat' dir='ltr'>in</span> <span class='ocrx_word' id='word_1_569' title='bbox 2783 3359 2982 3417; x_wconf 92' lang='lat' dir='ltr'>eodem</span> <span class='ocrx_word' id='word_1_570' title='bbox 3042 3373 3221 3416; x_wconf 88' lang='lat' dir='ltr'>sensu</span> <span class='ocrx_word' id='word_1_571' title='bbox 3274 3355 3444 3414; x_wconf 87' lang='lat' dir='ltr'>corda</span> <span class='ocrx_word' id='word_1_572' title='bbox 3505 3355 3651 3423; x_wconf 85' lang='lat' dir='ltr'>duo-</span> 
     </span>
    </p>
   </div>
   <div class='ocr_carea' id='block_1_79' title="bbox 1946 3443 3648 3524">
    <p class='ocr_par' dir='ltr' id='par_1_79' title="bbox 1946 3443 3648 3524">
     <span class='ocr_line' id='line_1_79' title="bbox 1946 3443 3648 3524; baseline -0.005 -14"><span class='ocrx_word' id='word_1_573' title='bbox 1946 3468 2102 3510; x_wconf 88' lang='lat' dir='ltr'>rum.</span> <span class='ocrx_word' id='word_1_574' title='bbox 2147 3451 2406 3524; x_wconf 88' lang='lat' dir='ltr'>Agamus</span> <span class='ocrx_word' id='word_1_575' title='bbox 2453 3449 2542 3507; x_wconf 93' lang='lat' dir='ltr'>illi</span> <span class='ocrx_word' id='word_1_576' title='bbox 2592 3450 2822 3521; x_wconf 89' lang='lat' dir='ltr'>gratias,</span> <span class='ocrx_word' id='word_1_577' title='bbox 2879 3447 2981 3522; x_wconf 91' lang='lat' dir='ltr'>qui</span> <span class='ocrx_word' id='word_1_578' title='bbox 3030 3445 3192 3521; x_wconf 90' lang='lat' dir='ltr'>prius</span> <span class='ocrx_word' id='word_1_579' title='bbox 3252 3459 3525 3518; x_wconf 88' lang='lat' dir='ltr'>sagenam</span> <span class='ocrx_word' id='word_1_580' title='bbox 3574 3443 3648 3515; x_wconf 88' lang='lat'>(3)</span> 
     </span>
    </p>
   </div>
   <div class='ocr_carea' id='block_1_80' title="bbox 1948 3535 3647 3613">
    <p class='ocr_par' dir='ltr' id='par_1_80' title="bbox 1948 3535 3647 3613">
     <span class='ocr_line' id='line_1_80' title="bbox 1948 3535 3647 3613; baseline -0.004 -16"><span class='ocrx_word' id='word_1_581' title='bbox 1948 3541 2113 3598; x_wconf 88' lang='lat' dir='ltr'>Petro</span> <span class='ocrx_word' id='word_1_582' title='bbox 2140 3537 2448 3613; x_wconf 82' lang='lat' dir='ltr'>periclitari</span> <span class='ocrx_word' id='word_1_583' title='bbox 2487 3537 2765 3612; x_wconf 85' lang='lat' dir='ltr'>permisit,</span> <span class='ocrx_word' id='word_1_584' title='bbox 2820 3543 2876 3594; x_wconf 91' lang='lat' dir='ltr'>et</span> <span class='ocrx_word' id='word_1_585' title='bbox 2923 3535 3156 3595; x_wconf 89' lang='lat' dir='ltr'>turbine</span> <span class='ocrx_word' id='word_1_586' title='bbox 3203 3542 3534 3606; x_wconf 90' lang='lat' dir='ltr'>ventorum,</span> <span class='ocrx_word' id='word_1_587' title='bbox 3591 3539 3647 3590; x_wconf 89' lang='lat' dir='ltr'>et</span> 
     </span>
    </p>
   </div>
   <div class='ocr_carea' id='block_1_81' title="bbox 1946 3626 3647 3705">
    <p class='ocr_par' dir='ltr' id='par_1_81' title="bbox 1946 3626 3647 3705">
     <span class='ocr_line' id='line_1_81' title="bbox 1946 3626 3647 3705; baseline -0.005 -14"><span class='ocrx_word' id='word_1_588' title='bbox 1946 3631 2210 3705; x_wconf 90' lang='lat' dir='ltr'>procellis</span> <span class='ocrx_word' id='word_1_589' title='bbox 2238 3632 2528 3704; x_wconf 81' lang='lat' dir='ltr'>undarum</span> <span class='ocrx_word' id='word_1_590' title='bbox 2560 3649 2570 3687; x_wconf 90' lang='lat'>:</span> <span class='ocrx_word' id='word_1_591' title='bbox 2607 3629 2706 3687; x_wconf 91' lang='lat' dir='ltr'>sed</span> <span class='ocrx_word' id='word_1_592' title='bbox 2753 3644 2883 3686; x_wconf 62' lang='lat' dir='ltr'>ecce</span> <span class='ocrx_word' id='word_1_593' title='bbox 2927 3634 2991 3686; x_wconf 90' lang='lat' dir='ltr'>ut</span> <span class='ocrx_word' id='word_1_594' title='bbox 3033 3626 3364 3700; x_wconf 90' lang='lat' dir='ltr'>regrediens</span> <span class='ocrx_word' id='word_1_595' title='bbox 3406 3640 3647 3684; x_wconf 89' lang='lat' dir='ltr'>manum</span> 
     </span>
    </p>
   </div>
   <div class='ocr_carea' id='block_1_82' title="bbox 1910 3719 3644 3794">
    <p class='ocr_par' dir='ltr' id='par_1_82' title="bbox 1910 3719 3644 3794">
     <span class='ocr_line' id='line_1_82' title="bbox 1910 3719 3644 3794; baseline -0.003 -13"><span class='ocrx_word' id='word_1_596' title='bbox 1910 3723 2205 3794; x_wconf 84' lang='lat' dir='ltr'>tetendit,</span> <span class='ocrx_word' id='word_1_597' title='bbox 2271 3721 2507 3780; x_wconf 90' lang='lat' dir='ltr'>Petrum</span> <span class='ocrx_word' id='word_1_598' title='bbox 2569 3721 2776 3792; x_wconf 84' lang='lat' dir='ltr'>erexit,</span> <span class='ocrx_word' id='word_1_599' title='bbox 2830 3719 3018 3778; x_wconf 89' lang='lat' dir='ltr'>ventis</span> <span class='ocrx_word' id='word_1_600' title='bbox 3080 3719 3386 3792; x_wconf 88' lang='lat' dir='ltr'>imperavit</span> <span class='ocrx_word' id='word_1_601' title='bbox 3459 3722 3644 3790; x_wconf 86' lang='lat' dir='ltr'>(Marc.</span> 
     </span>
    </p>
   </div>
   <div class='ocr_carea' id='block_1_83' title="bbox 1942 3806 3649 3898">
    <p class='ocr_par' dir='ltr' id='par_1_83' title="bbox 1942 3806 3649 3898">
     <span class='ocr_line' id='line_1_83' title="bbox 1942 3806 3649 3898; baseline -0.004 -28"><span class='ocrx_word' id='word_1_602' title='bbox 1942 3817 2050 3882; x_wconf 92' lang='lat' dir='ltr'>1V),</span> <span class='ocrx_word' id='word_1_603' title='bbox 2122 3817 2178 3868; x_wconf 90' lang='lat' dir='ltr'>et</span> <span class='ocrx_word' id='word_1_604' title='bbox 2247 3811 2587 3898; x_wconf 73' lang='lat' dir='ltr'>discrimina</span> <span class='ocrx_word' id='word_1_605' title='bbox 2646 3808 2868 3866; x_wconf 89' lang='lat' dir='ltr'>marina</span> <span class='ocrx_word' id='word_1_606' title='bbox 2922 3807 3293 3879; x_wconf 87' lang='lat' dir='ltr'>compescuit,</span> <span class='ocrx_word' id='word_1_607' title='bbox 3338 3806 3649 3898; x_wconf 87' lang='lat' dir='ltr'>confestim</span> 
     </span>
    </p>
   </div>
   <div class='ocr_carea' id='block_1_84' title="bbox 1944 3897 3650 3978">
    <p class='ocr_par' dir='ltr' id='par_1_84' title="bbox 1944 3897 3650 3978">
     <span class='ocr_line' id='line_1_84' title="bbox 1944 3897 3650 3978; baseline -0.004 -16"><span class='ocrx_word' id='word_1_608' title='bbox 1944 3920 2122 3973; x_wconf 91' lang='lat' dir='ltr'>mare,</span> <span class='ocrx_word' id='word_1_609' title='bbox 2153 3903 2307 3978; x_wconf 92' lang='lat' dir='ltr'>quod</span> <span class='ocrx_word' id='word_1_610' title='bbox 2352 3902 2414 3959; x_wconf 91' lang='lat' dir='ltr'>in</span> <span class='ocrx_word' id='word_1_611' title='bbox 2451 3897 2716 3958; x_wconf 87' lang='lat' dir='ltr'>cumulos</span> <span class='ocrx_word' id='word_1_612' title='bbox 2776 3899 3122 3972; x_wconf 91' lang='lat' dir='ltr'>erigebatur,</span> <span class='ocrx_word' id='word_1_613' title='bbox 3179 3897 3465 3966; x_wconf 88' lang='lat' dir='ltr'>obruitur,</span> <span class='ocrx_word' id='word_1_614' title='bbox 3508 3903 3650 3955; x_wconf 88' lang='lat' dir='ltr'>tem-</span> 
     </span>
    </p>
   </div>
   <div class='ocr_carea' id='block_1_85' title="bbox 1940 3987 3644 4069">
    <p class='ocr_par' dir='ltr' id='par_1_85' title="bbox 1940 3987 3644 4069">
     <span class='ocr_line' id='line_1_85' title="bbox 1940 3987 3644 4069; baseline -0.004 -16"><span class='ocrx_word' id='word_1_615' title='bbox 1940 3993 2176 4069; x_wconf 88' lang='lat' dir='ltr'>pestatis</span> <span class='ocrx_word' id='word_1_616' title='bbox 2197 3991 2447 4067; x_wconf 89' lang='lat' dir='ltr'>procella</span> <span class='ocrx_word' id='word_1_617' title='bbox 2475 3992 2728 4060; x_wconf 89' lang='lat' dir='ltr'>sedatur,</span> <span class='ocrx_word' id='word_1_618' title='bbox 2757 3996 3067 4058; x_wconf 80' lang='lat' dir='ltr'>ventorum</span> <span class='ocrx_word' id='word_1_619' title='bbox 3093 3987 3264 4047; x_wconf 90' lang='lat' dir='ltr'>turbo</span> <span class='ocrx_word' id='word_1_620' title='bbox 3282 3987 3644 4061; x_wconf 88' lang='lat' dir='ltr'>reprimitur,</span> 
     </span>
    </p>
   </div>
   <div class='ocr_carea' id='block_1_86' title="bbox 1941 4081 2906 4152">
    <p class='ocr_par' dir='ltr' id='par_1_86' title="bbox 1941 4081 2906 4152">
     <span class='ocr_line' id='line_1_86' title="bbox 1941 4081 2906 4152; baseline -0.006 -10"><span class='ocrx_word' id='word_1_621' title='bbox 1941 4090 1998 4142; x_wconf 89' lang='lat' dir='ltr'>et</span> <span class='ocrx_word' id='word_1_622' title='bbox 2034 4099 2208 4152; x_wconf 88' lang='lat' dir='ltr'>aurea</span> <span class='ocrx_word' id='word_1_623' title='bbox 2232 4082 2362 4141; x_wconf 72' lang='grc' dir='ltr'>εωὶὶ</span> <span class='ocrx_word' id='word_1_624' title='bbox 2397 4081 2566 4140; x_wconf 83' lang='lat' dir='ltr'>facies</span> <span class='ocrx_word' id='word_1_625' title='bbox 2590 4084 2906 4137; x_wconf 89' lang='lat' dir='ltr'>serenatur.</span> 
     </span>
    </p>
   </div>
   <div class='ocr_carea' id='block_1_87' title="bbox 2511 4178 3078 4237">
    <p class='ocr_par' dir='ltr' id='par_1_87' title="bbox 2511 4178 3078 4237">
     <span class='ocr_line' id='line_1_87' title="bbox 2511 4178 3078 4237; baseline -0.007 0"><span class='ocrx_word' id='word_1_626' title='bbox 2511 4181 2772 4237; x_wconf 81' lang='lat' dir='ltr'>Clausula</span> <span class='ocrx_word' id='word_1_627' title='bbox 2802 4178 3078 4234; x_wconf 76' lang='lat' dir='ltr'>dictionis.</span> 
     </span>
    </p>
   </div>
   <div class='ocr_carea' id='block_1_88' title="bbox 2011 4280 3733 4357">
    <p class='ocr_par' dir='ltr' id='par_1_88' title="bbox 2011 4280 3733 4357">
     <span class='ocr_line' id='line_1_88' title="bbox 2011 4280 3733 4357; baseline -0.001 -16"><span class='ocrx_word' id='word_1_628' title='bbox 2011 4285 2234 4341; x_wconf 83' lang='lat' dir='ltr'>Amodo</span> <span class='ocrx_word' id='word_1_629' title='bbox 2263 4283 2462 4357; x_wconf 89' lang='lat' dir='ltr'>igitur,</span> <span class='ocrx_word' id='word_1_630' title='bbox 2496 4280 2876 4352; x_wconf 89' lang='lat' dir='ltr'>dilectissimi,</span> <span class='ocrx_word' id='word_1_631' title='bbox 2899 4280 3061 4338; x_wconf 92' lang='lat' dir='ltr'>illinc</span> <span class='ocrx_word' id='word_1_632' title='bbox 3088 4280 3296 4353; x_wconf 89' lang='lat' dir='ltr'>regalis</span> <span class='ocrx_word' id='word_1_633' title='bbox 3323 4281 3474 4340; x_wconf 71' lang='lat' dir='ltr'>auiae</span> <span class='ocrx_word' id='word_1_634' title='bbox 3503 4296 3641 4340; x_wconf 88' lang='lat' dir='ltr'>con-</span> <span class='ocrx_word' id='word_1_635' title='bbox 3725 4291 3733 4302; x_wconf 85' lang='lat'><strong>&quot;</strong></span> 
     </span>
    </p>
   </div>
   <div class='ocr_carea' id='block_1_89' title="bbox 1941 4369 3644 4445">
    <p class='ocr_par' dir='ltr' id='par_1_89' title="bbox 1941 4369 3644 4445">
     <span class='ocr_line' id='line_1_89' title="bbox 1941 4369 3644 4445; baseline 0.001 -15"><span class='ocrx_word' id='word_1_636' title='bbox 1941 4371 2166 4444; x_wconf 88' lang='lat' dir='ltr'>siliarii,</span> <span class='ocrx_word' id='word_1_637' title='bbox 2210 4372 2346 4429; x_wconf 89' lang='lat' dir='ltr'>hinc</span> <span class='ocrx_word' id='word_1_638' title='bbox 2379 4372 2530 4430; x_wconf 90' lang='lat' dir='ltr'>sedis</span> <span class='ocrx_word' id='word_1_639' title='bbox 2575 4371 2900 4445; x_wconf 57' lang='lat' dir='ltr'>apostolica</span> <span class='ocrx_word' id='word_1_640' title='bbox 2946 4369 3350 4440; x_wconf 90' lang='lat' dir='ltr'>comministri,</span> <span class='ocrx_word' id='word_1_641' title='bbox 3402 4377 3644 4444; x_wconf 86' lang='lat' dir='ltr'>utraque</span> 
     </span>
    </p>
   </div>
   <div class='ocr_carea' id='block_1_90' title="bbox 157 4460 3641 4560">
    <p class='ocr_par' dir='ltr' id='par_1_90' title="bbox 157 4460 3641 4560">
     <span class='ocr_line' id='line_1_90' title="bbox 157 4460 3641 4560; baseline 0.005 -41"><span class='ocrx_word' id='word_1_642' title='bbox 157 4478 275 4521; x_wconf 87' lang='lat' dir='ltr'>cum</span> <span class='ocrx_word' id='word_1_643' title='bbox 309 4465 469 4522; x_wconf 90' lang='lat' dir='ltr'>inter</span> <span class='ocrx_word' id='word_1_644' title='bbox 494 4480 603 4522; x_wconf 88' lang='lat' dir='ltr'>nos</span> <span class='ocrx_word' id='word_1_645' title='bbox 633 4467 879 4537; x_wconf 60' lang='lat' dir='ltr'>quaestio</span> <span class='ocrx_word' id='word_1_646' title='bbox 920 4475 1269 4538; x_wconf 89' lang='lat' dir='ltr'>moveretur,</span> <span class='ocrx_word' id='word_1_647' title='bbox 1317 4475 1511 4528; x_wconf 91' lang='lat' dir='ltr'>utrum</span> <span class='ocrx_word' id='word_1_648' title='bbox 1553 4470 1678 4529; x_wconf 90' lang='lat' dir='ltr'>sine</span> <span class='ocrx_word' id='word_1_649' title='bbox 1705 4471 1916 4560; x_wconf 57' lang='lat' dir='ltr'>regis“</span> <span class='ocrx_word' id='word_1_650' title='bbox 1942 4479 2071 4536; x_wconf 75' lang='lat' dir='ltr'>pars</span> <span class='ocrx_word' id='word_1_651' title='bbox 2112 4466 2173 4520; x_wconf 82' lang='lat' dir='ltr'>in</span> <span class='ocrx_word' id='word_1_652' title='bbox 2226 4465 2334 4522; x_wconf 76' lang='lat'>1100</span> <span class='ocrx_word' id='word_1_653' title='bbox 2374 4480 2493 4560; x_wconf 60' lang='grc' dir='ltr'>υῐξο</span> <span class='ocrx_word' id='word_1_654' title='bbox 2521 4463 2713 4560; x_wconf 57' lang='grc' dir='ltr'>ξιιυάίο</span> <span class='ocrx_word' id='word_1_655' title='bbox 2742 4460 3641 4560; x_wconf 37' lang='grc' dir='ltr'>ορηερίνεσιυε,εἶαῖξοτᾶηῖξέδχυῐ</span> 
     </span>
    </p>
   </div>
   <div class='ocr_carea' id='block_1_91' title="bbox 153 4531 3640 4629">
    <p class='ocr_par' dir='ltr' id='par_1_91' title="bbox 153 4531 3640 4629">
     <span class='ocr_line' id='line_1_91' title="bbox 153 4531 3640 4629; baseline 0.002 -21"><span class='ocrx_word' id='word_1_656' title='bbox 153 4565 390 4609; x_wconf 82' lang='lat' dir='ltr'>assensu</span> <span class='ocrx_word' id='word_1_657' title='bbox 420 4531 670 4610; x_wconf 80' lang='lat' dir='ltr'>Romani</span> <span class='ocrx_word' id='word_1_658' title='bbox 699 4553 988 4624; x_wconf 83' lang='lat' dir='ltr'>pontificis</span> <span class='ocrx_word' id='word_1_659' title='bbox 1027 4555 1154 4612; x_wconf 84' lang='lat' dir='ltr'>ﬁeri</span> <span class='ocrx_word' id='word_1_660' title='bbox 1200 4531 1377 4629; x_wconf 79' lang='lat' dir='ltr'>possit</span> <span class='ocrx_word' id='word_1_661' title='bbox 1406 4558 1626 4629; x_wconf 83' lang='lat' dir='ltr'>electio,</span> <span class='ocrx_word' id='word_1_662' title='bbox 1662 4531 1916 4617; x_wconf 73' lang='lat' dir='ltr'>receh-D</span> <span class='ocrx_word' id='word_1_663' title='bbox 1936 4567 2234 4610; x_wconf 86' lang='lat' dir='ltr'>summum</span> <span class='ocrx_word' id='word_1_664' title='bbox 2265 4553 2642 4610; x_wconf 79' lang='lat' dir='ltr'>sacerdotium</span> <span class='ocrx_word' id='word_1_665' title='bbox 2672 4560 2727 4609; x_wconf 76' lang='lat' dir='ltr'>et</span> <span class='ocrx_word' id='word_1_666' title='bbox 2768 4551 3095 4609; x_wconf 85' lang='lat' dir='ltr'>Romanum</span> <span class='ocrx_word' id='word_1_667' title='bbox 3120 4550 3297 4607; x_wconf 86' lang='lat' dir='ltr'>simul</span> <span class='ocrx_word' id='word_1_668' title='bbox 3338 4551 3640 4610; x_wconf 77' lang='lat' dir='ltr'>confoede-</span> 
     </span>
    </p>
   </div>
   <div class='ocr_carea' id='block_1_92' title="bbox 153 4641 3642 4737">
    <p class='ocr_par' dir='ltr' id='par_1_92' title="bbox 153 4641 3642 4737">
     <span class='ocr_line' id='line_1_92' title="bbox 153 4641 3642 4737; baseline 0.004 -41"><span class='ocrx_word' id='word_1_669' title='bbox 153 4641 267 4699; x_wconf 84' lang='lat' dir='ltr'>sitis</span> <span class='ocrx_word' id='word_1_670' title='bbox 343 4641 725 4700; x_wconf 89' lang='lat' dir='ltr'>historiarum</span> <span class='ocrx_word' id='word_1_671' title='bbox 811 4643 1100 4715; x_wconf 87' lang='lat' dir='ltr'>catalogis,</span> <span class='ocrx_word' id='word_1_672' title='bbox 1177 4650 1391 4703; x_wconf 89' lang='lat' dir='ltr'>tantam</span> <span class='ocrx_word' id='word_1_673' title='bbox 1458 4647 1852 4706; x_wconf 81' lang='lat' dir='ltr'>Romanorum</span> <span class='ocrx_word' id='word_1_674' title='bbox 1938 4650 2098 4700; x_wconf 76' lang='lat' dir='ltr'>retur</span> <span class='ocrx_word' id='word_1_675' title='bbox 2142 4641 2451 4737; x_wconf 72' lang='lat' dir='ltr'>imperium</span> <span class='ocrx_word' id='word_1_676' title='bbox 2483 4648 2818 4737; x_wconf 41' lang='lat' dir='ltr'>{quatenus</span> <span class='ocrx_word' id='word_1_677' title='bbox 2866 4641 3187 4737; x_wconf 61' lang='lat' dir='ltr'>humanllm</span> <span class='ocrx_word' id='word_1_678' title='bbox 3229 4655 3436 4737; x_wconf 45' lang='lat' dir='ltr'>EQUUS,</span> <span class='ocrx_word' id='word_1_679' title='bbox 3483 4641 3642 4736; x_wconf 56' lang='grc' dir='ltr'>(μυοά</span> 
     </span>
    </p>
   </div>
   <div class='ocr_carea' id='block_1_93' title="bbox 151 4728 3636 4811">
    <p class='ocr_par' dir='ltr' id='par_1_93' title="bbox 151 4728 3636 4811">
     <span class='ocr_line' id='line_1_93' title="bbox 151 4728 3636 4811; baseline -0.001 -23"><span class='ocrx_word' id='word_1_680' title='bbox 151 4729 564 4804; x_wconf 88' lang='lat' dir='ltr'>imperatorum</span> <span class='ocrx_word' id='word_1_681' title='bbox 618 4738 788 4806; x_wconf 88' lang='lat' dir='ltr'>atque</span> <span class='ocrx_word' id='word_1_682' title='bbox 840 4734 1174 4806; x_wconf 85' lang='lat' dir='ltr'>pontiﬁcum</span> <span class='ocrx_word' id='word_1_683' title='bbox 1214 4737 1437 4811; x_wconf 90' lang='lat' dir='ltr'>copiam</span> <span class='ocrx_word' id='word_1_684' title='bbox 1484 4739 1849 4808; x_wconf 88' lang='lat' dir='ltr'>coacervasti,</span> <span class='ocrx_word' id='word_1_685' title='bbox 1939 4747 2038 4804; x_wconf 91' lang='lat' dir='ltr'>per</span> <span class='ocrx_word' id='word_1_686' title='bbox 2065 4731 2170 4788; x_wconf 89' lang='lat' dir='ltr'>bos</span> <span class='ocrx_word' id='word_1_687' title='bbox 2207 4731 2352 4788; x_wconf 92' lang='lat' dir='ltr'>duos</span> <span class='ocrx_word' id='word_1_688' title='bbox 2396 4731 2613 4803; x_wconf 90' lang='lat' dir='ltr'>aspices</span> <span class='ocrx_word' id='word_1_689' title='bbox 2643 4730 2704 4786; x_wconf 91' lang='lat' dir='ltr'>in</span> <span class='ocrx_word' id='word_1_690' title='bbox 2740 4737 2985 4803; x_wconf 91' lang='lat' dir='ltr'>utraque</span> <span class='ocrx_word' id='word_1_691' title='bbox 3023 4728 3344 4786; x_wconf 89' lang='lat' dir='ltr'>substantia</span> <span class='ocrx_word' id='word_1_692' title='bbox 3396 4728 3636 4801; x_wconf 88' lang='lat' dir='ltr'>regitur,</span> 
     </span>
    </p>
   </div>
   <div class='ocr_carea' id='block_1_94' title="bbox 149 4817 3636 4916">
    <p class='ocr_par' dir='ltr' id='par_1_94' title="bbox 149 4817 3636 4916">
     <span class='ocr_line' id='line_1_94' title="bbox 149 4817 3636 4916; baseline 0.001 -43"><span class='ocrx_word' id='word_1_693' title='bbox 149 4824 199 4873; x_wconf 83' lang='lat' dir='ltr'>et</span> <span class='ocrx_word' id='word_1_694' title='bbox 240 4819 408 4876; x_wconf 87' lang='lat' dir='ltr'>velut</span> <span class='ocrx_word' id='word_1_695' title='bbox 431 4819 650 4877; x_wconf 90' lang='lat' dir='ltr'>nubem</span> <span class='ocrx_word' id='word_1_696' title='bbox 683 4820 830 4879; x_wconf 88' lang='lat' dir='ltr'>mihi</span> <span class='ocrx_word' id='word_1_697' title='bbox 861 4821 1090 4879; x_wconf 87' lang='lat' dir='ltr'>testium</span> <span class='ocrx_word' id='word_1_698' title='bbox 1119 4824 1457 4908; x_wconf 86' lang='lat' dir='ltr'>opposuisti,</span> <span class='ocrx_word' id='word_1_699' title='bbox 1492 4832 1558 4883; x_wconf 89' lang='lat' dir='ltr'>ut</span> <span class='ocrx_word' id='word_1_700' title='bbox 1589 4826 1683 4884; x_wconf 87' lang='lat' dir='ltr'>bis</span> <span class='ocrx_word' id='word_1_701' title='bbox 1720 4842 1852 4884; x_wconf 88' lang='lat' dir='ltr'>con-</span> <span class='ocrx_word' id='word_1_702' title='bbox 1937 4821 2136 4916; x_wconf 73' lang='lat' dir='ltr'>nullis,</span> <span class='ocrx_word' id='word_1_703' title='bbox 2175 4821 2327 4894; x_wconf 89' lang='lat' dir='ltr'>quod</span> <span class='ocrx_word' id='word_1_704' title='bbox 2352 4821 2519 4890; x_wconf 75' lang='lat' dir='ltr'>absit,</span> <span class='ocrx_word' id='word_1_705' title='bbox 2545 4820 2824 4916; x_wconf 74' lang='lat' dir='ltr'>partibus,</span> <span class='ocrx_word' id='word_1_706' title='bbox 2853 4819 3006 4916; x_wconf 83' lang='lat' dir='ltr'>quod</span> <span class='ocrx_word' id='word_1_707' title='bbox 3036 4835 3135 4892; x_wconf 90' lang='lat' dir='ltr'>per</span> <span class='ocrx_word' id='word_1_708' title='bbox 3164 4817 3479 4916; x_wconf 61' lang='lat' dir='ltr'>Cadaloum</span> <span class='ocrx_word' id='word_1_709' title='bbox 3522 4833 3636 4916; x_wconf 81' lang='lat' dir='ltr'>nu-</span> 
     </span>
    </p>
   </div>
   <div class='ocr_carea' id='block_1_95' title="bbox 149 4906 3637 4984">
    <p class='ocr_par' dir='ltr' id='par_1_95' title="bbox 149 4906 3637 4984">
     <span class='ocr_line' id='line_1_95' title="bbox 149 4906 3637 4984; baseline 0 -21"><span class='ocrx_word' id='word_1_710' title='bbox 149 4907 348 4976; x_wconf 80' lang='lat' dir='ltr'>spectis</span> <span class='ocrx_word' id='word_1_711' title='bbox 383 4923 456 4965; x_wconf 89' lang='lat' dir='ltr'>ne</span> <span class='ocrx_word' id='word_1_712' title='bbox 497 4915 710 4966; x_wconf 91' lang='lat' dir='ltr'>nutum</span> <span class='ocrx_word' id='word_1_713' title='bbox 739 4908 976 4982; x_wconf 89' lang='lat' dir='ltr'>quidem</span> <span class='ocrx_word' id='word_1_714' title='bbox 1024 4925 1117 4968; x_wconf 91' lang='lat' dir='ltr'>me</span> <span class='ocrx_word' id='word_1_715' title='bbox 1153 4906 1466 4969; x_wconf 88' lang='lat' dir='ltr'>adversum</span> <span class='ocrx_word' id='word_1_716' title='bbox 1499 4919 1552 4970; x_wconf 91' lang='lat' dir='ltr'>te</span> <span class='ocrx_word' id='word_1_717' title='bbox 1597 4913 1705 4972; x_wconf 91' lang='lat' dir='ltr'>sub</span> <span class='ocrx_word' id='word_1_718' title='bbox 1744 4916 1852 4972; x_wconf 86' lang='lat' dir='ltr'>hoc</span> <span class='ocrx_word' id='word_1_719' title='bbox 1932 4927 2032 4984; x_wconf 87' lang='lat' dir='ltr'>per</span> <span class='ocrx_word' id='word_1_720' title='bbox 2055 4912 2271 4969; x_wconf 90' lang='lat' dir='ltr'>factum</span> <span class='ocrx_word' id='word_1_721' title='bbox 2307 4919 2410 4980; x_wconf 90' lang='lat' dir='ltr'>est,</span> <span class='ocrx_word' id='word_1_722' title='bbox 2460 4910 2818 4968; x_wconf 86' lang='lat' dir='ltr'>rescindatur</span> <span class='ocrx_word' id='word_1_723' title='bbox 2851 4929 2863 4966; x_wconf 92' lang='lat'>:</span> <span class='ocrx_word' id='word_1_724' title='bbox 2900 4908 3096 4980; x_wconf 88' lang='lat' dir='ltr'>sicque</span> <span class='ocrx_word' id='word_1_725' title='bbox 3141 4907 3345 4966; x_wconf 89' lang='lat' dir='ltr'>mundi</span> <span class='ocrx_word' id='word_1_726' title='bbox 3396 4907 3637 4966; x_wconf 87' lang='lat' dir='ltr'>vertices</span> 
     </span>
    </p>
   </div>
   <div class='ocr_carea' id='block_1_96' title="bbox 144 4994 3637 5098">
    <p class='ocr_par' dir='ltr' id='par_1_96' title="bbox 144 4994 3637 5098">
     <span class='ocr_line' id='line_1_96' title="bbox 144 4994 3637 5098; baseline 0 -45"><span class='ocrx_word' id='word_1_727' title='bbox 144 4994 387 5056; x_wconf 84' lang='lat' dir='ltr'>ulterius</span> <span class='ocrx_word' id='word_1_728' title='bbox 434 4999 622 5056; x_wconf 80' lang='lat' dir='ltr'>facere</span> <span class='ocrx_word' id='word_1_729' title='bbox 661 4999 945 5058; x_wconf 89' lang='lat' dir='ltr'>libuisset.</span> <span class='ocrx_word' id='word_1_730' title='bbox 993 5001 1075 5059; x_wconf 91' lang='lat' dir='ltr'>De</span> <span class='ocrx_word' id='word_1_731' title='bbox 1112 5002 1478 5062; x_wconf 86' lang='lat' dir='ltr'>anathemate</span> <span class='ocrx_word' id='word_1_732' title='bbox 1506 5020 1660 5073; x_wconf 90' lang='lat' dir='ltr'>vero,</span> <span class='ocrx_word' id='word_1_733' title='bbox 1697 5004 1848 5080; x_wconf 91' lang='lat' dir='ltr'>quod</span> <span class='ocrx_word' id='word_1_734' title='bbox 1933 5002 1989 5059; x_wconf 92' lang='lat' dir='ltr'>in</span> <span class='ocrx_word' id='word_1_735' title='bbox 2024 5008 2315 5075; x_wconf 78' lang='lat' dir='ltr'>perpetuae</span> <span class='ocrx_word' id='word_1_736' title='bbox 2355 5001 2648 5060; x_wconf 89' lang='lat' dir='ltr'>charitalis</span> <span class='ocrx_word' id='word_1_737' title='bbox 2678 5000 2957 5098; x_wconf 81' lang='lat' dir='ltr'>unionem</span> <span class='ocrx_word' id='word_1_738' title='bbox 3006 5004 3370 5098; x_wconf 70' lang='lat' dir='ltr'>concurrant,</span> <span class='ocrx_word' id='word_1_739' title='bbox 3398 4998 3637 5098; x_wconf 43' lang='lat' dir='ltr'>utuinfe-</span> 
     </span>
    </p>
   </div>
   <div class='ocr_carea' id='block_1_97' title="bbox 144 5084 3630 5186">
    <p class='ocr_par' dir='ltr' id='par_1_97' title="bbox 144 5084 3630 5186">
     <span class='ocr_line' id='line_1_97' title="bbox 144 5084 3630 5186; baseline 0.001 -45"><span class='ocrx_word' id='word_1_740' title='bbox 144 5084 415 5146; x_wconf 75' lang='lat' dir='ltr'>Nicolaus</span> <span class='ocrx_word' id='word_1_741' title='bbox 456 5105 604 5162; x_wconf 88' lang='lat' dir='ltr'>papa</span> <span class='ocrx_word' id='word_1_742' title='bbox 645 5089 962 5161; x_wconf 88' lang='lat' dir='ltr'>constituit,</span> <span class='ocrx_word' id='word_1_743' title='bbox 1004 5091 1126 5162; x_wconf 87' lang='lat' dir='ltr'>ubi,</span> <span class='ocrx_word' id='word_1_744' title='bbox 1170 5099 1235 5149; x_wconf 90' lang='lat' dir='ltr'>ut</span> <span class='ocrx_word' id='word_1_745' title='bbox 1260 5094 1381 5165; x_wconf 84' lang='lat' dir='ltr'>jam</span> <span class='ocrx_word' id='word_1_746' title='bbox 1412 5109 1616 5152; x_wconf 90' lang='lat' dir='ltr'>verum</span> <span class='ocrx_word' id='word_1_747' title='bbox 1647 5094 1845 5165; x_wconf 81' lang='lat' dir='ltr'>fatear,</span> <span class='ocrx_word' id='word_1_748' title='bbox 1931 5109 2084 5152; x_wconf 78' lang='lat' dir='ltr'>riora</span> <span class='ocrx_word' id='word_1_749' title='bbox 2115 5094 2376 5151; x_wconf 89' lang='lat' dir='ltr'>membra</span> <span class='ocrx_word' id='word_1_750' title='bbox 2414 5109 2514 5166; x_wconf 90' lang='lat' dir='ltr'>per</span> <span class='ocrx_word' id='word_1_751' title='bbox 2559 5107 2760 5150; x_wconf 88' lang='lat' dir='ltr'>eorum</span> <span class='ocrx_word' id='word_1_752' title='bbox 2792 5090 3146 5186; x_wconf 61' lang='lat' dir='ltr'>discordiam</span> <span class='ocrx_word' id='word_1_753' title='bbox 3185 5087 3630 5186; x_wconf 64' lang='lat' dir='ltr'>non_resiliant,</span> 
     </span>
    </p>
   </div>
   <div class='ocr_carea' id='block_1_98' title="bbox 142 5177 3632 5277">
    <p class='ocr_par' dir='ltr' id='par_1_98' title="bbox 142 5177 3632 5277">
     <span class='ocr_line' id='line_1_98' title="bbox 142 5177 3632 5277; baseline 0.001 -46"><span class='ocrx_word' id='word_1_754' title='bbox 142 5181 307 5235; x_wconf 81' lang='lat' dir='ltr'>totam</span> <span class='ocrx_word' id='word_1_755' title='bbox 361 5177 623 5237; x_wconf 82' lang='lat' dir='ltr'>victoriae</span> <span class='ocrx_word' id='word_1_756' title='bbox 683 5179 803 5236; x_wconf 91' lang='lat' dir='ltr'>vim</span> <span class='ocrx_word' id='word_1_757' title='bbox 865 5181 1109 5239; x_wconf 89' lang='lat' dir='ltr'>intentio</span> <span class='ocrx_word' id='word_1_758' title='bbox 1151 5189 1346 5239; x_wconf 89' lang='lat' dir='ltr'>nostra</span> <span class='ocrx_word' id='word_1_759' title='bbox 1400 5192 1686 5256; x_wconf 86' lang='lat' dir='ltr'>posuerat,</span> <span class='ocrx_word' id='word_1_760' title='bbox 1731 5193 1844 5244; x_wconf 90' lang='lat' dir='ltr'>tam</span> <span class='ocrx_word' id='word_1_761' title='bbox 1927 5191 2214 5256; x_wconf 74' lang='lat' dir='ltr'>Quatenus</span> <span class='ocrx_word' id='word_1_762' title='bbox 2252 5183 2401 5242; x_wconf 90' lang='lat' dir='ltr'>sicut</span> <span class='ocrx_word' id='word_1_763' title='bbox 2427 5183 2485 5240; x_wconf 92' lang='lat' dir='ltr'>in</span> <span class='ocrx_word' id='word_1_764' title='bbox 2522 5199 2641 5241; x_wconf 90' lang='lat' dir='ltr'>uno</span> <span class='ocrx_word' id='word_1_765' title='bbox 2683 5181 2995 5277; x_wconf 84' lang='lat' dir='ltr'>mediatore</span> <span class='ocrx_word' id='word_1_766' title='bbox 3033 5180 3162 5277; x_wconf 68' lang='lat' dir='ltr'>Dei,</span> <span class='ocrx_word' id='word_1_767' title='bbox 3216 5185 3272 5277; x_wconf 74' lang='lat' dir='ltr'>et</span> <span class='ocrx_word' id='word_1_768' title='bbox 3325 5177 3632 5277; x_wconf 76' lang='lat' dir='ltr'>hominum</span> 
     </span>
    </p>
   </div>
   <div class='ocr_carea' id='block_1_99' title="bbox 142 5265 3631 5347">
    <p class='ocr_par' dir='ltr' id='par_1_99' title="bbox 142 5265 3631 5347">
     <span class='ocr_line' id='line_1_99' title="bbox 142 5265 3631 5347; baseline 0.002 -28"><span class='ocrx_word' id='word_1_769' title='bbox 142 5266 368 5326; x_wconf 82' lang='lat' dir='ltr'>invictis</span> <span class='ocrx_word' id='word_1_770' title='bbox 429 5267 862 5342; x_wconf 90' lang='lat' dir='ltr'>Scripturarum</span> <span class='ocrx_word' id='word_1_771' title='bbox 916 5271 1280 5340; x_wconf 89' lang='lat' dir='ltr'>testimoniis,</span> <span class='ocrx_word' id='word_1_772' title='bbox 1333 5271 1420 5326; x_wconf 84' lang='lat'>71</span> <span class='ocrx_word' id='word_1_773' title='bbox 1467 5281 1584 5333; x_wconf 88' lang='lat' dir='ltr'>tam</span> <span class='ocrx_word' id='word_1_774' title='bbox 1633 5275 1845 5334; x_wconf 91' lang='lat' dir='ltr'>lucidis</span> <span class='ocrx_word' id='word_1_775' title='bbox 1929 5275 2052 5332; x_wconf 63' lang='lat' dir='ltr'>haec</span> <span class='ocrx_word' id='word_1_776' title='bbox 2104 5274 2240 5342; x_wconf 91' lang='lat' dir='ltr'>duo,</span> <span class='ocrx_word' id='word_1_777' title='bbox 2302 5289 2547 5347; x_wconf 90' lang='lat' dir='ltr'>regnum</span> <span class='ocrx_word' id='word_1_778' title='bbox 2601 5271 2818 5330; x_wconf 89' lang='lat' dir='ltr'>scilicet</span> <span class='ocrx_word' id='word_1_779' title='bbox 2868 5277 2924 5327; x_wconf 88' lang='lat' dir='ltr'>et</span> <span class='ocrx_word' id='word_1_780' title='bbox 2975 5267 3381 5336; x_wconf 88' lang='lat' dir='ltr'>sacerdotium,</span> <span class='ocrx_word' id='word_1_781' title='bbox 3429 5265 3631 5326; x_wconf 89' lang='lat' dir='ltr'>divino</span> 
     </span>
    </p>
   </div>
   <div class='ocr_carea' id='block_1_100' title="bbox 136 5357 3709 5458">
    <p class='ocr_par' dir='ltr' id='par_1_100' title="bbox 136 5357 3709 5458">
     <span class='ocr_line' id='line_1_100' title="bbox 136 5357 3709 5458; baseline 0.002 -47"><span class='ocrx_word' id='word_1_782' title='bbox 136 5363 276 5414; x_wconf 84' lang='lat' dir='ltr'>certe</span> <span class='ocrx_word' id='word_1_783' title='bbox 321 5357 501 5414; x_wconf 88' lang='lat' dir='ltr'>modo</span> <span class='ocrx_word' id='word_1_784' title='bbox 527 5358 825 5417; x_wconf 87' lang='lat' dir='ltr'>beatorum</span> <span class='ocrx_word' id='word_1_785' title='bbox 870 5360 1278 5432; x_wconf 88' lang='lat' dir='ltr'>apostolorum,</span> <span class='ocrx_word' id='word_1_786' title='bbox 1312 5362 1481 5419; x_wconf 89' lang='lat' dir='ltr'>modo</span> <span class='ocrx_word' id='word_1_787' title='bbox 1507 5363 1691 5436; x_wconf 89' lang='lat' dir='ltr'>ipsius</span> <span class='ocrx_word' id='word_1_788' title='bbox 1732 5364 1844 5423; x_wconf 91' lang='lat' dir='ltr'>Do-</span> <span class='ocrx_word' id='word_1_789' title='bbox 1928 5372 2062 5422; x_wconf 87' lang='lat' dir='ltr'>sunt</span> <span class='ocrx_word' id='word_1_790' title='bbox 2085 5363 2328 5420; x_wconf 81' lang='lat' dir='ltr'>conflata</span> <span class='ocrx_word' id='word_1_791' title='bbox 2364 5361 2638 5436; x_wconf 76' lang='lat' dir='ltr'>mysterio</span> <span class='ocrx_word' id='word_1_792' title='bbox 2664 5381 2685 5458; x_wconf 50' lang='grc' dir='ltr'>ξ</span> <span class='ocrx_word' id='word_1_793' title='bbox 2710 5362 2788 5458; x_wconf 81' lang='lat' dir='ltr'>ita</span> <span class='ocrx_word' id='word_1_794' title='bbox 2813 5358 3092 5418; x_wconf 91' lang='lat' dir='ltr'>sublimes</span> <span class='ocrx_word' id='word_1_795' title='bbox 3124 5358 3250 5458; x_wconf 61' lang='lat' dir='ltr'>istae</span> <span class='ocrx_word' id='word_1_796' title='bbox 3441 5372 3633 5431; x_wconf 89' lang='lat' dir='ltr'>perso-</span> <span class='ocrx_word' id='word_1_797' title='bbox 3707 5443 3709 5445; x_wconf 15' lang='grc' dir='ltr'><strong><em>ι</em></strong></span> 
     </span>
    </p>
   </div>
   <div class='ocr_carea' id='block_1_101' title="bbox 137 5446 3630 5528">
    <p class='ocr_par' dir='ltr' id='par_1_101' title="bbox 137 5446 3630 5528">
     <span class='ocr_line' id='line_1_101' title="bbox 137 5446 3630 5528; baseline 0.001 -26"><span class='ocrx_word' id='word_1_798' title='bbox 137 5446 271 5504; x_wconf 88' lang='lat' dir='ltr'>mini</span> <span class='ocrx_word' id='word_1_799' title='bbox 306 5446 635 5506; x_wconf 86' lang='lat' dir='ltr'>Salvatoris</span> <span class='ocrx_word' id='word_1_800' title='bbox 665 5457 782 5507; x_wconf 58' lang='lat' dir='ltr'>tua:</span> <span class='ocrx_word' id='word_1_801' title='bbox 815 5450 1227 5524; x_wconf 87' lang='lat' dir='ltr'>disputationis</span> <span class='ocrx_word' id='word_1_802' title='bbox 1254 5453 1492 5512; x_wconf 88' lang='lat' dir='ltr'>assertio</span> <span class='ocrx_word' id='word_1_803' title='bbox 1535 5470 1594 5512; x_wconf 88' lang='lat' dir='ltr'>se</span> <span class='ocrx_word' id='word_1_804' title='bbox 1628 5471 1839 5528; x_wconf 91' lang='lat' dir='ltr'>purga-</span> <span class='ocrx_word' id='word_1_805' title='bbox 1925 5468 2018 5511; x_wconf 64' lang='lat' dir='ltr'>nm</span> <span class='ocrx_word' id='word_1_806' title='bbox 2059 5449 2152 5508; x_wconf 87' lang='lat'><strong>72</strong></span> <span class='ocrx_word' id='word_1_807' title='bbox 2193 5457 2347 5526; x_wconf 84' lang='lat' dir='ltr'>tanta</span> <span class='ocrx_word' id='word_1_808' title='bbox 2375 5451 2610 5509; x_wconf 89' lang='lat' dir='ltr'>sibimet</span> <span class='ocrx_word' id='word_1_809' title='bbox 2657 5449 2912 5508; x_wconf 88' lang='lat' dir='ltr'>invicem</span> <span class='ocrx_word' id='word_1_810' title='bbox 2960 5447 3342 5506; x_wconf 89' lang='lat' dir='ltr'>unanimitate</span> <span class='ocrx_word' id='word_1_811' title='bbox 3371 5448 3630 5522; x_wconf 88' lang='lat' dir='ltr'>jungan-</span> 
     </span>
    </p>
   </div>
   <div class='ocr_carea' id='block_1_102' title="bbox 1919 5589 3622 5719">
    <p class='ocr_par' dir='ltr' id='par_1_102' title="bbox 1919 5589 3622 5719">
     <span class='ocr_line' id='line_1_102' title="bbox 1983 5589 3622 5660; baseline -0.001 -17"><span class='ocrx_word' id='word_1_812' title='bbox 1983 5594 2054 5660; x_wconf 89' lang='lat'>(3)</span> <span class='ocrx_word' id='word_1_813' title='bbox 2121 5589 2337 5658; x_wconf 86' lang='lat' dir='ltr'>Sagena</span> <span class='ocrx_word' id='word_1_814' title='bbox 2401 5606 2499 5657; x_wconf 83' lang='lat' dir='ltr'>pro</span> <span class='ocrx_word' id='word_1_815' title='bbox 2563 5592 2822 5644; x_wconf 79' lang='lat' dir='ltr'>navicula</span> <span class='ocrx_word' id='word_1_816' title='bbox 2881 5591 3082 5656; x_wconf 65' lang='lat' dir='ltr'>saepius</span> <span class='ocrx_word' id='word_1_817' title='bbox 3141 5595 3403 5658; x_wconf 74' lang='lat' dir='ltr'>usurpata</span> <span class='ocrx_word' id='word_1_818' title='bbox 3476 5603 3509 5644; x_wconf 69' lang='grc' dir='ltr'><strong><em>ι</em></strong></span> <span class='ocrx_word' id='word_1_819' title='bbox 3572 5592 3622 5642; x_wconf 92' lang='lat' dir='ltr'>S.</span> 
     </span>
     <span class='ocr_line' id='line_1_103' title="bbox 1919 5665 2066 5719; baseline -0.007 0"><span class='ocrx_word' id='word_1_820' title='bbox 1919 5665 2066 5719; x_wconf 88' lang='lat' dir='ltr'>Doct.</span> 
     </span>
    </p>
   </div>
   <div class='ocr_carea' id='block_1_103' title="bbox 1961 5672 2066 5718">
    <p class='ocr_par' dir='ltr' id='par_1_103' title="bbox 1961 5672 2066 5718">
     <span class='ocr_line' id='line_1_104' title="bbox 1961 5672 2066 5718; baseline 0 0"><span class='ocrx_word' id='word_1_821' title='bbox 1961 5672 2066 5718; x_wconf 77' lang='grc' dir='ltr'>ΟΟῘ.</span> 
     </span>
    </p>
   </div>
   <div class='ocr_carea' id='block_1_104' title="bbox 188 5591 1839 5655">
    <p class='ocr_par' dir='ltr' id='par_1_104' title="bbox 188 5591 1839 5655">
     <span class='ocr_line' id='line_1_105' title="bbox 188 5591 1839 5655; baseline 0.007 -17"><span class='ocrx_word' id='word_1_822' title='bbox 188 5591 280 5650; x_wconf 72' lang='lat' dir='ltr'>ii&quot;)</span> <span class='ocrx_word' id='word_1_823' title='bbox 336 5592 616 5643; x_wconf 84' lang='lat' dir='ltr'>Gerardus</span> <span class='ocrx_word' id='word_1_824' title='bbox 672 5593 717 5642; x_wconf 87' lang='lat' dir='ltr'>is</span> <span class='ocrx_word' id='word_1_825' title='bbox 773 5598 856 5643; x_wconf 69' lang='lat' dir='ltr'>est</span> <span class='ocrx_word' id='word_1_826' title='bbox 916 5593 1141 5646; x_wconf 57' lang='lat' dir='ltr'>Galeria</span> <span class='ocrx_word' id='word_1_827' title='bbox 1201 5595 1489 5655; x_wconf 87' lang='lat' dir='ltr'>dominus;</span> <span class='ocrx_word' id='word_1_828' title='bbox 1555 5601 1638 5649; x_wconf 89' lang='lat' dir='ltr'>est</span> <span class='ocrx_word' id='word_1_829' title='bbox 1692 5596 1839 5649; x_wconf 88' lang='lat' dir='ltr'>enim</span> 
     </span>
    </p>
   </div>
   <div class='ocr_carea' id='block_1_105' title="bbox 136 5659 1837 5732">
    <p class='ocr_par' dir='ltr' id='par_1_105' title="bbox 136 5659 1837 5732">
     <span class='ocr_line' id='line_1_106' title="bbox 136 5659 1837 5732; baseline 0.007 -23"><span class='ocrx_word' id='word_1_830' title='bbox 136 5659 347 5714; x_wconf 74' lang='lat' dir='ltr'>Galeria:</span> <span class='ocrx_word' id='word_1_831' title='bbox 375 5664 698 5726; x_wconf 75' lang='lat' dir='ltr'>oppidulum</span> <span class='ocrx_word' id='word_1_832' title='bbox 725 5676 895 5728; x_wconf 85' lang='lat' dir='ltr'>prope</span> <span class='ocrx_word' id='word_1_833' title='bbox 929 5663 1125 5718; x_wconf 81' lang='lat' dir='ltr'>Urbem</span> <span class='ocrx_word' id='word_1_834' title='bbox 1153 5665 1332 5728; x_wconf 86' lang='lat' dir='ltr'>situm,</span> <span class='ocrx_word' id='word_1_835' title='bbox 1370 5668 1600 5732; x_wconf 87' lang='lat' dir='ltr'>ideoque</span> <span class='ocrx_word' id='word_1_836' title='bbox 1637 5667 1837 5721; x_wconf 85' lang='lat' dir='ltr'>subur-</span> 
     </span>
    </p>
   </div>
   <div class='ocr_carea' id='block_1_106' title="bbox 134 5732 716 5797">
    <p class='ocr_par' dir='ltr' id='par_1_106' title="bbox 134 5732 716 5797">
     <span class='ocr_line' id='line_1_107' title="bbox 134 5732 716 5797; baseline -0.002 -12"><span class='ocrx_word' id='word_1_837' title='bbox 134 5732 318 5787; x_wconf 71' lang='lat' dir='ltr'>banam</span> <span class='ocrx_word' id='word_1_838' title='bbox 357 5733 716 5797; x_wconf 85' lang='lat' dir='ltr'>appellatum.</span> 
     </span>
    </p>
   </div>
  </div>
