4018 6194
345 353 413 412 87

349 490 462 553 tur,
496 493 559 545 ut
604 486 851 560 quodam
884 492 1106 547 mutuae
1138 491 1432 550 charitatis
1475 494 1703 566 glutino
1751 504 1804 554 et
1828 499 1944 555 rex
1983 499 2106 563 inA

348 574 612 633 Romano
650 576 936 648 pontiﬁce,
970 584 1023 634 et
1056 578 1351 639 Romanus
1402 584 1661 656 pontifex
1710 586 2045 647 inveniatur

347 665 409 721 in
446 681 623 737 rege;
674 666 832 724 salvo
886 668 1101 726 scilicet
1165 686 1268 728 suo
1318 673 1620 745 privilegio
1664 692 1841 750 papze,
1892 680 2043 752 quod

351 768 520 810 nemo
584 754 840 827 [nemini]
902 768 1109 829 praeter
1165 775 1299 817 eum
1356 777 1635 835 usurpare
1675 767 2042 837 permittitur.

352 842 636 901 Caeterum
666 851 719 901 et
747 845 868 918 ipse
906 846 1328 921 delinquentes,
1361 866 1494 907 cum
1525 867 1694 909 causa
1723 854 2040 928 dictaverit,

348 929 563 987 forensi
621 930 741 1005 lege
798 943 1071 1003 coerceat,
1130 946 1183 994 et
1236 954 1336 994 rex
1394 954 1526 995 cum
1587 940 1708 997 suis
1770 942 2049 1015 episcopis

350 1031 523 1090 super
553 1018 880 1079 animarum
922 1030 1091 1092 statu,
1141 1024 1355 1096 prolata
1410 1041 1705 1085 sacrorum
1757 1046 2048 1088 canonum

350 1109 701 1179 auctoritate,
754 1112 1037 1170 decernat.
1093 1113 1195 1171 Ille
1236 1121 1509 1188 tanquam
1563 1134 1769 1190 parens
1816 1126 2049 1193 paterno

350 1212 576 1270 semper
597 1198 727 1271 jure
756 1202 1098 1274 praemineat
1126 1220 1138 1271 ;
1184 1203 1288 1261 iste
1316 1206 1473 1263 velut
1503 1208 1714 1265 unicus
1743 1225 1807 1266 ac
1843 1211 2049 1285 singu—

350 1285 485 1343 laris
531 1287 689 1345 tilius
726 1288 785 1344 in
834 1291 1048 1348 amoris
1099 1290 1261 1350 illius
1299 1294 1667 1368 amplexibus
1710 1299 2045 1372 requiescat.

347 1376 573 1434 Attalus
607 1375 771 1448 plane
802 1392 905 1433 rex
938 1375 1089 1437 Asia)
1121 1386 1175 1437 et
1228 1382 1563 1441 Nicomedes
1608 1402 1709 1442 rex
1758 1386 2049 1462 Bithynia

347 1465 406 1521 in
469 1473 693 1523 tantum
748 1466 1066 1525 Romanam
1122 1473 1533 1544 rempublicam
1583 1476 1933 1549 dilexerunt,
1985 1484 2047 1537 ut

348 1561 591 1627 uterque
619 1554 873 1613 moriens
916 1556 1238 1616 Romanum
1276 1563 1551 1634 populum
1590 1572 1924 1624 testamento
1954 1584 2045 1625 re-

345 1644 611 1718 liquisset
641 1644 981 1720 [reliquerit]
1020 1648 1326 1708 heeredem.
1366 1650 1589 1711 Sanctae
1611 1671 1743 1728 ergo
1773 1656 2046 1714 Ecclesite

346 1731 636 1805 principes
669 1749 843 1805 quam
878 1736 1233 1806 propensiori
1262 1737 1508 1796 invicem
1536 1741 1746 1799 debent
1772 1742 2045 1801 charitate

344 1838 679 1895 congruere,
723 1824 937 1897 quibus
970 1826 1297 1900 injunctum
1347 1838 1431 1886 est
1468 1831 1803 1889 charitatem
1852 1835 2109 1915 praeci-‘B

344 1930 458 1985 pue
491 1914 819 1974 Christiano
849 1917 1060 1990 populo
1088 1919 1432 1992 priedicare;
1466 1930 1529 1978 ut
1554 1938 1629 1979 ex
1658 1938 1877 1991 eorum,
1911 1940 2044 1998 quae

340 2005 609 2077 procedat
655 2021 729 2063 ex
783 2006 989 2080 pietate
1056 2009 1375 2079 concordia,
1434 2018 1626 2068 sancta
1696 2012 2054 2107 universalis,

341 2097 665 2167 gratuletur
726 2096 997 2163 Ecclesia,
1058 2115 1122 2156 ac
1183 2099 1412 2171 gemino
1474 2102 1778 2176 utriusque
1858 2096 2046 2162 studio

343 2184 685 2243 Christianae
713 2186 1012 2260 religionis
1043 2187 1300 2246 reﬂoreat
1327 2189 1653 2265 disciplina.
1692 2191 1909 2249 Verum
1940 2208 2045 2251 nos

340 2274 637 2348 piscatoris
664 2278 842 2334 nostri
880 2278 1210 2336 naviculam
1258 2295 1332 2336 ex
1373 2280 1534 2339 hiatu
1584 2282 1830 2355 scyllaeaa
1879 2299 2041 2340 vora-

340 2367 497 2441 ginis
520 2369 830 2439 trahentes,
863 2368 1005 2427 dum
1034 2386 1423 2429 successorem
1456 2373 1607 2431 Petri
1652 2374 1786 2431 ﬁdei
1818 2373 2045 2433 labente

340 2457 581 2530 vestigio
612 2473 868 2515 mersum
906 2458 977 2515 ad
1023 2458 1213 2516 littora
1244 2461 1438 2533 quieta
1488 2462 1849 2533 deducimus,
1883 2461 2044 2535 pium

342 2547 600 2621 Ereptori
640 2554 832 2606 nostro
862 2548 1427 2611 celeumacantemus
1458 2573 1469 2611 :

489 2639 571 2695 Te
601 2639 784 2696 Deum
828 2639 1133 2699 laudamus
1164 2660 1176 2698 :
1214 2641 1295 2699 Te
1328 2643 1645 2701 Dominum
1675 2645 2038 2703 conﬁtemur.

486 2723 641 2783 Ultio
679 2724 899 2794 divina,
933 2726 1132 2798 populi
1162 2727 1403 2785 Cadaloe
1431 2729 1620 2798 ruina,

481 2814 562 2871 Te
592 2821 801 2881 manet,
828 2820 889 2872 ut
917 2814 1042 2875 diro
1072 2815 1330 2873 medium
1364 2818 1783 2877 transverberet
1806 2820 1943 2879 ictu.

483 2903 775 2978 Altipetax
831 2903 1127 2963 Simonem
1185 2909 1443 2980 sequeris
1495 2906 1696 2967 Simon
1742 2916 1891 3063 astra
1948 2928 2049 2985 pe-

1814 2997 2044 3050 tentem.

1814 2997 2044 3050 tentem.

488 3076 568 3137 Te
603 3092 847 3152 quoque
889 3077 1198 3137 Tartareus
1246 3054 1422 3138 simul
1471 3054 1805 3141 absorbebit
1834 3084 2045 3145 hiatus.

719 3178 806 3236 Sit
832 3194 1022 3234 nomen
1040 3181 1271 3235 Domini
1298 3179 1651 3239 benedictum.

2061 3204 2105 3264 C

1040 3339 1361 3400 SGHOLIA

378 3446 433 3475 ‘c
487 3429 646 3481 Beato
742 3427 1019 3493 Sylvestro
1101 3429 1509 3489 (Constantinus
1589 3432 1754 3494 imp.)
1825 3433 2043 3496 suisque

344 3498 761 3552 successoribus
808 3498 1021 3559 obtulit,
1068 3504 1123 3549 ut
1177 3500 1345 3561 regali
1410 3514 1581 3563 more,
1632 3508 1684 3555 et
1736 3516 1903 3555 aurea
1947 3518 2043 3555 co—

350 3584 485 3623 rona
537 3571 908 3634 plecterentur
960 3570 1014 3620 in
1079 3569 1274 3633 capite,
1339 3574 1392 3622 et
1444 3579 1670 3625 caeteras
1727 3576 1863 3638 regii
1924 3577 2045 3627 cul-

346 3648 435 3693 tus
512 3641 711 3693 infulas
786 3646 1133 3703 usurparent.
1202 3644 1391 3695 Verum
1442 3642 1496 3695 B.
1565 3644 1841 3708 Sylvester
1888 3661 2043 3699 orna-

346 3718 547 3773 menta,
600 3726 721 3776 quae
775 3714 1109 3765 sacerdotali.
1165 3727 1472 3777 congruere
1522 3717 1797 3779 judicabat
1849 3719 2040 3780 oﬁicio,

350 3785 406 3834 in
462 3785 715 3848 proprios
770 3796 917 3835 usus
955 3789 1262 3847 assumpsit.
1311 3786 1567 3838 Coronam
1617 3800 1769 3850 vero,
1812 3790 1898 3839 vel
1939 3804 2039 3840 ca:-

348 3860 482 3917 tera,
545 3869 665 3917 quae
717 3856 887 3917 magis
948 3856 1228 3907 ambitiosa
1288 3870 1448 3920 quam
1504 3862 1731 3923 mystica
1790 3860 2046 3912 videban-

350 3932 452 3984 tur,
511 3928 707 3978 omisit.
764 3944 790 3970 ι)
850 3927 980 3977 Dum
1034 3934 1251 3978 sanctus
1308 3928 1601 3981 cardinalis
1661 3933 1751 3990 ait,
1804 3932 1856 3981 S.
1921 3933 2044 3995 Syl-

349 4001 591 4049 vestrum
672 3998 850 4050 oblata
934 4011 964 4048 a
1034 3999 1225 4060 Magno
1309 3998 1648 4053 Constantino
1709 4003 2046 4065 principatus

348 4069 583 4132 insignia
633 4071 965 4133 repudiasse,
1017 4082 1082 4120 ea
1132 4083 1260 4121 vero
1311 4076 1629 4122 ornamenta
1679 4072 1780 4123 sibi
1826 4073 2042 4124 desum-

347 4141 545 4200 psisse,
600 4152 722 4205 quae
773 4141 1087 4203 dignitatem
1143 4141 1474 4203 pontiﬁciam
1524 4142 1970 4202 condecorarent,
2016 4157 2047 4195 a

346 4223 481 4260 vero
536 4210 827 4261 abhorrere
876 4224 983 4260 non
1043 4212 1273 4263 videtur.
1343 4213 1475 4263 Nam
1515 4227 1637 4280 quae
1693 4214 1797 4265 fuit
1845 4222 2049 4267 ardens

352 4282 598 4345 ejusdem
648 4282 979 4333 Constantini
1031 4283 1097 4334 ad
1155 4283 1316 4335 ﬁdem
1366 4296 1639 4348 prmetpue
1700 4287 2048 4337 Christianam

351 4358 602 4417 recenter
650 4355 901 4403 conversi
953 4354 1139 4415 pietas,
1197 4360 1255 4406 ut
1304 4355 1562 4407 voluisset
1606 4357 1783 4406 omnia
1835 4359 2047 4421 imperii

355 4424 554 4474 decora
606 4423 659 4472 in
715 4424 1023 4485 pontiﬁcem
1076 4438 1347 4477 summum
1402 4427 1670 4478 conferre.
1715 4427 1829 4479 Fuit
1869 4434 2050 4479 tamen

357 4494 655 4557 Singularis
709 4496 991 4559 cujusdam
1055 4499 1360 4559 prudentiae
1414 4511 1467 4548 ιιι
1533 4498 1580 4548 S.
1648 4499 1922 4562 Sylvestro
1987 4511 2049 4549 ea

357 4550 562 4616 tantum
605 4550 863 4627 deligere.
935 4550 1073 4630 (μιαί
1111 4568 1407 4630 spiritualis
1464 4550 1746 4631 potestatis
1812 4550 2111 4626 culmen,D

356 4649 420 4687 ac
481 4635 753 4698 fastigium
812 4638 1199 4699 signiﬁcarent.
1271 4639 1323 4689 id
1386 4639 1528 4702 quod
1595 4641 1755 4690 etiam
1824 4639 2052 4690 habetur

356 4720 475 4771 cap.
522 4707 907 4759 Uonslantinus
955 4710 1076 4762 dist.
1127 4712 1207 4772 96,
1258 4708 1440 4762 verbis
1482 4710 1639 4761 istis:
1687 4711 1739 4761 Β.
1774 4711 2052 4775 Sylvestro

358 4783 412 4832 et
444 4777 699 4830 omnibus
735 4783 1142 4832 successoribus
1170 4785 1290 4844 ejus
1330 4781 1396 4831 de
1434 4784 1686 4843 praesenti
1731 4782 2052 4834 tradidimus

308 4890 311 4891 ν
361 4852 615 4913 palatium
651 4851 865 4912 imperii
911 4854 1079 4903 nostri
1119 4853 1509 4911 Lateranense;
1544 4854 1741 4905 deinde
1784 4854 2050 4915 diadema,

356 4922 609 4972 vidtiicet
651 4933 905 4971 coronam
942 4925 1131 4987 capitis
1175 4925 1367 4984 nostri,
1421 4926 1693 4987 simulque
1738 4924 2047 4987 phrygium,

356 5005 461 5045 nec
495 5004 601 5041 non
649 4996 701 5041 et
747 4994 1213 5054 superhumerale,
1254 4995 1509 5047 videlicet
1564 4994 1740 5046 lorum
1769 5000 1911 5059 quod
1947 4998 2052 5044 im-

356 5061 561 5126 periale
604 5063 944 5115 circumdare
999 5068 1202 5116 assolet
1244 5066 1461 5117 collum.
1524 5066 1582 5117 Et
1642 5066 1917 5117 nonnullis
1981 5067 2053 5117 iu-

355 5135 623 5198 terjectis:
668 5135 787 5197 ipse
824 5148 955 5187 vero
1005 5138 1356 5187 beatissimus
1409 5150 1542 5200 papa
1577 5150 1742 5199 super
1789 5149 2059 5188 coronam

357 5206 663 5264 clericatus,
714 5218 873 5270 quam
937 5209 1080 5271 gerit
1132 5210 1198 5258 ad
1252 5208 1479 5269 gloriam
1534 5208 1830 5258 beatissimi
1896 5208 2056 5268 Petri,

357 5274 452 5341 '73
486 5277 603 5341 ipsa
634 5290 704 5328 ex
747 5290 880 5329 auro
922 5291 1028 5329 non
1076 5286 1154 5329 est
1216 5291 1410 5342 passus
1464 5281 1543 5329 uti
1600 5291 1840 5338 corona;
1878 5278 2055 5343 phry-

356 5360 506 5411 gium
554 5359 685 5398 vero
746 5349 974 5400 candido
1028 5352 1207 5401 nitore
1274 5350 1635 5412 splendidum,
1700 5354 2056 5401 resurrectio-

357 5430 483 5469 nem
522 5415 850 5470 Dominicam
903 5421 1214 5482 designans,
1267 5423 1387 5483 ejus
1440 5422 1805 5477 sacratissimo
1864 5424 2052 5472 vertici

358 5484 608 5539 manibus
662 5493 863 5542 nostris
923 5493 1289 5553 imposuimus.
1344 5492 1517 5542 Sancti
1578 5492 1838 5554 Syivestri
1892 5504 2052 5553 porro

357 5560 528 5609 mitra:
576 5556 771 5609 Platina
833 5562 978 5613 hanc
1032 5564 1085 5611 in
1146 5563 1361 5612 modum
1407 5564 1676 5613 meminit:
1722 5584 1739 5606 ο
1779 5562 2052 5626 Eugeutus

359 5629 418 5680 1V
477 5629 525 5679 S.
573 5628 833 5691 Sylvestri
905 5633 1134 5691 mitram,
1202 5634 1417 5685 Romam
1478 5635 1748 5685 Aveniotie
1800 5634 2051 5695 delatam,

359 5702 585 5765 ipsemet
660 5713 690 5752 e
754 5702 1001 5755 Vaticano
1055 5711 1121 5755 ad
1187 5705 1501 5756 Lateranum
1570 5706 1774 5757 detulit.
1819 5724 1839 5749 ι
1882 5705 2051 5767 Hujus

356 5776 556 5833 autem,
610 5774 698 5824 vel
746 5775 970 5825 alterius
1025 5777 1267 5840 ejusdem
1315 5778 1366 5827 S.
1413 5778 1670 5843 Sylvestri
1722 5778 1891 5827 mitrae
1944 5788 2054 5828 me-

806 357 862 416 S.
912 356 1127 417 PETRI
1167 359 1489 420 DAMIANI
1529 363 1686 423 OPP.
1728 362 1976 425 TOMUS
2017 365 2157 430 SEU
2196 372 2387 435 PARS
2426 375 2530 438 III.
2573 411 2638 422 —
2678 380 3067 443 OPUSCULA
3108 386 3361 447 VARIA.

3749 398 3811 456 88

2125 504 2313 585 die'as,
2376 513 2576 565 coloris
2641 516 2829 567 viridis
2886 515 3207 576 holoserica,
3274 520 3327 571 et
3393 500 3723 585 phrygiam:
3761 524 3811 575 in

2129 588 2233 655 qua
2279 582 2600 656 beatissima:
2653 587 2882 649 Virginis
2940 588 2992 638 in
3049 591 3256 651 gremio
3314 582 3511 642 Filium
3540 582 3810 656 gestantis

2129 654 2302 728 imago
2349 654 2502 728 picta,
2550 659 2603 707 et
2652 658 2808 708 alatis
2852 660 3111 720 puerulis,
3146 672 3207 710 ac
3239 662 3411 712 stellis
3446 654 3808 728 circumsepta

2128 723 2384 781 cernitur,
2420 724 2591 777 Romae
2630 729 2698 779 ad
2730 729 2779 779 S.
2821 729 3097 782 Martinam
3133 731 3189 782 in
3234 732 3496 784 Montibus
3536 736 3674 786 inter
3695 723 3811 787 reii-

2127 794 2281 853 quias
2310 792 2606 849 honoriﬁce
2637 801 2951 851 custoditur.

2191 864 2371 936 Neque
2426 867 2528 919 hoc
2579 871 2657 921 sic
2705 871 2976 936 intelligas
3032 873 3214 935 velim,
3261 876 3317 925 ut
3368 876 3689 935 pontiﬁcalis
3743 880 3813 929 di-

2131 935 2344 1005 gnitatis
2379 946 2693 993 ornamenta
2735 946 2862 993 tunc
2889 935 3125 1005 primum
3170 947 3223 995 in
3279 944 3573 997 Ecclesiam
3604 948 3811 1001 invecta

2130 1004 2348 1082 iuerint,
2414 1012 2672 1075 quidquid
2735 1004 2915 1065 dicant
2973 1017 3263 1076 Aimonius,
3339 1020 3497 1079 atque
3566 1020 3809 1082 Sigeber-

2128 1079 2231 1156 tus,
2297 1082 2613 1156 velmetiam
2648 1084 2775 1156 ialii
2843 1088 3058 1145 (Amos.
3106 1086 3245 1138 Hist.
3296 1084 3381 1136 Fr.
3446 1088 3567 1156 1.,r,
3620 1079 3665 1140 ὁ.
3716 1090 3808 1153 24;

2131 1148 2310 1225 Stena.
2370 1150 2562 1204 Chron.
2600 1155 2666 1205 ad
2735 1169 2821 1207 an.
2883 1157 3069 1208 Christi
3121 1159 3253 1223 550).
3299 1158 3423 1209 Nam
3475 1148 3615 1225 quod
3674 1148 3810 1212 Con;

2132 1223 2399 1295 stanttnus
2466 1225 2746 1286 gentilium
2807 1230 3093 1280 vanitatem
3146 1223 3578 1288 detestatusz.
3630 1234 3807 1295 Sylve-

2132 1294 2244 1342 stro
2277 1294 2488 1345 videtur
2521 1308 2877 1360 concessisse,
2922 1299 3023 1350 hoc
3064 1302 3239 1362 ipsum
3279 1294 3814 1366 sauctissimosiejus

2131 1367 2511 1436 antecessores
2577 1367 2643 1417 ob
2705 1371 3010 1428 immanem.
3064 1375 3227 1436 atque
3282 1374 3626 1436 frequentem
3682 1375 3811 1425 alio-

2131 1446 2269 1507 rum?
2302 1435 2685 1501 imperatorum
2724 1435 3150 1493 persecutionem
3195 1447 3520 1506 deposuisse
3573 1451 3812 1507 apparet.

2130 1504 2364 1578 Jacobus
2406 1510 2550 1559 enim
2622 1509 2837 1573 Alphaei,
2895 1504 3278 1575 cognomento
3314 1515 3517 1574 Justus,
3569 1504 3815 1578 idemque

2128 1575 2297 1651 frater
2349 1577 2555 1631 Domini
2610 1584 2934 1640 nominatus,
2983 1597 3015 1634 a
3066 1584 3213 1636 Petro
3258 1588 3625 1651 apostolorum
3672 1575 3817 1650 prin-

2129 1649 2269 1719 eipe,
2304 1653 2360 1698 ut
2392 1652 2592 1712 optime
2628 1651 3047 1715 Chrysostomus
3082 1649 3460 1707 animadvertit
3489 1649 3812 1719 (Cunvsbsr.

2126 1716 2187 1768 in
2237 1718 2417 1793 Joan.,
2472 1720 2611 1773 hom.
2670 1724 2766 1787 87),
2828 1726 3108 1777 ordinatus
3158 1716 3653 1790 Hierosolymorum
3692 1730 3811 1793 epi-

2127 1802 2342 1854 scopus,
2405 1792 2680 1853 laminam,
2748 1808 2845 1846 seu
2899 1796 3171 1850 bracteam
3236 1812 3453 1851 auream
3518 1800 3571 1849 in
3642 1792 3815 1863 capite
3870 1825 3876 1831 -

2128 1868 2340 1935 gestare
2388 1866 2692 1917 consuevit:
2746 1870 2803 1917 ut
2842 1870 3095 1920 testatum
3139 1868 3414 1935 reliquere
3463 1869 3811 1935 Epiphanius,

2127 1933 2504 1998 Hieronymus,
2558 1948 2622 1987 ac
2676 1948 2866 2004 omnes
2909 1938 2998 1990 alii
3054 1939 3169 1993 fere
3209 1933 3515 2004 scriptores
3545 1933 3812 1993 ecclesia;

2128 2006 2249 2075 stici
2299 2006 2507 2069 (EPIPH.
2558 2006 2742 2059 haeres.
2794 2010 2855 2059 29
2900 2015 2953 2062 et
3000 2013 3094 2071 78;
3149 2014 3308 2064 Htsn.
3363 2012 3425 2061 de
3466 2014 3651 2075 script.
3691 2013 3810 2065 eccl.

2127 2073 2187 2148 in
2246 2078 2356 2128 Jac.
2415 2085 2461 2127 ct
2501 2079 2563 2129 in
2606 2077 2775 2141 Epist.
2819 2081 2893 2131 ad
2929 2079 3109 2134 Galat.
3152 2082 3242 2141 ll;
3281 2083 3461 2134 EPIPH.
3493 2073 3671 2135 haeres.
3712 2084 3811 2148 29).

2128 2146 2296 2219 Hujus
2324 2160 2456 2199 vero
2492 2150 2569 2200 rei
2597 2149 2737 2202 hanc
2780 2155 2939 2204 atiert
2981 2156 3240 2206 rationem
3274 2155 3416 2205 idem
3447 2146 3811 2219 Epiphanius:

2128 2217 2330 2280 folium,
2381 2228 2503 2273 sive
2544 2221 2816 2274 bracteam
2857 2226 2907 2273 in
2953 2231 3125 2290 capzte
3164 2231 3380 2290 gestare
3440 2217 3557 2289 ipsi
3596 2227 3808 2285 licebat,

2128 2292 2578 2351 quemadmodum
2652 2294 2805 2345 relati
2875 2295 2980 2346 ﬁde
3061 2298 3207 2359 digni
3280 2298 3385 2347 viri
3452 2297 3695 2349 Clemens
3760 2302 3815 2349 et

2127 2360 2386 2413 Eusebius
2442 2364 2495 2413 in
2546 2366 2658 2416 suis
2727 2370 3131 2419 commentariis
3192 2369 3367 2420 testati
3422 2372 3569 2418 sunt:
3624 2390 3655 2419 ιι
3711 2369 3813 2420 Sa-

2127 2432 2325 2484 cerdos
2400 2436 2585 2498 itaque
2649 2441 2749 2495 est,
2824 2438 2967 2488 velut
3028 2440 3157 2500 dixi,
3236 2441 3395 2490 Jesus
3464 2439 3700 2491 Christus
3760 2443 3815 2491 in

2127 2506 2405 2565 aeternum,
2464 2507 2761 2558 secundum
2819 2509 3064 2561 ordinem
3130 2511 3555 2563 Melchisedech:
3622 2511 3818 2562 simul-

2125 2586 2231 2638 que
2300 2588 2397 2627 rex
2455 2579 2612 2639 juxta
2682 2578 2925 2629 ordinem
2970 2594 3038 2631 ex
3090 2582 3361 2645 supernis,
3423 2587 3480 2634 ut
3535 2580 3821 2633 transferat

2124 2646 2482 2697 sacerdotium
2532 2649 2692 2699 simul
2747 2660 2867 2700 cum
2915 2648 3058 2713 lege:
3114 2665 3179 2703 ex
3230 2654 3439 2704 semine
3486 2664 3616 2704 vero
3660 2651 3821 2703 David

2125 2722 2344 2781 propter
2401 2720 2613 2769 Mariam
2687 2721 2886 2772 sedens
2952 2724 3006 2772 in
3060 2722 3257 2774 throno
3318 2726 3373 2774 in
3430 2728 3709 2783 internum,
3767 2726 3823 2774 et

2128 2790 2282 2857 regni
2342 2791 2461 2854 ejus
2527 2804 2637 2841 non
2702 2796 2802 2843 erit
2870 2794 3010 2843 ﬁnis.
3084 2794 3385 2856 Oportebat
3434 2797 3579 2846 enim
3640 2796 3825 2857 ipsum

2130 2855 2275 2912 nunc
2318 2862 2615 2914 transferre
2670 2864 2915 2916 ordinem
2946 2872 3056 2915 tum
3090 2855 3395 2926 sacerdotii,
3428 2871 3538 2917 tum
3581 2855 3759 2927 regni.
3795 2884 3822 2910 ι»

2133 2933 2191 2984 Et
2236 2930 2555 2994 quibusdam
2601 2936 2941 2999 interjectis:
2978 2955 3004 2981 α
3048 2935 3289 2997 Largitus
3353 2942 3435 2989 est
3486 2941 3663 2989 autem
3722 2937 3828 2986 sub

2132 3016 2193 3055 se
2243 3005 2551 3055 constitutis
2598 3017 2843 3068 regnum,
2892 3010 2949 3057 ut
2998 3017 3068 3058 ne
3119 3008 3389 3059 diceretur
3444 3020 3476 3059 a
3520 3008 3703 3071 parvis
3754 3006 3825 3057 ad

2131 3076 2338 3137 majora
2395 3075 2717 3139 procedere:
2775 3085 2957 3128 manet
3022 3079 3166 3129 enim
3224 3081 3456 3131 thronus
3522 3080 3711 3143 ipsius,
3771 3080 3829 3129 et

2131 3148 2287 3197 re.'ni
2335 3150 2456 3210 ejus
2510 3160 2621 3198 non
2671 3149 2773 3199 erit
2830 3149 2995 3199 ﬁnis:
3063 3152 3115 3199 et
3158 3150 3297 3201 sedit
3344 3164 3509 3214 super
3562 3148 3827 3200 thronum

2128 3217 2307 3279 David,
2375 3221 2448 3271 ita
2520 3223 2577 3270 ut
2646 3232 2874 3283 regnum
2926 3220 3093 3271 David
3150 3234 3255 3271 una
3310 3234 3432 3274 cum
3504 3220 3827 3285 pontiﬁcatu

2125 3288 2475 3350 transtulerit,
2549 3301 2611 3339 ac
2680 3289 2906 3351 largitus
2970 3295 3039 3341 sit
3096 3296 3268 3342 servis
3337 3296 3467 3355 suis,
3542 3292 3829 3343 hoc'est

2125 3360 2467 3424 pontiﬁcibus
2522 3361 2796 3413 catholica:
2852 3360 3119 3413 Ecclesiae.
3162 3380 3188 3409 ι)
3233 3362 3385 3414 Plura
3419 3366 3486 3417 de
3542 3363 3626 3414 bis
3677 3363 3828 3426 apud

2127 3433 2375 3484 eumdem
2424 3431 2775 3494 Epiphanium
2822 3431 3005 3483 habes.
3052 3434 3109 3483 1n
3148 3433 3364 3497 signum
3412 3437 3573 3497 igitur
3613 3433 3830 3496 regalis

2127 3504 2414 3555 sacerdotii
2472 3505 2571 3564 (sic
2633 3504 2811 3566 ipsum
2873 3504 3111 3569 appellat
3171 3506 3361 3557 Petrus
3426 3504 3471 3572 [ι
3530 3507 3676 3555 Pctr.
3736 3505 3832 3567 nl)

2127 3577 2392 3638 ejusmodi
2471 3576 2633 3639 capiti
2701 3580 3075 3627 ornamentum
3155 3582 3370 3637 gestare
3446 3574 3832 3633 consuevisse,

2125 3659 2234 3697 non
2282 3645 2533 3697 Jacobum
2588 3648 2816 3706 tantum,
2861 3648 2957 3696 sed
3014 3651 3066 3697 et
3113 3653 3338 3697 caeteros
3390 3646 3681 3709 apostolos,
3725 3657 3835 3708 par

2125 3720 2208 3769 est
2249 3719 2471 3768 credere
2517 3718 2809 3772 (Pomona.
2852 3728 2942 3777 ep.
2999 3730 3084 3779 ap.
3131 3718 3321 3769 Euseb.
3370 3717 3506 3769 Hist.
3546 3716 3636 3767 lib.
3685 3729 3741 3776 v,
3782 3728 3833 3766 c.

2122 3788 2221 3846 23;
2288 3789 2443 3839 Htsa.
2502 3786 2577 3838 De
2619 3788 2804 3849 script.
2880 3800 2980 3838 ccc.
3063 3788 3116 3839 in
3175 3789 3459 3853 l’otychr).
3520 3788 3647 3838 Nam
3722 3786 3839 3838 etsi

2124 3860 2242 3910 haec
2284 3860 2350 3910 de
2389 3859 2619 3921 singulis
2656 3872 2765 3910 non
2798 3860 3121 3919 scribantur,
3155 3862 3285 3910 satis
3324 3865 3501 3911 tamen
3546 3858 3612 3909 ad
3669 3858 3840 3908 veri-

2127 3936 2289 3981 tatem
2355 3932 2433 3980 rei
2489 3931 2960 3981 demonstrandam
3026 3943 3148 3982 esse
3208 3931 3437 3987 videtur,
3504 3926 3649 3995 quod
3711 3940 3841 3978 non

2127 4002 2286 4052 modo
2361 4000 2611 4062 Jacobus,
2672 4006 2731 4052 ut
2806 4001 3052 4059 vidimus,
3134 4001 3231 4052 sed
3316 4008 3368 4052 et
3444 4001 3677 4051 Joannes
3731 3996 3846 4051 '74

2128 4071 2468 4134 Evangelista
2514 4084 2579 4121 eo
2624 4084 2757 4122 usus
2796 4077 2878 4123 est
2926 4072 3116 4136 capitis
3162 4076 3500 4122 ornamento.
3578 4069 3849 4121 Testatur

2128 4143 2182 4193 id
2257 4141 2599 4205 l‘olychrates
2660 4143 3009 4206 Ephesiorum
3076 4143 3370 4205 episcopus
3426 4141 3495 4191 ad
3556 4139 3847 4192 Victorem

2129 4226 2322 4277 papam
2358 4216 2500 4263 inter
2549 4212 2653 4262 alia
2702 4215 2772 4262 ita
2813 4213 3087 4263 scribens:
3125 4228 3151 4256 ιι
3183 4213 3272 4263 llis
3316 4211 3526 4263 accedit
3571 4210 3848 4273 Joannes,

2133 4287 2222 4348 qui
2246 4296 2410 4345 supra
2442 4288 2628 4343 pectus
2687 4283 2890 4332 Domini
2927 4281 3193 4338 recubuit,
3237 4283 3329 4346 qui
3386 4282 3647 4333 sacerdos
3706 4282 3850 4341 fuit,

2133 4355 2223 4419 qui
2268 4355 2522 4404 laminam
2584 4366 2804 4403 auream
2851 4352 3103 4413 gestavit.
3159 4353 3277 4404 Erat
3320 4357 3498 4403 autem
3558 4354 3857 4415 ejusmodi

2132 4426 2323 4487 capitis
2386 4434 2791 4481 ornamentum;
2822 4424 2967 4484 quod
3036 4424 3091 4473 in
3142 4422 3375 4485 amplius
3425 4428 3585 4488 atque
3638 4423 3858 4485 perfe—

2135 4498 2272 4545 ctius
2336 4493 2653 4545 Christiana:
2718 4494 2860 4556 legis
2935 4494 3321 4546 sacerdotium,
3364 4496 3682 4561 translatum
3760 4501 3863 4547 est

2135 4568 2367 4631 antiquas
2428 4564 2566 4628 legis
2624 4566 2996 4617 sacerdotibus
3049 4566 3176 4617 olim
3231 4581 3259 4616 a
3318 4565 3422 4616 Deo
3476 4576 3855 4617 concessum.

2134 4638 2216 4687 Sic
2267 4648 2501 4699 namque
2577 4647 2731 4685 sacra
2786 4636 3098 4696 Scriptura:
3154 4657 3177 4679 «ι
3232 4636 3411 4687 Facies
3464 4641 3517 4686 et
3570 4635 3863 4688 laminam

2134 4726 2161 4752 α
2197 4708 2263 4759 de
2313 4719 2447 4758 auro
2510 4707 2840 4765 purissimo-
2890 4719 2946 4755 ιιι
3008 4718 3114 4769 qua
3166 4710 3381 4770 sculpes
3438 4717 3604 4770 opere
3662 4708 3866 4757 caela-

2138 4798 2161 4822 ι
2202 4784 2334 4830 toris
2382 4781 2629 4829 sanctum
2682 4775 2943 4828 Domino:
3003 4778 3306 4841 ligabisque
3358 4790 3479 4829 eam
3530 4779 3659 4827 vitta
3708 4776 3872 4841 hya-

2138 4853 2454 4908 uctnthina,
2528 4854 2577 4898 et
2667 4850 2768 4899 erit
2834 4860 3001 4909 super
3074 4852 3264 4899 tiaram
3319 4850 3605 4899 imminens
3667 4847 3875 4902 fronti

2138 4920 2465 4985 «pontiﬁcis
2510 4917 2701 4979 (Exod.
2764 4931 2965 4977 xxvrrt,
3027 4931 3164 4970 xxrx
3233 4924 3281 4971 et
3364 4930 3588 4981 xxxrx;
3664 4920 3871 4975 Leuit.

2143 4996 2340 5056 .vut).
2391 5011 2416 5037 ι)
2479 4992 2641 5049 Quale
2731 4996 2908 5041 autem
2975 4989 3139 5041 fuerit
3214 4991 3403 5053 capitis
3452 4998 3878 5047 ornamentum

2134 5068 2329 5115 summi
2377 5063 2688 5119 sacerdOtis,
2739 5060 3006 5123 Josephus
3046 5064 3239 5112 exacte
3285 5061 3541 5113 describit
3580 5062 3875 5124 (Josapn.

2134 5137 2315 5198 Antig.
2370 5135 2408 5185 l.
2450 5146 2531 5191 ιιι,
2571 5144 2619 5183 c.
2668 5133 2737 5195 8),
2773 5135 3147 5196 monstratque
3206 5144 3319 5183 non
3374 5137 3580 5183 tantum
3634 5132 3882 5188 lamina

2139 5218 2320 5263 aurea,
2396 5206 2494 5255 sed
2542 5209 2597 5253 et
2648 5214 2848 5253 corona
2904 5215 3069 5253 aurea
3150 5204 3351 5266 triplici
3415 5204 3605 5254 ordine
3672 5206 3886 5260 ducta

2137 5278 2349 5327 mitram
2400 5277 2641 5325 ornatam
2699 5273 2913 5323 fuisse:
2989 5276 3117 5323 sunt
3177 5276 3295 5336 ejus
3343 5274 3555 5324 verba:
3611 5292 3637 5319 α
3670 5273 3885 5331 Porro

2137 5349 2278 5411 pileo
2339 5344 2433 5409 (ita
2483 5347 2640 5393 vocat
2715 5343 2974 5405 cydartm,
3046 5356 3143 5393 seu
3212 5345 3422 5395 mitram
3488 5356 3886 5401 communem

2137 5420 2336 5481 pariter
2395 5415 2605 5467 caneris
2654 5412 3048 5475 saCerdotibus)
3116 5414 3382 5472 utebatur,
3449 5416 3591 5479 quali
3650 5422 3891 5472 caeteri

2135 5491 2462 5545 sacerdotes,
2515 5497 2681 5548 super
2726 5497 2885 5547 quem
2945 5484 3195 5535 exstabat
3238 5485 3377 5536 alius
3437 5485 3746 5538 consulitis
3801 5505 3892 5542 ex

2137 5558 2427 5623 hyacintho
2512 5559 2815 5606 variatus:
2880 5555 3023 5605 hunc
3110 5568 3274 5607 aurea
3344 5568 3547 5608 corona
3632 5562 3891 5623 triplici

2134 5632 2323 5681 ordine
2411 5625 2794 5685 circumdabat,
2864 5626 2918 5677 in
2990 5638 3097 5691 qua
3176 5628 3559 5690 spectabantur
3637 5635 3898 5687 calculi

2135 5703 2303 5760 aurei,
2389 5702 2577 5762 quales
2666 5697 2911 5748 videmus
2985 5699 3041 5748 in
3099 5698 3283 5757 herba,
3349 5712 3468 5762 quae
3520 5698 3664 5763 apud
3760 5717 3899 5759 nos

2138 5779 2357 5825 vocatur
2426 5770 2757 5823 daccliarus:
2833 5768 2979 5832 apud
3055 5770 3266 5823 Cnet-os
3343 5770 3623 5822 herbarios
3708 5771 3915 5839 byn...
