4024 6200
239 323 310 382 89

1284 323 1533 384 OPUSG.
1577 325 1644 382 V.
1687 353 1756 368 --
1792 326 2036 387 AGTUS
2072 323 2695 386 MEDIOLANENSIS.

3659 328 3734 388 90

241 463 522 517 scyamus.
559 468 588 495 ι»
625 449 728 502 Sed
775 452 830 501 et
893 450 1073 500 divina
1134 449 1408 512 Scriptura
1449 449 1676 513 pulchre
1733 451 1950 513 quidem
1963 452 2430 512 Acelebrandam)
2475 448 2780 513 hujusmodi
2829 449 2988 500 etiam
3032 451 3242 512 tiaram,
3297 465 3457 516 quam
3501 465 3728 515 regnum

239 522 348 590 hoc
407 523 584 582 ipsum
635 521 880 572 innuisse
925 521 1139 572 videtur
1193 521 1294 571 sub
1349 521 1460 572 illis
1513 521 1744 572 verbis:
1793 540 1819 568 α
1865 525 1952 574 Co-

239 605 378 643 rona
422 605 586 643 aurea
643 605 808 656 super
860 591 1070 643 mitram
1121 593 1258 655 ejus,
1313 603 1576 656 expressa
1629 594 1786 655 signo
1835 607 1952 645 san-

239 665 448 714 ctitatis
499 661 682 722 (Eccli.
735 665 886 720 χιιι).
945 681 963 706 ο
1023 663 1151 713 Nam
1215 675 1338 722 cum
1391 663 1768 714 sacerdotibus
1830 665 1951 716 aliis

239 735 316 784 uti
347 734 560 796 cydari,
604 745 702 784 seu
741 734 897 784 mitra
936 745 1260 784 concessum
1292 737 1468 784 esset:
1521 734 1722 784 lam;na
1770 739 1950 786 tamen

237 817 430 856 aurea.
505 809 564 855 ut
637 804 902 864 dicebam,
970 806 1154 855 ornari
1223 809 1399 866 caput,
1471 807 1666 855 summi
1745 809 1952 858 tantum

239 873 517 937 pontiﬁcis
576 879 692 925 erat
755 875 1070 936 peculiare:
1127 874 1273 936 quod
1337 875 1508 926 mitra
1574 881 1950 928 ornamentum

239 957 366 994 cum
421 945 592 994 tribus
631 946 814 994 aureis
857 945 1082 994 coronis
1139 945 1492 1002 intexeretur,
1546 957 1748 996 corona
1790 947 1950 998 etiam

242 1017 296 1065 in
361 1015 540 1066 sacris
593 1015 804 1066 Litteris
857 1017 980 1077 jure
1035 1017 1228 1066 merito
1290 1015 1596 1079 appellatur
1640 1017 1730 1080 (t).
1778 1019 1936 1070 Caete-

241 1098 360 1136 rum
409 1098 534 1136 cum
577 1087 756 1136 omnia
809 1085 924 1138 fere
975 1084 1179 1137 Veteris
1221 1085 1376 1148 Legis
1427 1087 1738 1138 Pontiﬁcum
1779 1101 1948 1138 orna-

239 1160 428 1208 menta
517 1169 626 1208 una
687 1169 808 1208 cum
871 1168 1081 1207 summo
1153 1157 1475 1218 sacerdotio,
1544 1160 1596 1208 in
1657 1158 1946 1210 Ecclesium

239 1229 542 1278 Romanam
591 1229 713 1290 jure
747 1230 952 1290 optimo
1006 1226 1266 1278 translata
1319 1229 1536 1286 iuerint,
1585 1228 1718 1280 illud
1788 1230 1948 1280 etiam

239 1301 378 1350 scitu
459 1298 682 1360 dignum
773 1297 1007 1360 videtur,
1095 1298 1242 1360 quod
1321 1299 1626 1350 Bonifacius
1701 1300 1948 1362 ejusdem

240 1367 496 1420 Ecclesac
593 1371 740 1431 pont.
824 1381 966 1418 max.
1059 1367 1277 1432 (praeter
1343 1370 1637 1420 salutarem
1719 1368 1947 1430 Jubilaai,

239 1450 568 1504 sacramque
647 1440 1040 1491 institutionem
1123 1441 1421 1493 centesimo
1511 1453 1728 1504 quoque
1807 1453 1950 1492 anno

299 1571 374 1637 (4)
414 1573 468 1624 s.
541 1573 754 1624 Petrum
801 1575 920 1624 tres
970 1575 1132 1625 etiam
1190 1575 1375 1626 claves
1451 1587 1616 1626 manu
1683 1575 1956 1626 tenentem

239 1644 408 1765 susse
463 1643 806 1707 designatum
851 1645 1218 1696 vetustissima
1250 1645 1427 1720 .Urbis
1470 1649 1820 1700 monumenta
1867 1657 1957 1698 me

277 1723 575 1767 ocnerunt.

2035 522 2198 584 vulgo
2249 521 2536 584 appellant,
2589 520 2762 570 tribus
2815 521 3122 572 distinctam
3175 529 3528 587 ornatamque
3573 535 3726 574 coro—

2033 595 2118 644 nis
2169 595 2240 655 (5)
2293 593 2438 656 (cum
2499 592 2746 642 eamdem
2823 595 2978 642 antea
3065 593 3256 646 tiaram
3335 607 3442 644 una
3527 596 3732 646 tantum

2034 676 2232 714 corona
2293 663 2602 720 insignitum
2657 664 2775 724 ejus
2827 669 3209 714 antecessores
3289 663 3586 728 deferrent)
3663 665 3732 716 ad

2033 734 2346 798 pontiﬁcum
2403 733 2764 784 Romanorum
2811 745 2970 784 usum
3023 735 3232 795 primus
3289 737 3584 787 revocavit.
3639 735 3734 785 Hic

2033 811 2116 857 est
2175 806 2266 855 ille
2322 805 2548 860 Octavus
2599 803 2905 854 Bonifacius
2990 815 3056 854 ex
3139 805 3304 855 nobili
3399 819 3464 856 ac
3526 809 3732 856 vetusta

2033 876 2404 939 Cajetanorum
2489 875 2706 934 familia,
2773 882 2926 937 patre
2989 875 3252 926 Livifredo
3299 878 3499 941 equite,
3563 880 3734 926 matre

2033 946 2318 996 Alexandri
2383 946 2440 994 1V
2485 951 2666 1008 nepte,
2731 947 3080 1008 progenitus:
3141 947 3234 1010 qui
3285 946 3363 1010 (ut
3413 949 3555 998 inter
3599 947 3736 998 alios

2031 1018 2332 1068 Antoninus
2411 1017 2848 1077 archiepiscOpus
2902 1015 3242 1068 Florentinus
3326 1019 3605 1068 sanctitate
3673 1029 3739 1069 ac

2033 1088 2274 1138 doctrina
2337 1087 2666 1151 conspicuus
2716 1091 2963 1148 testatur)
3036 1089 3316 1140 aemulator
3379 1101 3631 1151 magnus,
3683 1091 3737 1140 et

2027 1159 2229 1220 jurium
2287 1159 2536 1209 Ecclesiae
2596 1163 2964 1216 conservator,
3029 1166 3254 1220 propter
3306 1162 3451 1212 sedis
3510 1163 3728 1224 aposto—

2031 1229 2148 1279 licae
2225 1229 2604 1293 patrocinium,
2695 1231 2961 1280 adversus
3043 1231 3262 1282 ditionis
3338 1243 3402 1280 ac
3471 1230 3736 1280 bonorum

2031 1299 2178 1350 illius
2243 1303 2556 1351 detentores
2618 1301 2800 1350 animo
2853 1301 3146 1352 fortissimo
3191 1305 3519 1363 susceptum,
3571 1303 3624 1352 et
3669 1300 3738 1351 ad

2031 1369 2194 1420 ﬁnem
2239 1373 2551 1421 constanter
2612 1370 2932 1434 perductum
2987 1372 3286 1424 innumeris
3344 1369 3732 1422 malevolorum

2036 1441 2326 1492 calumniis
2350 1453 2410 1492 se
2443 1440 2739 1492 obnoxium
2763 1440 3016 1493 reddidit.

2098 1573 2170 1638 (5)
2196 1573 2458 1624 Detribus
2503 1575 2860 1626 Romanorum
2893 1574 3207 1636 pontiﬁcum
3245 1575 3464 1628 coronis
3489 1575 3552 1628 Μ.
3583 1575 3738 1629 Anto-

2037 1645 2160 1696 nius
2187 1644 2510 1697 Mazatonius
2539 1644 2784 1698 libellum
2806 1647 3148 1712 conscripsit.

979 2015 1233 2091 ’⁷⁵³⁷⁸
1321 2052 2158 2166 OPUSCULUM

2106 2055 2159 2161 II
2275 2052 2970 2182 QUINTUM.

363 2258 620 2320 ACTUS
691 2257 1148 2332 MEDIOLANI,
1221 2260 1322 2319 DE
1393 2259 1848 2320 PRIVILEGIO
1913 2259 2264 2320 ROMANIE
2329 2259 2751 2337 ECCLESUE,
2821 2262 2922 2320 AD
2991 2261 3618 2322 HILDEBRANDUM

1190 2355 1252 2416 S.
1317 2359 1386 2418 R.
1439 2358 1514 2418 E.
1572 2357 2080 2418 CARDINALEM
2133 2358 2794 2422 ARCHIDIACONUM.

249 2675 700 2732 ABGUMENTUM.
737 2701 804 2750 7-
831 2671 984 2750 _Hoc
1009 2671 1352 2752 opusculum
1383 2669 1810 2752 deprivilegio
1841 2672 2138 2752 Romanae
2161 2675 2432 2752 Ecclesize
2479 2677 2854 2752 inscribitur:
2909 2683 2996 2735 est
3029 2683 3226 2752 autem
3267 2678 3461 2735 brevis
3488 2680 3740 2752 narratio

313 2758 546 2822 eorum,
571 2757 706 2822 qua:
737 2742 846 2821 ipsi
879 2742 1242 2822 sanctissimo
1270 2742 1484 2822 doctori
1509 2742 1588 2822 in
1601 2742 1907 2822 .legatione
1933 2744 2774 2822 Mediolanensicontigerunt;
2817 2764 2952 2822 cum
2981 2748 3197 2806 scilicet
3223 2757 3419 2822 contra
3479 2749 3737 2822 ejusdem

314 2811 605 2892 Ecclesiae
625 2811 869 2892 clericos
895 2811 1206 2892 N_ico_lait_as
1229 2811 1442 2892 pariter
1461 2821 1525 2892 _et
1555 2811 1931 2892 Simoniacos,
1961 2815 2184 2889 legatus
2205 2834 2238 2875 a
2286 2817 2420 2876 sede
2457 2811 2771 2892 apostolica
2794 2821 3029 2892 missus,
3065 2835 3180 2878 non
3209 2820 3406 2880 minus
3437 2811 3732 2889 castitatis,

317 2901 504 2966 quam
529 2884 806 2943 Romanae
827 2883 1100 2941 Ecclesia:
1124 2883 1262 2958 jura
1304 2885 1536 2954 tuenda,
1563 2883 1927 2958 suscepisset.

315 3051 570 3109 Domino
611 3047 1048 3104 ‘HILDEBRANDO
1133 3047 1452 3105 venerabili
1519 3047 2350 3121 arcliidiacono,Bjudicarem
2385 3073 2399 3120 ;
2447 3049 2753 3118 divinitus,
2795 3057 2858 3108 ut
2886 3066 3030 3119 reor,
3051 3049 3252 3110 actum
3280 3059 3382 3122 est,
3413 3059 3477 3112 ut
3523 3051 3766 3111 Medio--

255 3141 486 3199 PETRUS
557 3143 814 3214 peccator
879 3135 1219 3207 monachus,
1288 3136 1694 3196 sincerissima)
1769 3138 1950 3195 devo-

257 3231 428 3288 tionis
447 3229 738 3286 aﬁectum.
1616 3293 1618 3295 p

316 3318 704 3403 Privilegiuni
743 3317 1020 3374 Romanae
1055 3313 1325 3372 Ecclesiae
1367 3319 1612 3389 quantas
1637 3316 1844 3374 habeat
1873 3316 1956 3372 vi—

251 3425 334 3466 res
395 3409 474 3466 ad
527 3408 872 3467 servandam
932 3407 1224 3480 canonica:
1273 3407 1566 3480 aequitatis
1617 3415 1672 3465 et
1716 3407 1958 3481 justitiae

257 3499 533 3570 regulam,
616 3505 1018 3572 quantumque
1083 3495 1340 3570 vigorem
1407 3498 1478 3554 ad
1541 3497 1958 3571 disponendam

255 3585 620 3646 ecclesiastici
669 3593 850 3644 status
897 3584 1188 3641 contineat
1233 3583 1625 3656 disciplinam,
1656 3586 1812 3643 solus
1856 3585 1957 3642 ille

255 3677 500 3736 dilucide
547 3676 1004 3749 comprehendit,
1051 3675 1152 3749 qui
1203 3674 1602 3734 ecclesiasticis
1655 3679 1958 3735 consuevit

257 3767 526 3825 insudare
579 3767 843 3840 negotiis.
903 3766 1064 3836 Quod
1128 3765 1332 3839 utique
1399 3766 1796 3838 privilegium,
1855 3767 1958 3839 qui

259 3859 596 3932 inexpertus
637 3865 740 3926 est,
769 3857 1156 3931 parvipendit,
1199 3856 1548 3914 exercitatus
1574 3847 1955 3931 amplectitur.

257 3944 398 4014 Quia
427 3946 576 4004 sicut
607 3962 768 4004 arma
813 3962 930 4003 non
961 3951 1146 4014 curat,
1201 3944 1304 4018 qui
1351 3951 1638 4002 certamen
1683 3946 1908 4018 ignorat
1941 3963 1956 4018 ;

259 4035 334 4093 sic
361 4051 393 4092 e
423 4035 654 4092 diverso
689 4033 820 4092 telis
843 4033 1137 4091 inhianter
1163 4032 1507 4106 accingitur,
1538 4033 1642 4106 qui
1673 4035 1742 4090 ad
1773 4049 1961 4107 repor-

259 4124 454 4181 tandos
473 4139 548 4180 ex
583 4139 742 4180 more
779 4123 1154 4180 victoriarum
1185 4122 1380 4179 titulos
1416 4123 1733 4182 animatur.
1765 4123 1960 4180 Armis

259 4219 448 4270 autem
475 4210 848 4284 privilegium
879 4211 1156 4270 Romanae
1183 4211 1450 4270 Ecclesize
1479 4228 1594 4271 non
1643 4214 1960 4284 incongrue

258 4301 728 4374 comparaverim,
759 4301 897 4374 quia
937 4300 1082 4356 dum
1133 4300 1256 4357 hinc
1305 4315 1418 4358 una
1481 4317 1580 4373 per
1631 4303 1960 4360 cathedram

2040 3137 2336 3197 lanensem
2367 3142 2593 3214 urbem,
2624 3141 2942 3200 beatissimi
2974 3142 3195 3201 Nicolai
3251 3159 3414 3218 papae
3459 3143 3744 3218 legatione

2046 3227 2296 3298 functus,
2330 3229 2570 3286 adirem.

2115 3319 2250 3376 Erat
2273 3321 2432 3377 enim
2461 3321 2612 3378 inter
2635 3323 2856 3381 clerum
2889 3329 2942 3381 et
2969 3323 3270 3397 populum,
3327 3331 3558 3398 propter
3597 3325 3742 3382 duas

2043 3409 2307 3479 haereses,
2373 3409 2760 3469 Simoniacam
2825 3412 3111 3484 videlicet,
3179 3419 3236 3470 et
3305 3412 3740 3485 Nicolaitarum,

2039 3497 2176 3554 satis
2223 3497 2552 3555 turbulenta
2593 3497 2815 3556 seditio.
2865 3497 3162 3558 Nicolaitse
3219 3505 3415 3556 autem
3466 3499 3745 3556 dicuntur

2039 3583 2252 3654 clerici,
2318 3587 2422 3659 qui
2470 3593 2666 3644 contra
2715 3587 2988 3645 castitatis
3037 3586 3434 3645 ecclesiasticae
3485 3585 3745 3657 regulam

2041 3674 2276 3732 feminis
2328 3677 2740 3736 admiscentur.
2800 3677 2910 3746 Qui
2977 3677 3148 3750 plane
3181 3685 3318 3734 tunc
3375 3676 3748 3733 fornicatores

2042 3763 2213 3828 fiunt,
2253 3779 2388 3820 cum
2451 3765 2588 3823 foedi
2655 3765 2988 3823 commercii
3045 3765 3280 3839 copulas
3329 3765 3577 3835 ineunt;
3609 3771 3746 3822 tunc

2041 3851 2338 3910 Nicolaitze
2359 3854 2488 3926 jure
2518 3861 2794 3912 vocantur
2821 3871 2955 3912 cum
2985 3856 3136 3912 hanc
3175 3855 3498 3912 lethiferam
3517 3861 3744 3926 pestem

2041 3941 2202 3998 velut
2229 3957 2300 3998 ex
2361 3943 2698 4001 auctoritate
2745 3942 3110 4000 defendunt.”
3147 3941 3372 3998 Vitium
3425 3942 3638 4014 quippe
3679 3941 3740 3998 in

2041 4028 2308 4086 haeresim
2339 4030 2602 4098 vertitur,
2643 4047 2776 4089 cum
2805 4031 3060 4104 perversi
3091 4030 3374 4102 dogmatis
3403 4031 3745 4116 ~assertione

2043 4119 2324 4177 ﬁrmatur.
2365 4119 2514 4189 Quid
2538 4121 2758 4194 plura?
2789 4121 2954 4178 nobis
2997 4120 3174 4192 digna
3223 4120 3375 4178 sedis
3415 4120 3745 4193 apostolicus

2043 4210 2412 4267 veneratione
2441 4210 2701 4284 receptis,
2735 4227 2802 4268 ac
2838 4210 3104 4280 negotiis,
3141 4225 3276 4283 quze
3329 4225 3436 4266 nos
3489 4213 3746 4265 attraxe-

2043 4307 2190 4370 rant,
2227 4299 2526 4370 intimatis,
2581 4307 2702 4373 post
2729 4301 2883 4359 diem
2913 4299 3162 4358 alterum
3211 4299 3458 4357 factione
3505 4299 3744 4356 clerico-

261 4389 404 4446 beati
441 4388 592 4452 Petri
621 4389 796 4446 totius
821 4387 1166 4448 Christianae
1197 4387 1496 4460 religionis
1521 4397 1690 4462 caput
1740 4391 1956 4461 effecta,
1975 4405 2018 4466 ί]
2044 4406 2172 4449 rum
2203 4397 2432 4462 repente
2463 4389 2522 4446 in
2553 4391 2765 4463 populo
2792 4406 3060 4452 murmur
3079 4389 3361 4455 exoritur,
3395 4404 3512 4447 non
3539 4387 3746 4445 debere

263 4477 477 4534 cunctis
505 4477 562 4534 in
594 4475 732 4534 orbe
757 4481 1046 4533 terrarum
1074 4473 1431 4548 principetur
1480 4475 1770 4547 Ecclesiis,
1803 4477 1962 4535 velut

261 4565 378 4624 dux
419 4575 554 4626 ante
583 4569 764 4626 aciem
815 4566 1074 4625 fidelium
1130 4567 1329 4624 cuneis
1365 4567 1533 4639 fulta,
1587 4584 1654 4626 ac
1699 4568 1962 4643 specialis

267 4658 653 4731 praerogativa)
681 4657 1016 4716 auctoritate
1051 4655 1296 4728 munita,
1330 4661 1385 4713 et
1431 4657 1780 4730 Evangelico
1837 4675 1964 4717 mu-

265 4763 430 4805 crone
455 4748 685 4806 veritati
715 4739 1111 4805 resistentium
1141 4747 1390 4804 cervices
1430 4745 1751 4815 obtruncat,
1811 4753 1866 4804 et
1890 4747 1960 4804 ad

269 4837 644 4896 invictissime
671 4837 1073 4896 dimicandum
1121 4843 1294 4894 totam
1346 4837 1556 4894 Christi
1591 4837 1855 4895 militiam
1902 4839 1962 4895 in

271 4927 444 4986 unius
491 4927 786 4986 charitatis
827 4943 894 4985 ac
935 4925 1068 4983 fidei
1095 4924 1478 4982 unanimitate
1504 4925 1810 4996 conspirat.
1841 4925 1964 4982 Hoc

272 5021 326 5071 tu
357 5015 670 5085 subtiliter,
702 5021 765 5072 ut
797 5021 852 5071 ct
879 5013 992 5070 alia
1021 5013 1204 5070 multa
1235 5012 1610 5084 perpendens,
1635 5013 1965 5086 frequenter

269 5117 300 5159 a
333 5119 424 5162 me
451 5104 748 5174 charitate,
779 5089 932 5178 qua,r
968 5107 1200 5176 superat
1251 5103 1465 5168 omnia,
1520 5101 1818 5174 postulasti
1849 5121 1864 5173 ;
1899 5109 1966 5159 ut

277 5188 658 5248 Romanorum
703 5190 1042 5264 pontificum
1071 5191 1314 5260 decreta,
1363 5189 1456 5248 vel
1520 5197 1678 5264 gesta
1727 5206 1964 5263 percur-

275 5293 416 5350 rens,
449 5280 736 5355 quidquid
763 5279 1092 5354 apostolicze
1138 5279 1292 5336 sedis
1338 5279 1660 5337 auctoritati
1714 5279 1969 5353 speciali-

277 5375 352 5428 ter
375 5363 698 5444 competere
725 5371 1036 5442 videretur,
1067 5369 1205 5427 hinc
1249 5371 1385 5428 inde
1429 5371 1692 5428 curiosus
1737 5386 1965 5428 exscer-

275 5473 481 5531 perem,
547 5466 720 5532 atque
762 5459 823 5517 in
879 5459 1042 5532 parvi
1097 5458 1414 5518 voluminis
1467 5459 1745 5517 unionem
1801 5474 1969 5516 novre

275 5548 689 5622 compilationis
715 5557 834 5607 arte
861 5551 1192 5608 conﬂarem.
1223 5549 1386 5607 Hanc
1425 5549 1620 5622 itaque
1651 5556 1768 5606 tum
1823 5549 1968 5622 peti-

277 5635 440 5695 tionis
469 5637 806 5702 instantiam
835 5654 968 5696 cum
1017 5653 1121 5712 ego
1147 5637 1444 5711 negligens
1471 5636 1964 5708 tloccipenderem,

2045 4479 2489 4538 Ambrosianam
2521 4480 2834 4538 Ecclesium
2861 4481 3138 4538 Romanis
3169 4479 3392 4552 legibus
3426 4479 3748 4552 subjacere,

2046 4569 2395 4643 nullumque
2441 4569 2766 4641 judicandi,
2821 4570 2910 4628 vel
2955 4569 3300 4642 disponendi
3341 4570 3440 4641 jus
3487 4569 3746 4627 Romano

2043 4659 2302 4732 pontiﬁci
2335 4660 2396 4716 in
2447 4659 2546 4716 illa
2593 4663 2726 4717 sede
2771 4667 3109 4732 competere.
3169 4657 3356 4715 Nimis
3411 4658 3744 4732 indignum,

2047 4747 2344 4819 inquiunt,
2375 4753 2440 4805 ut
2464 4765 2595 4821 quze
2627 4750 2738 4807 sub
2763 4747 3230 4826 progenitoribus
3257 4746 3470 4805 nostris
3519 4761 3746 4818 semper

2049 4835 2269 4892 exstitit
2315 4835 2515 4905 libera,
2569 4837 2638 4892 ad
2696 4842 2909 4892 nostrae
2966 4835 3325 4893 confusionis
3375 4835 3747 4907 opprobrium

2049 4938 2206 4980 nunc
2235 4924 2420 4990 alteri,
2469 4923 2614 4996 quod
2666 4923 2835 4992 absit,
2887 4922 3158 4980 Ecclesize
3203 4923 3278 4979 sit
3315 4921 3588 4993 subjecta.
3647 4921 3752 4979 Po-

2049 5019 2260 5072 stremo
2287 5010 2770 5070 tumultuantium
2813 5011 3030 5068 clamor
3053 5009 3348 5080 attollitur,
3384 5025 3456 5065 ex
3501 5008 3748 5066 diversis

2048 5103 2308 5177 partibus
2361 5102 2432 5159 ad
2475 5101 2798 5174 episcopale
2837 5101 3113 5175 palatium
3155 5100 3497 5158 convenitur
3531 5121 3544 5154 :
3611 5097 3748 5156 dein

2049 5190 2441 5248 tintinnabula
2493 5197 2876 5264 perstrepunt,
2937 5188 3292 5263 praegrandis
3347 5201 3512 5244 EBl’BEB
3567 5186 3744 5256 tubae,

2051 5296 2180 5355 quae
2211 5279 2328 5335 illic
2355 5286 2460 5346 est,
2488 5285 2601 5334 tota
2633 5277 2836 5336 civitas
2881 5275 3251 5348 clangoribus
3299 5274 3613 5330 intonatur.
3645 5273 3744 5330 In—

2053 5366 2346 5425 tentabant
2373 5366 2540 5436 mihi,
2573 5373 2636 5424 ut
2669 5365 2744 5422 ita
2776 5365 2999 5437 loquar,
3055 5360 3251 5420 omnia
3287 5369 3548 5434 mortem,
3580 5371 3636 5420 et
3681 5368 3748 5420 ut

2051 5457 2122 5514 ab
2161 5443 2361 5513 amicis
2391 5455 2532 5512 meis
2559 5453 2706 5511 mihi
2739 5469 2892 5525 szepe
2937 5457 3269 5523 suggestum
3316 5459 3420 5521 est,
3476 5451 3749 5509 nonnulli

2053 5563 2248 5606 meum
2300 5546 2644 5619 sanguinem
2692 5543 2979 5600 sitiebant.
3027 5541 3290 5614 Augebat
3331 5549 3529 5600 autem
3573 5543 3749 5617 hujus

2051 5637 2206 5710 ignis
2233 5637 2568 5696 incendium
2623 5635 2730 5690 hoc
2789 5625 3172 5704 permaiime,
3203 5631 3340 5705 quia
3391 5630 3748 5706 congregatis

279 5727 570 5802 magisque
603 5727 996 5801 superstitioni
1047 5743 1222 5801 quam
1271 5727 1596 5785 necessitati
1651 5722 2026 5784 obnoxiamD
2053 5726 2220 5802 quasi
2253 5725 2322 5784 ad
2367 5723 2654 5796 synodum
2685 5717 2858 5778 totius
2889 5718 3288 5778 Ambrosianm
3325 5718 3611 5793 parocbize
3629 5716 3746 5775 cle-
