4024 6200
236 265 301 327 91
694 265 751 328 S.
794 269 1017 331 PETRI
1056 272 1379 333 DAMIANI
1417 274 1570 335 OPP.
1614 276 1862 337 TOMUS
1904 276 2044 338 SEU
2081 280 2274 340 PARS
2312 280 2415 339 IIl.
2461 311 2528 325 —
2567 280 2954 341 OPUSllULA
2996 283 3251 342 VARIA.

3648 287 3719 347 9?.

240 391 396 461 ricis,
450 406 556 485 ego
586 391 645 485 in
677 393 868 451 medio
896 394 1174 465 residens,
1215 396 1337 455 sive
1368 399 1558 471 potius
1604 400 2002 473 przesidens,A
2023 405 2295 475 ctoritate,
2322 405 2601 478 baptisma
2630 422 2662 463 a
2701 406 2845 463 Lino
2883 406 3009 479 ejus
3039 423 3365 467 successore
3422 411 3669 485 suscepit
3701 437 3717 471 :

238 481 789 540 reverendissimum
827 484 1313 544 Mediolanensem
1346 490 1840 564 archiepiscopum
1868 493 1938 550 ad

239 568 579 640 sinistram;
634 572 934 644 prudentia
972 589 1219 647 quoque,
1252 592 1317 633 ac
1366 580 1659 647 sanctitate
1712 565 1938 654 conspio

240 672 414 714 cuum
437 658 779 715 Anselmum
812 659 1132 719 Lucensem
1150 663 1481 738 episcopum
1508 668 1766 738 posuisse
1796 671 1938 728 mihi

238 746 545 803 accusabar
572 748 641 803 ad
671 747 989 807 dexteram.
1018 750 1169 809 Hinc
1194 768 1362 825 porro
1393 764 1603 829 quanta
1623 758 1937 817 afrementi

242 832 335 889 77
362 836 573 908 populo
606 836 715 894 dici
748 840 1059 911 potuerint,
1089 857 1203 899 non
1264 859 1495 902 necesse
1540 854 1623 904 est
1676 849 1937 921 apicibus

242 926 408 997 tradi,
445 928 597 1000 quod
648 930 929 989 nimirum
983 948 1083 1005 per
1130 950 1189 991 se
1234 935 1387 992 valet
1424 937 1687 1011 intelligi.
1727 941 1794 998 Et
1846 958 1934 999 re-

239 1032 374 1075 vera
398 1017 518 1091 ipse
577 1020 848 1080 dominus
903 1024 1363 1098 archiepiscopus
1416 1044 1553 1087 mox
1610 1038 1670 1087 ut
1725 1040 1934 1090 nostrae

239 1111 323 1163 est
353 1109 747 1178 praesessionis
795 1111 1147 1184 admonitus,
1195 1115 1441 1187 impiger
1499 1117 1726 1190 obtulit,
1785 1122 1936 1179 ultro

241 1196 435 1266 etiam,
463 1200 604 1256 utsi
638 1216 741 1271 ego
777 1202 1170 1275 praeciperem,
1212 1204 1272 1260 in
1326 1205 1594 1278 scabello,
1628 1210 1781 1281 quod
1830 1227 1934 1268 no-

241 1284 373 1341 stris
415 1286 646 1344 suberat
710 1289 971 1360 pedibus,
1024 1291 1149 1347 sine
1203 1296 1590 1353 controversia
1640 1297 1933 1357 resideret.

239 1373 442 1432 Dicant
468 1375 527 1433 id
556 1392 669 1433 non
694 1378 943 1451 simplici
979 1379 1191 1438 factum
1222 1383 1557 1457 intentione,
1581 1386 1682 1459 qui
1705 1387 1934 1458 volunt;

237 1476 341 1519 nos
370 1469 564 1520 autem
595 1480 711 1522 non
741 1466 849 1523 hoc
878 1467 1186 1526 irritationi
1216 1470 1413 1543 populi
1443 1473 1697 1544 zelantis,
1729 1482 1793 1532 ut
1832 1476 1940 1532 fer-

240 1556 355 1621 tur,
405 1551 807 1625 adscribimus,
862 1555 958 1611 sed
1006 1558 1331 1629 apostolicae
1388 1561 1537 1617 sedis
1599 1550 1937 1622 reverentiae

235 1638 600 1711 deputamus.
680 1642 753 1700 Ut
818 1651 1010 1702 autem
1074 1648 1145 1704 ad
1213 1651 1617 1723 compendium
1682 1654 1934 1726 veniam,

2022 493 2122 567 qui
2169 496 2529 567 postmodum
2592 511 2724 553 cum
2759 496 2822 553 B.
2872 496 3031 554 Celso
3071 497 3129 554 in
3190 500 3294 555 hac
3332 508 3523 577 sancta
3577 503 3722 561 urbe

2020 584 2295 655 martyrio
2320 593 2621 643 coronatus
2665 590 2765 642 est.
2820 583 3011 641 Sancti
3068 601 3201 643 vero
3256 576 3535 660 martyres
3582 590 3721 648 Pro-

2021 673 2200 730 tasius
2238 684 2408 747 atque
2440 674 2753 733 Gervasiu‘s
2802 674 3033 733 beatum
3094 676 3341 736 Paulum
3394 682 3721 751 apostolum

2020 766 2359 839 magistrum
2416 783 2481 824 ac
2538 774 2947 840 praeceptorem
3012 768 3284 827 habuisse
3346 781 3717 843 noscuntur;

2019 856 2167 914 sicut
2209 857 2274 913 B.
2325 856 2668 914 Ambrosius
2700 864 2753 913 et
2793 857 2913 929 ipse
2953 861 3192 917 testatur
3225 878 3236 916 :
3274 856 3367 913 78
3409 860 3509 917 Isti
3560 870 3717 930 sunt,

2016 941 2225 1017 inquit,
2259 946 2360 1018 qui
2391 945 2605 1003 monita
2654 960 2776 1002 mea
2802 946 2982 1003 secuti
3038 953 3373 1017 respuentes
3405 948 3617 1019 praedia
3667 956 3723 1007 et

2016 1032 2267 1104 divitias,
2296 1035 2473 1092 secuti
2502 1041 2637 1092 sunt
2658 1034 2891 1091 Domini
2915 1035 3092 1092 nostri
3122 1035 3379 1108 vestigia.
3407 1036 3723 1110 Sicutergo

2021 1119 2282 1179 Salvator
2308 1131 2500 1180 noster
2523 1123 2693 1181 binos
2745 1132 2877 1182 ante
2930 1125 3134 1181 faciem
3197 1140 3359 1182 suam
3406 1126 3722 1200 discipulos

2017 1207 2175 1263 misit
2221 1212 2370 1276 (Luc.
2422 1212 2529 1280 x);
2587 1211 2663 1266 ita
2714 1211 3136 1285 quodammodo
3187 1220 3429 1285 uterque
3488 1221 3722 1272 sanctus

2018 1296 2307 1367 apostolus
2336 1313 2409 1354 ex
2443 1298 2772 1369 magisterio
2801 1315 2905 1357 suo
2935 1300 2995 1355 in
3024 1300 3171 1356 hanc
3202 1300 3404 1358 urbem
3436 1302 3719 1374 praedica-

2018 1390 2167 1443 tores
2182 1395 2398 1444 sancta:
2424 1388 2554 1445 fidei
2586 1391 2850 1461 geminos
2870 1388 3199 1446 destinavit.

2092 1474 2234 1532 Cum
2292 1491 2425 1549 ergo
2482 1485 2688 1535 vestrae
2743 1478 2944 1534 salutis
2992 1483 3254 1534 auctores
3313 1494 3385 1535 ex
3441 1478 3719 1539 Romanae

2020 1566 2290 1623 Ecclesiae
2317 1567 2636 1639 prodierint
2676 1567 2997 1640 disciplina,
3043 1582 3399 1639 consequens
3424 1571 3721 1643 est,juxta

2018 1652 2306 1728 aequitatis
2340 1654 2624 1723 ordinem,
2661 1663 2725 1711 ut
2752 1654 3003 1713 Ecclesia
3032 1655 3294 1713 Romana
3324 1664 3523 1728 mater,
3584 1661 3723 1716 Am-

235 1729 467 1786 ascendi
492 1729 804 1822 pulpitum,
835 1749 921 1803 ac,
955 1734 1146 1793 sedato
1178 1736 1279 1794 vix
1309 1739 1537 1813 populo,
1580 1740 1758 1814 hujus
1782 1742 1999 1822 modiB
2022 1742 2286 1801 brosiana
2316 1742 2389 1799 sit
2420 1743 2553 1800 ﬁlia.
2584 1743 2654 1800 Ut
2691 1751 2885 1800 autem
2917 1743 3011 1800 hic
3040 1743 3342 1801 ordointer
3389 1754 3717 1818 utramque,

235 1831 365 1875 sum
394 1817 587 1877 verbis
613 1835 876 1881 exorsus.

979 1976 1191 2025 SERMO.

310 2084 547 2143 Noverit
592 2088 841 2147 charitas
889 2098 1096 2163 vestra,
1124 2094 1505 2167 dilectissimi,
1535 2114 1650 2156 non
1698 2113 1790 2155 me
1836 2114 1937 2171 pro

236 2171 513 2233 Romanae
548 2175 815 2236 Ecclesiae
843 2180 961 2237 huc
992 2182 1211 2240 honore
1258 2184 1505 2256 venisse,
1540 2187 1637 2244 sed
1689 2195 1935 2245 vestram

232 2262 473 2351 gloriam
505 2280 787 2337 quaerere,
823 2270 988 2327 vobis
1021 2272 1267 2330 salutem
1314 2281 1366 2332 et
1403 2276 1664 2345 gratiam,
1718 2293 1848 2351 quze
1874 2278 1935 2335 in

237 2350 464 2442 Christo
495 2364 598 2421 est,
653 2375 786 2417 cum
817 2360 947 2433 ejus
977 2363 1217 2435 auxilio,
1254 2365 1309 2421 si
1339 2366 1685 2438 permittitis,
1740 2350 1934 2442 provi-

236 2441 390 2499 dere.
437 2442 560 2512 Quo
591 2447 747 2505 enim
776 2457 937 2522 pacto
981 2452 1200 2512 honore
1232 2454 1449 2527 indiget
1480 2457 1709 2528 parvuli
1744 2456 1936 2515 homi-

234 2529 346 2600 nis,
375 2547 507 2604 quae
548 2532 742 2593 laudes
790 2544 961 2612 atque
1010 2543 1300 2612 praeconia
1331 2558 1405 2599 ex
1453 2544 1637 2616 ipsius
1676 2560 1772 2602 ore
1813 2561 1939 2604 sor—

242 2619 341 2676 tita
369 2627 453 2678 est
478 2620 835 2684 Salvatoris?
880 2628 1021 2697 Quas
1064 2638 1254 2688 autem
1283 2632 1580 2704 provincia
1610 2649 1709 2705 per
1745 2634 1939 2693 omnia

238 2722 415 2780 regna
440 2715 721 2770 terrarum
764 2714 837 2772 ab
883 2715 1007 2786 ejus
1054 2717 1273 2774 ditione
1318 2726 1591 2776 extranea
1635 2720 1937 2791 reperitur,

233 2800 400 2871 cujus
438 2800 681 2860 arbitrio
721 2803 913 2876 ipsum
963 2821 1196 2880 quoque
1248 2804 1462 2881 coelum
1513 2816 1566 2864 et
1610 2808 1821 2880 ligatur
1883 2816 1939 2866 et

232 2888 530 2948 solvitur?
569 2890 780 2951 Omnes
824 2900 1017 2952 autem
1059 2898 1182 2953 sive
1216 2897 1590 2969 patriarchivi
1630 2898 1941 2971 cujuslibet

236 2977 478 3049 apicem,
529 2980 651 3038 sive
708 2984 1095 3057 metropoleon
1142 2987 1444 3057 primatus,
1488 2995 1591 3044 aut
1645 2990 1940 3062 episcopa-

2018 1830 2460 1913 Amhrosianam
2515 1830 2781 1887 videlicet
2824 1837 2879 1887 et
2933 1830 3299 1902 apostolicam
3350 1832 3543 1890 sedem
3604 1850 3721 1891 non

2019 1922 2244 1979 noviter
2271 1920 2430 1991 oriri,
2462 1920 2561 1977 sed
2586 1919 2913 1994 antiquitus
2950 1921 3201 1999 tenuisse
3228 1936 3344 1979 non
3400 1922 3717 1991 dubitetur,

2017 2011 2081 2069 B.
2134 2010 2478 2068 Ambrosius
2535 2025 2667 2068 cum
2715 2011 2863 2067 hanc
2908 2008 3322 2068 Nicolaitarum
3367 2014 3593 2070 sordem
3647 2013 3717 2070 ad

2019 2092 2334 2159 multorum
2387 2100 2585 2157 fmtere
2636 2098 2949 2171 perniciem
2995 2099 3053 2155 in
3099 2100 3203 2156 hac
3269 2100 3411 2157 urbe
3481 2102 3719 2171 doleret,

2018 2204 2262 2261 eamque
2295 2204 2395 2261 per
2424 2203 2484 2245 se
2513 2186 2670 2244 solus
2697 2201 2955 2243 coercere
3000 2202 3116 2244 non
3146 2193 3352 2259 posset,
3392 2187 3542 2246 sedis
3573 2190 3722 2261 Apo-

2018 2277 2233 2334 stolicze
2261 2291 2399 2333 mox
2428 2274 2696 2350 quaesivit
2720 2274 3008 2332 auxilium
3036 2292 3051 2343 ;
3083 2274 3176 2332 cui
3210 2275 3473 2333 videlicet
3504 2275 3568 2343 is,
3609 2278 3710 2351 qui

2018 2372 2154 2423 tunc
2178 2372 2432 2438 prmerat,
2469 2380 2613 2436 papa
2643 2361 2886 2421 Siricius
2915 2370 3027 2419 tres
3082 2376 3371 2435 personas,
3414 2364 3708 2437 presbyte-

2019 2471 2170 2523 rum,
2219 2454 2550 2522 diaconum,
2600 2458 2655 2507 et
2697 2451 3135 2522 subdiaconum,
3185 2453 3256 2508 ad
3300 2453 3707 2510 correctionem

2018 2541 2335 2602 ulciscendi
2373 2542 2550 2613 hujus
2593 2540 2824 2597 sceleris
2851 2538 3176 2597 destinavit.
3207 2538 3351 2598 Cum
3393 2541 3484 2598 his
3518 2541 3710 2613 itaque

2019 2631 2390 2690 beatissimus
2448 2629 2731 2703 pontifex,
2790 2645 2934 2703 quos
2990 2630 3270 2703 corrigere
3327 2646 3444 2688 non
3509 2631 3710 2702 potuit,

2019 2722 2180 2779 velut
2208 2726 2518 2777 scatentem
2549 2718 2846 2775 vermibus
2896 2719 3182 2775 sentinam
3213 2735 3286 2777 ex
3334 2720 3497 2777 urbis
3545 2720 3720 2792 hujus

2023 2824 2233 2881 sagena
2259 2807 2514 2882 projecit.
2547 2806 2709 2864 Unde
2761 2813 2817 2862 et
2844 2805 2965 2877 ipse
3017 2804 3074 2863 S.
3106 2805 3453 2864 Ambrosius
3487 2806 3548 2862 in
3590 2822 3719 2863 om-

2023 2897 2200 2953 nibus
2227 2894 2389 2968 sequi
2415 2910 2475 2951 se
2523 2893 2856 2967 magistram
2907 2900 3161 2949 sanctam
3210 2892 3530 2950 Romanam
3587 2908 3720 2965 pro-

2024 2986 2220 3042 ﬁtetur
2249 2983 2581 3041 Ecclesiam.
2630 2980 2983 3041 Scrutamini
3037 2980 3230 3053 itaque
3278 2980 3601 3055 Scripturas
3629 2998 3722 3040 ve-

236 3071 406 3177 titum
455 3071 770 3143 cathedras,
803 3076 893 3131 vel
940 3074 1328 3134 Ecclesiarum
1371 3078 1790 3153 cujuscumque
1842 3094 1937 3136 or-
1958 3117 2001 3177 Ο
2025 3084 2186 3144 stras,
2221 3083 2275 3131 et
2308 3090 2409 3148 per
2443 3073 2596 3177 quod
2644 3071 2846 3169 vultis.
2869 3070 3177 3167 diligenter
3215 3071 3492 3177 inquirite
3521 3090 3546 3177 ;‘
3580 3078 3635 3129 et
3675 3073 3725 3169 si

231 3154 386 3215 dinis
421 3158 784 3234 dignitatem,
819 3165 940 3223 sive
990 3181 1115 3239 rex,
1154 3167 1277 3223 sive
1305 3166 1633 3242 imperator,
1685 3169 1809 3227 sive
1837 3186 1934 3228 cu-

230 3246 473 3319 juslibet
513 3254 861 3313 conditionis
893 3257 1066 3315 homo
1114 3273 1299 3331 purus
1346 3257 1619 3324 instituit,
1669 3266 1724 3318 et
1768 3268 1939 3333 prout

236 3338 523 3410 voluntas,
550 3350 649 3401 aut
677 3345 918 3403 facultas
944 3353 1083 3415 erat,
1117 3346 1452 3420 specialium
1494 3350 1606 3407 sibi
1649 3366 1938 3423 praeroga-

239 3425 487 3486 tivarum
521 3431 654 3503 jura
708 3435 956 3504 praefixit
989 3455 1000 3492 :
1033 3434 1354 3493 Romanam
1389 3442 1581 3495 autem
1625 3437 1940 3495 Ecclesiam

235 3516 394 3575 solus
425 3518 546 3591 ipse
580 3523 866 3594 fundavit,
900 3541 1071 3599 super
1115 3533 1333 3600 petram
1371 3526 1503 3585 ﬁdei
1530 3544 1668 3586 mox
1700 3545 1941 3587 nascen-

238 3606 309 3664 tis
338 3611 523 3667 erexit
553 3616 773 3681 (Matth.
813 3620 962 3685 XVI),
1006 3616 1109 3690 qui
1150 3617 1314 3675 beato
1354 3618 1487 3675 vitae
1531 3626 1761 3677 aeterna:
1811 3618 1943 3677 Cla~

234 3696 430 3770 vigere
464 3704 674 3760 terreni
732 3705 908 3763 simul
948 3711 1000 3764 et
1046 3707 1292 3765 caelestis
1346 3707 1574 3781 imperii
1610 3708 1743 3781 jura
1791 3725 1943 3767 com-

239 3788 414 3846 misit.
470 3790 594 3849 Non
652 3810 786 3869 ergo
852 3797 1125 3869 quaelibet
1190 3803 1415 3855 terrena
1475 3797 1778 3868 sententia,
1841 3798 1941 3855 sed

232 3876 380 3935 illud
411 3880 674 3952 verbum,
706 3900 821 3958 quo
851 3892 1246 3944 constructum
1276 3893 1359 3943 est
1388 3885 1624 3951 emtum,
1656 3892 1709 3942 et
1740 3892 1889 3943 terra
1923 3910 1935 3943 :

234 3979 337 4038 per
370 3966 523 4040 quod
561 3970 811 4045 denique
839 3972 1290 4033 omniacondita
1321 3981 1456 4031 sunt
1485 3972 1787 4042 elementa,
1823 3972 1938 4031 Ro-

233 4072 464 4116 manam
502 4061 768 4121 fundavit
825 4065 1158 4124 Ecclesiam.
1218 4066 1386 4124 Illius
1433 4072 1583 4123 certe
1637 4065 1939 4139 privilegio

233 4150 517 4222 fungitur,
546 4153 706 4213 illius
759 4158 1091 4216 auctoritate
1140 4157 1395 4215 fulcitur.
1454 4155 1620 4213 Unde
1654 4170 1769 4211 non
1831 4155 1940 4212 du-

232 4236 419 4308 bium,
453 4240 589 4311 quia
620 4243 886 4316 quisquis
920 4246 1156 4303 cuilibet
1197 4244 1469 4321 Ecclesia;
1496 4242 1593 4316 jus
1638 4258 1809 4299 suum
1841 4242 1941 4299 de-

235 4327 429 4397 trahit,
460 4328 807 4401 injustitiam
851 4333 987 4390 facit
1019 4354 1031 4391 :
1064 4334 1166 4406 qui
1198 4340 1392 4391 autem
1440 4331 1717 4390 Romanae
1746 4330 1941 4388 Eccle-

231 4413 335 4473 sia:
376 4416 746 4491 privilegium
784 4421 865 4481 .ab
921 4422 1044 4495 ipso
1094 4438 1325 4480 summo
1354 4421 1622 4479 omnium
1656 4419 1941 4477 Ecclesia-

2022 3179 2139 3221 non
2168 3162 2402 3235 potestis
2430 3160 2582 3234 apud
2608 3159 2985 3231 vosmetipsos
3032 3158 3299 3216 invenire
3337 3160 3491 3233 quod
3534 3160 3722 3231 loqui-

2021 3270 2174 3324 mur,
2231 3251 2517 3310 mendacii
2560 3251 2822 3323 arguite:
2884 3250 2932 3306 si
2984 3256 3176 3307 autem
3225 3252 3478 3324 potestis,
3549 3252 3724 3309 nolite

2020 3343 2249 3403 veritati
2282 3342 2562 3411 resistere,
2596 3340 2773 3397 nolite
2824 3346 3063 3396 matrem
3116 3346 3364 3397 vestram
3416 3340 3729 3399 crudeliter

2021 3436 2382 3508 impugnare,
2416 3432 2515 3490 sed
2545 3447 2619 3488 ex
2649 3430 2816 3503 cujus
2858 3429 3133 3487 uberibus
3176 3429 3263 3486 lac
3312 3430 3555 3488 suxistis
3585 3447 3721 3503 apo-

2023 3528 2239 3586 stolica:
2295 3524 2449 3593 ﬁdei,
2511 3522 2636 3594 ejus
2666 3536 2891 3593 semper
2926 3520 3169 3592 gaudete
3208 3520 3407 3579 solidis
3452 3521 3727 3581 doctrinae

2022 3614 2271 3673 caelestis
2300 3611 2548 3685 dapibus
2572 3609 2834 3668 recreari.

2376 3753 2649 3817 Quantum
2670 3753 2948 3821 profuerit
2973 3753 3117 3805 ratio
3138 3751 3376 3807 reddita.

2096 3870 2201 3928 His
2252 3869 2447 3943 itaque
2504 3870 2827 3928 rationibus
2863 3871 2932 3928 de
2982 3871 3361 3943 praerogativa
3406 3874 3461 3928 et
3509 3870 3722 3945 princi-

2022 3966 2160 4035 patu
2198 3959 2351 4016 sedis
2372 3958 2697 4032 apostolica:
2727 3956 2982 4031 redditis,
3020 3957 3271 4031 pepulus
3298 3959 3538 4015 omnino
3555 3958 3727 4016 bene-

2024 4052 2194 4111 volus
2220 4052 2498 4123 redditur,
2537 4059 2590 4110 et
2618 4059 3035 4110 exsecuturum
3065 4067 3142 4121 se,
3179 4052 3464 4127 quidquid
3518 4054 3726 4126 injun-

2023 4161 2239 4217 gerem,
2269 4145 2625 4203 unanimiter
2655 4144 2973 4216 pollicetur.
3008 4143 3171 4201 Tunc
3199 4140 3478 4207 nimirum
3504 4144 3723 4218 liquido

2023 4236 2301 4308 persensi,
2328 4236 2389 4291 in
2429 4233 2824 4291 ecclesiasticis
2862 4233 3050 4293 causis
3101 4242 3384 4307 quantum
3445 4234 3721 4292 Romanae

2024 4324 2294 4383 Ecclesiae
2349 4339 2516 4381 nosse
2565 4322 2936 4395 privilegium
3000 4323 3231 4392 valeat;
3264 4339 3559 4396 quamque
3615 4324 3725 4381 hoc

2026 4422 2220 4475 sancta
2251 4422 2347 4473 tua
2372 4413 2679 4486 prudentia
2703 4428 2817 4469 non
2850 4413 3028 4471 otiose
3080 4414 3362 4485 deposcat.
3417 4412 3577 4481 Quod
3607 4412 3724 4470 uti-

232 4523 363 4564 rum
412 4509 593 4581 capite
650 4510 922 4569 traditum
945 4471 1205 4573 lauferre,
1260 4520 1516 4581 conatur,
1581 4512 1673 4570 hic
1744 4471 2157 4585 procuquue,
2192 4492 2307 4562 Deo
2335 4510 2650 4573 annuente,
2701 4501 2941 4574 implere
2993 4502 3375 4571 studebimus,
3431 4500 3479 4557 Si
3532 4507 3723 4559 tamen

233 4596 410 4657 dubio
443 4600 505 4657 in
557 4602 825 4662 haeresim
884 4606 1134 4666 labitur:
1169 4614 1223 4665 et
1270 4622 1401 4665 cum
1438 4605 1537 4663 ille
1590 4612 1820 4663 notetur
1848 4606 1939 4662 in-

229 4688 426 4761 justus
462 4714 473 4760 ;
505 4691 601 4749 hic
651 4700 734 4751 est
775 4694 1054 4756 dicendus
1101 4684 1429 4755 haereticus.
1481 4693 1680 4752 Fidem
1724 4694 1939 4768 quippe

236 4780 430 4851 violat,
465 4782 565 4856 qui
588 4783 867 4844 adversus
900 4787 1062 4845 illam
1089 4788 1225 4862 agit,
1272 4803 1403 4861 qua
1434 4792 1614 4843 mater
1658 4791 1741 4861 est
1768 4784 1899 4842 ﬁdei
1926 4803 1941 4856 ;

233 4878 288 4929 et
327 4871 413 4930 illi
439 4880 753 4933 contumax
787 4877 1106 4949 invenitur,
1138 4878 1239 4952 qui
1270 4892 1396 4935 eam
1421 4875 1648 4934 cunctis
1671 4874 1943 4933 Ecclesiis

228 4962 555 5035 praetulisse
580 4964 966 5035 cognoscitur.

308 5053 380 5111 Ut
407 5061 622 5125 autem,
655 5054 885 5112 omissis
921 5054 1069 5124 aliis,
1119 5056 1189 5112 ad
1222 5055 1298 5112 id.
1327 5054 1478 5129 quod
1522 5070 1679 5112 nunc
1728 5054 1937 5125 agitur,

235 5142 561 5213 veniamus,
598 5159 711 5201 non
746 5140 913 5200 debet
943 5142 1209 5215 ignorare
1241 5152 1434 5200 sancta
1466 5149 1650 5199 vestra
1689 5141 1937 5213 devotio,

236 5232 371 5306 quia
400 5234 548 5291 beati
578 5234 967 5308 apostolorum
1025 5234 1309 5308 principes
1342 5233 1543 5291 Petrus
1596 5238 1649 5288 et
1701 5231 1937 5301 Paulus,

233 5323 379 5383 sicut
437 5340 536 5397 per
593 5342 767 5384 suum
833 5325 1178 5398 sanguinem
1241 5324 1562 5383 Romanam
1624 5321 1938 5379 Ecclesiam

232 5420 684 5483 consecrarunt;
744 5415 823 5472 ita
869 5430 1003 5472 mox
1056 5413 1209 5471 inter
1275 5413 1399 5486 ipsa
1451 5410 1736 5468 nascentis
1803 5410 1935 5468 ﬁdei

234 5502 563 5562 rudimenta
604 5503 749 5559 hanc
778 5504 1265 5563 Mediolanensem
1316 5501 1628 5560 Ecclesiam
1663 5517 1763 5574 per
1800 5515 1936 5557 suos

231 5591 547 5661 discipulos
600 5590 803 5647 lucrati
865 5602 1002 5651 sunt
1058 5594 1322 5651 Christo:
1374 5590 1649 5649 Nazarius
1724 5589 1935 5663 quippe

230 5688 448 5755 martyr
477 5677 747 5753 insignis,
780 5677 925 5738 sicut
962 5678 1272 5753 Scripturas
1302 5686 1600 5751 testantur,
1639 5675 1789 5736 Petri
1835 5691 1937 5735 au-

2023 4598 2201 4669 hujus
2232 4595 2314 4653 rei
2344 4603 2518 4667 gestas
2546 4593 2710 4668 prius
2737 4594 3000 4651 ordinem
3031 4594 3380 4665 digeramus.
3413 4591 3557 4660 Quid
3578 4591 3725 4649 mul-

2022 4688 2093 4745 tis
2124 4684 2367 4744 moror?
2398 4685 2573 4742 Adest
2619 4683 2958 4741 clericorum
3012 4682 3404 4755 perplurimus
3434 4680 3534 4737 ille
3583 4694 3722 4736 cou-

2026 4783 2257 4843 ventus,
2292 4772 2697 4842 communiter,
2727 4780 2781 4829 et
2812 4770 3148 4844 singillatim
3186 4771 3432 4843 quisque
3489 4767 3723 4842 perqui-

2024 4867 2190 4935 ritur,
2226 4868 2325 4925 vix
2358 4882 2388 4923 e
2416 4872 2569 4923 tanto
2599 4878 2842 4921 numero
2874 4862 3161 4936 quispiam
3208 4866 3504 4933 promotus
3527 4857 3599 4915 ad
3628 4874 3723 4915 or-

2023 4960 2223 5017 dinem
2253 4959 2379 5016 sine
2425 4955 2615 5029 pretio
2656 4952 2959 5028 reperitur.
3021 4952 3157 5008 Erat
3205 4949 3362 5006 enim
3407 4947 3722 5019 genuinus,

2023 5050 2142 5107 imo
2177 5047 2540 5105 inordinatus
2576 5044 2734 5115 ordo,
2785 5048 2840 5099 et
2893 5038 3257 5099 inevaeibilis
3312 5035 3511 5108 regula
3566 5033 3725 5091 illius

2024 5140 2312 5204 Ecclesiae,
2358 5144 2422 5195 ut
2475 5135 2812 5209 quicunque
2847 5132 2917 5189 ad
2948 5129 3265 5205 quemlibet
3311 5126 3595 5194 ordinem,
3632 5124 3720 5181 vel

2022 5228 2192 5285 etiam
2224 5224 2293 5282 ad
2330 5225 2720 5297 episcopatum
2751 5218 3175 5277 consecrandus
3227 5215 3538 5279 accederet,
3574 5227 3719 5284 prte-

2023 5319 2210 5376 ﬁxum
2242 5316 2402 5390 prius
2437 5315 2653 5388 absque
2684 5312 2802 5369 ulla
2852 5308 3238 5368 controversia
3293 5318 3571 5362 canonem
3630 5300 3722 5359 da-

2020 5415 2124 5465 ret.
2156 5407 2265 5464 Hic
2306 5405 2475 5479 plane
2512 5410 2648 5477 quot
2692 5401 2847 5459 curis
2884 5398 3149 5467 amictus,
3195 5400 3337 5470 quot
3368 5392 3478 5453 sim
3512 5390 3719 5479 cogita-

2020 5496 2242 5554 tionum
2270 5477 2524 5552 stimulis
2574 5490 2860 5560 tazdiatus,
2910 5492 3050 5561 quot
3087 5485 3339 5556 denique
3372 5477 3621 5551 suspiria
3644 5493 3719 5534 ex

2021 5583 2155 5640 imis
2180 5580 2501 5640 visceribus
2530 5577 2825 5645 traxerim,
2872 5572 3117 5632 facunda
3151 5570 3323 5627 etiam
3370 5565 3570 5639 lingua
3601 5578 3718 5620 non

2020 5671 2289 5747 explicat.
2312 5671 2455 5730 Tam
2483 5670 2613 5728 latae
2645 5666 2934 5741 siquidem
2992 5659 3277 5729 dimcesis,
3330 5652 3717 5714 tam'nobilis
