4018 6194
302 253 371 311 95

758 251 816 314 S.
860 254 1082 313 PETRI
1119 255 1440 316 DAMIANI
1481 257 1636 318 OPP.
1679 251 1927 348 TOMUS
1969 250 2105 310 SEU
2150 249 2339 309 PARS
2377 249 2480 306 III.
2524 279 2591 290 —
2629 244 3016 306 OPUSCULA
3057 225 3309 300 VAHIA.

3705 233 3778 292 96

307 378 425 436 Deo
453 377 707 448 odibilis,
736 363 1145 448 ignominiosa,
1175 385 1348 452 atque
1389 393 1674 450 perversa,
1705 374 2062 435 omnium-A
2085 373 2310 444 studiis,
2343 372 2400 429 in
2435 376 2716 445 quantum
2743 369 2912 427 nobis
2942 364 3291 441 possibilitas
3319 362 3512 431 fuerit,
3539 359 3647 417 sub
3679 372 3777 414 eo-

220 513 223 516 .
307 485 420 544 que
469 477 798 530 sanctorum
837 484 1122 526 canonum
1175 469 1511 526 auctoritate
1561 469 1829 525 damnata
1876 480 2052 537 con-.

309 559 551 617 suetudo
605 559 666 616 in
710 559 818 615 hac
870 565 1062 614 sancta
1106 557 1377 627 Ecclesia,
1423 556 1536 627 cui,
1587 557 1702 613 Deo
1754 561 2002 623 auctore,

308 649 571 707 deservio
625 646 949 718 antiquitus
1013 646 1338 717 inoleverit,
1402 661 1691 719 quamque
1756 644 2004 713 lethalis,

311 745 483 813 atque
511 739 794 811 pestifera
841 737 1014 809 leprze
1056 737 1282 793 animas
1324 737 1698 794 innocentum
1733 732 2007 791 contami-

313 830 544 888 natione
605 827 944 902 perfuderit,
1031 826 1376 885 Simoniacaa
1448 819 1723 882 'videlicet
1773 821 2010 881 hmresis

312 919 600 986 damnata,
659 929 998 988 semperque
1035 913 1361 970 damnanda
1397 912 1695 984 venalitas,
1733 916 1789 968 et
1817 909 2010 982 perni-

315 1013 468 1071 ciosa
496 1009 806 1083 negotiatio
862 1007 1221 1080 liujusmodi,
1255 1020 1385 1079 quae
1416 1005 1476 1061 in
1504 1006 1609 1062 hac
1655 1012 1851 1062 sancta
1903 1004 2042 1061 Ec»

314 1101 485 1160 clesia
520 1096 1090 1165 consuetudinaliter,
1145 1094 1457 1164 obtinebat,
1511 1100 1573 1152 ut
1613 1094 1879 1169 quisquis
1917 1090 2006 1147 81

314 1192 386 1250 ad
426 1189 717 1249 clericales
744 1187 976 1245 ordines
1010 1183 1416 1257 provehendus
1454 1184 1745 1242 accederet
1772 1185 1843 1240 de
1874 1182 2014 1240 sub-

319 1281 624 1339 diaconatu
649 1277 886 1351 quidem
920 1274 1222 1333 duodecim
1268 1290 1558 1342 nummos,
1595 1275 1663 1332 de
1709 1274 2015 1332 diaconatu

321 1385 456 1428 vero
483 1370 677 1427 decem
702 1376 756 1425 et
780 1374 924 1436 octo,
959 1371 1244 1438 postremo
1291 1365 1362 1421 de
1392 1365 1792 1438 presbyteratu
1841 1365 2018 1422 susci-

324 1461 529 1534 piendo
554 1459 763 1534 viginti
795 1465 1066 1532 quatuor,
1125 1457 1294 1531 quasi
1325 1473 1424 1530 per
1475 1457 1774 1529 prmlixam
1824 1455 2018 1514 condi-

323 1548 496 1608 tionis
527 1547 786 1619 regulam
808 1548 986 1604 daret.
1017 1547 1139 1604 Hoc
1163 1547 1356 1620 itaque
1378 1549 1546 1606 modo
1569 1547 1768 1608 Simon
1792 1548 2016 1621 Magus,

223 1704 229 1711 ,
323 1641 442 1699 heu
475 1641 487 1694 ι
521 1636 664 1710 proh
692 1637 885 1695 dolor!
923 1637 1068 1694 hanc
1100 1644 1350 1696 sanctam
1375 1639 1814 1698 Ambrosianam
1848 1639 2021 1697 eccle-

2087 461 2217 519 dem
2231 475 2344 534 quo
2369 474 2543 533 supra
2571 457 2900 515 testimonio
2923 452 3198 512 arcendos
3221 467 3344 509 esse
3367 448 3778 523 promittimus.

2087 552 2277 622 Quod,
2333 557 2398 609 ut
2427 551 2622 608 verius
2659 549 2941 618 credatur,
2988 562 3095 603 nos
3126 559 3260 602 cum
3302 544 3513 600 nostris
3563 541 3784 598 clericis

2089 641 2318 717 propria
2347 655 2524 697 manu
2553 637 2964 696 subscribendo
2990 636 3312 701 firmamus,
3346 631 3525 703 sigilli
3551 644 3785 703 quoque

2088 729 2269 789 nostri
2302 729 2546 786 formam
2572 724 2828 798 imprimi
2857 722 3146 797 jubemus.
3166 720 3411 792 Insuper
3433 719 3539 774 hoc
3566 717 3786 773 adden-

2094 826 2175 878 tes
2200 835 2266 876 ac
2295 818 2402 875 sub
2434 817 2687 890 ejusdem
2724 812 3048 888 sponsionis
3090 809 3324 868 vinculo
3376 806 3791 865 inviolabiliter

2092 908 2507 983 promittentes,
2550 913 2615 963 ut
2645 902 2932 976 neque'de
2977 898 3223 957 abbatiis
3266 895 3624 959 ordinandis,
3686 910 3798 951 ne;

2097 1016 2209 1075 que
2252 999 2322 1055 de
2363 995 2614 1069 capellis,
2671 992 2758 1050 vel
2799 989 3157 1064 quibuslibet
3193 987 3448 1044 ecclesiis
3475 984 3792 1042 investien-

2094 1073 2203 1159 dis,
2255 1087 2347 1145 vel
2395 1082 2752 1151 ordinandis,
2807 1081 2929 1139 sive
2980 1077 3288 1144 tradendis,
3336 1091 3523 1148 neque
3582 1073 3675 1130 82
3725 1074 3798 1130 de

2097 1175 2379 1250 episcopis
2411 1171 2842 1248 promovendis,
2884 1184 3070 1242 neque
3103 1167 3172 1224 de
3211 1169 3566 1223 sacrosancto
3609 1162 3815 1222 chris-.

2098 1274 2270 1337 mate,
2303 1281 2488 1339 neque
2535 1265 2606 1321 de
2651 1253 3075 1320 Consecratione
3113 1255 3484 1314 ecclesiarum
3527 1251 3619 1331 vel
3673 1268 3797 1322 nos,
3849 1267 3863 1274 '

2103 1361 2192 1419 vel
2224 1357 2406 1416 nostri
2455 1355 2768 1413 familiares
2812 1350 3032 1424 aliquid
3053 1347 3291 1406 omnino
3336 1345 3623 1402 tollamus.
3669 1343 3799 1416 Spi-

2105 1448 2246 1506 ritus
2275 1451 2525 1515 sanctus,
2556 1443 2657 1518 qui
2689 1447 3014 1499 sanctorum
3043 1437 3420 1494 chrismatum
3449 1439 3643 1490 auctor
3695 1439 3799 1502 est,

2107 1551 2213 1593 nos
2232 1540 2571 1605 nostrosque
2602 1543 2956 1588 successores
2985 1525 3058 1581 ab
3088 1522 3248 1581 omni
3281 1519 3513 1578 vinculo
3546 1519 3802 1592 praefata;

2107 1619 2526 1680 maledictionis
2549 1618 2794 1691 eripiat:
2843 1615 2920 1672 ita
2952 1620 3141 1670 tamen
3184 1614 3249 1666 ut
3292 1609 3438 1664 hanc
3483 1605 3800 1663 saluberri-

328 1729 476 1785 siam
504 1723 896 1798 perversitatis
951 1740 1073 1782 sum
1103 1724 1263 1783 velut
1309 1725 1599 1782 ofﬁcinam
1630 1727 1858 1784 fecerat.
1901 1726 1915 1782 ]

2217 1724 2262 1765 :n
2311 1705 2781 1765 constitutionem
2838 1701 3269 1774 perseveranter
3315 1693 3554 1766 implere
3599 1706 3804 1749 conce-

329 1815 465 1885 lem,
497 1813 757 1883 malleos,
809 1819 863 1872 et
914 1814 1186 1872 incudem
1239 1815 1614 1888 trapezita-ac
1672 1815 2029 1874 monetarius

329 1905 652 1980 iniquitatis
694 1905 982 1976 habebat;
1041 1905 1307 1979 nihilque
1347 1905 1507 1965 aliud
1542 1905 1656 1964 nisi
1697 1908 2029 1965 animarum

330 1994 597 2053 omnium
619 2009 929 2052 commune
943 1992 1270 2066 periculum
1294 1993 1625 2052 fabricabat.
1644 1994 1866 2052 Nostris
1894 2011 2032 2055 vero

326 2081 701 2154 temporibus,
763 2081 902 2154 quia
930 2079 1190 2138 Salvator
1219 2087 1412 2138 noster
1439 2080 1572 2153 pius
1606 2097 1671 2138 ac
1708 2080 2033 2139 misericors

333 2168 561 2245 plebem
590 2186 780 2242 suam,
825 2167 1002 2245 quam
1033 2171 1128 2244 pio
1156 2187 1358 2229 cruore
1398 2172 1735 2240 redemerat,
1781 2173 1891 2230 sub
1929 2173 2036 2231 hac

336 2261 615 2321 mortiferi
667 2260 964 2333 languoris
1005 2260 1266 2332 atrophia
1303 2259 1490 2333 perire
1521 2260 1833 2332 Condoluit,
1877 2261 2039 2318 velut

334 2350 406 2408 ad
452 2349 828 2418 obviandum,
883 2364 948 2405 ac
1000 2347 1247 2405 viriliter
1295 2348 1692 2406 obsistendum
1741 2350 1933 2407 voraci
1976 2365 2040 2407 ac

336 2440 628 2498 virulenta
654 2437 910 2509 draconi,
944 2445 1161 2496 vestros
1203 2439 1450 2510 animos,
1495 2439 1763 2497 visitaute
1789 2438 2040 2512 Spiritus

341 2529 524 2589 sancti
554 2530 754 2602 gratia,
788 2530 1142 2587 concorditer
1170 2529 1465 2597 incitavit;
1501 2529 1577 2587 ita
1599 2538 1663 2588 ut
1695 2530 2040 2604 quibusdam

339 2637 415 2680 ex
469 2619 681 2679 nostris
726 2621 921 2677 sedem
964 2619 1338 2694 apostolicam
1387 2620 1755 2689 adeuntibus,
1819 2628 2042 2678 tantum

342 2710 522 2782 hujus
554 2715 719 2766 terra:
749 2707 1074 2781 periculum
1107 2715 1342 2764 sanctus
1378 2723 1442 2764 ac
1478 2707 1596 2765 Deo
1628 2707 1843 2779 dignus
1873 2707 2047 2766 Nico-

350 2800 475 2857 laus
519 2814 663 2872 papa
704 2803 1091 2870 cognosceret,
1132 2805 1305 2872 atque
1338 2797 1408 2853 ad
1443 2797 1944 2870 compescendum,
1991 2806 2048 2855 et

349 2887 613 2946 funditus
641 2885 1086 2958 exstirpandum
1113 2885 1223 2942 hoc
1252 2884 1481 2943 facinus
1501 2884 1805 2943 dominum
1825 2884 2047 2944 Ostien-

351 2992 470 3036 sem
501 2976 737 3034 Petrum
764 2975 1100 3049 episcopum
1136 2974 1467 3031 destinaret.

419 3067 793 3141 Quapropter,
823 3064 1180 3124 dilectissimi
1238 3066 1454 3135 fratres,
1502 3065 1560 3122 in
1599 3071 1905 3138 conspectu
1951 3066 2112 3145 Deic

351 3156 782 3230 omnipotentis,
811 3163 867 3213 et
895 3156 1029 3213 Filii
1075 3156 1201 3229 ejus
1231 3155 1441 3212 Christi
1488 3155 1647 3224 Jesu,
1687 3155 1788 3229 qui
1826 3155 2054 3228 judica-

355 3251 524 3303 turus
561 3250 646 3301 est
679 3245 840 3302 vivos
871 3249 924 3301 et
978 3251 1252 3311 mortuos,
1303 3250 1358 3300 et
1406 3240 1656 3315 Spiritus
1705 3244 1906 3313 sancti,
1956 3243 2059 3316 qui

355 3335 506 3392 hanc
530 3342 744 3407 pestem
774 3332 1094 3407 specialiter
1120 3332 1360 3390 damnat
1401 3347 1466 3390 ac
1513 3333 1774 3403 destruit,
1821 3334 1929 3391 sub
1975 3341 2060 3391 te-

360 3420 633 3479 stimonio
663 3423 929 3480 omnium
965 3421 1308 3494 angelorum
1345 3428 1801 3496 cunctorumque
1845 3430 2063 3482 sancto-

361 3521 496 3566 rum
529 3508 654 3579 Dei,
683 3515 962 3581 przesente
996 3508 1114 3580 jam
1137 3509 1286 3566 dicto
1318 3508 1553 3566 domi-no
1583 3510 1747 3568 Petro
1775 3513 2059 3586 episcopo,

365 3604 421 3655 et
453 3598 626 3655 etiam
674 3599 1001 3656 venerando
1049 3598 1284 3656 domino
1330 3598 1606 3656 Anselmo
1654 3599 1904 3658 Lucensi
1937 3603 2063 3673 epi-

364 3702 553 3760 scopo,
585 3692 639 3744 et
666 3686 941 3744 omnibus
965 3685 1149 3753 vobis,
1174 3685 1408 3748 damno.
1459 3685 1706 3744 detestor
1754 3703 1819 3745 ac
1868 3703 2065 3761 repro-

367 3776 500 3832 bam
523 3774 722 3848 judico
757 3775 905 3832 hanc
936 3790 1286 3848 perversam,
1317 3789 1450 3848 quas
1486 3774 1760 3832 hactenus
1792 3775 1978 3848 viguit
2005 3776 2065 3832 in

370 3863 477 3920 hac
506 3863 762 3930 ecclesia,
800 3862 1127 3936 negotiandi
1180 3863 1682 3932 consuetudinem,
1717 3879 2068 3938 omnemque

374 3956 763 4017 Simoniacam
797 3954 1086 4013 haeresim.
1110 3953 1354 4027 Insuper
1373 3954 1564 4027 obligo
1594 3970 1708 4012 non
1733 3953 1923 4012 solum
1956 3969 2067 4025 me,

371 4045 471 4104 sed
503 4053 558 4103 et
588 4059 790 4102 omnes
819 4043 1056 4101 clericos
1090 4058 1269 4112 meos,
1325 4041 1424 4116 qui
1456 4049 1811 4110 nunc-sunt,
1847 4057 2074 4100 omnes-

375 4151 489 4209 que
523 4149 876 4191 successores
926 4138 1165 4200 nostros,
1213 4137 1266 4188 et
1306 4129 1632 4188 inviolabili
1665 4130 1814 4188 nodo
1865 4129 2076 4187 ﬁrmis-

377 4225 544 4284 sima:
581 4223 982 4297 promissionis
1018 4223 1294 4294 astringo,
1345 4229 1407 4278 ut
1453 4237 1559 4278 nec
1603 4236 1726 4293 ego,
1773 4235 1878 4277 nec
1914 4220 2079 4293 quis-

379 4330 556 4388 quam
582 4326 877 4372 successor
919 4325 1102 4378 meus,
1158 4325 1264 4367 nec
1309 4309 1641 4383 inquisitor,
1676 4323 1780 4365 nec
1828 4307 2082 4365 Rodola-

381 4404 525 4473 rius,
545 4417 652 4460 nec
679 4401 892 4474 aliquis
923 4398 1257 4472 hujusmodi
1287 4399 1357 4455 de
1373 4398 1781 4470 promovendis
1801 4397 1870 4455 ad
1899 4397 2078 4454 eccle-

383 4491 644 4551 siasticos
689 4489 922 4548 ordines
987 4487 1209 4561 aliquid
1258 4487 1432 4545 tollat.
1485 4486 1645 4557 Quod
1703 4486 1752 4543 si
1807 4485 2082 4543 suadente

384 4580 631 4648 diabolo,
671 4580 794 4638 sive
823 4576 1036 4649 aliquis
1068 4582 1350 4642 nostrum,
1378 4575 1481 4649 qui
1509 4590 1664 4632 nunc
1703 4589 1924 4641 sumus,
1961 4571 2085 4630 sive

387 4685 786 4730 successorum
829 4676 1181 4733 nostrorum,
1232 4665 1333 4738 qui
1384 4672 1511 4738 post
1553 4679 1656 4722 nos
1697 4662 1881 4734 futuri
1931 4667 2080 4730 sunt,

391 4759 566 4834 hujus
615 4759 1015 4816 saluberrimae
1063 4755 1463 4831 promissionis
1499 4753 1742 4812 violator
1783 4751 2088 4823 exstiterit,

391 4858 448 4909 et
477 4849 701 4923 aliquid
732 4849 788 4906 in
823 4846 1186 4905 conferendis
1232 4836 1555 4904 ordinibus
1580 4845 1778 4901 tollere
1823 4841 2089 4914 pestifera

393 4934 780 5009 negotiatione
812 4931 1242 5006 praesumpserit
1276 4957 1287 4990 :
1321 4932 1484 4990 dator
1519 4930 1694 4988 simul
1741 4935 1797 4986 et
1832 4935 2092 5001 acceptor

391 5042 524 5086 cum
573 5024 698 5096 ipso
753 5021 988 5080 haeresis
1037 5023 1212 5097 hujus
1248 5031 1477 5080 auctore
1533 5019 1767 5077 Simone
1819 5023 2093 5090 perpetuo

349 5145 352 5148 ·
392 5116 773 5176 anathematis
803 5114 1036 5173 vinculo
1064 5114 1511 5184 constringatur,
1547 5118 1601 5166 et
1629 5125 1660 5166 a
1700 5108 1796 5165 Dei
1825 5108 2092 5179 omnipo-

398 5210 590 5277 tentis,
635 5208 1018 5281 omniumque
1061 5213 1392 5263 sanctorum
1436 5199 1723 5259 consortio
1778 5203 2092 5272 separatus,

398 5314 532 5358 cum
561 5297 589 5356 J
600 5298 709 5355 uda
731 5303 786 5354 et
807 5297 1044 5368 Caipha,
1063 5309 1193 5352 cum
1223 5293 1446 5350 Dathan
1465 5295 1519 5347 et
1546 5288 1765 5346 Abiron
1793 5285 1900 5344 sub
1927 5290 2098 5342 teter-

401 5406 494 5448 nae
531 5388 919 5447 damnationis
971 5383 1261 5441 atrocitate
1304 5381 1630 5437 damnetur.
1686 5376 2100 5434 Nicolaitarum

399 5497 632 5556 quoque
667 5479 954 5545 haeresim,
983 5459 1367 5531 nihilominus
1388 5467 1863 5532 condemnamus,
1896 5472 1950 5521 et
1981 5479 2096 5520 non

307 5563 322 5590 ⁸
406 5576 576 5634 modo
621 5571 1000 5645 presbyteros.
1041 5565 1138 5622 sed
1190 5570 1245 5622 et
1285 5562 1576 5629 diaconos,
1627 5566 1680 5616 et
1719 5556 2103 5615 subdiaconos

409 5663 478 5722 ab
507 5641 763 5720 uxorum
789 5641 845 5723 et
871 5653 1324 5713 concubinarum
1355 5648 1507 5707 foedo
1552 5644 1858 5715 consortio,
1892 5641 2103 5701 nostris

2109 1798 2222 1869 dat,
2254 1797 2511 1873 quicum
2554 1797 2717 1854 Patre
2756 1798 2812 1848 et
2854 1790 3001 1848 Filio
3031 1789 3182 1847 vivit
3217 1787 3280 1843 in
3323 1783 3534 1841 saacula
3560 1780 3805 1840 saeculo-

2110 1906 2263 1948 rum.
2293 1889 2500 1945 Amen.
3070 1927 3074 1930 .

2184 1969 2302 2051 Ego
2334 1976 2433 2034 Dei
2477 1973 2661 2047 gratia
2687 1971 2888 2040 Wido,
2925 1965 3370 2026 Mediolanensis
3407 1962 3672 2022 Ecclesite
3713 1977 3812 2018 ar-

2113 2068 2527 2140 chiepiscopus,
2571 2064 2718 2120 hanc
2748 2060 3117 2134 sponsionem
3144 2073 3178 2114 a
3207 2071 3299 2113 me
3324 2056 3530 2112 factam
3562 2051 3829 2121 ﬁrmavi,

2116 2138 2606 2224 robo—ravi,_atque
2632 2146 2968 2220 subscripsi.
2993 2144 3363 2203 Odaldericus
3389 2138 3816 2207 vicedominus,

2117 2252 2170 2304 et
2205 2244 2503 2317 presbyter
2529 2237 2861 2311 subscripsi.
2897 2235 3197 2295 Griberius
3225 2231 3522 2317 presbyter
3553 2228 3813 2317 subscri-

2118 2311 2227 2410 psi.
2261 2311 2578 2390 Arderatus
2619 2326 2917 2400 presbyter
2959 2320 3293 2410 subscripsi.
3337 2311 3467 2376 Atto
3516 2316 3816 2410 presbyter

2123 2402 2455 2490 subscripsi.
2490 2413 2851 2488 Ariprandus
2887 2411 3127 2482 indigne
3165 2409 3448 2466 diaconus
3483 2402 3817 2476 subscripsi.

2125 2510 2434 2570 Ardericus
2463 2507 2742 2565 diaconus
2771 2500 3107 2573 subscripsi.
3158 2498 3500 2558 Ambrosius
3539 2495 3822 2552 diaconus

2125 2601 2458 2673 subscripsi.
2495 2599 2636 2655 Acto
2677 2595 2956 2652 diaconus
2998 2589 3334 2662 subscripsi.
3383 2587 3568 2645 Adam
3602 2583 3826 2642 subdia-

2127 2706 2309 2750 conus
2347 2671 2677 2760 subscripsi.
2713 2671 3822 2758 Lyprandussubdiaconussubscripsi.

2130 2779 2513 2851 Landulphus
2546 2773 2933 2834 subdiaconus
2976 2767 3309 2840 subscripsi.
3349 2769 3490 2824 Acto
3527 2761 3828 2821 subdiaco-
3877 2795 3882 2801 -

2128 2886 2242 2929 nus
2272 2865 2610 2940 subscripsi,
2641 2870 2695 2922 et
2720 2863 2822 2920 alii
2855 2860 3265 2932 subscripsere.

2556 3006 2953 3077 Jusjurandum
2987 3002 3399 3073 archiepiscopi.

2215 3137 2587 3199 Postmodum
2645 3132 2920 3190 accedens
2972 3129 3125 3186 idem
3177 3126 3640 3199 archiepiscopus
3701 3128 3838 3179 ante

2142 3236 2405 3291 sanctum
2450 3225 2649 3294 altare,
2691 3223 2974 3294 praesente
3016 3216 3250 3274 domino
3290 3215 3568 3281 Lucense,
3620 3208 3841 3285 juravit

2142 3318 2202 3375 in
2236 3329 2472 3373 manum
2505 3326 2715 3382 meam,
2745 3309 2943 3366 dicens
2976 3331 2988 3364 :
3025 3305 3086 3363 Si
3123 3305 3268 3373 haec,
3301 3303 3516 3376 inquit,
3545 3301 3616 3358 de
3645 3298 3837 3357 Simo-

2145 3408 2310 3464 niaca
2363 3411 2418 3461 et
2459 3401 2870 3460 Nicolaitarum
2921 3395 3128 3454 haeresi
3185 3393 3449 3463 delenda,
3487 3398 3539 3448 et
3572 3388 3843 3447 funditus

2145 3491 2490 3549 destruenda
2515 3487 2760 3546 ﬁdeliter
2786 3501 2899 3542 non
2930 3484 3329 3550 observavero,
3357 3479 3430 3536 ab
3459 3472 3844 3548 omnipotenti

2145 3583 2262 3641 Deo
2288 3589 2342 3639 et
2374 3580 2648 3638 omnibus
2672 3577 2882 3634 sanctis
2904 3576 3012 3631 sim
3045 3569 3602 3635 excommunicalus,
3633 3571 3688 3622 et
3716 3578 3848 3621 ana-

2145 3673 2570 3740 thematizatus,
2629 3675 2684 3726 et
2729 3667 2801 3725 ab
2847 3666 3009 3725 omni
3053 3664 3516 3722 Christianorum
3558 3655 3850 3717 consortio

2147 3761 2414 3821 inveniar
2453 3758 2699 3816 alienus.
2741 3753 3019 3813 Similiter
3056 3760 3111 3810 et
3150 3749 3566 3814 vicedominus,
3621 3754 3674 3802 et
3717 3759 3854 3801 can-

2127 3851 2416 3911 -cellarius
2446 3849 2590 3920 ejus,
2624 3853 2678 3904 et
2701 3859 2903 3903 omnes
2940 3842 3040 3900 alii
3069 3840 3170 3915 qui
3200 3839 3438 3896 aderant
3483 3834 3672 3894 clerici
3722 3848 3851 3890 ma-

2153 3957 2266 4000 nus
2296 3954 2431 4001 suas
2463 3937 2523 3994 in
2578 3950 2817 3993 manum
2845 3947 3031 3990 meam
3063 3930 3364 3998 dederunt,
3399 3933 3454 3984 et
3497 3926 3620 3983 haec
3649 3921 3857 3980 eadem

2154 4011 2778 4086 excommunicationis
2818 4026 2872 4076 et
2915 4015 3299 4076 anathematis
3340 4011 3516 4069 verba
3551 4010 3855 4067 dixerunt.

2160 4115 2378 4174 Deinde
2421 4110 2656 4169 accessit
2686 4106 3032 4178 Arnulphus
3072 4117 3246 4174 nepos
3283 4095 3716 4171 archiepiscopi.
3751 4097 3861 4153 ho-

2161 4212 2359 4263 nestus
2388 4200 2655 4259 videlicet
2681 4205 2734 4254 et
2763 4195 3017 4268 prudens
3044 4191 3304 4257 clericus,
3339 4189 3505 4260 cujus
3525 4202 3702 4244 unam
3735 4201 3866 4242 ma-

2161 4311 2306 4352 num
2354 4289 2818 4362 archiepiscopus
2863 4280 3073 4350 tenuit,
3105 4278 3345 4336 alteram
3384 4276 3506 4348 ipse
3532 4288 3705 4346 super
3734 4286 3866 4329 san-

2163 4391 2318 4442 ctum
2351 4361 2740 4450 Evangelium
2793 4371 3006 4446 posuit,
3041 4375 3096 4427 et
3117 4365 3354 4441 juravit,
3381 4364 3579 4422 dicens
3609 4386 3622 4419 :
3661 4361 3863 4419 Domi-

2167 4487 2279 4528 nus
2310 4483 2472 4526 meus
2510 4464 2690 4523 Wido
2738 4457 3221 4532 archiepiscopus,
3261 4452 3364 4527 qui
3394 4452 3489 4510 hic
3509 4457 3612 4522 est,
3644 4450 3716 4507 ab
3760 4450 3865 4506 ho-

2165 4562 2259 4619 die
2283 4549 2352 4617 in
2383 4563 2570 4624 antea,
2616 4561 2671 4611 et
2721 4552 2874 4625 quod
2921 4545 3192 4621 promisit.
3226 4545 3296 4601 de
3334 4542 3588 4617 castitate
3623 4538 3867 4596 clerico-

2169 4668 2321 4721 rum,
2350 4648 2596 4707 fideliter
2624 4640 2989 4703 observabit:
3025 4644 3082 4695 et
3109 4637 3347 4707 insuper
3385 4645 3690 4707 nunquam
3737 4644 3873 4686 con-

2170 4741 2412 4803 secrabit
2441 4738 2692 4812 alicujus
2719 4732 2940 4793 ordinis
2968 4729 3244 4788 clericum
3278 4740 3400 4783 sua:
3428 4722 3690 4780 dichesis
3716 4735 3872 4791 prae-

2159 4841 2257 4892 ter
2286 4809 2617 4895 monachos,
2679 4839 2854 4898 quem
2898 4827 3031 4878 ante
3057 4815 3495 4896 .promotionem
3547 4826 3658 4868 non
3701 4809 3875 4866 faciet

2168 4924 2381 4998 jurare,
2414 4915 2649 4992 quodin
2691 4895 2798 4970 hoc
2825 4895 3120 4968 breviculo
3171 4903 3449 4976 scriptum
3493 4905 3594 4956 est.
3657 4895 3748 4955 Sic
3781 4911 3875 4953 me

2176 4991 2600 5084 Deus‘adjuvet,
2631 5012 2684 5062 et
2723 5002 2833 5059 ista
2858 5004 3052 5057 sancta
3082 4991 3414 5066 Evangelia.

2344 5150 2622 5208 Indiculus
2650 5141 2977 5200 sacramenti
3002 5154 3182 5195 eorum
3206 5131 3724 5207 qui’promoventu‘r.

2254 5276 2362 5333 Pro
2412 5266 2800 5342 suscipiendis
2843 5257 3242 5322 ecclesiasticis
3287 5253 3583 5328 gradibus,
3615 5249 3738 5306 sive
3779 5263 3883 5320 per

2183 5384 2296 5436 me,
2326 5364 2448 5422 sive
2473 5338 2590 5435 per—
2609 5357 2960 5416 submissum
2983 5363 3307 5426 personam,
3331 5359 3432 5402 seu
3463 5357 3565 5417 per
3584 5338 3884 5414 quodlibet

2185 5457 2510 5532 ingenium,
2565 5466 2753 5525 neque
2791 5445 2944 5511 dedi,
2987 5455 3175 5515 neque
3222 5435 3483 5511 promisi,
3542 5446 3732 5505 neque
3782 5444 3887 5502 per

2189 5519 2599 5626 premissiones
2637 5519 2878 5598 daturus
2906 5527 3312 5626 sumnaliquid.
3347 5527 3441 5585 Sic
3471 5539 3564 5583 me
3593 5521 3746 5580 Deus
3779 5519 3884 5577 ad-
