4018 6194
277 221 346 280 99

731 223 789 284 S.
833 221 1055 284 PETRI
1094 224 1418 286 DAMIANI
1459 227 1617 287 OPP.
1662 226 1909 289 TOMUS
1953 224 2089 288 SEU
2133 224 2322 287 PARS
2361 226 2463 286 ΙΙΙ.
2510 260 2572 270 -
2613 227 3001 311 OPUSCULA
3041 232 3297 292 VARIA.

3660 234 3760 294 100

279 433 3751 464 .______________________________________

1095 627 1316 685 85'86
1405 648 1868 759 OPUSC'

2111 651 2245 760 [Μ
2339 650 2933 763 SEXTUM.
3038 648 3041 655 ’

528 855 759 917 LIBER
812 860 942 931 QUI
994 862 1515 923 APPELLATUR
1577 862 2119 925 GRATISSIMUS.
2180 866 2281 924 AD
2344 866 2752 927 HENRICUM
2810 867 3493 929 ARCHIEPISCOPUM

1733 962 2297 1022 RAVENNATEM.

270 1334 714 1409 ARGUMENTUM.
744 1364 810 1373 —
850 1333 1050 1409 In_hoc
1075 1340 1313 1409 tractatu
1342 1334 1565 1409 prolixe
1594 1334 1840 1409 ostendit
1865 1350 1979 1392 non
2016 1350 2138 1392 esse
2166 1351 2282 1405 eos,
2313 1334 2414 1409 qui
2449 1352 2481 1392 a
2522 1334 2881 1409 Simoniacis
2903 1336 3184 1409 episcopis
3226 1339 3536 1396 consecrati
3596 1346 3752 1409 sunt,

341 1407 553 1463 iterum
584 1405 994 1462 consecrandos
1029 1429 1039 1461 :
1070 1406 1221 1477 quod
1268 1406 1468 1463 multis
1526 1408 1846 1464 rationibus
1894 1413 1948 1462 et
2003 1405 2347 1463 sanctorum'
2381 1407 2608 1464 Patrum
2670 1405 3115 1465 auctoritatibus;
3149 1409 3469 1466 confirmat.
3514 1405 3755 1467 Contro4

340 1477 525 1551 _versi_a
555 1483 748 1551 autem
780 1484 919 1551 tunc
961 1477 1230 1551 temporis
1261 1493 1440 1551 ξυρεῖν
1477 1476 1580 1533 hac
1605 1479 1924 1551 quaastione
1965 1477 2405 1551 vertebaturgin‘
2439 1477 2682 1551 concilio
2740 1481 3136 1551 episcoporum
3169 1494 3183 1547 ;
3220 1488 3515 1551 propterea
3564 1482 3758 1538 scribit

337 1547 446 1604 hoc
483 1548 603 1626 loco
632 1546 1224 1626 ad_archiepiscopum
1260 1546 1675 1626 Ravennatem.
1708 1557 1796 1626 ut_
1824 1546 2005 1626 simul
2028 1548 2349 1626 cum-“aliis
2376 1549 2501 1626 _hoc
2541 1546 2799 1626 Romano
2825 1546 3097 1626 pontifici
3112 1546 3471 1621 persuadeat,
3500 1566 3604 1626 _ne
3660 1553 3755 1626 in-

336 1625 526 1693 sontes
555 1617 731 1693 simul
760 1633 895 1675 cum
930 1617 1122 1674 noxiis
1152 1634 1320 1691 poena
1353 1617 1733 1689 afﬁcerentur,
1766 1618 2041 1691 depositis
2084 1619 2299 1678 scilicet
2336 1619 2409 1677 ab
2440 1617 2843 1678 ecclesiasticis
2889 1617 3213 1686 ordinibus,
3263 1636 3407 1693 quos
3459 1617 3591 1679 'sine
3636 1621 3759 1680 ulla

334 1688 721 1762 negotiatione
751 1694 1101 1761 acceperant.

652 1867 944 1927 VERSUS
983 1868 1077 1926 DE
1120 1868 1566 1929 SIMONIACIS.

268 1976 545 2035 Incudem
576 1975 829 2034 Simonis
857 1976 1099 2045 fabrilis,
1123 1983 1177 2034 et
1210 1984 1371 2035 antra
1404 1981 1650 2034 monetae

266 2064 513 2122 Damnat
544 2063 842 2137 pestiferas
868 2064 1025 2122 Deus
1062 2065 1369 2122 evertendo
1397 2063 1694 2121 cathedras
1728 2081 1740 2119 :

269 2155 415 2213 Nam
440 2162 633 2228 postea
663 2155 805 2212 latro
830 2171 929 2227 per
956 2155 1299 2213 diverticula
1330 2155 1492 2228 repit,

267 2245 470 2304 Pervia
503 2245 751 2318 gratuito
784 2251 973 2317 pastor
1001 2247 1139 2319 petit
1160 2246 1301 2303 ostia
1329 2261 1551 2319 gressu.

268 2333 374 2390 Ast
403 2332 503 2390 ubi
537 2348 891 2403 mangonum
929 2334 1197 2390 scelerata
1227 2333 1454 2405 negotia
1483 2332 1714 2401 desunt,

267 2421 383 2479 Nec
411 2436 648 2494 gravem
674 2421 985 2478 corbonam
1019 2428 1205 2491 turget
1234 2422 1434 2478 venale
1466 2421 1761 2478 talentum.

266 2511 392 2569 Non
426 2511 726 2567 distractor
760 2510 941 2579 obest,
973 2511 1108 2582 quia
1135 2525 1248 2567 non
1276 2510 1618 2567 commercia
1632 2507 1885 2566 sordent.

266 2602 411 2659 Nam
449 2602 589 2673 quid
622 2603 906 2659 nummati
940 2609 1237 2676 nequeunt
1282 2601 1385 2659 ubi
1419 2600 1625 2657 laedere
1662 2600 1891 2657 nummi
1924 2598 1951 2655 ?

268 2692 393 2749 Imo
419 2692 559 2765 quid
592 2691 845 2748 arboreis
872 2706 1049 2749 manu
1081 2692 1231 2749 obsit
1254 2690 1516 2763 squalida
1547 2688 1760 2763 plantis
1788 2690 1813 2745 ?

260 2779 430 2852 Saepe
464 2778 822 2836 salutiferam
863 2779 1121 2836 medicus
1150 2779 1304 2836 dedit
1334 2794 1487 2851 azger
1515 2778 1755 2850 origam,

266 2868 604 2942 Mancipites
630 2868 907 2941 pugilem,
938 2868 1071 2926 caeci
1100 2884 1350 2938 genuere
1390 2868 1703 2935 videntem,
1742 2932 1751 2937 ι

268 2956 496 3014 Clenica
520 2972 820 3030 procerum
856 2956 1075 3029 peperit
1104 2955 1251 3013 male
1277 2956 1428 3013 fmda
1467 2963 1802 3021 venustum,

269 3046 383 3104 Nec
410 3046 633 3103 soboles
672 3047 843 3104 noxis
875 3052 958 3103 est
986 3044 1303 3103 addicenda
1334 3044 1624 3117 paternis;

272 3134 526 3208 Quisque
552 3151 655 3192 sua
686 3134 989 3207 premitur,
1031 3134 1167 3192 socii
1196 3150 1301 3191 nec
1325 3135 1451 3218 labe
1477 3138 1723 3189 tenetur.

341 3224 591 3282 Domino
646 3223 917 3282 HENRICO
973 3223 1285 3281 venerabili
1348 3220 1757 3280 Ravennaticaa
1824 3218 2036 3283 sedisB

274 3313 539 3382 antistiti,
571 3314 801 3371 PETRUS
834 3313 1082 3371 viviticae
1113 3313 1298 3371 crucis
1341 3312 1551 3371 Christi
1604 3310 1974 3369 humillimus

272 3416 496 3470 servus,
536 3402 774 3459 salutem
806 3404 866 3459 in
900 3402 1173 3473 idipsum.
1646 3388 1651 3397 ”

342 3488 452 3558 Qui
492 3489 894 3560 sacerdotium,
948 3499 1176 3548 auctore
1224 3492 1359 3561 Deo,
1398 3491 1626 3549 noviter
1652 3486 1972 3559 suscepisti,

270 3576 504 3633 nullum
535 3576 636 3633 tibi
670 3576 955 3649 imprimis
972 3579 1330 3635 offerendum
1360 3593 1598 3646 munus,
1621 3592 1794 3651 quam
1822 3574 1973 3647 quod

273 3665 343 3723 de
397 3663 786 3722 sacerdotibus
834 3665 1051 3722 factum
1107 3671 1209 3733 est,
1269 3665 1679 3737 congruentius
1736 3661 1970 3719 credidi.

272 3752 353 3810 De
381 3753 453 3810 iis
482 3754 695 3826 itaque,
746 3752 851 3824 qui
905 3753 1081 3824 gratis
1122 3759 1257 3810 sunt
1308 3770 1339 3809 a
1387 3751 1731 3811 Simoniacis
1774 3765 1976 3807 conse-

270 3840 432 3909 crati,
464 3848 677 3913 quanta
712 3840 834 3912 jam
872 3855 970 3911 per
1021 3840 1340 3897 triennium
1370 3840 1430 3897 in
1480 3840 1662 3898 tribus
1703 3838 1979 3897 Romanis

271 3927 534 3985 conciliis
567 3927 738 3986 fuerit
765 3928 1117 4000 disceptatio,
1160 3943 1448 4002 quamque
1487 3927 1759 3999 perplexa
1807 3934 1979 3999 atque

271 4019 511 4077 confusa
545 4018 809 4077 dubietas
840 4041 852 4075 :
886 4026 941 4075 et
970 4018 1030 4075 in
1082 4018 1156 4074 iis
1208 4018 1469 4091 partibus
1499 4015 1755 4089 quotidie
1786 4015 1977 4071 venti-

268 4107 441 4179 ]etur,
494 4108 852 4165 sanctitatem
916 4113 1165 4163 vestram
1225 4106 1461 4163 latuisse
1514 4120 1627 4161 non
1674 4103 1977 4171 arbitror;

274 4198 615 4272 priesertim,
684 4213 817 4255 cum
881 4204 1168 4254 crescente
1234 4195 1626 4254 fluctuationis
1679 4194 1977 4265 ambiguo,

268 4278 512 4343 eatenus
552 4285 633 4349 sit
684 4299 1038 4357 processum,
1070 4292 1133 4341 ut
1171 4284 1481 4342 nonnullos
1514 4289 1734 4341 constet
1772 4282 1982 4354 episco-

274 4391 377 4448 pos
431 4375 504 4431 ab
558 4372 675 4430 illis
731 4374 1024 4432 ordinatos
1080 4374 1315 4432 clericos
1374 4376 1564 4432 denuo
1597 4387 1978 4431 consecrasse.

279 4460 441 4520 Unde
488 4462 634 4519 mihi
687 4462 948 4535 plerique
993 4463 1194 4521 fratres
1249 4464 1499 4537 quadam
1554 4461 1980 4536 prmsumptivze

1980 1867 2243 1929 Adivina
2280 1870 2653 1931 obtestatione
2696 1875 2995 1945 rogaverit,
3028 1882 3314 1949 quatenus
3360 1876 3464 1934 Dei
3528 1876 3757 1934 miseri-

2052 1960 2304 2018 cordiam
2372 1962 2430 2019 in
2488 1978 2798 2022 commune
2849 1965 3247 2039 deposcerent];
3299 1972 3361 2024 ut
3401 1966 3541 2041 quid
3582 1982 3754 2040 super

2054 2049 2160 2105 hoc
2193 2050 2528 2123 scrupuloso
2567 2053 2792 2123 negotio
2822 2053 3244 2111 decernendum
3285 2061 3449 2121 esset,
3494 2054 3755 2111 nutanti-

2052 2136 2165 2195 bus
2240 2140 2565 2207 revelaret;
2628 2143 2753 2215 ejus
2824 2158 2917 2199 me
2993 2142 3299 2200 arbitratus
3362 2142 3757 2199 obsecundare

2054 2243 2288 2300 prorsus
2331 2229 2594 2302 imperio,
2651 2230 2697 2286 si
2746 2231 2835 2287 vel
2890 2231 3124 2301 orando,
3155 2231 3248 2289 vel
3294 2230 3593 2289 scribendo
3643 2238 3759 2287 tam

2054 2315 2348 2373 difﬁcilem
2380 2317 2597 2375 nodum
2632 2318 2701 2374 de
2751 2318 3002 2375 Ecclesia
3032 2319 3274 2387 solvere,
3318 2333 3566 2391 superna
3615 2315 3757 2374 illii-

2055 2411 2316 2463 cescente
2350 2408 2555 2477 gratia,
2590 2408 2923 2480 potuissem.
2971 2407 3323 2482 Quapropter
3367 2409 3427 2465 in
3485 2407 3653 2465 illum
3683 2406 3755 2462 fi-

2055 2491 2261 2549 deliter
2288 2509 2523 2566 sperans
2570 2495 2671 2568 qui
2730 2496 2913 2568 aperit
2966 2496 3201 2566 librum,
3247 2502 3304 2553 et
3359 2495 3528 2552 solvit
3577 2493 3762 2573 signa-

2055 2580 2184 2639 cula
2214 2583 2338 2654 ejus
2381 2586 2574 2655 (Apoc.
2607 2592 2688 2655 V),
2717 2585 3007 2642 solvendas
3036 2586 3214 2658 hujus
3258 2584 3597 2660 quaestionis
3632 2584 3761 2663 iter

2056 2672 2356 2744 aggrediar
2381 2692 2395 2743 ;
2420 2680 2474 2730 et
2506 2675 2645 2749 quia
2687 2675 2848 2748 copia
2884 2676 3112 2733 dicendi
3143 2692 3256 2734 non
3318 2674 3585 2749 suppetit,
3656 2673 3759 2730 de—

2060 2761 2260 2833 legataa
2311 2762 2456 2819 mihi
2504 2763 2848 2823 obedientize
2905 2765 3114 2837 studio,
3165 2766 3268 2840 qui
3330 2766 3488 2839 loqui
3538 2763 3756 2833 nescio,

2057 2850 2303 2908 nutibus
2335 2852 2537 2912 saltem
2564 2855 2774 2926 gestire
2808 2855 3057 2913 tentabo.

2558 2988 2653 3046 8'7
2673 2990 2917 3050 CAPUT
2946 2989 3262 3074 PRIMUM.

2089 3102 2243 3169 Quod
2271 3103 2536 3166 Christus,
2566 3104 2668 3156 etsi
2689 3119 2789 3171 per
2819 3104 3004 3173 plures
3041 3119 3142 3156 sua
3169 3102 3310 3156 dona
3340 3103 3631 3168 discernat,
3666 3105 3723 3157 in

2195 3194 2313 3261 ipso
2342 3196 2519 3245 tamen
2554 3194 2727 3245 omnis
2753 3194 2950 3259 gratiae
2970 3191 3256 3261 plenitudo
3277 3197 3616 3261 permaneat.

2080 3386 2089 3389 ἓ
2126 3311 2360 3370 Constat
2414 3310 2581 3383 plane
2646 3311 3015 3370 mediatorem
3042 3312 3164 3381 Dei,
3193 3318 3246 3369 et
3278 3311 3579 3370 hominum
3601 3307 3767 3366 Chri-

2057 3390 2209 3458 stum
2258 3399 2459 3457 Jesum
2491 3398 2800 3457 Ecclesiam
2829 3416 2991 3458 suam
3053 3400 3135 3457 sic
3188 3400 3480 3457 ordinasse
3521 3397 3592 3455 ab
3639 3395 3765 3468 ipso

2058 3487 2467 3560 redemptionis
2518 3488 2793 3544 humana:
2850 3488 3159 3561 primordio
3192 3506 3206 3557 ;
3237 3495 3299 3546 ut
3345 3494 3398 3543 et
3436 3501 3534 3559 per
3583 3484 3764 3541 mini-

2060 3584 2204 3634 stros
2250 3576 2413 3633 verbi
2462 3576 2556 3634 sui
2609 3578 3019 3636 charismatum
3072 3579 3220 3636 dona
3276 3576 3673 3648 distingueret,
3707 3582 3764 3631 et

2059 3672 2253 3723 tamen
2301 3665 2362 3723 in
2418 3666 2602 3738 seipso
2652 3668 2915 3725 omnium
2974 3667 3289 3741 gratiarum
3336 3664 3763 3740 plenitudinem

2059 3757 2454 3830 principaliter
2496 3757 2782 3815 retineret.
2819 3758 2964 3815 Nam
3012 3758 3061 3815 is
3095 3758 3197 3830 qui
3226 3756 3364 3813 dicit
3415 3754 3706 3827 apostolus
3748 3778 3760 3809 :

2068 3870 2092 3895 α
2112 3847 2408 3905 Habemus
2434 3849 2772 3905 thesaurum
2796 3848 2967 3905 istum
2993 3848 3053 3904 in
3070 3848 3218 3904 vasis
3242 3844 3515 3903 fictilibus
3544 3847 3618 3909 (II
3638 3844 3761 3899 Cor.

2060 3943 2143 4004 1V)
2180 3956 2193 4006 ;
2230 3961 2249 3988 υ
2316 3937 2467 3994 idem
2522 3937 2694 3994 etiam
2755 3936 3057 3994 conﬁtetur
3113 3961 3124 3993 :
3184 3959 3203 3986 ε
3240 3935 3385 4004 Quia
3432 3934 3491 3989 in
3540 3936 3766 4005 pectore

2059 4023 2193 4081 Jesu
2222 4029 2360 4080 sunt
2394 4038 2595 4079 omnes
2642 4022 2894 4079 thesauri
2937 4020 3232 4093 sapientia:
3275 4019 3593 4077 absconditi
3639 4019 3765 4085 (Co-

2062 4111 2299 4177 1053.11).
2336 4134 2361 4159 η
2396 4109 2454 4167 Si
2484 4119 2675 4167 autem
2707 4110 2765 4164 in
2825 4116 3046 4180 pectore
3084 4107 3222 4164 Jesu
3269 4122 3471 4164 omnes
3510 4106 3767 4165 thesauri

2064 4205 2214 4265 sunt,
2248 4204 2301 4253 et
2336 4197 2484 4254 nihil
2507 4196 2794 4268 excipitur
2823 4214 2836 4264 ;
2869 4195 3006 4268 quid
3039 4210 3172 4267 ergo
3206 4194 3577 4267 relinquitur,
3610 4195 3767 4269 quod

2062 4286 2121 4343 in
2154 4285 2305 4342 vasis
2354 4286 2657 4342 hominum
2712 4283 2983 4341 fictilibus
3044 4284 3420 4342 recondatur?
3462 4284 3569 4343 Sed
3612 4284 3768 4357 quod

2064 4374 2161 4433 ille
2202 4382 2378 4432 totum
2413 4374 2756 4431 naturaliter
2806 4374 3072 4447 possidet,
3126 4374 3231 4431 hoc
3259 4374 3344 4431 illi
3378 4391 3478 4447 per
3524 4374 3767 4446 gratiam

2062 4463 2494 4536 participatione
2558 4462 2714 4520 illius
2768 4464 2937 4537 juxta
2998 4479 3297 4520 mensuras
3359 4463 3587 4520 habent.
3685 4463 3770 4520 De

276 4553 570 4611 charitatis
603 4550 880 4608 instantia
914 4552 1274 4610 familiariter
1304 4554 1569 4624 exigunt,
1601 4559 1655 4608 et
1705 4549 1977 4637 violenta,
2001 4553 2178 4637 Cillis
2210 4553 2366 4610 enim
2392 4553 2604 4610 dicitur
2632 4572 2644 4609 :
2679 4576 2698 4602 α
2731 4550 2879 4620 Quia
2915 4560 3183 4625 operatur
3215 4568 3369 4610 unus
3395 4561 3565 4625 atque
3610 4550 3767 4608 idem

278 4647 343 4698 ut
384 4640 462 4695 ita
507 4641 703 4707 fatear,
746 4638 1159 4710 supplicatione
1204 4639 1576 4712 compellunt,
1620 4644 1682 4693 ut
1717 4636 1772 4693 in
1809 4642 1981 4691 tanta:
2014 4636 2029 4637 ί
2067 4641 2332 4715 Spiritus,
2366 4642 2633 4700 dividens
2666 4642 2913 4713 singulis
2950 4649 3116 4714 prout
3163 4642 3290 4699 vult
3320 4645 3368 4707 (Ι
3394 4643 3512 4698 Cor.
3546 4644 3698 4708 XII);
3737 4663 3759 4690 ι.

281 4727 635 4786 necessitatis
679 4726 923 4784 articulo
975 4726 1309 4796 subvenire,
1373 4726 1463 4783 vel
1509 4724 1976 4798 compendiosum

279 4818 422 4893 quid
475 4816 775 4875 scribendo
825 4832 939 4874 non
982 4816 1187 4891 pigeat,
1233 4825 1403 4891 atque
1435 4817 1571 4891 quid
1615 4817 1761 4874 mihi
1812 4831 1983 4887 super

282 4907 387 4967 hac
454 4906 734 4963 sententia
802 4905 1081 4975 videatur,
1150 4921 1458 4979 exponam.
1529 4905 1692 4975 Quod
1747 4904 1980 4979 quidem

278 4995 497 5055 diutius
542 4993 867 5061 detrectavi,
897 5010 1131 5066 sperans
1171 5011 1261 5052 me
1294 4994 1557 5051 videlicet
1589 5010 1621 5049 a
1649 4992 1979 5050 beatissimo

277 5085 439 5160 prius
498 5084 821 5157 apostolicae
877 5085 1027 5142 sedis
1072 5085 1322 5141 antistite
1374 5082 1662 5140 licentiam
1716 5090 1979 5155 acceptu-

280 5192 455 5235 rum:
490 5177 595 5232 hac
623 5175 909 5249 Siquidem
956 5175 1303 5232 transiturus
1342 5174 1401 5230 in
1444 5173 1709 5246 proximo
1758 5170 1980 5229 fereba-

284 5274 399 5325 tur.
458 5263 550 5323 Sic
598 5280 849 5339 namque
894 5265 1183 5337 integrum
1228 5262 1601 5320 decernebam
1645 5261 1984 5319 ecclesiasti-

284 5370 409 5413 cam
436 5355 754 5429 quamlibet
791 5363 1026 5411 tractare
1056 5354 1373 5422 materiam,
1406 5352 1453 5409 si
1503 5352 1574 5409 ab
1616 5353 1736 5425 ipso
1791 5351 1986 5408 Eccle-

286 5444 388 5502 siae
416 5444 671 5516 principe
718 5442 993 5500 tractandi
1025 5441 1170 5497 mihi
1197 5441 1501 5498 auctoritas
1526 5442 1825 5512 aspiraret.
1872 5437 1983 5497 Sed

285 5547 417 5589 cum
446 5531 589 5587 mihi
621 5536 933 5587 recurreret
983 5526 1043 5584 in
1084 5527 1439 5597 memoriam,
1471 5528 1606 5599 quia
1653 5527 1774 5599 jam
1808 5543 1980 5584 vene-

288 5620 484 5678 rabilis
513 5635 657 5692 papa
685 5619 746 5674 in
778 5625 1061 5690 postrema
1094 5620 1316 5691 synodo
1363 5633 1562 5676 omnes
1591 5617 1880 5691 episcopos
1910 5633 1981 5674 ex

2064 4738 2119 4785 at
2149 4730 2218 4786 de
2246 4730 2543 4801 unigenito
2575 4727 2719 4786 Filio
2748 4728 2886 4785 dicit
2922 4729 3171 4787 Joannes
3214 4727 3462 4800 Baptista
3500 4751 3511 4784 :
3556 4751 3575 4775 ι
3610 4726 3762 4795 Non,

2063 4819 2271 4893 inquit,
2302 4819 2372 4877 ad
2422 4834 2753 4877 mensuram
2801 4818 2897 4875 dat
2948 4818 3101 4875 Deus
3143 4817 3443 4891 Spiritum.
3477 4839 3498 4867 ι
3536 4816 3761 4873 Etite-

2064 4923 2194 4965 rum
2259 4924 2271 4957 ε
2347 4932 2371 4957 ι
2436 4908 2515 4965 De
2573 4907 2936 4980 plenitudine
3000 4906 3126 4979 ejus
3178 4922 3379 4964 omnes
3435 4904 3763 4978 accepimus

2058 4999 2237 5066 (Joan.
2267 5001 2332 5065 Ι.)
2355 5020 2381 5047 ι»

2133 5084 2276 5153 Quia
2302 5098 2436 5155 ergo
2469 5083 2541 5139 ab
2576 5083 2676 5140 illo
2721 5098 2839 5141 uno
2871 5084 3024 5141 fonte
3056 5099 3257 5141 omnes
3302 5083 3442 5157 justi
3488 5082 3768 5141 hauriunt

2064 5172 2219 5227 unde
2244 5170 2441 5227 vivant
2469 5193 2481 5240 ;
2512 5169 2583 5227 ad
2623 5169 2793 5227 illum
2846 5185 3077 5227 necesse
3132 5176 3236 5239 est,
3286 5186 3511 5242 semper
3556 5168 3767 5241 gratias
3814 5191 3820 5195 ·

2067 5259 2308 5333 agendo,
2341 5265 2636 5317 recurrant
2664 5278 2681 5329 ;
2713 5276 2817 5317 nec
2848 5274 3113 5332 superate
3144 5259 3341 5329 gratiae
3379 5258 3527 5315 dona
3552 5258 3624 5314 ab
3654 5256 3767 5313 alio

2067 5364 2127 5405 se
2164 5365 2326 5421 posse
2355 5350 2643 5421 percipere
2678 5349 2927 5416 credant,
2955 5348 3065 5404 nisi
3114 5347 3235 5419 ipso
3267 5346 3562 5416 largiente,
3595 5362 3626 5402 a
3652 5360 3766 5419 quo

2066 5438 2190 5495 haec
2219 5445 2437 5495 certum
2471 5446 2555 5495 est
2596 5452 2884 5494 emanare.
2918 5436 3026 5505 Qui
3081 5435 3237 5491 enim
3299 5434 3485 5492 divini
3526 5433 3765 5493 luminis

2044 5543 2181 5591 ,non
2226 5527 2361 5597 Deo,
2393 5528 2489 5584 sed
2538 5527 2763 5585 homini
2810 5543 2870 5583 se
2922 5526 3206 5583 debitores
3254 5524 3609 5591 existimant,
3638 5529 3765 5579 tan-

2066 5632 2239 5689 quam
2268 5634 2302 5675 a
2334 5619 2422 5677 sui
2458 5616 2633 5675 fontis
2662 5615 2993 5687 irrigatione
3025 5615 3241 5687 siccati,
3300 5629 3531 5673 necesse
3568 5618 3671 5683 est,
3702 5617 3765 5668 ut
