4018 6194
131 245 135 248 ’
157 239 229 299 101

954 230 1204 292 OPUSC.
1249 231 1346 289 VI.
1389 262 1457 274 —
1497 229 1722 289 LIBER
1765 228 1892 300 QUI
1931 229 2234 290 DICITUR
2273 228 2800 290 GRATISSIMUS.

3524 229 3627 288 10‘2

153 364 460 424 deficientes
485 364 744 420 arescant
774 377 790 430 ;
823 374 931 418 nec
964 359 1026 416 in
1061 357 1381 431 semetipsis
1413 356 1608 415 valent
1636 355 2051 423 ﬂuere,Acum
2098 355 2234 414 dicit
2274 379 2286 414 :
2351 380 2370 404 ι
2424 355 2506 413 Ite
2555 355 2615 412 in
2665 353 2862 412 orbem
2919 351 3287 424 universum,
3347 352 3624 427 baptizate
3681 367 3689 382 λ’

154 456 269 513 dum
333 453 407 510 ab
461 449 729 522 originali
773 448 1133 522 plenitudine
1192 447 1365 504 fontis
1421 447 1842 505 obliviscuntur

154 544 456 610 ubertatem
489 555 610 597 sum
645 536 1022 608 vegetationis
1075 534 1325 592 haurire.
1375 534 1540 592 Unde
1584 550 1698 591 non
1749 533 1842 590 in-

153 644 385 702 congrue
431 643 533 700 pcr
579 625 946 684 Salomonem
1001 623 1251 679 dicitur:
1298 643 1318 672 α
1361 621 1590 690 Omnia,
1629 620 1839 693 inquit,

153 717 375 778 ﬂumina
405 716 620 772 intrant
653 713 711 769 in
745 728 918 781 mare,
951 718 1005 768 et
1039 725 1195 767 mare
1230 725 1346 767 non
1391 709 1678 767 redundat
1710 732 1722 764 :
1771 709 1844 766 ad

153 805 320 862 locum
354 802 510 858 unde
539 805 774 862 exeunt.
811 797 1055 855 ﬂumina
1104 804 1493 864 revertuntur,
1527 804 1591 853 ut
1632 796 1844 853 iterum

157 896 317 953 ﬂuant
349 895 546 959 (Eccle.
576 892 630 961 1).
668 913 693 938 »
728 889 900 946 Hunc
937 903 1278 966 excursum,
1320 894 1491 959 atque
1541 901 1846 962 recursum

156 981 531 1057 spiritualium
586 980 899 1036 ﬂuminum
952 976 1192 1050 mystice
1250 975 1434 1033 Lucas
1492 973 1847 1046 evangelista

159 1072 423 1134 describit.
453 1085 585 1128 cum
615 1071 735 1128 ait:
776 1093 800 1119 α
832 1068 999 1137 Quia,
1049 1065 1377 1125 convocatis
1414 1064 1584 1122 Jesus
1625 1063 1843 1121 duode-

157 1162 250 1220 cim
312 1159 605 1233 apostolis,
674 1157 830 1214 dedit
894 1155 1011 1213 illis
1067 1157 1339 1213 virtutem
1397 1160 1452 1210 et
1510 1158 1844 1225 potestatem

159 1267 311 1324 super
353 1249 552 1307 omnia
600 1247 908 1317 daemonia,
948 1251 1002 1303 et
1033 1251 1097 1304 ut
1127 1245 1433 1317 languores
1472 1249 1758 1312 curarent,
1791 1249 1846 1299 et

158 1339 293 1396 misit
342 1336 475 1394 illos
521 1336 830 1409 praedicare
870 1349 1115 1406 regnum
1165 1333 1269 1389 Dei
1315 1335 1466 1400 (Luc.
1497 1334 1603 1402 IX).
1643 1353 1664 1380 ι
1701 1331 1846 1388 Ecce

157 1443 402 1502 egressus
433 1425 785 1493 ﬂuminum;
822 1441 888 1482 ac
914 1422 1280 1498 postmodum
1315 1422 1508 1481 subdit
1539 1446 1550 1479 :
1589 1443 1615 1474 ‹‹
1656 1421 1725 1478 Et
1752 1437 1844 1477 re-

159 1515 289 1571 versi
331 1512 576 1586 apostoli
622 1517 1002 1569 narraverunt
1051 1509 1136 1567 illi
1173 1525 1537 1583 quaecunque
1586 1509 1846 1566 fecerunt

159 1604 346 1675 (Ibid).
380 1625 408 1649 ι
441 1602 583 1658 Ecce
619 1600 866 1657 reditum
898 1598 1216 1657 ﬂuminum
1244 1617 1257 1654 :
1297 1621 1322 1647 υ
1348 1597 1437 1656 Ad
1465 1598 1656 1655 locum
1686 1613 1840 1670 ergo,

159 1693 292 1752 unde
319 1697 558 1760 exeunt,
586 1689 830 1747 ﬂumina
859 1693 1228 1746 revertuntur
1255 1704 1269 1758 ;
1305 1709 1331 1736 π
1363 1687 1499 1760 quia
1525 1686 1689 1744 electi
1720 1685 1845 1759 qui-

157 1799 253 1857 que
281 1783 368 1840 illi
400 1799 460 1840 se
487 1782 773 1840 debitores
803 1797 924 1839 esse
953 1795 1068 1838 non
1101 1778 1424 1850 ambigunt,
1458 1795 1491 1836 a
1539 1794 1652 1852 quo
1684 1779 1842 1835 vide-

159 1875 266 1933 licet
293 1876 610 1932 hauscraut
637 1887 808 1931 omne
838 1871 990 1946 quod
1031 1869 1410 1944 spiritualiter
1438 1871 1646 1929 ﬂuunt.
1683 1870 1846 1928 Unde

158 1974 202 2022 et
242 1964 460 2022 Paulus
507 1964 627 2021 ait:
671 1985 709 2034 γε
763 1961 1086 2019 Divisiones
1142 1976 1277 2018 vero
1324 1961 1638 2034 gratiarum
1688 1968 1844 2031 sunt,

157 2054 290 2110 idem
321 2060 519 2110 autem
561 2050 851 2124 Spiritus;
901 2056 956 2107 et
998 2048 1314 2107 divisiones
1351 2048 1845 2106 ministrationum

160 2152 296 2215 sunt,
331 2143 488 2201 idem
527 2150 721 2200 autem
760 2141 1084 2211 Dominus;
1119 2149 1174 2198 et
1211 2139 1528 2198 divisiones
1565 2138 1845 2212 operatio-

159 2247 284 2289 num
313 2239 471 2301 sunt,
504 2232 656 2288 idem
685 2246 822 2289 vero
853 2231 1024 2300 Deus,
1074 2231 1173 2302 qui
1227 2236 1494 2302 operatur
1538 2228 1734 2286 omnia
1785 2227 1846 2284 in

159 2320 434 2378 omnibus.
486 2345 512 2369 υ
565 2319 784 2392 Nempe
831 2334 964 2376 cum
1015 2318 1268 2391 primum
1317 2325 1492 2390 ponat
1542 2315 1844 2392 Spiritum,

160 2414 348 2472 deinde
379 2414 692 2488 subjungat
725 2413 1059 2481 Dominum,
1101 2418 1388 2485 postremo
1427 2412 1631 2482 Deum,
1665 2419 1848 2469 osten-

159 2504 229 2561 dit
245 2512 500 2562 sanctam
526 2504 886 2572 Trinitatem,
913 2519 1098 2561 unum
1121 2503 1338 2561 scilicet
1359 2503 1563 2572 Deum,
1582 2503 1848 2560 omnium

158 2595 463 2664 gratiarum
520 2609 644 2652 esse
701 2593 1096 2652 indubitanter
1143 2599 1456 2660 auctorem.
1514 2591 1642 2665 Ipse
1694 2591 1850 2650 enim

157 2697 248 2740 sua
275 2685 430 2741 dona
460 2682 779 2753 distribuit,
817 2683 916 2756 qui
964 2682 1328 2754 singulorum
1369 2681 1594 2750 merita,
1627 2687 1680 2739 et
1713 2696 1852 2755 ope-

158 2785 272 2838 rum
311 2773 676 2831 diversitates
704 2773 922 2831 occulta
951 2771 1280 2845 provisione
1306 2771 1606 2830 discernit.

749 2921 845 2980 88
880 2923 1124 2984 CAPUT
1172 2924 1249 2983 II.

157 3036 293 3102 Quod
323 3037 581 3093 sacerdos
606 3038 844 3092 exterius
872 3039 1174 3161 ministret,
1203 3033 1299 3090 sed
1325 3037 1467 3090 Deus

851 3123 1097 3161 consecra
1129 3150 1142 3161 .

851 3123 1142 3164 consecrat.

215 3228 579 3303 Quapropter
627 3229 799 3302 plena
855 3228 967 3285 fide
1014 3225 1367 3284 credendum
1419 3230 1524 3296 est,
1573 3220 1726 3296 quod
1779 3220 1860 3278 sic

153 3319 433 3378 ministris
485 3321 607 3378 suis
657 3320 919 3377 Christus
971 3316 1366 3376 ecclesiastica:
1415 3312 1862 3373 consecrationis

153 3407 364 3482 delegat
393 3408 672 3480 ofﬁcium,
708 3415 772 3466 ut
796 3415 983 3465 tamen
1016 3407 1169 3480 apud
1202 3421 1261 3462 se
1292 3405 1559 3462 omnium
1587 3401 1861 3460 ordinum

150 3503 439 3560 contineat
489 3501 886 3575 principaliter
934 3505 1403 3565 sacramentum;
1451 3494 1648 3568 sicque
1682 3492 1864 3551 servis

154 3591 528 3659 promovendi
572 3605 878 3648 conservos
915 3585 1302 3645 ministerium
1341 3588 1642 3656 praerogat,
1689 3588 1756 3639 ut
1798 3581 1859 3638 in

153 3683 446 3739 neminem
478 3682 670 3753 ipsum
699 3677 1068 3738 consecrandi
1093 3677 1209 3748 jus,
1250 3675 1636 3746 virtutemque
1675 3679 1858 3729 transi

153 3767 369 3828 fundat.
421 3770 580 3827 Licet
613 3770 768 3826 enim
815 3768 1112 3840 pontifices
1153 3781 1251 3838 per
1290 3765 1570 3837 injunctm
1610 3761 1861 3819 admini-

150 3857 446 3913 strationis
495 3854 766 3913 ofﬁcium’
796 3869 1127 3911 consecrare
1177 3851 1485 3908 videantur
1537 3869 1550 3918 ;
1612 3849 1709 3906 sed
1766 3848 1865 3905 ille

154 3943 435 4000 veraciter
469 3948 778 4012 consecrat,
813 3942 912 4013 qui
954 3933 1236 4014 spiritum
1280 3949 1548 3996 sanctum
1592 3935 1865 3994 invisibi-

152 4028 273 4088 liter
325 4033 454 4089 dat.
495 4031 664 4087 Alius
707 4044 958 4103 namque
1011 4035 1115 4098 est,
1168 4028 1269 4101 qui
1318 4031 1483 4096 orat;
1539 4025 1713 4094 alius,
1765 4022 1867 4095 qui

151 4120 407 4176 exaudit.
447 4117 610 4174 Alter
640 4116 758 4184 ille,
799 4113 906 4187 qui
941 4114 1080 4188 petit
1109 4113 1326 4182 ;‘alter,
1359 4111 1460 4185 qui
1489 4109 1865 4183 petitionibus

147 4209 369 4265 annuit.
409 4205 556 4275 Quis
583 4213 667 4262 est
694 4206 872 4274 enim,
903 4203 1006 4276 qui
1045 4219 1105 4260 se
1135 4202 1302 4259 Petro
1332 4208 1387 4258 et
1417 4200 1627 4258 Joanni
1661 4199 1867 4257 audeat

147 4311 486 4370 comparare
511 4295 540 4352 ?
570 4295 639 4352 Et
669 4301 859 4350 tamen
890 4293 960 4349 de
990 4291 1130 4364 ipsis
1158 4291 1368 4347 dicitur
1397 4313 1409 4346 :
1452 4313 1472 4339 ι
1517 4287 1663 4356 Quia
1703 4287 1865 4345 missi

149 4379 498 4450 Samariam,
561 4381 924 4454 imponentes
997 4393 1206 4435 manus
1277 4375 1368 4442 iis,
1434 4375 1534 4448 qui
1597 4373 1862 4446 baptizati

150 4475 402 4545 fuerant,
437 4477 757 4532 oraverunt
795 4485 896 4544 pro
927 4470 1086 4542 ipsis,
1140 4476 1194 4525 et
1227 4466 1313 4524 illi
1356 4472 1694 4539 acceperunt
1739 4463 1868 4535 Spi-

147 4563 315 4621 ritum
360 4571 639 4620 sauctum
688 4561 830 4631 (Act.
873 4565 1020 4626 VIII).
1065 4580 1086 4608 »
1125 4555 1249 4613 Non
1285 4557 1418 4627 ergo
1456 4569 1656 4612 eorum
1693 4552 1869 4625 largi-

1923 460 2124 520 omnes
2162 446 2221 501 in
2266 445 2500 502 nomine
2530 443 2727 507 Patris,
2761 450 2816 500 et
2846 442 2999 513 Filii,
3047 448 3102 499 et
3147 440 3394 514 Spiritus
3446 441 3628 500 sancti

1925 538 2140 607 (Matth.
2172 543 2389 603 XXVIII)
2421 559 2432 604 ;
2470 557 2492 586 ι
2527 534 2821 592 evidenter
2857 533 3124 601 ostendit,
3161 536 3297 606 quia
3338 549 3450 591 non
3494 532 3625 605 ipsi,

1925 626 2023 683 sed
2082 626 2176 682 ille
2232 625 2431 697 procul
2485 625 2661 683 dubio
2709 623 3070 698 baptismatis
3118 629 3318 680 auctor
3370 629 3509 688 erat,
3564 621 3627 679 iu

1927 714 2099 785 cujus
2164 714 2248 792 illi
2321 714 2554 772 nomine
2613 713 2994 786 baptizabant.
3059 711 3221 770 Unde
3270 719 3324 770 et
3377 712 3628 770 Joannes
3701 710 3726 725 “

1927 800 2178 872 Baptista
2227 801 2404 859 dicit:
2446 823 2467 851 (ι
2510 800 2618 868 Qui
2663 817 2755 858 me
2805 800 2962 857 misit
3012 798 3297 872 baptizare
3348 799 3408 856 iu
3451 815 3624 874 aqua,

1928 889 2026 945 ille
2064 889 2207 946 mihi
2250 889 2440 946 dixit:
2483 887 2667 960 Super
2715 904 2891 963 quem
2947 888 3160 951 videris
3208 888 3486 961 Spiritum
3529 889 3626 946 de-

1929 963 2420 1044 scendentem,‘et
2469 984 2797 1035 manentem
2845 993 3016 1050 super
3060 992 3215 1046 eum,
3245 977 3342 1034 hic
3389 983 3492 1047 est,
3525 976 3629 1050 qui

1928 1065 2172 1139 baptizat
2228 1068 2399 1136 (Joan.
2447 1069 2506 1132 ι).
2553 1089 2574 1116 ι)
2617 1065 2687 1122 Et
2739 1073 2929 1122 tamen
2976 1064 3326 1138 evangelista
3375 1065 3629 1124 Joannes

1928 1157 2044 1213 ait:
2085 1181 2110 1206 α
2143 1157 2485 1230 Quanquam
2514 1155 2680 1214 Jesus
2708 1171 2824 1214 non
2855 1155 3184 1227 baptizaret,
3223 1155 3320 1213 sed
3355 1155 3629 1229 discipuli

1927 1249 2071 1322 ejus.
2105 1273 2130 1300 υ
2164 1249 2307 1306 Ecce
2337 1248 2617 1307 Dominus
2643 1264 2763 1307 non
2797 1248 3058 1322 baptizat,
3093 1256 3144 1307 et
3178 1256 3369 1308 tamen
3414 1244 3498 1308 de
3529 1250 3628 1308 illo

1927 1340 2176 1398 dicitur:
2234 1361 2260 1392 «
2303 1339 2413 1412 Hic
2458 1347 2563 1408 est,
2612 1340 2712 1412 qui
2758 1339 3038 1412 baptizat;
3087 1366 3113 1390 »
3174 1341 3310 1415 quia
3361 1339 3630 1414 quisquis

1925 1429 2251 1503 baptizandi
2279 1429 2516 1487 exhibet
2543 1429 2957 1500 ministerium,
2990 1429 3092 1486 ille
3129 1435 3324 1487 tamen
3359 1437 3630 1503 operatur

1925 1517 2156 1575 virtutis
2181 1517 2404 1574 intimae
2433 1526 2876 1577 sacramentum.
3675 1515 3678 1520 ’

2587 1640 2829 1699 CAPUT
2860 1641 2963 1700 III.

1860 1709 1907 1769 B
1929 1739 2082 1805 Quod
2116 1740 2258 1793 sicut
2288 1754 2427 1794 unus
2465 1744 2565 1808 est,
2596 1742 2692 1808 qui
2721 1740 3006 1809 baptizat;
3050 1742 3132 1795 ita
3165 1757 3305 1796 unus
3345 1740 3490 1795 idem
3529 1745 3627 1805 est,

2359 1812 2456 1880 qui
2487 1811 2873 1880 principaliter
2915 1817 3203 1868 consecrat.

2004 1917 2066 1975 Si
2103 1916 2234 1991 quis
2266 1921 2458 1974 autem
2500 1916 2645 1973 mihi
2696 1917 2950 1975 fortassis
2999 1918 3250 1990 objiciat,
3297 1919 3459 1978 aliud
3507 1934 3632 1978 esse

1928 2005 2278 2079 baptismum
2328 2005 2600 2062 humanae
2644 2005 3112 2077 regenerationis,
3145 2006 3301 2064 aliud
3329 2023 3632 2066 consecra-

1933 2094 2104 2152 tionis
2151 2093 2551 2152 ecclesiasticae
2608 2092 2948 2166 dignitatem
3002 2112 3017 2165 ;
3076 2111 3178 2153 nos
3228 2095 3515 2169 quidquid
3570 2092 3633 2154 in

1933 2185 2038 2242 hac
2071 2192 2224 2256 iarte
2263 2183 2333 2242 de
2366 2183 2649 2256 baptismo
2679 2184 2988 2254 credimus,
3026 2191 3206 2242 totum
3245 2185 3634 2244 nihilominus

1931 2279 1987 2330 et
2022 2273 2092 2330 de
2139 2271 2567 2330 consecratione
2607 2273 2910 2331 sentimus.
2962 2273 3108 2330 Nam
3146 2289 3278 2332 cum
3312 2274 3635 2349 baptismus

1931 2360 2106 2418 totius
2156 2359 2520 2417 ecclesiastici
2571 2361 2913 2418 sacramenti
2963 2361 3124 2433 origo
3159 2362 3251 2432 sit,
3297 2370 3466 2435 atque
3513 2364 3632 2437 pri-

1930 2449 2246 2520 mordium,
2299 2447 2446 2505 sicut
2500 2449 2815 2521 baptismus
2863 2449 2964 2506 Dei
3003 2457 3086 2506 est
3121 2457 3175 2506 et
3208 2465 3323 2506 non
3358 2451 3633 2521 hominis,

1932 2536 2010 2594 ita
2079 2535 2361 2593 nimirum
2437 2537 2629 2593 omnis
2697 2536 3076 2595 ecclesiaStica
3144 2539 3494 2596 consecratio
3543 2538 3635 2596 illi

1933 2626 2254 2700 specialiter
2293 2626 2579 2698 competit,
2621 2642 2655 2683 a
2691 2642 2807 2700 quo
2854 2625 3120 2684 omnium
3158 2627 3633 2686 benedictionum

1935 2713 2029 2770 89
2061 2716 2358 2789 plenitudo
2390 2715 2682 2787 proﬂuxit.
2725 2715 2805 2772 De
2836 2731 2951 2789 quo
2981 2715 3245 2774 videlicet
3281 2717 3589 2790 Apostolus
3618 2737 3631 2775 :

1937 2829 1964 2858 α
1994 2805 2104 2875 Qui
2135 2805 2432 2863 benedixit
2462 2821 2588 2876 nos,
2634 2805 2841 2878 inquit,
2883 2805 3043 2863 omni
3085 2805 3481 2865 benedictione
3520 2806 3635 2880 spi-

1935 2893 2131 2952 rituali
2180 2893 2240 2950 iu
2281 2891 2613 2950 coelestibus
2665 2895 2884 2964 (Ephes.
2926 2895 3045 2958 1).»
3088 2893 3287 2968 Neque
3338 2895 3493 2952 enim
3545 2895 3638 2953 vel

1936 2982 2058 3056 ipse
2102 2981 2441 3054 baptismus,
2487 2980 2580 3038 vel
2623 2997 2858 3054 prorsus
2901 2981 3096 3055 aliqua
3133 2985 3481 3042 consecratio
3523 3000 3640 3042 ma-

1496 3033 1852 3088 invisibiliter

2010 3033 2056 3040 -_
2102 3033 2441 3054 __,.-____-__,
2503 3033 2580 3038 .-_
2664 3033 2856 3040 ψη-
2903 3033 2980 3039 _--
3028 3033 3096 3055 ﬂ,
3136 3033 3479 3042 ---.------.-
3527 3033 3619 3042 ..._

2010 3084 2121 3127 .um
2149 3067 2370 3140 aliquid
2397 3033 2700 3136 diceretIIr,
2735 3067 2849 3125 nisi
2881 3033 3098 3126 intuitu
3133 3069 3385 3142 Spiritus
3432 3069 3638 3140 sancti,

1941 3157 2044 3234 qui
2095 3172 2195 3229 per
2245 3156 2520 3213 exercitia
2566 3154 2664 3213 illa
2716 3154 3012 3212 tribuitur.
3069 3155 3237 3227 Nam,
3288 3165 3352 3214 ut
3400 3158 3639 3228 dicitur,

1941 3247 2083 3321 quid
2112 3251 2197 3303 est
2241 3261 2412 3318 aqua,
2443 3244 2557 3302 nisi
2596 3245 2798 3317 aqua?
2850 3243 2960 3302 Sed
3011 3245 3227 3302 accedit
3271 3247 3516 3304 verbum
3566 3245 3639 3302 ad

1945 3335 2319 3404 elementum,
2349 3338 2405 3390 et
2425 3331 2802 3390 descendente
2831 3331 3071 3404 Spiritu,
3100 3331 3166 3387 ﬁt
3191 3339 3638 3390 sacramentum.

2017 3424 2162 3482 Cum
2211 3437 2370 3496 ergo—
2396 3422 2458 3479 in
2500 3430 2749 3496 utroque
2791 3421 3262 3500 sanctiﬁcationis
3297 3438 3504 3495 genere
3536 3422 3645 3480 hoc

1946 3513 2020 3572 sit
2071 3518 2253 3570 totum
2303 3516 2478 3585 atque
2521 3509 2923 3583 magnificum,
2970 3509 3124 3583 quod
3160 3509 3281 3567 sive
3311 3510 3508 3582 abiis,
3542 3510 3646 3584 qui

1944 3603 2322 3676 baptizantur,
2359 3601 2482 3660 sive
2528 3601 2600 3659 ab
2647 3600 2738 3670 iis,
2775 3599 2877 3673 qui
2927 3607 3357 3673 consecrantur,
3395 3600 3648 3675 Spiritus

1946 3701 2176 3753 sanctus
2229 3692 2528 3766 accipitur,
2587 3692 2735 3750 sicut
2785 3707 2901 3750 non
2958 3691 3234 3750 humanae
3281 3693 3506 3764 virtuti,
3556 3692 3654 3751 vel

1945 3784 2226 3858 potestati,
2286 3783 2385 3840 sed
2438 3783 2658 3840 auctori
2711 3783 2828 3840 Deo
2882 3780 3208 3854 baptismus
3245 3783 3592 3841 adscribitur
3636 3807 3650 3840 :

1947 3875 2025 3934 ita
2052 3873 2439 3932 nihilominus
2487 3880 2542 3930 et
2589 3871 2864 3946 quaelibet
2893 3871 3274 3929 ecclesiastica
3301 3871 3654 3932 consecratio

1947 3964 2017 4021 ad
2067 3962 2236 4019 illum
2275 3977 2374 4034 per
2405 3961 2621 4028 omnia,
2653 3975 2885 4018 necesse
2915 3964 3017 4027 est,
3050 3959 3351 4030 referatur,
3383 3966 3654 4031 operante

1947 4047 2231 4122 siquidem
2257 4047 2318 4103 in
2348 4046 2608 4118 utrisque
2635 4044 2976 4101 multiformi
3001 4043 3185 4116 gratia
3211 4044 3313 4100 Dei
3339 4063 3357 4115 ;
3391 4052 3446 4102 et
3472 4050 3538 4102 ut
3564 4044 3653 4102 illi

1948 4136 2370 4195 absolutionem
2426 4133 2722 4191 obtineant
2772 4139 3152 4204 peccatorum,
3203 4139 3258 4189 et
3300 4132 3397 4189 isti
3447 4148 3656 4205 prove-

1950 4227 2163 4283 hantur
2193 4222 2263 4280 ad
2293 4219 2684 4294 spiritualium
2709 4219 2943 4276 ordines
2968 4217 3338 4292 dignitatum.
3371 4218 3464 4276 Illi
3492 4219 3657 4277 exuti

1952 4317 2204 4368 veterem
2235 4323 2368 4366 cum
2405 4307 2628 4364 actibus
2659 4306 2890 4375 erroris,
2929 4321 3149 4363 novum
3183 4303 3431 4362 induant
3465 4305 3660 4364 homi-

1881 4413 2129 4477 Dnem;
2170 4395 2264 4454 isti
2305 4403 2577 4468 tanquam
2614 4393 2933 4451 sacerdotes
2973 4393 3074 4450 Dei
3124 4393 3442 4450 induantur
3481 4391 3661 4462 justi-

1953 4486 2050 4544 tia.
2086 4485 2177 4542 Illi
2217 4483 2385 4558 quasi
2425 4484 2595 4541 modo
2644 4482 2826 4554 geniti
2858 4481 3107 4538 infantes
3141 4480 3507 4539 rationabiles
3539 4480 3665 4539 sine

1953 4577 2084 4636 dolo
2123 4577 2207 4634 lac
2251 4575 2699 4648 concupiscant;
2735 4573 2829 4630 isti
2861 4580 2923 4631 ut
2955 4573 3298 4646 perveniant
3329 4572 3389 4629 in
3425 4589 3663 4632 mensu-

142 4654 266 4717 ωε,
303 4649 416 4705 sed
452 4644 799 4714 ministerio,
828 4659 894 4701 ac
922 4642 1163 4715 proinde
1197 4655 1312 4697 non
1346 4638 1463 4695 illis
1494 4637 1860 4707 donantibus1

2010 4684 2078 4726 till
2119 4666 2303 4724 aetatis
2337 4637 2718 4736 plenitudinis
2748 4637 2979 4720 Christi.
3013 4661 3298 4734 Operatur
3330 4662 3390 4719 in
3431 4662 3570 4734 illis,
3604 4671 3667 4722 ut

147 4738 236 4793 sed
313 4737 660 4826 omnum?)
725 4732 1008 4826 δβίτίωδ,
1051 4737 1304 4826 δθῃθίυδ,
1344 4743 1517 4801 super
1577 4727 1872 4784 credentes
1958 4758 2100 4814 fiant
2137 4755 2245 4812 filii
2275 4727 2616 4826 adoptionis,
2658 4751 2721 4808 in
2759 4750 2884 4807 istis
2915 4727 3109 4807 autem
3152 4757 3216 4807 ut
3250 4750 3366 4807 sint
3411 4727 3666 4812 ministri

147 4827 396 4900 iilapsus
449 4831 553 4883 est.
607 4824 772 4881 Unus
802 4829 886 4880 est
917 4821 1074 4878 enim
1113 4819 1376 4878 sacerdos
1416 4831 1684 4889 magnus,
1719 4829 1860 4871 unus

2010 4819 2457 4918 dispensatores
2487 4819 2943 4897 ministeriorum
2990 4838 3115 4896 Dei.
3166 4838 3260 4896 Illi
3288 4855 3540 4915 namque
3567 4859 3668 4917 per

151 4919 414 5011 Potiti”
454 4929 746 5011 summuS’
779 4913 881 4986 qni
925 4911 1184 5011 ῘηίῘῸΪΥῘῩ
1225 4907 1425 4977 Semel’
1962 4907 2243 5008 Spiritum
2289 4935 2713 4988 renascuntur:
2758 4926 2853 4983 isti
2901 4927 3102 4985 eodem
3143 4907 3487 5002 disponente
3537 4907 3668 5011 Spi-

153 5006 283 5064 libet
308 5012 527 5065 sancta
559 5010 910 5070 sanctorum,
941 5004 1040 5058 sed
1071 4999 1130 5056 in
1161 4999 1351 5071 ipsum
1393 4995 1627 5064 coelum,
1661 4998 1724 5050 ut
1770 5008 1860 5065 ap-

486 5094 498 5102 .
580 5092 590 5101 .
635 5091 674 5102 η
720 5091 730 5100 .
977 5088 1026 5102 ..
1097 5091 1165 5102 ,π
1200 5088 1214 5102 ,
1312 5089 1394 5102 __.
1459 5083 1540 5102 η,
1578 5097 1682 5102 ____
1717 5080 1846 5102 nu-

2010 4995 2104 5100 .‘tu,
2129 5030 2272 5102 jam,
2302 5033 2368 5084 ut
2393 5024 2543 5082 ﬁlios
2573 5021 2672 5079 Dei
2697 5028 2997 5095 gemerent,
3027 4995 3419 5096 praeferuntur
3447 4995 3666 5096 (Eplies.

153 5104 343 5188 parem
389 5092 596 5150 νυιιιιί
633 5091 734 5148 Dei
764 5105 868 5188 ιπρ
893 5088 1062 5146 nobis
1091 5088 1275 5188 (ξιεδτι
1312 5089 1418 5154 υυο
1571 5097 1688 5188 ςιεαε
1704 5080 1880 5188 1s:-
1964 5080 2457 5188 sistatis,
2495 5080 2653 5169 aut.
2693 5080 2927 5184 sum.
2977 5080 3667 5186 λφεέέλῑξξοίηῖλνιίι;

155 5179 324 5279 licet,"
359 5191 658 5279 tanquam
698 5179 964 5279 quodam.
980 5177 1230 5279 "vertice,
1279 5189 1452 5230 omne
1485 5169 1884 5279 sacerdotium
1964 5165 2630 5279 ἔαξατῖ’1’ξξξ”1’ξο;,ξιῆξ

155 5286 250 5341 per
281 5269 578 5329 Ecclesiae
617 5267 878 5324 membra
911 5264 1303 5332 diffunditur;
1345 5275 1538 5330 omne,
1591 5257 1749 5332 quod
1793 5273 1884 5314 sa-

155 5330 314 5418 crum
366 5366 470 5418 est
519 5355 892 5414 ineﬂ'abiliter
940 5330 1302 5432 propagatur.
1351 5350 1516 5408 Unde
1549 5330 1682 5407 cum
1712 5348 1884 5405 disci-
2635 5330 2876 5390 CAPUT
2908 5331 3008 5390 IV.

157 5450 322 5518 pulos
359 5450 445 5505 ad
499 5444 907 5518 baptizandum
951 5441 1128 5511 misit,
1175 5456 1287 5498 non
1321 5439 1380 5496 in
1415 5455 1511 5497 eos
1547 5437 1887 5495 sacramenti
1917 5495 1929 5503 ,
1971 5435 2124 5503 Quod
2153 5438 2411 5490 Dominus
2458 5448 2576 5488 cum
2619 5431 3088 5518 baptismousimul
3121 5435 3172 5485 et
3207 5432 3501 5488 sacerdotii
3540 5435 3677 5505 jura

157 5508 449 5598 virtutem
513 5508 826 5600 transtulit,
886 5534 981 5590 sed
1038 5508 1426 5590 obedientiam
1481 5528 1696 5585 indidit
1751 5545 1766 5598 ;
1835 5534 1891 5584 et
2693 5508 2947 5571 εαεσθΡῖεο

158 5647 270 5689 non
319 5635 611 5688 auctores
660 5625 929 5698 baptismi
985 5623 1085 5681 sed
1139 5622 1434 5680 ministros
1488 5619 1694 5678 effecit.
1745 5618 1892 5676 Nam
2049 5612 2282 5672 Sincera
2332 5608 2510 5682 igitur
2563 5614 2732 5680 atque
2797 5606 3020 5682 integra
3077 5606 3221 5666 fides
3274 5608 3464 5681 habet,
3521 5609 3677 5684 quod
