4018 6194
341 222 437 282 103
791 221 849 281 s.
894 208 1115 281 PETRI
1156 222 1477 281 DAMIANI
1518 224 1675 283 ore.
1720 223 1923 282 TOMU

2223 222 2384 282 ἈΒΕ
2423 224 2524 281 ΙΙΙ.
2574 254 2631 266 -
2676 224 3061 287 OPUSCULA
3103 228 3359 287 VABIA.
3716 232 3810 292 104

334 347 485 406 sicut
554 344 894 418 baptismus,
971 345 1049 405 ita
1122 354 1177 403 et
1234 346 1621 405 nihilominus
1672 345 2097 405 sacerdotalisA
2116 344 2381 403 videatur
2418 355 2733 422 acceptum,
2766 351 2941 409 claret
2976 352 3329 425 baptismum
3380 355 3463 412 sic
3510 372 3633 415 esse
3677 373 3813 415 con-

330 437 700 507 consecratio,
766 437 933 495 nulla
996 437 1355 494 sordentium
1431 438 1832 496 ministrorum
1909 438 2035 495 labe
2116 435 2448 492 sacrationis
2489 437 2886 497 ecclesiastica:
2942 442 3387 500 fundamentum
3436 452 3609 518 atque
3654 447 3813 519 prin-

332 525 631 599 polluitur,
681 524 845 583 nullo
874 525 1052 581 alieni
1084 532 1278 582 reatus
1308 526 1551 583 crimine
1591 526 1839 583 violatur
1873 547 1885 583 :
1935 524 2030 584 Sed
2115 523 2329 595 cipium
2364 544 2375 581 :
2412 532 2474 582 ut
2503 527 2603 600 qui
2635 528 2902 601 baptismi
2934 530 3317 603 principatum
3342 540 3558 591 tenere
3603 551 3812 609 cogno-

332 612 711 686 quantumvis
741 611 1120 681 facinorosus,
1153 612 1525 684 quantislibet
1568 612 1640 670 sit
1688 612 2034 670 criminibus
2115 614 2311 683 scitur,
2364 615 2483 688 ipse
2532 617 2915 679 nihilominus
2960 623 3406 681 consecrationis
3446 632 3647 683 auctor
3682 626 3811 684 abs-

330 703 630 761 involutus
667 702 785 771 ille,
831 702 932 775 qui
977 708 1311 772 consecrat;
1369 703 1438 771 is,
1494 702 1595 774 qui
1649 710 2029 772 consecratur,
2116 720 2229 775 que
2259 705 2376 763 ulla
2406 722 2642 779 prorsus
2669 711 3045 783 ambiguitate
3081 714 3362 785 credatur.

332 791 498 850 nullo
542 796 770 862 propter
815 791 920 847 hoc
949 789 1092 846 sacri
1134 789 1393 846 muneris
1426 789 1770 846 detrimento
1812 790 2035 862 percel-

331 878 494 949 litur,
544 894 649 935 nec
689 879 883 952 aliqua
917 878 1163 936 caelestis
1211 878 1408 950 gratiae
1445 878 1829 935 diminutione
1874 878 2033 935 frau-
2790 869 3033 929 CAPUT
3068 872 3138 930 V.

331 967 518 1026 datur.
552 966 681 1025 Non
720 968 878 1024 enim
913 983 984 1024 ex
1018 967 1221 1024 merito
1261 966 1609 1035 sacerdotis;
1635 966 1731 1023 sed
1784 983 1857 1023 ex
1907 967 2032 1033 otii-

330 1055 440 1127 cio,
472 1071 588 1129 quo
620 1055 902 1129 fungitur,
935 1055 1376 1113 consecrationis
1415 1054 1758 1127 mysterium
1798 1055 1855 1111 in
1888 1055 2032 1113 alte-

332 1163 465 1207 rum
516 1154 904 1221 propagatur:
952 1163 1057 1204 nec
1110 1147 1342 1219 expedit
1384 1148 1441 1203 in
1479 1154 1865 1205 consecratore
1894 1164 2034 1204 con-
2206 1220 2213 1221 ί
3808 1190 3817 1193 _

329 1220 904 1307 sideraregqualiter
956 1234 1124 1304 vixit,
1190 1233 1285 1290 sed
1340 1233 1731 1290 ministerium
1782 1240 2035 1290 tantum—
2188 1220 2350 1289 Οἱ]Οά
2381 1239 2516 1282 Cum
2547 1225 2626 1282 ita
2652 1227 2744 1293 Sit.
2792 1227 2931 1299 quid
2977 1244 3168 1287 0311883
3209 1229 3298 1299 Sit,
3350 1245 3453 1304 ego
3483 1246 3597 1289 Ποῐι
3629 1231 3813 1301 Video;

332 1323 501 1379 modo
550 1321 967 1379 attendendum
1020 1329 1120 1386 est,
1179 1323 1329 1396 quod
1380 1322 1613 1393 accepit.
1664 1321 1823 1379 Sicut
1877 1322 2033 1379 enim
2120 1326 2252 1368 cum
2281 1312 2598 1386 baptizatus
2627 1317 2799 1373 etiam
2826 1317 2895 1374 ab
2923 1319 3212 1390 haeretico,
3247 1337 3363 1377 non
3388 1321 3812 1394 rebaptizetur:

330 1411 501 1469 mum
553 1417 706 1481 sunt,
764 1411 865 1484 qui
926 1411 1250 1483 baptizandi
1314 1411 1641 1481 funguntur
1691 1409 1878 1467 omcio
1913 1428 1926 1477 ;
1983 1416 2036 1466 et
2119 1416 2223 1457 cur
2257 1408 2604 1471 promotusa
2636 1402 2981 1475 Simoniaco,
3016 1407 3162 1464 sicut
3191 1406 3420 1477 dicitur,
3455 1409 3546 1465 vel
3576 1410 3820 1482 depona-

331 1504 521 1556 tamen
564 1485 719 1557 unus
766 1506 867 1569 est,
908 1498 1005 1571 qui
1058 1499 1350 1572 baptizat:
1408 1497 1485 1554 ita
1531 1498 1660 1555 licet
1713 1498 1883 1555 multi
1923 1497 2037 1554 sint
2120 1494 2231 1557 tur,
2257 1489 2347 1544 vel
2369 1489 2557 1548 denuo
2577 1493 2981 1551 consecretur?
3007 1494 3063 1552 Si
3088 1496 3585 1570 enimbaptismus
3604 1516 3704 1571 per
3724 1500 3821 1557 ho-

330 1588 667 1657 sacerdotes,
716 1602 870 1644 unus
925 1594 1112 1644 tamen
1149 1594 1250 1657 est,
1287 1586 1385 1659 qui
1424 1586 1669 1659 proprie,
1708 1602 1773 1642 ac
1817 1584 2035 1658 specia-
2120 1577 2409 1647 micidam,
2441 1579 2529 1636 vel
2554 1580 2899 1647 adulterum,
2940 1582 3029 1639 vel
3058 1584 3229 1640 etiam
3263 1586 3598 1645 herazticum
3628 1587 3815 1657 datus,

328 1675 461 1733 liter
498 1679 805 1733 consecrat.
848 1676 915 1733 In
961 1675 1060 1732 illa
1098 1691 1305 1748 nempe
1343 1674 1628 1744 columba,
1684 1683 2095 1758 qum‘superB
2117 1674 2276 1724 ratus
2305 1669 2606 1758 habendus
2631 1678 2749 1738 est;
2786 1672 3065 1730 nimirum
3094 1680 3321 1747 propter
3346 1674 3491 1734 illud
3518 1677 3820 1749 Evangeli-

328 1763 649 1823 Dominum
710 1771 835 1837 post
913 1765 1195 1838 baptisma
1272 1764 1566 1823 descendit
1645 1766 1857 1841 (Matth.
1921 1755 2291 1847 IlI;—Cum‘2
2328 1755 2572 1829 «Super
2609 1775 2801 1831 quem,
2854 1762 3065 1834 inquit,
3115 1762 3330 1820 videris
3386 1762 3665 1847 Spiritum
3717 1764 3819 1822 de-

330 1859 504 1914 Marc.
554 1869 616 1925 1;
666 1860 794 1913 Luc.
848 1869 958 1926 III;
1002 1860 1159 1913 Joan.
1215 1856 1268 1923 1),
1322 1856 1443 1929 ipse
1491 1871 1624 1913 cum
1676 1861 2033 1921 sacramento
2117 1845 2499 1913 scendentcm,
2561 1854 2614 1903 et
2656 1854 2981 1904 manentem
3034 1865 3206 1923 super
3253 1866 3409 1920 eum.
3453 1851 3543 1907 hic
3580 1845 3683 1921 est,
3714 1852 3821 1923 qui

331 1945 709 2019 baptismatis.
734 1952 789 2003 et
824 1946 946 2003 veri
994 1945 1291 2004 sacerdotii
1322 1946 1452 2017 jura
1482 1947 1749 2019 suscepit,
1785 1946 1913 2003 fuso

2233 1934 2361 1989 tizat
2401 1937 2690 2005 (Joan.1);
2727 1960 2751 1983 ι»
2790 1935 2871 1992 nil
2903 1937 3142 1994 omnino
3184 1953 3373 1996 causa;
3405 1946 3508 2007 est,
3552 1955 3652 1996 cur
3700 1953 3818 1996 non

332 2032 537 2090 delicet
569 2049 742 2106 super
770 2049 906 2090 eum
949 2033 1073 2091 oleo
1124 2033 1542 2103 exsultationis,
1594 2033 1663 2090 de
1710 2048 1825 2105 quo
1874 2031 2032 2089 Psal-
2116 2030 2172 2079 et
2200 2023 2261 2080 in
2306 2023 2833 2082 consecrationibus
2881 2024 2953 2081 ad
2989 2028 3258 2084 eumdem
3291 2028 3596 2100 utriusque
3632 2042 3821 2084 sacra-

328 2124 499 2182 mista
530 2127 682 2182 canit
721 2128 889 2191 (Psal.
927 2127 1084 2191 XLIV)
1128 2144 1139 2183 :
1185 2148 1209 2175 ‹‹
1266 2125 1449 2182 Unxit
1494 2132 1566 2195 te,
1608 2124 1818 2198 inquit,
1856 2123 2031 2195 Deus,
2116 2112 2295 2168 Πιρῐηί
2345 2112 2646 2170 ΐθάθῧῐηυδ
2692 2119 3004 2185 θυοίοτθῐη,
3054 2124 3118 2174 ιιι
3169 2132 3334 2189 EBClue
3384 2116 3679 2173 dicamus:
3726 2116 3825 2173 hic

331 2213 482 2272 Deus
514 2221 649 2272 mus
691 2213 815 2272 0130
851 2214 1067 2272 nmium
1113 2230 1230 2287 pm
1277 2214 1640 2272 consortibus
1668 2216 1799 2272 tuis,
1834 2240 1858 2262 ,,
1895 2214 2035 2272 pro-
2117 2206 2218 2267 est,
2254 2200 2354 2273 qui
2384 2207 2699 2257 consecrat.
2733 2201 3009 2275 Nunquid
3041 2204 3192 2262 enim
3227 2205 3491 2261 columba
3521 2203 3620 2261 illa
3648 2220 3825 2277 super

332 2302 501 2361 batur
533 2310 725 2361 autem
757 2304 1104 2377 Redemptor
1139 2310 1336 2361 noster
1367 2321 1498 2361 cum
1532 2304 1814 2376 baptismo
1859 2303 2033 2360 simul
2118 2289 2488 2372 mediatorem
2548 2290 2648 2347 D91
2701 2297 2755 2347 εἴ
2807 2293 3111 2351 hominum
3187 2310 3319 2352 cum
3378 2294 3593 2351 νίΐῖυῐθ
3644 2294 3828 2368 bapti'

332 2401 387 2452 et
437 2395 736 2452 sacerdotii
784 2395 1099 2467 suscepisse
1150 2394 1573 2451 ministerium:
1611 2391 1749 2466 quia
1785 2394 2037 2467 baptiza-
2119 2381 2283 2437 Ζὶιηάί
2314 2382 2493 2452 νεηὶῒν
2528 2387 2583 2438 οῖ
2610 2397 2743 2438 cum
2774 2384 3145 2441 consecrandi
3188 2384 3399 2441 Virtute
3446 2400 3561 2442 non
3612 2384 3770 2441 Venit
3798 2383 3828 2443 ?

326 2488 441 2551 tus,
496 2498 632 2539 mox
692 2482 1021 2554 pnndicare,
1084 2481 1402 2554 discipulos
1461 2481 1692 2555 eligere.
1754 2483 1913 2539 novis

2235 2473 2333 2527 tth.
2367 2485 2428 2528 Ill
2458 2489 2471 2539 ;
2520 2475 2692 2529 Marc.
2727 2478 2792 2539 Ι.)
2824 2471 2970 2541 Quid
3002 2475 3155 2531 enim
3185 2474 3407 2545 accipit,
3442 2474 3541 2548 qui
3572 2474 3822 2546 baptiza-

330 2572 503 2645 ccepit
558 2570 853 2629 miraculis
912 2562 1231 2641 corascare,
1288 2570 1437 2644 quod
1496 2578 1731 2627 eatenus
1788 2570 2037 2642 profecto
2120 2565 2232 2626 ῐυΓ,
2271 2558 2385 2615 ﬂigi
2417 2558 2697 2632 Spiritum
2728 2566 3040 2619 sanctum?
3082 2562 3153 2619 Εἴ
3200 2578 3457 2631 rursum,
3512 2562 3651 2635 (111Ῐά
3699 2561 3825 2631 ille,

332 2660 533 2717 fecisse
576 2674 692 2715 non
744 2658 970 2730 legitur,
1028 2660 1075 2715 si
1118 2658 1423 2727 diligenter
1464 2657 1795 2729 Evangelici
1844 2664 2039 2716 textus
2121 2648 2221 2721 (Illi
2265 2656 2650 2719 Consecratur,
2696 2650 2809 2707 niSi
2868 2649 3146 2723 Spiritum
3198 2649 3518 2734 sanctum?
3575 2650 3633 2708 Si
3689 2664 3830 2723 ergo

330 2747 507 2805 series
553 2753 900 2803 recensetur.
943 2745 1096 2802 Hinc
1134 2752 1218 2801 est
1256 2743 1406 2817 quod
1449 2753 1641 2801 sancta
1681 2744 1932 2802 Ecclesia
1967 2746 2038 2803 ab
2121 2744 2414 2809 βῖόρίθνθίι
2482 2738 2615 2811 quis
2665 2755 2696 2795 il
2749 2754 3102 2815 quocunque
3152 2740 3433 2813 ﬂagitiOSO
3482 2739 3828 2811 baptizatUS,

336 2838 460 2909 ipso
517 2850 625 2892 suo
698 2834 879 2907 capite
950 2834 1128 2906 hujus
1191 2849 1455 2890 normam
1517 2831 1609 2887 90
1663 2833 2040 2892 institutionis
2121 2842 2237 2883 non
2284 2827 2682 2900 rebaptizatur,
2716 2827 2854 2901 quia
2906 2827 3189 2900 Spiritum
3234 2836 3494 2885 sanctum
3538 2825 3833 2899 accepisse

333 2928 595 3000 arripuit,
627 2933 681 2983 et
710 2925 959 2982 ﬁdeliter
989 2932 1177 2983 servat
1208 2942 1221 2995 ;
1272 2930 1336 2982 ut
1379 2924 1447 2981 ad
1492 2924 1670 2982 instar
1707 2925 1892 2997 ipsius
1925 2924 2038 2982 Do-
2074 2960 2085 2967 κ
2123 2916 2396 2985 creditur,
2429 2914 2517 2970 91
2557 2932 2669 2973 non
2720 2933 2823 2990 per
2873 2916 3033 2974 illius
3080 2916 3376 2987 meritum,
3424 2918 3522 2975 sed
3564 2932 3667 2990 per
3701 2914 3859 2987 ejus

334 3016 481 3073 mini
536 3015 685 3072 infra
743 3014 1090 3073 tricennium
1161 3014 1230 3072 ad
1290 3014 1667 3072 sacerdotium
1724 3003 2426 3088 quemlibetnomCiumi
2479 3010 2533 3061 Θῒ
2581 3020 2697 3063 ΠΟΠ
2743 3007 2815 3064 ἰὼ
2864 3005 2987 3075 ίῙΙοι
3029 3005 3127 3063 50d
3157 3022 3189 3063 ἃ
3218 3005 3464 3079 Christo:
3498 3007 3567 3063 de
3598 3020 3712 3079 (Ιυο
3742 3006 3837 3063 Vi'

336 3120 452 3162 non
507 3104 784 3161 admittat.
834 3102 957 3160 Nisi
1016 3104 1171 3159 enim
1221 3110 1371 3160 certa
1424 3104 1565 3160 tides
1606 3104 1856 3174 haberet,
1901 3093 2327 3161 cumudelicet
2365 3094 2485 3153 Solo
2537 3095 2858 3168 specialiter
2906 3096 3161 3154 dicitur:
3217 3122 3239 3147 ι
3292 3097 3401 3155 Hic
3446 3103 3530 3155 est
3571 3096 3672 3171 qui
3724 3095 3841 3153 ba-

333 3195 615 3267 baptismo
645 3193 960 3251 Dominum
992 3193 1167 3251 simul
1197 3199 1252 3250 et
1279 3194 1663 3251 sacerdotium
1695 3192 2034 3266 suScepisse,
2120 3189 2289 3262 ptizat
2342 3190 2634 3255 (Imm-1);
2678 3212 2702 3235 ’ν
2740 3203 2871 3245 cum
2919 3194 2975 3245 et
3022 3188 3072 3245 iS
3125 3188 3226 3261 qui
3276 3196 3659 3262 Consecratur,
3709 3208 3842 3250 non

335 3291 401 3344 ut
452 3282 937 3357 quid'tantopere
989 3281 1269 3339 canonica
1326 3282 1652 3354 prohiberet
1706 3282 2035 3351 auctoritas,
2120 3276 2301 3346 aliud,
2348 3276 2461 3333 nisi
2516 3277 2781 3334 eumdem
2832 3276 3113 3350 Spiritum
3167 3286 3453 3349 sanctum,
3500 3286 3556 3338 et
3595 3280 3667 3338 ab
3702 3280 3844 3354 ipso

338 3380 470 3432 ante
520 3372 685 3429 illius
734 3370 918 3428 aetatis
970 3376 1210 3443 tempus,
1262 3387 1378 3444 quo
1425 3372 1546 3443 ipse
1582 3371 1896 3445 baptizatus
1933 3379 2034 3443 est,
2121 3367 2321 3441 utique
2362 3366 2589 3425 Christo
2634 3367 2944 3439 suscipiat:
2979 3384 3111 3441 quin
3156 3369 3305 3426 inter
3350 3369 3695 3443 baptizatum
3747 3378 3844 3429 at-

340 3462 673 3539 quempiam
722 3461 804 3521 .ad
861 3460 1235 3518 sacerdotales
1288 3460 1503 3518 infulas
1556 3462 1865 3534 aspirare?
1920 3461 2042 3519 Imo
2125 3473 2237 3529 que.
2282 3464 2677 3514 consecratum
2728 3456 2801 3515 sit
2849 3457 2909 3515 in
2961 3460 3067 3515 hac
3099 3465 3259 3532 parte
3294 3460 3613 3532 diversitas,
3667 3463 3849 3536 peni-

340 3553 547 3614 curad
579 3551 978 3625 accipiendum
1018 3550 1363 3609 sacerdotale
1400 3552 1691 3624 fastigium
1728 3551 2043 3610 Dominicze
2128 3551 2218 3605 tus
2252 3563 2366 3605 non
2400 3548 2649 3605 videtur.

339 3641 522 3700 aetatis
578 3638 946 3697 adhiberetur
992 3640 1347 3713 exemplum,
1398 3642 1443 3697 si
1492 3640 1734 3698 minime
1783 3642 2043 3719 credereg
2197 3639 2456 3709 Quorum
2498 3639 2676 3710 igitur
2726 3656 2843 3698 una
2890 3646 2975 3698 est
3022 3657 3214 3713 causa,
3258 3642 3456 3699 eadem
3507 3641 3672 3700 debet
3707 3659 3853 3703 esse

248 3797 267 3815 ί
343 3739 437 3790 tur
486 3738 621 3789 tunc
672 3729 951 3787 Dominus
1002 3746 1118 3787 non
1177 3730 1301 3787 sine
1356 3730 1669 3787 sacerdotio
1726 3731 2045 3804 suscepisse
2127 3727 2428 3795 sententia,
2480 3727 2589 3784 nisi
2648 3728 2789 3785 forte
2840 3730 2990 3786 alius
3038 3745 3161 3787 esse
3195 3731 3515 3789 censendus
3543 3738 3627 3788 est
3655 3731 3857 3802 Spiri-

342 3815 747 3890 baptismum?
790 3816 949 3876 Sicut
987 3817 1143 3873 enim
1183 3817 1555 3890 baptismum,
1589 3818 1665 3876 ita
1695 3826 1749 3875 et
1779 3820 2043 3877 sacerdo-
2126 3823 2219 3876 tus
2251 3818 2351 3891 qui
2389 3818 2449 3874 in
2486 3816 3016 3875 consecrationibus
3042 3820 3209 3876 datur
3244 3843 3255 3875 :
3303 3820 3454 3876 alius
3497 3820 3598 3892 qui
3639 3819 3703 3876 in
3736 3820 3855 3879 ba—

348 3908 491 3967 tium
540 3922 611 3963 ex
660 3913 817 3979 parte
859 3905 1238 3963 humanitatis
1270 3922 1371 3979 pro
1418 3913 1608 3964 nostra
1635 3907 1821 3965 salute
1850 3923 2044 3964 susce-
2127 3908 2336 3982 ptismo
2382 3906 2674 3965 tribuitur.
2725 3905 2833 3964 Sed
2881 3906 3012 3981 quis
3055 3908 3161 3965 hoc
3201 3908 3473 3983 sacrilega
3516 3911 3859 3970 temeritate

345 3996 448 4069 pit,
475 3994 644 4066 cujus
669 3990 932 4050 videlicet
962 3993 1270 4066 utriusque
1300 3992 1653 4050 Sacramenti
1682 3994 1738 4049 in
1773 4010 1859 4064 eo,
1890 3995 2047 4067 quod
2128 4006 2458 4073 prmsumat,
2488 4014 2619 4057 cum
2653 3998 2952 4055 manifeste
2976 3998 3183 4057 clamet
3208 3992 3515 4071 Apostolus
3547 4023 3559 4056 :
3605 4020 3632 4051 ς(
3671 3999 3864 4060 Unus

348 4084 502 4142 Deus
558 4088 644 4139 est
697 4088 912 4151 auctor,
984 4090 1039 4138 et
1116 4091 1473 4140 consecrator
1525 4083 1741 4140 existit.
1797 4082 1877 4140 De
1933 4100 2050 4156 quo
2136 4087 2308 4156 Deus,
2365 4103 2482 4145 una
2539 4088 2703 4156 ﬁdes,
2758 4103 2944 4144 unum
2988 4087 3269 4159 baptisma
3311 4090 3475 4159 (Eph.
3537 4088 3636 4157 1V).
3698 4112 3719 4155 η
3784 4089 3868 4146 Et

2115 990 2267 1055 Quod
2316 993 2472 1046 nulla
2521 995 2595 1047 sit
2647 1010 2831 1062 causa,
2872 1012 2991 1050 cum
3042 997 3379 1069 rebaptizan’
3428 1002 3657 1072 quisque
3706 1019 3813 1058 non

2362 1082 2582 1147 audeat,
2635 1100 2730 1138 cur
2776 1085 2966 1140 debeat
3008 1088 3203 1141 iterum
3243 1093 3564 1148 consecrari.

349 4172 657 4246 Apostolus
690 4171 873 4227 dicit:
909 4196 934 4218 ‹‹
971 4170 1074 4229 Ubi
1126 4187 1443 4243 praecursor
1498 4188 1599 4245 pro
1645 4173 1813 4229 nobis
1865 4172 2052 4230 intro-
2137 4176 2346 4235 iterum
2381 4200 2393 4233 :
2449 4202 2474 4224 ‹‹
2516 4175 2572 4233 Si
2622 4176 2690 4243 is,
2739 4175 2837 4249 qui
2884 4175 3062 4245 venit,
3097 4175 3277 4233 alium
3309 4177 3602 4235 Christum
3632 4180 3871 4251 praedi-

349 4260 457 4318 ivit
484 4257 807 4316 secundum
834 4259 1095 4315 ordinem
1123 4258 1560 4327 Melchisedech,
1589 4261 1846 4333 pontifex
1872 4261 2053 4318 factus
2138 4273 2245 4335 cat,
2294 4281 2465 4337 quem
2518 4280 2631 4322 non
2681 4264 3146 4337 praedicavimus,
3190 4272 3291 4322 aut
3327 4267 3511 4324 alium
3555 4265 3872 4338 Spiritum

347 4350 410 4407 in
441 4355 723 4407 aeternum
767 4349 922 4414 (Heb.
952 4352 1054 4416 v1).
1091 4371 1112 4398 ι
1148 4348 1294 4405 Nam
1324 4355 1377 4405 el
1425 4349 1533 4420 ipsi
1576 4350 1755 4407 sancti
1796 4349 2116 4427 Apostolin
2138 4352 2370 4425 accepit,
2411 4368 2583 4425 quem
2614 4368 2729 4409 non
2757 4351 3071 4425 accepistis,
3103 4358 3203 4410 aut
3239 4352 3397 4411 aliud
3433 4354 3871 4427 Evangelium,

350 4451 467 4493 non
520 4434 884 4507 reperiuntur
939 4433 1077 4490 alibi
1132 4435 1313 4491 fuisse
1356 4452 1388 4490 a
1432 4435 1675 4492 Domino
1721 4404 2299 4513 cons‘ecrati,unodr
2340 4404 2454 4497 non
2509 4439 2823 4513 accepistis,
2868 4404 3015 4497 recte
3044 4442 3386 4522 pateremini
3419 4404 3634 4511 (ΠῸοῖ
3668 4422 3800 4515 xi).
3845 4404 3872 4496 ί

353 4524 466 4582 nisi
509 4524 566 4581 in
621 4522 978 4595 perceptione
1010 4523 1322 4596 baptismi:
1360 4526 1461 4594 qui
1505 4531 1691 4582 tamen
1734 4541 1847 4582 non
1888 4542 2093 4598 aquae'
2137 4529 2265 4586 Huc
2315 4529 2547 4599 accedit,
2606 4531 2761 4603 quod
2810 4531 2957 4587 sicut
2999 4530 3271 4587 canonica
3316 4536 3553 4587 testatur
3598 4533 3884 4591 auctori-

352 4616 709 4691 baptismatis
743 4615 1044 4672 manifeste
1088 4614 1358 4687 leguntur
1390 4615 1672 4685 immersi,
1713 4616 1808 4672 sed
1851 4616 2080 4688 injun-_
2140 4626 2240 4687 tas,
2292 4619 2510 4677 idcirco
2562 4620 2899 4692 prohibetur
2956 4620 3324 4693 rebaptizatio
3380 4621 3529 4691 fieri,
3586 4636 3661 4677 ne
3724 4639 3886 4683 san-

353 4716 502 4766 ctam
544 4708 736 4779 potius
784 4705 1041 4763 exsecuti
1090 4711 1227 4763 sunt
1275 4705 1657 4762 obedientiam
1706 4705 2049 4778 baptizandi.
2138 4714 2240 4763 ctze
2286 4705 2584 4764 Trinitatis
2632 4723 2864 4777 nomen,
2917 4709 2975 4765 in
3021 4724 3137 4783 quo
3180 4708 3496 4781 baptizatus
3530 4714 3614 4765 est
3654 4710 3888 4770 videa-

353 4797 499 4869 Quia
527 4796 803 4853 nimirum
840 4796 987 4868 jussi
1018 4801 1155 4853 sunt
1187 4794 1471 4867 baptizare
1498 4796 1791 4851 credentes
1840 4796 1896 4852 in
1950 4811 2052 4852 no-
2139 4799 2231 4851 tur
2277 4794 2587 4852 annullari.
2637 4795 2795 4863 Quod
2845 4797 2891 4853 si
2942 4798 3062 4856 haec
3108 4805 3193 4855 est
3238 4812 3407 4854 causa
3450 4812 3552 4854 cur
3590 4796 3887 4874 rebapti-

357 4892 513 4955 mine
568 4887 769 4955 Patris,
813 4893 867 4942 et
916 4885 1067 4955 Filii,
1121 4892 1175 4943 et
1228 4884 1475 4958 Spiritus
1522 4886 1719 4943 sancti.
1777 4882 2056 4943 Praeterea
2138 4885 2253 4942 zari
2307 4886 2555 4958 quisque
2612 4901 2726 4942 non
2793 4887 3014 4957 debeat,
3071 4889 3161 4945 cui
3219 4886 3604 4954 manifestius,
3668 4904 3891 4961 quam

354 4995 490 5038 cum
522 4976 637 5035 illis
671 4975 889 5032 dictum
921 4974 1052 5031 sita
1082 4973 1366 5032 Domino:
1414 4974 1663 5031 Joannes
1698 4973 1929 5046 quidem
1961 4974 2057 5031 ba-
2139 4972 2399 5031 ordinato
2452 4972 2689 5029 cuilibet
2741 4988 2773 5029 a
2838 4971 3163 5031 Simoniaco
3217 4972 3500 5046 congruit,
3563 4972 3664 5046 qui
3745 4993 3895 5037 non

359 5065 596 5140 ptizavit
621 5080 791 5137 aqua,
825 5078 927 5120 vos
952 5070 1143 5121 autem
1182 5062 1609 5135 baptizabimini
1659 5060 1875 5134 Spiritu
1921 5078 2056 5119 san-
2140 5065 2310 5122 modo
2360 5064 2421 5121 in
2472 5071 2681 5121 sanctae
2738 5063 3039 5121 Trinitatis
3089 5064 3325 5121 nomine
3360 5069 3707 5122 consecrat:
3772 5075 3895 5131 sed

356 5164 446 5213 cto
472 5171 585 5212 non
618 5161 743 5229 post
780 5153 996 5211 multos
1029 5154 1131 5210 hos
1158 5154 1279 5210 dies
1314 5172 1324 5209 :
1368 5158 1586 5209 constat
1617 5167 1712 5208 eos
1751 5160 1886 5210 tunc
1930 5170 2059 5226 per-
2141 5159 2198 5209 et
2234 5168 2466 5210 onmem
2511 5170 2747 5226 prorsus
2783 5154 3045 5211 ordinem
3080 5153 3374 5212 catholicae
3402 5156 3899 5218 consecrationis

358 5243 491 5301 fecti
542 5242 919 5315 baptismatis,
958 5248 1129 5312 atque
1162 5240 1487 5311 omnigenaa
1538 5240 1714 5297 simul
1764 5256 2060 5299 consecra-
2143 5243 2428 5300 observat.
2478 5244 2845 5301 Simoniacus
2902 5259 3154 5317 namque
3199 5242 3330 5301 licet
3377 5258 3644 5314 perverso
3688 5261 3897 5308 com-

360 5330 535 5389 tionis
570 5330 855 5403 accepisse
895 5328 1255 5400 mysterium,
1288 5343 1419 5385 cum
1460 5344 1630 5400 super
1673 5344 1770 5386 eos
1816 5328 2062 5402 Spiritus
2144 5333 2355 5391 mercio
2398 5332 2679 5391 efﬁciatur
2731 5333 3055 5401 haereticus,
3107 5339 3190 5390 est
3233 5339 3422 5389 tamen
3457 5331 3567 5388 ﬁde
3607 5334 3902 5396 catholi-

359 5427 592 5477 sanctus
619 5418 779 5476 venit
816 5418 875 5474 in
908 5415 1238 5473 diversitate
1269 5415 1622 5486 linguarum.
1657 5417 1799 5474 Cum
1834 5435 1968 5492 ergo
2000 5422 2060 5479 in
2143 5438 2247 5479 cus
2276 5438 2289 5493 ;
2322 5423 2565 5495 ejusque
2590 5421 2882 5478 damnatio
2928 5421 3110 5491 magis
3142 5436 3215 5477 ex
3263 5419 3575 5477 ambitione
3604 5419 3903 5486 descen-

359 5507 483 5581 ipso
510 5508 784 5565 humanm
811 5504 1223 5578 redemptionis
1252 5504 1489 5562 exordio
1526 5506 1829 5581 utriusque
1872 5525 2061 5567 sacra—
2143 5512 2297 5581 dere,
2332 5528 2505 5586 quam
2537 5511 2799 5568 videatur
2836 5510 2907 5567 ad
2956 5508 3257 5580 perfidiam
3293 5509 3602 5581 pertinere.
3643 5508 3904 5576 Quam-

362 5596 546 5657 menti
574 5610 782 5669 genus,
823 5592 917 5651 vel
957 5608 991 5650 a
1040 5591 1305 5665 Domino,
1341 5592 1431 5649 vel
1473 5592 1545 5650 ab
1589 5596 1855 5668 apostolis
1886 5599 2060 5658 simul
2146 5614 2323 5672 quam
2371 5606 2424 5658 et
2473 5600 2521 5657 si
2566 5597 2817 5671 jaculata
2879 5597 2940 5654 in
3004 5595 3298 5655 Simonem
3349 5596 3502 5655 Petri
3559 5602 3912 5665 sententia
