4018 6194
337 231 439 284 ΜὶΞί

1093 220 1337 281 OPUSC.
1382 221 1467 277 Vl.
1507 254 1575 263 —
1613 218 1814 276 LIBER
1854 214 1968 286 QUI
2008 213 2284 272 DltiiTUR
2328 207 2813 272 CRATISSIMUS.

3483 212 3581 272 {itii

329 337 616 406 diligenter
650 332 956 401 inspicitur.
999 346 1100 386 nec
1139 333 1255 402 ipsa
1301 331 1540 386 Simonis
1571 329 1704 383 ﬁdes
1755 331 1908 382 inno-
1937 329 1981 386 Λ
2013 325 2195 385 Ιιιιριη,
2226 323 2346 378 aliis
2394 325 2610 392 quidem
2666 326 2988 394 proveniunt
3039 328 3106 381 ad
3158 328 3581 383 damnationem.

331 442 460 479 rens
490 424 759 478 invenitur
789 442 803 476 :
836 415 860 473 ἓ
905 423 1161 485 Pecunia,
1194 422 1389 492 inquit,
1423 431 1512 474 tua
1549 430 1725 475 tecom
1755 421 1826 472 sit
1853 420 1904 473 in

331 516 711 583 perditionem,
761 514 852 584 qui
901 513 1100 567 donmn
1153 513 1245 567 Dei
1291 512 1617 567 existimasti
1679 511 1907 581 pecunia

333 604 594 674 possideri
633 602 770 672 (Act.
801 601 947 667 vm).
978 619 996 652 ι
1047 599 1183 654 Nam
1215 616 1338 656 cum
1388 601 1541 663 dicit,
1588 601 1909 654 existimasti

332 697 533 746 donum
581 692 676 746 Dei
727 693 953 762 pecunia
998 692 1297 760 possideri,
1349 692 1629 746 evidenter
1675 690 1912 745 ostendit

335 786 494 839 talem
527 793 655 838 tunc
685 782 848 838 fuisse
879 781 1119 837 Simonis
1161 783 1319 836 ﬁdem
1343 823 1357 847 ,
1385 791 1444 836 ut
1469 783 1512 836 si
1549 784 1782 852 pretium
1818 783 1913 836 da-

333 887 436 937 rei,
490 890 593 928 non
637 874 912 928 immerito
947 872 1014 926 ad
1061 872 1307 927 facienda
1346 872 1607 927 miracula
1652 872 1910 943 Spiritum

332 973 579 1019 sanctum
626 963 930 1033 negotiatus
963 961 1253 1031 acciperet.

937 1053 1170 1110 CAPUT
1221 1053 1311 1108 Vl.

406 1145 560 1208 Quod
589 1145 873 1208 ordinatio,
908 1145 954 1198 si
987 1146 1054 1198 ait
1095 1145 1374 1210 catholica,
1414 1145 1480 1198 sit
1508 1146 1662 1198 etiam
1705 1153 1842 1198 rata.

405 1233 644 1288 Moderni
689 1242 870 1289 autem
895 1235 1155 1303 temporis
1187 1233 1504 1300 Simoniaci,
1534 1235 1657 1304 quia
1686 1236 1918 1289 miracu-

330 1327 399 1380 lis
443 1339 502 1379 se
531 1325 829 1380 clarescere
858 1339 1020 1395 posse
1056 1339 1162 1380 non
1209 1334 1459 1396 sperant,
1510 1341 1617 1380 non
1649 1311 1914 1395 Spiritum

330 1427 602 1474 sanctum.
637 1431 742 1470 non
782 1415 898 1483 ejus
929 1417 1067 1471 dona
1120 1416 1472 1472 desiderant:
1506 1416 1598 1471 sed
1639 1407 1916 1469 obtinendi

330 1508 672 1578 principatus
703 1507 995 1561 ambitione
1025 1508 1299 1572 succensi,
1338 1507 1405 1561 ad
1435 1506 1650 1561 culmen
1685 1515 1918 1560 tantum-

329 1598 496 1652 modo
524 1597 801 1666 dignitatis
829 1597 1105 1653 anhelant.
1133 1596 1318 1667 Itaque
1358 1606 1618 1666 quantum
1663 1598 1728 1650 ad
1757 1597 1917 1651 ﬁdem

2011 415 2065 468 Id
2119 424 2315 474 tamen,
2358 415 2500 482 quod
2556 417 2734 479 datur,
2775 419 2998 471 omnino
3047 420 3243 472 bonum
3291 432 3402 484 est;
3463 422 3587 475 licet

2012 520 2135 560 reus
2188 507 2259 559 sit
2289 506 2376 559 ille
2417 507 2507 574 qui
2563 508 2774 576 accipit.
2837 507 3021 576 Neque
3070 510 3214 563 enim
3254 511 3426 565 bonus
3468 529 3578 566 me-

2013 598 2164 651 dicus
2215 612 2482 652 venenum
2525 597 2842 668 propinaret
2884 611 3106 668 trgroto.
3152 600 3404 668 Nunquid
3439 603 3586 656 enim

2014 687 2254 740 buccella
2307 686 2420 750 illa,
2461 701 2623 754 quam
2668 686 2820 742 Judte
2869 689 3126 743 Dominus
3159 693 3419 758 porrexit,
3451 693 3588 746 bona

2016 796 2119 833 non
2155 780 2290 833 fuit?
2344 780 2448 833 Sed
2477 782 2621 848 quod
2655 790 2775 835 erat
2821 797 2984 836 causa
3034 783 3242 849 salutis,
3288 785 3360 837 illi
3391 787 3588 840 factum

2014 880 2097 925 est
2129 872 2354 924 materia
2397 871 2758 925 damnationis
2788 890 2802 924 :
2830 873 2952 940 quia
2985 873 3399 928 instrumentum
3445 878 3592 944 pacis

2016 976 2123 1014 non
2149 969 2375 1029 pacatus
2411 961 2638 1030 accepit.
2669 962 2859 1015 Cuncti
2886 963 3046 1015 etiam
3077 963 3279 1032 liquido
3320 967 3587 1031 novimus,

2016 1052 2143 1120 quia
2191 1052 2510 1121 mysterium
2546 1052 2924 1116 Eucharistite,
2972 1057 3114 1123 quod
3149 1046 3216 1111 de
3243 1071 3593 1114 sacrosancto

2017 1140 2175 1194 altari
2207 1144 2321 1195 sive
2356 1141 2509 1210 justi,
2557 1143 2670 1196 sive
2701 1153 3019 1212 peccatores
3049 1149 3365 1216 accipimus,
3407 1153 3596 1220 utique

2018 1233 2218 1287 bonum
2244 1243 2347 1288 est.
2391 1232 2499 1288 Nec
2550 1235 2722 1288 bonus
2768 1235 2978 1300 melius,
3028 1253 3127 1292 nec
3177 1241 3350 1294 malus
3399 1244 3596 1312 accipit

2017 1321 2189 1392 pejus.
2248 1324 2313 1378 Et
2367 1333 2546 1377 tamen
2598 1324 2729 1378 dicit
2774 1325 3057 1392 Apostolus
3101 1344 3115 1381 :
3157 1329 3291 1395 Quia
3345 1333 3596 1402 indignus

2024 1433 2044 1466 ι
2075 1415 2333 1484 judicium
2373 1415 2473 1469 sibi
2509 1417 2821 1479 manducet,
2867 1427 2921 1471 et
2958 1418 3112 1482 bibit,
3150 1436 3252 1473 non
3301 1422 3598 1489 dijudicans

2019 1518 2216 1573 corpus
2250 1503 2461 1557 Domini
2495 1503 2544 1574 (Ι
2570 1504 2691 1557 Cor.
2715 1506 2816 1573 χι).
2857 1525 2875 1557 ι
2915 1505 2970 1560 Si
3000 1522 3128 1578 ergo
3154 1517 3207 1562 et
3238 1510 3367 1565 illml
3399 1527 3597 1582 corpus

2021 1595 2230 1649 Domini
2259 1602 2344 1649 est
2391 1596 2533 1663 quod
2584 1595 2835 1666 indignus
2866 1599 3079 1667 accipit,
3127 1601 3468 1670 perspicuum
3518 1613 3601 1659 est

330 1684 528 1758 integri
559 1696 704 1750 sunt,
735 1695 938 1741 tantum
970 1700 1100 1740 vero
1129 1685 1195 1740 ad
1227 1696 1456 1742 moneta
1502 1685 1713 1740 fabrilia
1740 1685 1916 1740 Simo-
1947 1696 1990 1754 Β
2019 1687 2143 1755 quia
2171 1701 2259 1741 res
2284 1686 2424 1741 bona
2463 1685 2603 1740 malo
2627 1690 2855 1742 vertitur
2879 1689 2932 1743 in
2967 1691 3281 1760 perniciem,
3311 1709 3430 1765 qua:
3457 1697 3598 1751 bono

329 1777 505 1831 niaca:
528 1777 888 1832 damnationis
909 1778 1116 1847 laqueis
1148 1779 1516 1832 innectuntur.
1542 1776 1712 1845 Hujus
1733 1785 1912 1831 autem

331 1872 560 1926 haeresis
593 1873 698 1925 duo
740 1871 993 1942 leguntur
1023 1879 1313 1936 auctores,
1359 1870 1498 1925 alter
1543 1871 1642 1926 sub
1679 1872 1915 1941 prophe-

333 1961 440 2015 tica
489 1959 600 2030 (IV
639 1960 764 2031 Reg.
810 1961 901 2031 v),
936 1960 1074 2015 alter
1120 1961 1221 2016 sub
1252 1959 1546 2029 apostolica
1599 1960 1918 2030 pestilenter

330 2052 621 2106 emersisse
657 2051 900 2107 doctrina
949 2052 1087 2122 (Act.
1133 2051 1253 2121 vm)
1282 2069 1295 2106 :
1324 2050 1470 2111 Giezi
1501 2053 1780 2116 nimirum,
1823 2053 1914 2122 qui

329 2143 595 2214 magister
620 2158 740 2198 esse
772 2143 1123 2198 vendentium
1155 2161 1169 2198 :
1201 2142 1392 2198 Simon
1424 2157 1662 2212 quoque,
1695 2145 1786 2214 qui
1817 2158 1914 2198 au-

330 2241 452 2286 ctor
476 2232 698 2287 videtur
735 2245 860 2287 esse
901 2240 1228 2301 emptorum.
1262 2231 1466 2288 Horum
1495 2233 1656 2302 igitur
1685 2240 1918 2287 sectato-

330 2337 426 2378 res
452 2324 592 2378 sicut
617 2337 724 2378 non
755 2323 958 2378 suntin
994 2336 1183 2378 errore
1224 2323 1448 2384 diversi.
1484 2323 1558 2378 ita
1597 2337 1699 2378 nec
1729 2323 1781 2378 in
1827 2323 1918 2378 da-

330 2413 612 2469 mnatione
650 2413 908 2468 discreti:
948 2413 1148 2483 quibus
1179 2421 1360 2467 tamen
1409 2413 1456 2467 si
1499 2412 1766 2468 catholica
1823 2412 1917 2468 ﬁat

329 2504 627 2568 ordinatio,
674 2518 844 2559 sacra:
887 2505 1165 2575 dignitatis
1220 2504 1480 2569 ofﬁcium,
1529 2504 1594 2559 ad
1626 2505 1766 2574 quod
1806 2520 1914 2560 non

332 2603 608 2651 merentes
660 2595 947 2659 accedunt,
995 2595 1236 2666 perfecte
1286 2595 1608 2665 suscipiunt.
1665 2595 1915 2662 Ejusdem
1959 2658 1967 2666 λ

330 2698 567 2755 namque
586 2685 808 2742 virtutis
831 2695 916 2741 est
943 2685 1184 2756 Spiritus
1210 2695 1450 2750 sanctus,
1481 2698 1605 2739 cum
1642 2682 1763 2752 ejus
1794 2698 1920 2754 gra-

332 2774 406 2828 tia
441 2774 714 2841 venditur,
761 2774 913 2844 cujus
956 2784 1044 2832 est
1092 2783 1148 2830 et
1188 2790 1310 2830 cum
1365 2773 1536 2846 gratis
1571 2774 1772 2831 datur:
1817 2786 1920 2829 nec

328 2871 554 2933 propter
591 2865 966 2932 perversitatis
1006 2865 1258 2919 humana:
1309 2864 1695 2919 commercium
1733 2863 1918 2921 divina

327 2953 569 3022 potentia
619 2955 852 3025 propria:
903 2957 1191 3026 potestatis
1254 2955 1363 3026 92
1418 2957 1597 3026 perdit
1643 2952 1916 3012 effectum.

2022 1779 2210 1848 utique
2257 1779 2472 1847 provisa
2524 1788 2606 1834 est
2658 1781 2723 1833 ad
2782 1781 3010 1836 salutem
3059 1800 3072 1836 :
3121 1800 3220 1839 nec
3283 1795 3459 1841 tamen
3512 1803 3600 1841 res

2021 1870 2160 1924 mala
2190 1879 2274 1925 est
2297 1871 2542 1938 dicenda,
2574 1872 2699 1940 quia
2728 1882 2917 1940 nocet;
2966 1891 3065 1930 nec
3091 1875 3212 1931 idco
3255 1892 3375 1932 esse
3417 1893 3603 1934 sacra-

2020 1968 2259 2013 mentum
2309 1959 2493 2025 desiit,
2525 1961 2649 2030 quia
2690 1964 3057 2017 exsccrandus
3092 1966 3300 2035 accepit
3332 1985 3344 2020 :
3385 1967 3478 2022 sed
3505 1983 3602 2037 po-

2020 2051 2127 2107 tius
2167 2052 2514 2106 asserendum
2545 2060 2628 2107 est
2656 2053 2779 2122 quia
2825 2053 3042 2123 indigno
3097 2055 3283 2108 eadem
3337 2071 3424 2110 res
3455 2055 3600 2111 facta

2016 2150 2101 2197 est
2127 2142 2342 2197 occasio
2367 2143 2580 2207 mortis,
2626 2158 2744 2211 quae
2771 2144 2927 2198 bonis
2967 2155 3255 2214 procurata
3293 2153 3376 2200 est
3404 2147 3471 2199 ad
3513 2161 3604 2202 re-

2018 2232 2259 2287 medium
2291 2231 2501 2287 salutis.
2542 2233 2914 2287 lndubitanter
2941 2235 3104 2303 igitur
3152 2236 3477 2290 credendum
3519 2247 3606 2294 est

2017 2323 2162 2391 quod
2205 2322 2251 2376 si
2294 2323 2634 2378 consecratio
2678 2325 2963 2393 cujuslibet
2994 2327 3348 2382 ecclesiastici
3395 2329 3603 2383 ordinis

2018 2414 2159 2468 intra
2201 2413 2522 2469 catholicam
2567 2414 2663 2468 ﬁat
2691 2415 3010 2480 Ecclesiam,
3041 2418 3091 2471 in
3119 2419 3325 2475 unitate
3351 2419 3602 2475 videlicet

2016 2503 2333 2558 orthodoxa:
2374 2504 2519 2568 ﬁdei,
2551 2513 2606 2558 ut
2657 2505 2709 2558 in
2760 2515 2989 2574 utroque
3031 2508 3289 2562 nimirum
3337 2518 3486 2564 recta
3529 2511 3605 2564 sit

2019 2592 2184 2659 ﬁdes;
2220 2594 2481 2664 quidquid
2509 2594 2651 2648 bono
2675 2610 2772 2662 per
2793 2596 2992 2650 bonum
3027 2599 3277 2662 traditur,
3306 2600 3407 2654 hoc
3433 2601 3603 2655 etiam

2019 2681 2160 2736 malo
2198 2696 2297 2752 per
2340 2682 2538 2736 malum
2572 2683 2866 2738 efﬁcaciter
2893 2685 3222 2739 exhibetur:
3259 2687 3386 2756 quia
3427 2703 3604 2742 sacra-

2020 2778 2260 2825 mentum
2287 2770 2393 2826 hoc
2425 2786 2530 2824 non
2568 2771 2934 2826 ministrantis
2958 2771 3042 2826 vel
3087 2772 3445 2830 ministraturi
3474 2791 3604 2845 pen-

2020 2859 2114 2915 det
2141 2875 2208 2915 ex
2240 2859 2468 2924 merito,
2495 2845 2593 2915 sed
2636 2875 2702 2915 ex
2754 2862 2944 2916 ordine
2983 2862 3365 2939 ecclesiasticae
3395 2864 3606 2920 institu-

2023 2949 2188 3006 tionis
2234 2958 2290 3004 et
2323 2951 2661 3005 invocatione
2701 2951 2865 3006 divini
2920 2953 3172 3008 nominis.
3226 2954 3294 3010 Et
3342 2957 3600 3025 quoniam

327 3043 499 3100 Plane
533 3054 589 3100 et
619 3044 870 3102 Salvator
894 3055 1076 3102 noster
1103 3061 1225 3100 cum
1253 3046 1508 3100 venditus
1541 3054 1707 3110 esset,
1733 3055 1790 3100 et
1827 3057 1920 3114 pe-
1947 3042 1993 3104 C
2026 3040 2168 3095 sicut
2206 3056 2348 3095 unus
2375 3051 2477 3106 est,
2508 3042 2598 3109 qui
2626 3042 2865 3110 baptizat
2885 3084 2899 3108 ,
2941 3044 3012 3096 ita
3043 3046 3227 3113 procul
3254 3047 3418 3103 dubio
3445 3065 3604 3111 IInUS.

330 3133 699 3189 stilentissimi
726 3136 912 3191 talenti
937 3151 1147 3191 summa
1179 3135 1473 3206 proditoris
1505 3136 1616 3206 jam
1655 3150 1913 3190 crumena

337 3234 609 3296 turgeret,
657 3225 799 3282 inter
842 3227 989 3297 ipsas
1036 3235 1445 3297 persecutorum
1491 3241 1686 3280 manus
1731 3227 1920 3296 praeci-

334 3332 455 3371 sam
496 3332 655 3373 servo
693 3317 902 3373 Malcho
943 3317 1242 3373 auriculam
1286 3316 1463 3372 reddit
1507 3316 1690 3387 (Joan.
1753 3331 1915 3381 xvm;

341 3407 474 3462 Luc.
532 3425 646 3464 xm
691 3426 708 3475 ;
777 3407 968 3464 Matth.
1021 3425 1150 3464 xxvt
1199 3424 1215 3474 ;
1272 3407 1444 3463 Marc.
1479 3407 1670 3480 ιινς).
1733 3407 1918 3476 Itaque

334 3507 554 3567 quanta:
580 3514 744 3568 super
781 3513 876 3555 eos
917 3499 1136 3554 virtutis
1178 3507 1344 3563 esset,
1386 3511 1614 3569 quorum
1666 3497 1919 3552 manibus
1957 3529 1960 3531 λ

333 3585 670 3656 sultjacebat,
709 3599 894 3658 aperte
930 3589 1272 3644 monstravit.
1321 3587 1476 3655 Quod
1528 3597 1710 3642 autem
1766 3586 1919 3658 ﬂagi-

335 3676 467 3729 tanti
500 3675 696 3730 Hcrodi
728 3677 986 3732 miracula
1034 3692 1141 3732 non
1184 3678 1448 3739 exhibuit,
1500 3676 1919 3748 dispensationis

335 3765 438 3821 fuit
462 3768 617 3830 ratio,
656 3783 762 3822 non
801 3767 1033 3825 defectio
1083 3770 1392 3839 potestatis.
1455 3768 1589 3824 Erat
1646 3769 1791 3824 enim
1850 3768 1916 3830 is,

334 3857 430 3926 qui
475 3857 718 3926 optabat,
760 3859 1050 3932 indignus;
1079 3875 1203 3915 nam
1247 3861 1320 3926 ei,
1363 3875 1396 3916 a
1439 3876 1546 3930 quo
1577 3862 1918 3933 sperabatur,

335 3961 445 4000 non
469 3949 656 4002 deerat
683 3951 966 4018 potestatis
986 3949 1234 4008 eﬁ‘ectus.
1256 3951 1430 4008 Porro
1457 3961 1513 4008 et
1544 3953 1597 4007 in
1621 3968 1785 4008 cruce
1806 3967 1922 4009 sus-

336 4050 540 4104 pensus
583 4047 866 4108 postquam
904 4041 1154 4111 spiritum
1182 4043 1438 4106 reddidit,
1471 4042 1598 4096 dum
1638 4053 1783 4096 terra
1809 4059 1922 4098 mo-

335 4132 518 4189 vetor,
547 4125 675 4179 dum
702 4127 783 4182 sol
815 4128 1162 4196 obscuratur,
1190 4131 1296 4186 veli
1349 4131 1572 4201 insuper
1608 4130 1748 4187 facta
1783 4131 1920 4184 divi-

335 4212 444 4278 sio,
474 4213 670 4272 scissto
715 4216 972 4288 lapidum,
1010 4221 1344 4276 resurrectio
1377 4229 1744 4284 mortuorum;
1792 4235 1924 4274 cun-

334 4317 423 4363 cta
455 4309 573 4366 haec
608 4310 812 4386 liquido
852 4323 1146 4381 testantur,
1183 4319 1326 4385 quod
1371 4330 1478 4370 non
1512 4314 1785 4369 inferioris
1823 4328 1921 4382 po-

339 4403 524 4458 tentia:
573 4401 738 4458 fuerit
782 4404 927 4460 inter
986 4405 1250 4476 supplicia
1310 4406 1541 4475 positus,
1587 4420 1748 4475 quam
1779 4420 1922 4459 nunc
1953 4429 2000 4487 υ

336 4493 593 4549 videlicet
652 4493 708 4549 in
767 4495 988 4550 dextera
1043 4504 1287 4566 paterna:
1335 4495 1519 4566 gloria:
1576 4495 1918 4549 sublimatus.

337 4584 541 4639 Eodem
574 4585 755 4656 itaque
781 4588 942 4642 modo
965 4587 1130 4642 etiam
1162 4589 1227 4642 de
1255 4586 1457 4656 Spiritu
1480 4595 1668 4640 sancto
1694 4585 1921 4640 creden-

339 4675 468 4730 dum
493 4684 579 4730 est
605 4695 618 4729 :
659 4675 785 4746 quia
829 4678 990 4733 unius
1016 4679 1237 4733 virtutis
1267 4687 1370 4744 est,
1412 4687 1468 4733 et
1495 4693 1618 4733 cum
1641 4677 1920 4732 venalitati

339 4767 739 4836 quodammodo
767 4768 1046 4840 subjacere
1095 4771 1356 4836 cernitur,
1407 4778 1463 4824 et
1511 4785 1634 4824 cum
1686 4769 1920 4839 gratuita

339 4874 534 4914 manus
564 4859 909 4930 impositione
950 4863 1241 4931 praebetur.
1274 4859 1430 4918 Sicut
1477 4862 1644 4934 igitur
1683 4861 1921 4916 Redem-

340 4957 465 5018 ptor
493 4959 681 5004 noster
706 4950 832 5005 dum
867 4951 1211 5017 venderetur,
1256 4953 1380 5007 dum
1427 4961 1724 5022 pateretur,
1766 4969 1795 5004 a
1823 4966 1922 5006 sua

339 5055 446 5093 non
479 5041 654 5109 potuit
682 5040 966 5109 majestate
1005 5043 1235 5098 deﬁcere
1267 5041 1632 5114 (Joan.xvtn),
1656 5043 1729 5096 ita
1759 5041 1921 5096 etiam

341 5127 582 5197 Spiritus
611 5140 833 5188 sanctus
859 5132 987 5188 licet
1008 5133 1313 5187 amaritudo
1339 5132 1647 5188 venalitatis
1670 5131 1918 5202 obrepat,

342 5217 681 5286 dispendium
707 5228 885 5275 tamen
911 5221 1019 5291 pati
1045 5221 1273 5291 propria:
1289 5221 1503 5274 virtutis
1522 5221 1752 5290 ignorat.
1772 5220 1926 5275 Licet

343 5309 488 5360 enim
537 5309 794 5364 sacerdos
844 5311 1071 5378 quilibet
1110 5312 1360 5366 videatur
1402 5311 1618 5379 operari
1663 5309 1922 5374 exterius,

344 5394 438 5448 sed
476 5393 590 5462 ipse
613 5393 883 5462 Christus,
915 5398 1003 5466 qui
1048 5414 1207 5453 verus
1252 5397 1536 5461 Sacerdos,
1587 5407 1640 5454 et
1683 5413 1925 5454 summus

341 5494 430 5538 est
482 5482 752 5553 Pontifex,
797 5488 1175 5543 accedentibus
1221 5490 1287 5542 ad
1319 5491 1561 5545 diversos
1605 5491 1783 5544 exitus
1829 5503 1926 5545 sua

344 5573 494 5628 dom
518 5574 817 5646 dispensat.
866 5575 995 5642 Qua:
1030 5578 1286 5631 nimirum
1317 5579 1436 5633 aliis
1500 5579 1716 5649 quidem
1749 5578 1816 5634 ad
1843 5593 1928 5635 sa-

751 5669 1029 5730 ΡΑτιιοι.
1074 5674 1316 5737 CXLV.

2022 3129 2274 3198 idemque
2297 3130 2388 3200 qui
2419 3139 2734 3196 consecrat;
2766 3133 2869 3187 hoc
2894 3142 2996 3196 est,
3024 3133 3170 3206 larga
3212 3135 3416 3192 Christi
3455 3137 3608 3193 beni-

2021 3215 2228 3293 gnitate
2269 3221 2526 3275 tribuitur
2564 3223 2707 3291 quod
2736 3223 2801 3287 is,
2835 3225 2927 3293 qui
2959 3225 3179 3295 accipit,
3208 3242 3316 3282 non
3345 3239 3605 3284 meretur.

2027 3329 2048 3363 ι
2082 3312 2185 3380 Qui
2227 3312 2369 3368 enim
2416 3313 2547 3366 oriri
2592 3311 2725 3367 facit
2755 3313 2923 3369 solem
2976 3331 3132 3369 suum
3180 3331 3343 3387 super
3374 3317 3482 3389 93
3511 3318 3607 3373 bo—

2021 3419 2123 3460 nos
2170 3413 2226 3460 et
2277 3391 2471 3469 malos,
2523 3412 2578 3459 et
2628 3404 2768 3475 pluit‘
2817 3421 2982 3475 super
3030 3407 3208 3478 justos
3262 3419 3316 3464 et
3374 3409 3606 3479 injustos

2022 3493 2240 3566 (Hattlz.
2273 3494 2360 3567 v),
2395 3513 2414 3546 ι
2449 3494 2580 3565 quid
2607 3496 2804 3550 mirum
2835 3496 2882 3552 si
2923 3497 3149 3552 imbrem
3179 3501 3368 3572 gratia:
3412 3517 3524 3557 sua:
3552 3511 3607 3556 et

2023 3585 2078 3641 in
2107 3600 2395 3642 arenosum
2419 3586 2570 3642 littus
2597 3584 2877 3643 effundat?
2915 3587 3057 3656 Quid
3099 3608 3320 3658 novum,
3367 3595 3410 3648 si
3439 3595 3604 3650 etiam

2022 3678 2170 3746 ipsos
2208 3693 2472 3734 caecorum
2519 3679 2707 3735 oculos
2753 3680 3059 3750 splendoris
3087 3685 3170 3738 sui
3205 3685 3370 3740 radiis
3403 3686 3609 3740 feriat?

2027 3767 2095 3825 Ut
2126 3778 2180 3824 et
2207 3769 2307 3839 ipsi
2354 3770 2548 3824 merito
2590 3779 2814 3825 cantare
2860 3772 3088 3843 possint,
3129 3775 3270 3842 quod
3298 3775 3483 3831 inl‘elix
3517 3777 3607 3831 ille

2023 3862 2243 3918 Balaam
2279 3881 2291 3916 :
2329 3882 2347 3913 ι
2383 3862 2528 3916 Dixit
2570 3862 2754 3928 homo,
2784 3862 2978 3932 inquit,
3024 3864 3177 3932 cujus
3213 3867 3495 3921 obturatus
3525 3880 3608 3923 est

2023 3953 2248 4009 oculus:
2292 3952 2426 4008 dixit
2461 3953 2675 4007 auditor
2703 3968 3012 4007 sermonum
3043 3955 3160 4020 Dei,
3203 3958 3293 4024 qui
3335 3960 3481 4011 novit
3505 3959 3601 4010 do~

2025 4045 2258 4100 ctrinam
2304 4042 2593 4107 Altissimi,
2625 4052 2680 4096 et
2717 4043 2980 4098 visionem
3017 4045 3413 4115 Otnuipotentis
3441 4049 3607 4113 videt,

2023 4135 2114 4204 qui
2134 4134 2332 4190 cadens
2362 4140 2578 4202 apertos
2603 4132 2765 4188 habet
2791 4135 2975 4190 oculos
3001 4135 3190 4206 (Nam.
3238 4137 3407 4208 xxiv).
3434 4158 3452 4190 ι

2622 4245 2847 4302 CAPUT
2887 4246 2994 4301 νη.

2029 4335 2182 4402 Quod
2213 4336 2435 4392 Balaam
2464 4315 2817 4419 .Simpaiacus
2865 4337 2988 4406 fuit,
3020 4349 3080 4420 Oet.
3117 4349 3290 4392 tamen
3329 4339 3611 4409 prophe:im

2293 4429 2296 4433 λ
2521 4411 2758 4477 spiritum
2795 4425 2897 4461 non
2927 4411 3120 4462 amisit.

2100 4491 2258 4556 Ecce,
2290 4493 2430 4547 unde
2455 4493 2544 4546 hic
2571 4491 2815 4546 avarititc
2843 4491 2982 4546 ﬁlius
3009 4499 3156 4546 tanta
3186 4494 3362 4563 potuit
3388 4510 3600 4565 magna-

2030 4581 2098 4636 lia
2126 4597 2368 4646 cernere,
2391 4591 2446 4637 et
2486 4583 2908 4652 redemptionem
2943 4586 3122 4639 mundi
3152 4585 3462 4656 longissime
3485 4597 3610 4656 post

2028 4673 2262 4726 futuram
2294 4681 2402 4726 tam
2437 4685 2708 4741 expresse,
2761 4682 2868 4727 tam
2897 4673 3069 4729 lucide
3100 4678 3372 4741 nuntiare,
3406 4680 3450 4732 si
3482 4680 3607 4748 Spi-

2027 4763 2164 4818 ritus
2212 4764 2384 4819 sancti
2421 4764 2761 4832 praesentiam
2811 4781 2917 4818 non
2962 4766 3217 4820 haberet?
3261 4767 3414 4821 Sicut
3463 4771 3606 4824 enim

2029 4854 2274 4922 egregius
2312 4854 2501 4906 doctor
2536 4854 2612 4906 ait
2642 4871 2654 4904 :
2694 4853 2826 4920 Quis
2855 4855 3001 4910 novit
3032 4870 3150 4924 qure
3190 4867 3315 4910 sunt
3351 4856 3602 4919 hominis,

2031 4945 2132 4998 nisi
2151 4945 2370 5014 spiritus
2387 4944 2641 5008 hominis,
2667 4945 2758 5014 qui
2786 4945 2838 4998 in
2859 4945 2973 5016 ipso
2994 4948 3113 5001 est?
3136 4946 3188 5017 (1
3211 4947 3332 5000 Cor.
3360 4949 3442 5015 ιι).
3462 4949 3536 5003 Ita
3557 4958 3608 5000 et

2031 5050 2150 5104 quae
2165 5035 2256 5088 Dei
2275 5043 2422 5099 sunt,
2440 5049 2598 5088 nemo
2615 5037 2763 5089 novit
2783 5036 2883 5089 nisi
2903 5035 3137 5106 Spiritus
3153 5038 3243 5092 Dei
3264 5056 3276 5102 ;
3308 5041 3602 5108 praesertim

2030 5142 2152 5180 cum
2186 5127 2376 5180 eadem
2423 5125 2701 5195 Scriptura
2734 5127 2879 5181 dicat
2911 5144 2924 5179 :
2964 5145 2982 5178 ι
3014 5128 3148 5193 Quia
3189 5129 3427 5182 irruente
3455 5127 3509 5180 in
3550 5144 3609 5182 se

2029 5218 2232 5286 Spiritu
2275 5217 2389 5283 Dei,
2436 5226 2709 5286 assumpta
2752 5218 3002 5287 parabola
3048 5221 3124 5272 ait
3149 5217 3339 5287 (Num.
3368 5219 3544 5289 xxiv),
3584 5241 3602 5271 ι

2029 5309 2282 5364 videlicet
2301 5309 2444 5378 quod
2473 5309 2629 5364 modo
2654 5308 3048 5378 praemisimus;
3072 5308 3320 5369 dicimus,
3348 5308 3490 5378 quod
3511 5325 3609 5380 per

2031 5399 2397 5454 Simoniacum
2424 5398 2622 5452 donum
2653 5398 2888 5467 Spiritus
2910 5399 3081 5452 sancti
3114 5413 3218 5451 non
3245 5399 3424 5453 datur.
3466 5399 3614 5453 Nun~

2028 5489 2156 5561 quid
2197 5505 2301 5546 non
2343 5491 2396 5544 in
2455 5489 2675 5544 Balaam
2717 5490 2823 5544 isto
2863 5488 3167 5544 Simoniaca
3224 5491 3450 5547 hzeresis
3495 5490 3608 5559 jam

2033 5593 2156 5637 tunc
2184 5583 2416 5654 viguisse
2446 5580 2829 5653 cognoscitur?
2857 5578 3104 5650 Nunquil
3139 5597 3244 5638 non
3276 5585 3446 5639 sancti
3485 5584 3608 5652 Spi-
