4024 6200
416 202 443 251 ⁷1
456 199 522 251 07

859 197 918 253 S.
961 198 1161 252 PETRI
1188 196 1483 253 ‘DAMlANl
1525 197 1676 254 OPP.
1716 200 1950 255 T0liUS
1992 200 2122 256 SEU
2160 202 2339 258 PARS
2375 204 2459 257 Ill.
2493 235 2561 245 —-
2599 204 2961 262 OPUSCULA
3003 208 3233 262 \‘ARIA.

3579 214 3680 270 108

418 312 554 365 ritus
588 309 816 380 gratiant
846 309 1077 362 vendere
1110 307 1426 370 conabatur,
1456 323 1576 362 cum
1606 308 1669 359 ad
1696 307 2006 375 promissio-
2034 316 2080 370 Α
2110 310 2380 373 credatur,
2415 312 2536 379 quia
2575 327 2670 382 per
2696 313 2909 384 Moysen
2937 316 3237 384 appellatur
3261 319 3518 385 hariolus,
3544 323 3678 396 vigi-

416 418 539 456 nem
568 401 725 471 pretii
750 399 1048 454 ltariolalus
1073 399 1154 452 sui
1190 399 1537 467 depromehat
1559 397 1873 451 oraculum?
1903 399 1993 452 Sic

416 493 559 547 enim
598 492 877 561 Scriptura
917 497 1145 543 testatur
1193 489 1320 556 quia
1363 488 1605 540 seniores
1645 486 1798 539 Moab
1841 502 1995 556 roga-

415 583 545 636 bant
573 596 718 645 eum,
757 600 775 631 ι
800 579 1076 633 habentes
1104 578 1335 646 pretium
1365 576 1711 630 divinationis
1743 576 1795 629 in
1826 577 1995 630 mani-

416 672 518 727 bus
542 670 730 742 (Num.
761 668 922 739 xxtt).
953 688 970 720 ι
1005 669 1070 721 Et
1095 683 1284 721 rursus
1311 683 1408 737 per
1438 667 1571 721 alios
1598 667 1815 720 nuntios
1848 667 1996 720 misit

414 764 481 818 ad
518 777 662 823 eum,
697 761 891 829 inquit,
949 760 1110 814 Balac
1154 759 1293 814 filius
1330 758 1559 827 Sephor,
1602 759 1826 812 dicens:
1866 777 1883 809 ι
1918 757 1995 812 Ne

414 852 687 907 cunctcris
714 852 899 906 venire
928 850 993 903 ad
1016 859 1398 919 megparatum
1427 850 1599 903 habeo
1625 848 1890 901 honorare
1921 856 1993 913 te,

414 951 467 995 et
489 940 749 1011 quidquid
777 940 1028 1003 volueris,
1056 939 1195 991 dabo
1228 938 1320 991 tibi
1349 934 1560 1007 (lbid.).
1600 955 1618 986 ι
1652 935 1851 990 Amore
1875 936 1997 1004 qui—

414 1034 535 1087 dem
563 1026 804 1101 pecunia:
830 1044 1122 1085 succensus
1147 1028 1429 1088 aestuabat,
1455 1036 1510 1080 et
1538 1034 1716 1081 tamen
1746 1040 1842 1095 per
1870 1040 1994 1079 eum

416 1122 650 1190 Spiritus
678 1130 897 1175 sanctus
924 1117 1186 1187 profunda
1218 1116 1474 1186 mysteria
1513 1116 1849 1185 loquebatur.
1886 1115 1993 1168 Ba-

414 1212 552 1264 laam
586 1211 832 1276 denique,
866 1217 920 1262 et
946 1208 1138 1271 Balac,
1165 1213 1391 1274 uterque
1422 1205 1528 1259 Deo
1560 1205 1842 1260 manifeste
1870 1220 1998 1258 con-

419 1302 635 1363 trarius,
682 1309 907 1367 uterque
951 1297 1043 1351 Dei
1082 1296 1277 1365 populo
1317 1296 1587 1349 exstitisse
1628 1296 1887 1364 probatur
1917 1294 1999 1347 in-

414 1388 602 1452 festus,
643 1388 950 1453 donumque
982 1386 1175 1439 divina:
1220 1385 1408 1454 gratiae
1458 1383 1596 1436 alter
1639 1398 1838 1446 emere,
1863 1383 2001 1435 alter

413 1477 697 1532 venditare
741 1474 1091 1530 nihilominus
1136 1474 1449 1543 gestiebat:
1483 1481 1720 1525 attamen
1769 1471 2001 1541 prophe-

414 1569 534 1621 ticte
578 1564 930 1619 revelationis
980 1579 1260 1627 arcanum,
1307 1571 1363 1617 et
1405 1562 1507 1616 iste
1551 1570 1705 1615 extra
1745 1564 2000 1615 meritum

2097 394 2269 452 lantcr
2308 399 2547 467 ejusdem
2591 403 2833 457 historim
2876 405 3037 458 verba
3093 421 3367 474 percurre.
3405 419 3459 464 et
3487 394 3677 467 eodem

2096 485 2288 557 Moyse
2310 504 2589 558 perspicue
2612 501 2865 558 testante,
2897 495 3131 563 reperies
3160 513 3171 547 :
3203 496 3337 564 Quia
3360 513 3484 554 cum
3509 502 3677 557 vidis-

2097 585 2177 630 set
2224 576 2389 631 lsrael
2432 579 2484 632 in
2529 581 2776 634 tentoriis
2819 593 3277 659 commorantem,
3323 589 3571 655 protinus
3624 592 3676 646 in

2096 667 2244 721 illum
2279 669 2371 723 Dei
2418 670 2651 739 Spiritus
2692 672 2849 727 irruit
2882 675 3068 740 (Num.
3094 678 3272 747 μιν),
3304 689 3359 733 et
3396 688 3453 735 ut
3490 696 3676 736 revera

2095 756 2409 826 pmphetam
2444 760 2495 813 in
2525 761 2794 815 vaticiniis
2824 778 2948 816 mox
2975 766 3252 819 oraculum
3287 769 3560 823 excitavit.
3612 770 3675 824 Et

2098 846 2334 901 hariolus
2357 862 2484 917 ergo
2515 850 2812 919 appellatur
2840 861 2893 905 et
2926 855 3187 922 propheta
3215 865 3331 921 est;
3368 858 3492 926 quia
3515 873 3675 928 quem

2097 941 2162 993 ad
2196 941 2567 1008 propheticam
2609 942 2926 1011 dignitatem
2968 946 3137 1013 gratia
3168 961 3395 1015 superna
3421 964 3678 1017 provexe—

2096 1038 2210 1093 rat,
2263 1032 2520 1083 obscaeno
2568 1030 2864 1085 hariolatus
2913 1033 3128 1087 nomine
3174 1036 3386 1103 propria
3438 1038 3676 1105 pravitas

2098 1120 2435 1188 deturpabat.
2484 1118 2583 1173 Ubi
2630 1122 3077 1175 considerandum
3120 1133 3234 1187 est,
3265 1139 3426 1192 quam
3458 1126 3677 1195 profun-

2098 1209 2224 1263 dum
2267 1210 2365 1272 sit,
2409 1218 2570 1279 atque
2616 1212 2811 1265 subtile
2854 1212 2945 1266 Dei
2989 1212 3247 1281 judicium
3296 1229 3309 1266 :
3364 1215 3469 1269 imo
3514 1230 3676 1285 quam

2099 1297 2353 1351 terribilis
2396 1299 2467 1351 sit
2510 1299 2648 1353 Deus
2696 1300 2749 1353 in
2806 1299 3046 1354 consiliis
3094 1315 3256 1369 super
3309 1301 3448 1357 ﬁlios
3500 1304 3677 1359 homi-

2097 1403 2224 1440 num
2267 1386 2443 1456 (Psal.
2486 1388 2659 1455 va);
2711 1403 2832 1442 cum
2892 1389 3143 1444 videlicet
3201 1391 3523 1447 miserabilis
3584 1394 3676 1449 ille

2098 1478 2181 1532 vir
2220 1493 2394 1547 neque
2440 1488 2659 1548 propter
2706 1488 2892 1533 reatus
2942 1480 3021 1534 sui
3064 1480 3378 1549 nequitiam,
3418 1484 3672 1551 gratiam,

2101 1583 2262 1636 quam
2300 1568 2464 1622 semel
2491 1568 2836 1637 acquisierat,
2868 1568 3098 1638 perdidit
3130 1588 3142 1623 :
3177 1578 3233 1624 et
3256 1579 3430 1625 tamen
3453 1582 3674 1641 propter

414 1657 657 1727 protulit,
692 1666 746 1711 et
784 1656 874 1709 ille
910 1656 1099 1725 utique
1135 1653 1384 1724 indignus
1434 1654 1639 1706 audivit
1671 1671 1683 1706 :
1713 1662 1896 1722 atque,
1941 1660 2000 1705 ut
2030 1669 2072 1725 υ
2102 1660 2268 1729 ipsam
2314 1660 2566 1729 gratiam,
2612 1675 2773 1729 quam
2820 1661 3133 1728 usurpabat,
3171 1660 3443 1729 indignus,
3478 1662 3671 1716 divina:

415 1749 588 1817 magis
619 1746 919 1816 largitatem
959 1746 1125 1798 divini
1166 1744 1405 1798 muneris
1449 1743 1798 1807 admiremur,
1833 1741 1997 1796 male-

416 1840 596 1894 dicere
628 1839 900 1892 nitebatur
921 1836 1160 1900 Balaam,
1197 1844 1251 1890 et
1289 1844 1467 1889 tamen
1503 1835 1702 1889 invitus
1724 1850 1754 1890 e
1781 1842 1997 1889 contra-

416 1930 497 1984 rio
544 1928 896 1984 benedicebat
931 1943 944 1978 :
989 1943 1006 1976 ι
1042 1926 1123 1980 Ad
1172 1925 1624 1992 benedicendum,
1667 1925 1862 1994 inquit,
1905 1926 1996 1980 ad—

416 2020 607 2073 ductus
654 2032 806 2081 sum,
860 2011 1291 2069 benedictionem
1342 2015 1630 2083 prohibere
1686 2030 1792 2068 non
1843 2014 1998 2069 valeo

416 2108 608 2177 (Num.
636 2106 816 2175 χχιιι).
850 2125 868 2159 ι
909 2106 1146 2161 Chamus
1173 2106 1370 2174 quippe
1417 2105 1610 2160 divinat
1661 2105 1878 2159 virtutis
1915 2104 1995 2158 ori

416 2203 531 2270 ejus
568 2210 686 2254 erat
729 2200 1116 2266 innixus,'nec
1169 2207 1382 2268 poterat
1430 2199 1688 2252 aliorsum
1738 2198 1996 2266 impetum

417 2294 613 2362 lingua:
634 2292 887 2360 dirigere,
921 2290 1022 2345 nisi
1058 2304 1165 2358 quo
1193 2289 1426 2359 Spiritus
1457 2298 1676 2343 sanctus
1706 2288 1996 2357 praesidens

419 2382 740 2435 intorsisset.
764 2380 897 2434 Cum
920 2380 1196 2434 voluntate
1212 2380 1474 2448 siquidem
1500 2379 1677 2449 lingua
1702 2380 1992 2448 pugnabat,

415 2484 471 2528 et
497 2472 855 2527 turbulentam
883 2471 1231 2542 salsuginem,
1256 2487 1419 2541 quam
1450 2488 1603 2527 mens
1631 2473 1994 2542 praedamnata

415 2571 759 2633 conceperat,
808 2578 903 2631 per
949 2564 1060 2618 oris
1096 2563 1307 2618 alveum
1350 2562 1567 2619 efﬂuere
1614 2580 1719 2617 non
1761 2565 1992 2619 valebat.

418 2655 571 2709 Unde
599 2654 851 2723 quoniam
878 2654 1019 2707 sicut
1041 2653 1343 2722 petebatur,
1370 2654 1600 2721 jaculari
1646 2655 1698 2706 in
1741 2656 1994 2723 populum

420 2746 509 2800 Dei
542 2745 824 2799 maledicta
876 2760 980 2798 non
1023 2745 1213 2813 potuit,
1256 2746 1323 2797 ad
1371 2745 1702 2814 deceptionis
1746 2761 1805 2799 se
1845 2762 1997 2815 argu-

417 2842 595 2888 menta
621 2833 907 2897 convertit,
939 2847 1002 2886 ac
1040 2832 1443 2886 Madianitidutn
1490 2850 1672 2887 coram
1713 2836 1793 2888 eis
1825 2835 1995 2889 oll‘en-

415 2922 876 2990 diculnmposuit.
923 2921 980 2974 Si
1021 2936 1150 2991 ergo
1180 2922 1289 2988 ille,
1333 2923 1423 2990 qui
1462 2924 1625 2977 etiam
1673 2924 1995 2980 maledicere

2097 1747 2319 1802 ultionis
2344 1749 2667 1802 sententiam
2703 1749 2973 1803 declinare
3000 1764 3106 1804 non
3142 1749 3338 1819 potuit.
3381 1749 3517 1816 Quid
3543 1766 3672 1821 ergo

2096 1843 2294 1895 mirum
2336 1843 2382 1897 si
2429 1844 2768 1912 omnipotens
2819 1845 2976 1911 Deus,
3027 1846 3117 1915 qui
3162 1860 3376 1915 semper
3410 1855 3489 1901 est
3528 1849 3673 1917 quod

2097 1942 2197 1999 est,
2228 1943 2283 1989 et
2309 1938 2504 1990 mutari
2532 1952 2635 1991 non
2665 1937 2832 2002 novit,
2865 1936 3211 1991 nihilominus
3251 1938 3426 1992 adhuc
3449 1939 3669 2009 antiqua

2095 2024 2363 2078 examinis
2414 2024 2497 2077 sui
2539 2023 2660 2092 jura
2712 2025 2998 2090 custodiat,
3055 2033 3108 2079 et
3162 2026 3403 2080 eamdem
3445 2036 3672 2082 assuetae

2098 2113 2434 2166 discretionis
2486 2114 2722 2183 regulam
2772 2122 2981 2180 teneat;
3036 2123 3096 2169 ut
3150 2116 3291 2184 quod
3346 2115 3399 2169 in
3448 2114 3668 2170 Balaam

2098 2199 2243 2265 fecit,
2298 2201 2562 2271 hodieque
2611 2203 2662 2256 in
2702 2203 2817 2257 suis
2868 2203 3131 2259 similibus
3180 2219 3284 2258 non
3336 2205 3670 2259 dissimiliter

2096 2301 2351 2360 cperetur
2380 2310 2391 2344 :
2425 2304 2692 2360 quatenus
2722 2301 2775 2346 et
2804 2307 2902 2361 pro
2932 2292 3178 2363 larg‘itate
3207 2293 3503 2349 clementiae
3529 2295 3667 2349 dona

2097 2396 2189 2434 sua
2246 2383 2501 2451 indignis,
2561 2392 2615 2437 et
2664 2400 2760 2455 pro
2811 2398 3036 2439 censura
3078 2385 3304 2453 justitiie
3354 2386 3526 2454 digna:
3575 2401 3669 2441 eos

2099 2471 2318 2525 ultionis
2348 2473 2818 2528 animadversione
2846 2474 3143 2542 percellat?

2669 2582 2897 2638 CAPUT
2940 2583 3069 2637 Vill.

2098 2671 2250 2735 Quod
2268 2672 2540 2740 reprobum
2560 2672 2771 2750 Sim/ent
2792 2680 2908 2750 cum
2939 2672 3249 2750 satellitibus
3276 2674 3385 2729 suis
3411 2675 3665 2745 propheti-

2558 2758 2649 2794 cus
2680 2744 2891 2809 spiritus
2926 2744 3210 2810 occupavit.

2167 2832 2293 2887 Illud
2325 2848 2537 2901 quoque
2582 2831 2867 2885 obscurum
2910 2849 3016 2886 non
3059 2842 3162 2897 est,
3207 2832 3349 2902 quod
3384 2849 3506 2888 cum
3542 2834 3667 2890 Saul

2096 2920 2382 2975 direxisset
2407 2920 2626 2973 lictores
2682 2920 2749 2973 ad
2795 2920 3107 2987 rapiendum
3163 2920 3351 2986 David,
3386 2931 3546 2992 atque
3593 2922 3668 2977 illi

412 3011 689 3077 concupit,
730 3024 1068 3079 nequaquam
1118 3018 1293 3062 tamen
1340 3019 1396 3062 ut
1442 3010 1763 3064 maledicere
1790 3021 1991 3081 posset,
2023 2995 2243 3077 Cjnxta
2303 3008 2459 3062 fidem
2517 3009 2755 3063 historiae
2820 3009 3080 3063 vidissent
3148 3025 3269 3065 cum
3324 3026 3389 3065 eo
3445 3012 3671 3080 prophe-

416 3100 683 3164 obtinnit;
712 3100 841 3169 quid
874 3099 975 3153 nisi
1010 3100 1114 3152 hoc
1142 3099 1315 3168 ipsum
1349 3100 1551 3153 sentire
1580 3101 1645 3153 de
1676 3099 1996 3155 Simoniacis

417 3188 613 3253 valeat,
662 3187 751 3243 ubi
798 3196 950 3242 certe
999 3203 1151 3271 mens
1201 3202 1322 3240 cum
1379 3188 1573 3258 lingnze
1622 3188 1997 3245 benedictione

414 3278 750 3333 concordat?
798 3278 903 3333 Sed
951 3279 1044 3349 qui
1102 3279 1432 3349 prepheticzc
1496 3280 1775 3350 dignitatis
1824 3280 1996 3335 cilicio

414 3371 780 3425 irreverenter
817 3370 1017 3424 abusus
1054 3378 1155 3433 est,
1196 3384 1302 3438 quo
1334 3370 1545 3423 tandem
1579 3370 1785 3425 collata:
1808 3373 1997 3440 gratia:

416 3462 828 3533 praerogativam
880 3461 992 3533 94
1047 3461 1152 3514 line
1199 3462 1495 3515 conclusit?
1544 3460 1681 3514 Nam
1738 3472 1857 3531 post
1916 3463 1997 3517 di-

415 3564 625 3627 gestam
671 3553 951 3609 lsraelitici
997 3553 1174 3622 p0pnli
1222 3554 1498 3607 victoriam
1553 3554 1830 3624 Scriptura
1872 3570 1996 3609 mox

416 3645 621 3710 intulit,
645 3645 827 3699 dicens
860 3660 874 3697 :
905 3660 923 3693 ι
962 3642 1179 3696 Balaam
1218 3657 1430 3710 quoque
1457 3643 1621 3696 lilium
1658 3644 1794 3698 Beor
1833 3645 1999 3699 inter-

416 3736 663 3790 fecerunt
690 3734 867 3805 gladio
894 3733 1084 3803 (Num.
1115 3733 1285 3802 χχχι).
1318 3752 1336 3783 ι
1371 3734 1461 3805 Sic
1482 3734 1736 3788 nimirum
1768 3718 1881 3789 sive
1914 3734 1997 3790 Si-

415 3826 669 3889 moniaei,
696 3840 791 3879 seu
813 3823 1035 3893 quilibet
1062 3823 1337 3877 eriminosi
1361 3824 1717 3891 suscipiendis
1742 3840 1801 3880 se
1825 3824 1990 3880 eccle-

416 3914 656 3969 siasticis
703 3912 1020 3967 ministeriis
1065 3912 1337 3980 applicant
1379 3929 1392 3964 :
1434 3921 1489 3966 et
1533 3913 1731 3966 donum
1781 3914 1995 3982 quidem

415 4019 661 4074 supernae
690 4004 876 4073 gratia:
917 4015 979 4056 ex
1022 4001 1356 4071 benignitate
1394 4001 1673 4070 largitoris
1702 4003 1995 4071 accipiunt,

415 4100 472 4145 et
495 4092 713 4161 dignum
758 4099 934 4143 tamen
983 4090 1186 4159 proprii
1233 4104 1492 4145 excessus
1529 4092 1855 4159 stipendium
1888 4107 1995 4146 non

416 4181 671 4235 evadunt.
702 4178 814 4232 Hoc
847 4179 991 4233 enim
1034 4179 1137 4232 illis
1166 4180 1395 4232 vertitur
1427 4180 1479 4232 in
1512 4181 1829 4247 perniciem,
1856 4182 1996 4251 quod

414 4269 593 4340 dignis
619 4268 891 4337 provisum
940 4274 1025 4320 est
1062 4266 1128 4320 ad
1171 4267 1418 4321 salutem.
1448 4268 1625 4336 Atque
1666 4268 1789 4323 inde
1829 4269 1902 4322 illi
1942 4270 1995 4323 in

415 4332 633 4415 aeterna:-
660 4357 849 4411 mortis
884 4355 1182 4425 periculum
1222 4365 1506 4421 corruunt,
1538 4332 1691 4411 unde
1728 4366 1784 4411 et
1812 4357 1900 4412 alii
1928 4357 1994 4411 ad
2026 4332 2075 4391 D

417 4448 746 4520 capessenda
768 4447 891 4503 vitae
914 4446 1131 4517 praemia
1155 4446 1398 4516 vegetius
1417 4447 1816 4504 convalescunt.
1838 4447 1995 4503 Certe

416 4541 509 4609 qui
542 4539 686 4594 illam
712 4553 879 4593 sacrae
905 4537 1197 4607 Scriptura:
1227 4537 1497 4608 paginam,
1529 4553 1649 4607 qua:
1678 4539 1746 4594 de
1772 4538 1996 4609 praefato

416 4630 635 4685 Balaam
666 4630 922 4698 loquitur,
963 4627 1121 4683 oculo
1166 4627 1419 4697 vigilante
1451 4628 1741 4697 percurrit,
1770 4628 1997 4683 nullate-

418 4740 522 4781 nus
568 4725 777 4780 dubitat
821 4725 964 4779 hunc
1006 4724 1275 4780 infelicem
1321 4724 1517 4791 virum,
1572 4733 1629 4779 ut
1673 4740 1860 4781 revera
1900 4741 1997 4796 per

418 4817 599 4870 omnia
643 4815 1029 4878 Simoniacum,
1082 4824 1308 4886 excepto
1361 4816 1503 4885 quod
1552 4816 1737 4872 Simon
1770 4817 1997 4873 necdum

420 4908 615 4972 fuerat,
644 4921 710 4959 ex
732 4920 839 4974 quo
862 4907 1181 4961 detestabile
1202 4906 1328 4961 illud
1351 4916 1692 4963 mutuaretur
1712 4923 1996 4976 agnomen,

314 4985 322 4993 ’
416 5006 472 5052 et
514 4996 808 5066 prophetiae
856 5009 966 5049 suae
1025 4997 1255 5065 gratiam
1308 4998 1551 5052 venalem
1608 4999 1894 5063 habuisse,
1945 5006 2000 5053 et

420 5097 603 5141 tamen
644 5100 739 5156 per
783 5084 926 5138 hunc
972 5083 1410 5140 manifestissime
1451 5085 1711 5154 Spiritum
1756 5096 1999 5142 sanctum

420 5178 588 5234 fuisse
614 5179 850 5233 locutum
882 5194 895 5229 :
926 5184 1105 5245 atque,
1134 5177 1275 5245 quod
1307 5191 1412 5230 non
1453 5177 1632 5231 minus
1677 5179 1995 5247 stupendum

422 5276 524 5330 est.
549 5284 668 5323 cum
690 5268 801 5338 jam
831 5281 924 5321 cor
948 5265 1064 5333 ejus
1092 5265 1545 5335 concupiscentia:
1580 5266 1791 5336 ignibus
1818 5281 1998 5321 urere-

423 5366 535 5414 tur,
584 5359 721 5412 Deus
769 5358 869 5411 sibi
923 5356 1272 5411 nihilominus
1323 5370 1418 5424 per
1470 5357 1647 5419 diem,
1695 5363 1857 5424 atque
1905 5369 2000 5424 per

425 5458 635 5502 noctem
682 5450 891 5503 locutus
915 5449 1066 5519 quasi
1101 5448 1442 5502 familiariter
1480 5447 1768 5501 invenitur.
1812 5448 1878 5502 Et
1931 5463 1999 5502 ne

424 5538 670 5591 fortaSsis
708 5538 910 5592 idcirco
947 5538 1204 5607 Spiritum
1241 5544 1484 5592 sanctum
1528 5534 1706 5591 minus
1745 5536 1999 5592 habuisse

2099 3113 2274 3154 tarum
2327 3100 2734 3154 vaticinantium
2796 3115 3067 3165 cuneum,
3132 3110 3187 3155 et
3246 3101 3464 3155 Samuel
3523 3111 3670 3155 stan-

2097 3200 2203 3245 tem
2262 3204 2421 3258 super
2447 3203 2562 3253 eos,
2620 3187 2794 3242 factus
2830 3197 2911 3243 est
2953 3189 3110 3242 etiam
3172 3189 3225 3242 in
3279 3188 3383 3242 illis
3436 3188 3669 3259 Spiritus

2096 3280 2341 3342 Domini,
2394 3286 2448 3331 et
2497 3278 2822 3348 prophetare
2876 3286 3156 3347 coeperunt
3207 3295 3220 3331 :
3270 3292 3497 3347 cumque
3544 3277 3667 3332 Saul

2097 3370 2334 3423 secundo
2401 3377 2456 3422 et
2527 3368 2683 3422 tertio
2742 3368 2908 3431 alios,
2973 3377 3133 3436 atque
3210 3368 3344 3423 alios
3400 3369 3667 3436 mitteret,

2096 3473 2149 3517 et
2172 3464 2290 3518 illos
2313 3462 2659 3517 nihilominus
2681 3462 3027 3531 propheticus
3051 3460 3157 3530 95
3183 3460 3415 3530 Spiritus
3444 3462 3670 3517 invasis-

2097 3562 2195 3615 set,
2225 3553 2464 3628 tandem,
2492 3561 2550 3606 ut
2572 3552 2851 3620 Scriptura
2880 3549 3167 3619 testatur”
3194 3549 3318 3619 Reg.
3348 3550 3479 3619 x1x,)
3504 3551 3671 3604 iratus

2098 3644 2210 3712 ipse
2242 3642 2369 3696 Saul
2400 3643 2533 3697 abiit
2573 3642 2625 3695 in
2672 3641 2936 3694 Ramatha
2969 3659 2981 3693 :
3018 3641 3112 3696 sed
3152 3648 3438 3708 antequam
3486 3656 3672 3708 perve-

2099 3734 2284 3796 uisset,
2317 3731 2489 3785 factus
2517 3739 2599 3785 est
2630 3731 2793 3785 etiam
2822 3745 2983 3798 super
3023 3744 3147 3782 eum
3193 3728 3424 3798 Spiritus
3470 3728 3583 3791 Dei,
3617 3736 3674 3781 et

2097 3822 2439 3891 prephetavit
2487 3830 2594 3875 tota
2642 3820 2729 3874 die
2768 3820 2942 3874 nudus
2976 3834 3097 3872 cum
3129 3818 3336 3871 caeteris
3362 3832 3540 3872 coram
3573 3816 3672 3873 Sa-

2099 3913 2259 3966 muel.
2320 3912 2457 3978 Quid
2494 3926 2623 3980 ergo
2659 3910 2851 3964 mirum
2897 3909 2942 3963 si
2986 3909 3227 3976 perversi
3260 3908 3504 3961 homines
3532 3907 3669 3960 dona

2101 4001 2214 4066 Dei,
2245 4002 2440 4071 quibus
2470 4001 2671 4071 indigni
2711 4008 2853 4063 sunt,
2888 3999 2953 4053 ad
2992 3998 3264 4052 cumulum
3304 4012 3413 4051 sua:
3450 3997 3672 4050 damna-

2101 4094 2262 4147 tionis
2313 4094 2609 4162 accipiant;
2670 4107 2792 4145 cum
2842 4099 2895 4144 et
2947 4089 3094 4143 Sauli
3142 4090 3260 4153 isti,
3318 4102 3475 4157 quem
3528 4086 3671 4143 Deus

2100 4183 2384 4250 abjecerat,
2415 4198 2571 4251 quem
2596 4181 2705 4249 jam
2735 4183 2940 4235 daemon
2982 4181 3186 4249 agitare
3212 4182 3507 4248 saepissime
3542 4192 3672 4234 con-

2101 4282 2368 4338 sueverat,
2406 4288 2511 4327 non
2556 4274 2712 4327 modo
2748 4272 3004 4341 Spiritum
3037 4272 3130 4328 Dei
3170 4273 3236 4327 ad
3279 4273 3467 4325 horam
3498 4271 3673 4327 susci-

2100 4376 2251 4430 pere,
2309 4362 2402 4415 sed
2444 4362 2605 4415 etiam
2657 4376 2777 4414 cum
2836 4362 2947 4415 suis
2989 4361 3179 4414 oﬁiciis
3230 4374 3545 4417 concessum
3602 4358 3675 4413 sit

2102 4450 2303 4505 diutius
2331 4450 2687 4518 prophetare?
2712 4450 3005 4505 Iracundia;
3044 4463 3236 4518 nempe
3279 4448 3401 4503 felle
3429 4462 3671 4503 commo-

2103 4550 2210 4606 tus,
2241 4550 2292 4595 et
2324 4541 2507 4596 livoris
2545 4541 2706 4595 simul
2735 4550 2789 4594 et
2816 4542 2923 4596 odii
2955 4550 3073 4595 erat
3117 4541 3310 4595 ardore
3339 4554 3669 4594 succensus:

2102 4639 2282 4697 atque,
2313 4637 2369 4682 ut
2399 4645 2503 4682 non
2541 4630 2739 4683 diutius
2782 4630 3055 4695 immorer,
3098 4630 3209 4683 Deo
3260 4643 3482 4693 vacuus,
3532 4627 3672 4682 malo

2101 4720 2309 4791 spiritui
2360 4719 2535 4774 fuerat
2583 4719 3010 4774 irrevocabiliter
3056 4719 3392 4788 mancipatus
3432 4736 3444 4771 :
3491 4727 3668 4771 tamen

2099 4829 2221 4867 cum
2261 4814 2329 4868 ad
2355 4813 2528 4868 locum
2580 4813 2731 4869 chori
2776 4813 3118 4868 vaticinantis
3164 4812 3415 4877 accessit,
3453 4818 3672 4879 repente

2099 4919 2260 4973 super
2286 4920 2406 4958 eum
2447 4904 2660 4959 divinus
2699 4902 2932 4973 Spiritus
2965 4904 3141 4968 irruit,
3190 4913 3245 4956 et
3283 4901 3426 4956 velut
3463 4899 3671 4970 apposi-

2105 5002 2213 5045 tam
2270 4994 2548 5047 materiam
2604 4993 2739 5063 ignis
2777 4993 3019 5047 insiliens
3055 4992 3357 5062 oecupavit.
3397 4989 3513 5045 Non
3543 5004 3669 5060 ergo

2102 5081 2415 5138 incredibile
2444 5083 2614 5136 videri
2661 5083 2837 5147 debet,
2868 5083 2912 5137 si
2956 5083 3009 5137 in
3052 5091 3235 5138 saneta
3265 5081 3525 5144 Ecclesia,
3552 5094 3669 5149 qua:

2100 5171 2284 5241 procul
2322 5170 2483 5225 dubio
2528 5173 2753 5226 thronus
2796 5173 2914 5237 Dei,
2968 5172 3265 5227 sacrarium
3309 5179 3391 5226 est
3441 5169 3671 5239 Spiritus

2103 5262 2295 5324 sancti,
2323 5262 2668 5331 omniumque
2693 5263 2992 5318 caelestium
3016 5263 3404 5318 charismatum
3430 5267 3672 5330 recepta-

2103 5353 2305 5417 culum,
2338 5352 2465 5406 illud
2510 5355 2697 5425 gratia:
2726 5362 3121 5409 sacramentum
3161 5362 3216 5408 et
3254 5353 3502 5423 indignus
3531 5348 3673 5404 acci-

2103 5443 2235 5512 piat,
2270 5442 2356 5497 cui
2399 5457 2494 5513 per
2532 5444 2907 5508 intentionem,
2955 5443 3038 5498 vel
3083 5445 3207 5498 vitze
3259 5442 3509 5497 meritum
3562 5454 3670 5492 non

2104 5533 2396 5590 concordat
2426 5549 2440 5585 :
2478 5532 2750 5600 nimirum,
2785 5534 2911 5604 quia
2951 5548 3055 5587 non
3087 5531 3264 5588 dantis
3308 5528 3559 5594 hominis,
3590 5526 3670 5580 vel
