4018 6194
342 339 443 394 109

1127 324 1369 392 OPUSC.
1408 336 1495 392 Vl.
1534 365 1608 379 —
1637 326 1837 395 LlBER
1875 330 1991 406 QUI
2032 330 2310 397 DlClTU’R
2344 332 2829 399 ERATISSIMUS.

3482 348 3505 404 l
3526 354 3578 403 to

336 446 653 518 accipientis
685 452 770 500 est
809 444 1086 510 meritum,
1136 447 1228 500 sed
1272 448 1465 501 summi
1511 447 1783 517 largitoris
1826 456 1910 503 est
1938 453 1981 511 Α
2014 465 2204 506 novam
2233 452 2433 506 mundo
2460 453 2656 523 ingerit
2684 457 3060 523 qumstiondm,
3083 467 3138 513 et
3163 460 3457 530 perspicua-2
3472 462 3587 520 luci

334 538 680 593 beneﬁcium.
722 535 841 591 Non
890 536 1033 590 enim
1088 535 1279 603 legitur
1320 555 1333 589 :
1370 537 1503 602 Quia
1534 536 1788 605 Spiritus,
1820 540 1907 593 ubi

336 628 554 697 dignum
595 635 677 680 est
736 624 939 694 spirat;
983 625 1076 679 sed
1124 626 1304 694 potius
1353 626 1553 680 dictum
1596 638 1677 681 est
1707 642 1722 680 :
1758 647 1776 678 ε
1811 628 1909 682 Ubi

334 714 855 787 vult,spirat(Joau.
877 715 965 787 Ill)
987 732 1032 779 ςι
1059 724 1117 769 ιιι
1134 715 1378 784 profecto
1401 718 1691 787 spiritualis
1713 719 1905 788 gratia,

332 820 455 878 qua:
498 824 563 861 ex
606 807 975 862 ecclesiastica
1025 807 1362 861 institutione
1402 807 1682 868 tribuitur,
1718 808 1910 863 divinae

331 897 512 965 potius
540 895 826 959 voluntati,
852 909 1011 963 quam
1036 895 1286 950 humanis
1328 896 1539 949 meritis
1582 897 1905 949 aseribatur.

333 989 623 1043 Enimvero
645 988 890 1057 Spiritus
924 996 1145 1042 sanctus
1177 1003 1280 1042 non
1317 1001 1415 1056 pro
1454 987 1664 1041 meritis
1697 1002 1910 1056 semper

331 1080 499 1143 venit,
526 1081 619 1134 sed
646 1094 745 1148 pro
769 1079 979 1133 meritis
1020 1079 1071 1132 in
1110 1079 1369 1147 quolibet,
1401 1079 1466 1133 ad
1503 1078 1727 1132 salutem
1758 1078 1909 1132 vide-

333 1174 479 1237 licet,
510 1187 726 1242 semper
777 1180 977 1225 manet.
1019 1170 1158 1224 Hinc
1202 1178 1286 1223 est
1328 1167 1456 1223 illud
1504 1170 1646 1237 quod
1697 1166 1909 1223 Veritas

330 1268 463 1321 dicit
490 1282 505 1320 :
539 1286 558 1318 ι
594 1266 651 1321 Si
675 1266 818 1335 quis,
848 1265 1042 1334 inquit,
1069 1260 1243 1333 diligit
1272 1276 1376 1326 me,
1399 1276 1705 1316 sermonem
1733 1276 1909 1315 meum

330 1360 606 1426 servabit,
656 1367 711 1413 et
759 1358 920 1413 Pater
970 1370 1124 1411 meus
1167 1354 1533 1424 diligieteum,
1586 1362 1640 1409 et
1682 1354 1747 1407 ad
1785 1369 1907 1407 eum

327 1451 631 1513 veniemus,
659 1456 715 1502 et
738 1449 1075 1503 mansionem
1105 1445 1245 1516 apud
1273 1459 1397 1499 eum
1428 1445 1690 1499 faciemus
1722 1443 1904 1513 (Joan.

328 1541 467 1609 xw).
504 1559 523 1591 ι
572 1538 674 1605 Qui
729 1537 873 1593 enim
920 1537 974 1590 in
1023 1535 1337 1590 dilectorem
1382 1549 1571 1599 suum,
1623 1542 1908 1603 postquam

328 1641 615 1685 venturum
648 1644 705 1683 se
743 1643 860 1687 esse
904 1627 1173 1697 promisit,
1222 1627 1556 1681 mansionem
1588 1640 1802 1693 quoque
1831 1624 1907 1678 fa-

328 1730 542 1775 cturum
569 1719 818 1787 protinus
840 1717 1071 1782 addidit;
1100 1725 1250 1786 patet
1268 1715 1529 1786 profecto,
1557 1716 1682 1784 quia
1707 1715 1759 1769 in
1785 1714 1906 1769 aliis

2012 540 2130 609 plus
2154 542 2497 607 intendendo,
2534 544 2817 613 minusque
2842 546 3092 609 videndo,
3133 564 3362 603 conatur
3390 552 3589 608 inferre

2010 629 2316 701 caliginem.
2345 631 2645 697 Quomodo,
2688 634 2956 702 inquiunt,
3000 638 3170 706 gratia
3210 642 3379 694 sancti
3426 642 3587 712 Spiri—

2013 728 2098 773 tus
2124 718 2206 773 vel
2236 734 2331 789 per
2367 721 2537 775 malos
2575 723 2750 787 datur,
2783 724 2862 777 vel
2896 740 2923 776 a
2956 727 3110 780 malis
3142 730 3450 797 accipitur?
3479 749 3583 787 non

2010 810 2367 873 attendentes,
2408 811 2530 878 quia
2577 813 2750 879 gratia
2798 816 2967 868 sancti
3014 815 3248 887 Spiritus
3294 821 3406 889 ipse
3454 827 3586 879 ordo

2010 897 2390 952 ecelesiastieze
2437 899 2710 969 dignitatis
2765 904 3027 967 accipitur
3067 922 3081 957 :
3124 923 3281 976 quem
3340 913 3587 968 videlicet

2009 986 2122 1041 sive
2150 987 2399 1056 indignus
2425 990 2678 1058 praebeat,
2714 993 2826 1046 sive
2852 995 3096 1065 indiguus
3137 1000 3385 1069 accipiat,
3416 1001 3585 1073 Spiri-
3641 989 3652 1001 ’

2012 1083 2096 1128 tus
2126 1084 2364 1141 sanctus,
2404 1078 2494 1146 qui
2540 1078 2791 1134 Ecclesia:
2830 1098 2940 1137 sua:
2968 1084 3087 1151 jura
3125 1088 3379 1156 disponit,
3411 1105 3583 1147 ratum

2009 1179 2126 1220 esse
2171 1167 2429 1224 decernit.
2481 1169 2550 1223 Ut
2602 1171 2743 1223 enim
2797 1172 2869 1225 ait
2912 1173 2971 1225 Β.
3012 1174 3371 1249 Hieronymus
3419 1182 3582 1250 (ωλι

2008 1256 2251 1310 adversus
2277 1257 2634 1331 Iovinianum)
2666 1278 2677 1315 :
2709 1280 2725 1311 ‹
2757 1263 3071 1333 Episcopus,
3095 1271 3378 1339 presbyter
3399 1281 3453 1325 et
3472 1274 3587 1325 dia-

2007 1358 2173 1399 conus
2195 1362 2298 1399 non
2329 1358 2454 1401 sunt
2480 1350 2794 1404 meritorum
2831 1356 3066 1418 nomina,
3095 1357 3188 1409 sed
3218 1358 3535 1415 ciliciorum.
3561 1383 3579 1413 ι

2010 1430 2286 1502 Tanquam
2318 1436 2362 1489 si
2392 1438 2474 1491 vel
2499 1438 2740 1493 tribunus
2777 1441 2890 1509 ipse
2940 1443 3170 1512 degener
3195 1446 3283 1510 sit,
3315 1449 3398 1502 vel
3425 1451 3584 1521 dege-

2007 1536 2190 1577 nerem
2216 1528 2522 1594 quempiam
2564 1530 2629 1583 ad
2660 1530 2867 1585 militia:
2888 1547 2998 1586 sum
3026 1535 3268 1590 ordinem
3302 1541 3582 1606 provehat,

2010 1612 2075 1666 ad
2104 1616 2529 1670 conservandum
2562 1627 2737 1672 tamen
2770 1621 2973 1675 militia:
2998 1640 3107 1677 sua:
3140 1627 3384 1682 ordinem
3417 1630 3587 1699 impe—

2007 1710 2156 1756 rator
2185 1716 2366 1769 omne,
2404 1706 2547 1774 quod
2580 1706 2778 1762 factum
2816 1720 2921 1777 est,
2973 1712 3184 1769 firmum
3231 1732 3350 1773 esse
3386 1724 3586 1775 consti-

328 1810 717 1875 habitatDeus',
748 1809 800 1863 in
827 1807 948 1862 aliis
979 1808 1301 1877 hospitatur.
1336 1805 1471 1860 Huic
1491 1807 1653 1860 etiam
1687 1805 1813 1859 illud
1836 1805 1906 1859 si-

2012 1791 2145 1881 tuit;
2177 1807 2276 1847 nec
2303 1794 2448 1848 enim
2480 1796 2741 1853 tribunitii
2776 1799 2915 1868 juris
2952 1811 3149 1857 statuta
3190 1810 3463 1876 convellit,
3491 1813 3583 1881 qui

323 1896 454 1957 mile
487 1911 571 1957 est
600 1900 743 1970 quod
776 1899 852 1953 ait
886 1916 899 1953 :
930 1917 947 1949 ι
974 1897 1151 1969 Super
1173 1911 1354 1966 quem,
1378 1896 1571 1966 inquit,
1605 1895 1909 1965 requiescet

326 1994 568 2063 Spiritus
595 2006 770 2057 meus,
789 1990 892 2047 nisi
914 1987 1368 2060 superhumilem,
1384 1986 1712 2056 etquietum,
1729 1994 1783 2039 et
1804 1992 1908 2040 tre.

326 2091 563 2137 mentem
576 2094 851 2137 sermones
866 2078 1046 2134 meos?
1058 2098 1076 2129 ι
1098 2076 1232 2147 (Isa.
1251 2075 1418 2145 mm.)
1434 2076 1509 2131 Ac
1520 2076 1562 2130 si
1577 2084 1823 2145 patenter
1834 2074 1909 2128 di-

321 2179 413 2226 cat
440 2185 456 2224 :
479 2171 546 2225 Et
572 2184 733 2239 super
754 2169 887 2223 alios
909 2168 1123 2237 quidem
1150 2167 1348 2232 veniet,
1365 2168 1460 2221 sed
1487 2179 1649 2234 super
1667 2166 1809 2220 hunc
1833 2164 1909 2218 vi-

324 2254 519 2316 delicet
538 2261 864 2329 requiescet,
895 2259 1018 2329 quia
1042 2258 1235 2329 dignus
1260 2264 1360 2312 est.
1389 2254 1523 2309 Nam
1547 2256 1686 2311 sicut
1707 2263 1760 2310 et
1784 2262 1908 2309 ante

325 2370 429 2409 nos
448 2355 648 2409 dictum
675 2362 777 2417 est,
809 2352 1043 2421 Spiritus
1068 2358 1287 2407 sanctus
1312 2349 1452 2405 sicut
1476 2348 1813 2412 conciliatus,
1855 2357 1910 2403 et

324 2443 575 2511 placatus
647 2442 889 2511 requiem
950 2448 1173 2511 prestat
1227 2440 1449 2495 mitibus
1510 2446 1565 2493 et
1620 2436 1910 2492 humilibus

322 2532 491 2587 corde
522 2544 538 2583 :
567 2530 642 2584 ita
684 2529 1018 2593 contrarius,
1071 2537 1127 2583 et
1176 2527 1437 2582 adversus
1488 2526 1806 2589 immitibus,
1847 2539 1911 2579 ac

325 2620 576 2691 superbis
619 2619 1043 2690 inquietudinem
1088 2617 1348 2688 exagitat,
1388 2631 1550 2685 quam
1593 2615 1798 2670 scilicet
1828 2615 1910 2667 in-

324 2713 699 2785 quietudinem
722 2711 996 2783 sciniphes
1021 2711 1124 2766 illae
1153 2710 1486 2767 brevissimae
1507 2708 1908 2779 signiﬁcabant,

322 2806 428 2859 sub
476 2801 673 2872 quibus
716 2802 856 2870 magi
905 2800 1203 2855 Pharaonis
1242 2798 1575 2863 defecerunt,
1616 2797 1859 2852 dicentes
1894 2815 1907 2851 :

327 2916 346 2949 ι
380 2894 595 2961 Digitus
624 2892 716 2946 Dei
741 2901 825 2947 est
857 2891 946 2945 hic
968 2890 1165 2962 (Exod.
1198 2889 1350 2959 vui);
1381 2908 1399 2941 ›
1436 2888 1665 2943 fatentes
1692 2888 1797 2943 sibi
1821 2888 1913 2942 ad-

322 3001 547 3044 versum
576 2999 699 3040 esse
735 2983 995 3054 Spiritum
1037 2992 1308 3049 sanetum,
1345 2984 1433 3052 qui
1470 2990 1590 3036 erat
1616 2981 1668 3034 in
1711 2979 1910 3050 Moyse.

323 3082 462 3149 Apte
475 3077 891 3134 nimirumtertio
912 3076 1153 3142 loco,ubi
1174 3074 1475 3145 sciniphum
1500 3073 1653 3144 plaga
1675 3072 1910 3142 ponituro

2007 1880 2177 1951 ipsum
2224 1885 2517 1953 tribunum,
2571 1903 2730 1957 quem
2772 1895 2997 1947 necdum
3046 1912 3076 1948 a
3128 1901 3327 1967 proprii
3377 1880 3583 1958 ordinis

2005 1972 2265 2042 dignitate
2304 1976 2517 2046 dejecit,
2559 1980 2652 2033 sed
2697 1981 2893 2035 dicitur
2926 1998 2956 2036 c
2994 1986 3225 2051 diverso,
3253 2005 3379 2043 ecce
3408 1990 3583 2045 Evan.

2006 2064 2199 2135 gelium
2240 2067 2437 2122 clamat
2478 2087 2490 2122 :
2527 2087 2545 2121 ι
2579 2070 2679 2137 Qui
2730 2089 2835 2127 non
2881 2075 3048 2149 intrat
3084 2093 3181 2146 per
3224 2082 3443 2146 osdum,
3489 2084 3581 2137 sed

2007 2155 2305 2224 ingreditur
2346 2158 2580 2223 aliunde,
2619 2161 2707 2217 ille
2736 2163 2829 2216 fur
2864 2176 2950 2219 est
2989 2176 3041 2220 et
3071 2167 3205 2223 latro
3234 2171 3412 2239 (Jonn.
3448 2174 3524 2241 ι).
3558 2193 3576 2225 ο

2006 2242 2157 2309 Esto,
2182 2255 2239 2299 ut
2265 2246 2369 2313 ille,
2401 2249 2493 2316 qui
2529 2249 2742 2305 aliunde
2783 2252 3148 2311 clandestinus
3183 2258 3418 2330 irrepsit,
3452 2262 3582 2318 furti

2007 2342 2062 2388 et
2114 2334 2383 2390 latrocinii
2428 2348 2740 2394 constanter
2788 2356 3079 2413 arguatur;
3118 2363 3203 2403 me
3248 2358 3445 2416 tamen,
3490 2356 3581 2422 qui

2007 2439 2104 2494 per
2147 2428 2343 2481 ostium
2402 2430 2713 2495 intromisit,
2761 2435 2843 2488 sui
2892 2438 3077 2505 procul
3130 2440 3291 2495 dubio
3342 2443 3584 2499 criminis

2009 2519 2322 2586 participem
2353 2536 2456 2574 non
2486 2521 2683 2576 ell‘ecit.
2715 2524 2806 2578 llle
2834 2526 3015 2594 itaque
3042 2533 3332 2597 perpetrati
3365 2535 3583 2590 sceleris

2010 2607 2324 2676 supplicium
2362 2609 2495 2676 luat,
2528 2612 2816 2666 dummodo
2851 2630 2936 2667 me
2972 2616 3131 2670 alieni
3182 2631 3364 2675 reatzzs
3393 2622 3585 2690 prteju-

2011 2696 2207 2751 dicium
2248 2714 2352 2751 non
2385 2699 2639 2765 involvat,
2673 2716 2771 2755 nec
2793 2703 3014 2759 alterius
3044 2722 3128 2760 me
3155 2708 3407 2763 exhibeat
3429 2714 3582 2782 culpa

2013 2789 2388 2853 damnabilem,
2412 2808 2572 2860 quem
2595 2795 2824 2865 propria:
2843 2796 3165 2855 innocentia:
3183 2803 3389 2871 paritas
3412 2809 3587 2862 reddit

2015 2882 2327 2938 immunem.
2359 2885 2527 2941 Porro
2556 2888 2621 2941 de
2646 2903 2733 2953 eo,
2761 2890 2902 2957 quod
2942 2891 3156 2959 dicitur,
3188 2898 3438 2964 quoniam
3465 2917 3587 2969 gra-

2015 2970 2142 3024 tiam
2183 2973 2354 3028 sancti
2404 2975 2636 3045 Spiritus
2686 2977 2938 3051 indignus
2992 2981 3151 3037 homo
3203 2986 3448 3055 accipere
3493 3005 3586 3043 ne-

2015 3074 2204 3130 queat;
2248 3076 2460 3121 constat
2496 3069 2681 3135 procul
2726 3071 2909 3137 dubio,
2940 3075 3064 3143 quia
3111 3091 3305 3146 corpus
3347 3080 3581 3145 DOIIlllll,

321 3136 563 3239 spiritus
578 3176 818 3230 sanctus,
847 3166 937 3236 qui
960 3165 1114 3219 tertia
1132 3173 1215 3219 est
1234 3165 1287 3218 in
1310 3171 1491 3218 sancta
1516 3162 1778 3217 Trinitate
1794 3176 1914 3230 pcr-
1942 3136 1987 3197 C
2018 3154 2157 3221 (1ηοά
2183 3154 2235 3208 ίη
2262 3158 2433 3210 Sacris
2472 3157 2731 3215 altaribus
2772 3175 2867 3229 De?
2899 3164 3069 3218 εειηοιὶ
3103 3169 3396 3221 Sacerdotis
3429 3170 3584 3223 dedi-

321 3273 479 3323 sona,
499 3258 751 3327 inquietis
767 3256 1072 3312 hominibus
1084 3254 1249 3310 fuisse
1259 3254 1561 3310 contrarius
1574 3253 1905 3322 perhibetur.

321 3348 477 3403 Hanc
514 3347 941 3417 inquietudinem
970 3353 1227 3413 expertus
1270 3352 1354 3399 est
1393 3341 1554 3408 Jehu,
1600 3342 1691 3409 qui
1729 3341 1908 3395 divino

323 3439 443 3494 zelo
469 3437 683 3501 ductus,
715 3437 779 3491 ad
808 3436 1143 3491 ulciscendas
1173 3434 1390 3504 quidem
1428 3432 1522 3486 Dei
1558 3431 1828 3493 inimicos,
1854 3438 1908 3483 et

328 3526 601 3597 praecipue
630 3527 867 3583 cultores
894 3525 1041 3589 Baal,
1065 3525 1417 3579 vehementer
1447 3522 1723 3577 incanduit
1751 3539 1763 3572 :
1794 3521 1907 3589 ipse

329 3629 513 3671 tamen
548 3632 672 3680 eos,
722 3631 861 3684 quos
898 3614 1186 3669 Jeroboam
1233 3612 1492 3675 coluerat,
1527 3610 1655 3663 deos
1709 3624 1903 3662 aureos

326 3723 431 3761 non
459 3706 680 3775 reliquit
700 3704 755 3775 (l
771 3703 812 3756 γ
841 3703 969 3773 Reg.
998 3702 1076 3771 ι).

862 3813 972 3884 96
1007 3810 1233 3868 CAPUT
1274 3809 1364 3864 1x.

326 3904 467 3973 Quid
520 3908 756 3961 doctores
812 3880 1206 3974 de—Vb'aptismo,
1260 3912 1308 3957 et
1367 3902 1627 3956 Dominici
1672 3900 1903 3970 corporis

804 3974 1141 4029 Eucharistia
1170 3976 1416 4028 sentiant.

395 4068 493 4134 (1,
534 4082 589 4137 q.
636 4068 699 4132 l,
724 4082 776 4121 e.
817 4064 905 4121 Sic
941 4076 1147 4128 autem,
1191 4072 1299 4119 etc.
1351 4078 1471 4132 seq.
1500 4062 1735 4132 Nonne.)
1776 4058 1900 4115 Tria

323 4159 569 4231 profecto
639 4158 909 4228 praecipua
986 4163 1323 4212 sacramenta
1404 4155 1458 4208 in
1531 4163 1715 4209 sancta
1789 4154 1935 4209 l‘re-'

321 4260 654 4320 quentantur
681 4250 946 4313 Ecclesia,
983 4248 1307 4318 baptismum
1342 4245 1622 4309 videlicet,
1652 4246 1900 4314 corporis

323 4355 541 4410 (pioque
567 4349 624 4395 et
660 4338 937 4410 sanguinis
984 4337 1245 4392 Dominici
1284 4336 1521 4392 salutare
1557 4336 1897 4406 mysterium,

324 4441 378 4486 et
426 4431 697 4486 ordinatio
743 4430 1082 4484 clericorum.
1140 4428 1208 4481 Et
1255 4428 1323 4481 de
1366 4426 1636 4495 baptismo
1682 4426 1897 4495 quidem

2009 3250 2163 3295 catur
2197 3243 2449 3306 cilicium,
2486 3258 2742 3317 concepta
2782 3253 2951 3305 sancti
2986 3252 3216 3323 Spiritus
3250 3259 3465 3321 virtute,
3501 3261 3584 3311 vi—

2007 3330 2272 3397 vitientur,
2305 3342 2358 3386 et
2396 3336 2800 3402 sanetiticatur;
2851 3348 2908 3392 ut
2948 3357 3042 3394 nos
3083 3343 3359 3399 viviticare
3386 3346 3581 3409 valeat,

2006 3429 2061 3473 et
2118 3422 2477 3476 sanctiﬁcare.
2534 3424 2685 3478 Sicut
2741 3427 2793 3479 in
2842 3428 2973 3496 ipsis
3022 3435 3341 3488 venerandis
3393 3436 3584 3491 missa-

2006 3529 2124 3565 mm
2154 3515 2378 3569 secretis
2403 3516 2602 3572 dicitur
2631 3537 2643 3571 :
2672 3515 2779 3572 Per
2795 3538 2943 3590 quem
2974 3523 3082 3576 hrrc
3113 3527 3309 3590 omnia,
3338 3527 3577 3595 Domine,

2004 3602 2204 3674 semper
2260 3608 2391 3662 bona
2442 3626 2607 3675 creas,
2652 3613 2970 3681 astricti/iens,
3003 3615 3254 3683 riviﬁcns,
3297 3619 3576 3675 benedicfs.

2005 3694 2187 3765 Neque
2245 3698 2387 3751 enim
2437 3700 2593 3754 aliter
2645 3701 2919 3758 vivificarc
2975 3720 3133 3773 posse
3184 3708 3420 3761 credtur
3474 3710 3576 3764 nisi

2003 3799 2098 3852 per
2152 3785 2408 3855 Spiritum
2459 3798 2740 3855 sanctum;
2798 3808 2952 3857 cum,
3001 3804 3233 3850 testante
3258 3797 3366 3867 97
3417 3798 3581 3852 Veri-

2005 3884 2113 3929 tate
2145 3875 2324 3947 (Joan.
2358 3878 2456 3949 γι),
2509 3878 2747 3947 Spiritus
2795 3882 2885 3946 sit,
2930 3884 3019 3951 qui
3065 3885 3344 3940 vivitieat.-
3380 3887 3577 3952 Oller

2003 3979 2151 4033 ergo,
2181 3980 2303 4018 cum
2355 3976 2577 4022 sanctus
2624 3970 2877 4024 sacerdos
2915 3972 3135 4027 cteleste
3188 3973 3316 4028 illud
3358 3992 3575 4037 munus.

2002 4054 2143 4121 quod
2200 4055 2397 4111 virtute
2451 4058 2621 4111 sancti
2687 4057 2920 4128 Spiritus
2972 4062 3296 4118 viviﬁcatum
3364 4074 3467 4127 est,
3525 4078 3581 4121 et

2001 4144 2413 4210 sanctiﬁcatum,
2440 4157 2623 4215 atque,
2646 4157 2706 4200 ut
2733 4150 3065 4205 conﬁdenter
3094 4152 3303 4221 loquar,
3333 4155 3576 4223 ejusdem

2000 4236 2165 4291 divini
2199 4236 2433 4306 Spiritus
2480 4240 2651 4308 gratia
2694 4242 2962 4297 veraciter
3012 4244 3261 4312 plentun,
3314 4248 3580 4303 scelerato

2001 4327 2141 4383 forte
2165 4330 2385 4383 cuilibet
2408 4331 2656 4400 porrigit,
2714 4334 2971 4403 numquid
3024 4346 3304 4405 propterea
3348 4339 3581 4408 Spiritus

2003 4426 2222 4473 sanctus
2272 4420 2607 4476 Dominicum
2680 4439 2875 4493 corpus
2930 4426 3150 4491 deserit,
3217 4436 3272 4482 et
3323 4437 3579 4501 tanquam

326 4521 385 4574 Β.
417 4518 751 4589 Augustinus
789 4518 842 4573 in
883 4517 1216 4587 expositione
1261 4515 1485 4571 Joannis
1523 4515 1897 4584 evangelista;
1928 4500 1978 4558 Ῑ)
2005 4512 2312 4580 squalorem
2336 4514 2534 4568 sordidi
2570 4516 2711 4569 vasis
2761 4528 3049 4573 nauseat‘us
3096 4520 3370 4575 abscedit?
3400 4521 3504 4577 Sed
3533 4525 3580 4577 si

325 4613 392 4665 de
418 4609 759 4664 Eucharistia
785 4623 915 4664 vero
943 4608 1207 4663 Dominici
1243 4607 1489 4677 corporis
1530 4608 1582 4662 in
1622 4607 1763 4664 libro
1803 4622 1902 4663 suo

325 4697 658 4753 Paschasius
693 4697 766 4751 ita
810 4696 1146 4751 concorditer
1184 4697 1485 4767 disputant,
1517 4704 1576 4750 ut
1602 4710 1778 4765 neque
1806 4712 1902 4765 per

325 4786 497 4840 bonos
538 4784 848 4841 sacerdotes
883 4783 1108 4840 meliora
1147 4784 1233 4838 illa
1283 4784 1562 4854 mysteria,
1602 4799 1776 4854 neque
1803 4801 1901 4855 per

327 4876 502 4929 melos
550 4875 670 4930 ﬁeri
710 4874 928 4944 pejora,
982 4882 1267 4929 testentur.
1315 4874 1584 4930 Nimirum
1638 4875 1752 4930 sive
1804 4888 1901 4943 per

326 4963 494 5028 fures,
526 4965 641 5019 sive
674 4979 770 5033 per
806 4965 1095 5029 adulteros,
1138 4965 1252 5020 sive
1290 4966 1456 5021 etiam
1484 4981 1581 5035 per
1606 4965 1905 5021 homicidas

327 5055 445 5108 hac
486 5062 830 5109 sacramenta
880 5055 1047 5120 ﬁant,
1093 5054 1169 5109 nil
1219 5070 1445 5125 prorsus
1488 5056 1557 5110 ab
1606 5054 1725 5119 his,
1784 5068 1905 5124 quas

324 5149 499 5203 sancti
528 5149 781 5203 dedicant
802 5149 1131 5214 sacerdotes,
1158 5149 1430 5218 mysteriis
1455 5146 1736 5212 diﬂerant;
1760 5147 1903 5215 quod

323 5240 418 5308 qui
448 5240 724 5311 praedictis
749 5240 901 5295 libris
926 5253 1148 5308 operam
1182 5239 1353 5303 dedit,
1386 5238 1719 5293 enucleatius
1748 5238 1904 5291 abso-

326 5329 498 5383 lutum
515 5344 639 5385 esse
664 5343 771 5383 non
798 5328 1039 5399 ambigit.
1070 5327 1242 5397 Super
1268 5326 1698 5382 ordinationibus
1722 5337 1899 5379 autem

322 5418 645 5473 clericorum
670 5418 922 5487 frequens
943 5418 1142 5473 idcirco
1169 5417 1461 5486 disputatio
1488 5430 1590 5469 nou
1614 5416 1898 5485 processit,

320 5510 456 5577 quia
500 5509 710 5565 duobus
750 5508 851 5562 illis
892 5508 1245 5563 sacramentis
1293 5507 1569 5561 evidenter
1620 5505 1903 5574 expositis,

319 5596 610 5652 haesitandi
664 5598 732 5653 de
779 5598 937 5653 tertio
980 5597 1156 5652 locum
1210 5596 1453 5651 dubietas
1491 5609 1597 5650 non
1647 5594 1899 5651 invenit:

320 5705 473 5747 nunc
516 5700 697 5748 autem
727 5692 941 5747 modum
982 5690 1250 5745 excedens
1283 5688 1569 5744 curiositas
1598 5686 1898 5754 hominum,

2003 4603 2078 4656 ita
2105 4612 2211 4668 est,
2257 4606 2529 4673 quomodo
2554 4621 2740 4662 verum
2784 4618 2890 4672 est,
2944 4611 3086 4677 quod
3118 4626 3215 4678 per
3264 4610 3581 4681 Apostolum

2002 4692 2237 4747 dicitur:
2268 4692 2407 4760 Quia
2454 4695 2671 4767 indigne
2717 4698 3044 4768 percipiens,
3094 4717 3113 4751 ι
3162 4697 3427 4767 judicium
3475 4705 3582 4759 sibi

2002 4784 2310 4848 manducat,
2338 4795 2392 4840 et
2414 4786 2569 4851 bibit,
2603 4802 2708 4842 non
2732 4788 3032 4857 dijudicans
3058 4804 3255 4859 corpus
3285 4792 3535 4848 Domini?
3556 4814 3575 4846 ι

2001 4874 2055 4947 (Ι
2078 4876 2318 4947 Consi.)
2370 4879 2426 4932 Si
2474 4880 2618 4933 enim
2667 4879 2988 4936 abscedente
3045 4877 3269 4952 Spiritu,
3301 4900 3405 4940 non
3446 4884 3575 4941 illud

1996 4963 2109 5033 jam
2140 4980 2335 5035 corpus
2383 4966 2615 5033 Domini,
2656 4969 2748 5023 sed
2784 4970 3103 5039 simpliciter
3138 4975 3439 5031 communis
3492 4983 3580 5031 est

2004 5052 2181 5121 panis,
2212 5067 2317 5106 non
2353 5054 2542 5109 incidit
2578 5054 2632 5108 iu
2677 5056 2963 5126 judicium,
2994 5061 3084 5128 qui
3142 5061 3346 5116 nullum
3376 5063 3578 5132 accipit

2005 5153 2437 5197 sacramentum:
2467 5147 2609 5214 quod
2631 5146 2674 5200 si
2704 5149 2998 5203 absurdum
3029 5152 3243 5205 videtur
3269 5160 3322 5205 et
3355 5153 3577 5222 impium

2005 5243 2225 5303 propter
2284 5234 2504 5304 indigne
2553 5238 2931 5307 suscipientes,
2996 5248 3243 5295 sanctum
3316 5240 3578 5309 Spiritum

2005 5322 2266 5377 aChristi
2321 5338 2547 5393 corpore
2594 5341 2876 5395 separare;
2931 5346 3035 5385 non
3086 5329 3280 5383 durum
3330 5331 3579 5388 videatur

2006 5416 2177 5471 malos
2198 5417 2360 5471 etiam
2411 5418 2657 5474 homines
2704 5421 2769 5473 ad
2798 5422 2989 5491 dignos
3032 5423 3343 5479 meritorum
3400 5427 3579 5482 exitus

2005 5508 2266 5577 Spiritum
2298 5519 2541 5565 sanctum
2568 5527 2726 5581 posse
2754 5515 3046 5583 suscipere.
3080 5512 3217 5570 Hinc
3243 5527 3326 5571 est
3350 5522 3491 5587 quod
3516 5520 3576 5573 Β.

2003 5600 2333 5669 Augustinus
2373 5605 2449 5673 (l,
2476 5619 2530 5673 q.
2590 5605 2613 5656 i
2645 5602 2822 5673 Mulli)
2862 5605 2915 5657 in
2962 5606 3297 5676 expositione
3324 5608 3578 5680 Epistolse

2006 5688 2063 5744 S.
2095 5684 2320 5747 Joannis
2361 5692 2587 5763 apostoli
2646 5693 2724 5747 sic
2752 5692 3011 5762 loquitur,
3044 5696 3267 5753 dicens:
3307 5718 3325 5750 ι
3363 5698 3577 5755 Habere
