4018 6194
399 315 493 367 1H

813 306 875 366 S.
914 306 1117 364 PETRI
1156 303 1439 362 DAMIANI
1472 304 1627 362 υΡΡ.
1668 303 1902 360 ΤϋΜυΞ
1941 302 2070 357 SEU
2110 298 2287 354 PARS
2324 297 2411 352 Ill.
2441 326 2508 336 —
2546 293 2907 352 OPUSCULA
2944 293 3173 349 VARIA.

3519 296 3621 351 N9.

396 423 720 493 baptismum
749 430 820 475 ει
848 420 1023 474 malus
1070 426 1268 488 potest,
1309 418 1507 472 habere
1535 414 1873 485 prophetiam
1906 421 1962 467 et
1988 416 2034 474 Α
2065 410 2222 465 minis
2246 410 2530 472 meritum;
2563 418 2832 479 postremo
2869 409 3125 477 Spiritum
3172 409 3492 479 gratiarum,
3513 425 3626 464 sum

397 515 571 568 malus
595 520 787 581 potest.
825 530 843 561 ι
876 510 1179 564 Invenimus
1204 508 1332 562 Sani
1361 523 1539 577 regem
1568 506 1816 559 habuisse
1840 520 1961 573 pro-

396 596 655 674 phetiam,
679 603 770 671 qui
798 599 1220 669 persequebatur
1255 607 1501 652 sanctum
1555 596 1739 656 David,
1772 594 1960 662 i-rple-

402 708 484 748 ius
537 703 618 746 est
665 692 854 761 spiritu
918 690 1234 758 prephetiat,
1302 698 1357 741 et
1420 687 1744 756 prophetare
1800 684 1964 751 ccepit

401 785 452 847 (Ι
506 783 632 850 Reg.
659 796 714 844 ι,
743 796 897 844 xvm,
928 795 1040 841 nx,
1071 778 1252 847 χχιιι).
1282 778 1544 846 Accipere
1567 784 1960 829 sacramentum

401 871 640 942 corporis
657 880 709 923 et
734 868 1008 937 sanguinis
1031 867 1235 921 Domini
1252 867 1412 921 etiam
1434 865 1602 918 malus
1616 873 1807 932 potest.
1829 864 1959 916 Nam

400 964 463 1016 de
490 962 682 1014 talibus
714 959 911 1013 dictum
939 966 1021 1011 est
1051 976 1062 1010 :
1098 975 1114 1007 ι
1146 956 1244 1020 Qui
1301 955 1589 1007 manducat
1630 963 1681 1007 et
1715 954 1849 1007 bibit
1883 953 1963 1005 in-

400 1051 578 1117 digne,
606 1046 862 1115 judicium
894 1045 993 1097 sibi
1019 1043 1305 1095 manducat
1327 1052 1381 1094 et
1407 1042 1542 1096 bibit
1582 1040 1631 1108 (I
1657 1040 1778 1094 Cor.
1804 1040 1901 1109 χι).
1936 1060 1954 1091 ι

399 1138 607 1191 Habere
639 1150 834 1190 nomen
866 1134 1064 1188 Christi
1096 1140 1150 1185 et
1181 1131 1353 1185 malus
1383 1138 1574 1200 potest,
1601 1131 1650 1183 id
1680 1140 1778 1193 est,
1807 1130 1962 1184 Chri-

399 1226 607 1280 stianus
640 1222 817 1277 vocari
869 1231 923 1274 et
952 1220 1122 1273 malus
1172 1227 1348 1286 potest
1377 1235 1392 1283 ;
1425 1220 1492 1273 de
1541 1218 1734 1287 quibus
1760 1219 1958 1272 dictum

397 1326 481 1371 est
512 1336 525 1370 :
562 1293 595 1367 ι’
618 1314 931 1368 Polluebant
964 1326 1157 1365 nomen
1204 1311 1296 1365 Dei
1333 1311 1413 1364 sui
1452 1310 1666 1381 (Ezech.
1692 1308 1899 1380 χχχιι).
1936 1329 1955 1360 ›

398 1407 536 1475 Ergo
581 1405 779 1458 habere
807 1409 1143 1456 sacramenta
1197 1400 1381 1454 omnia
1427 1409 1482 1454 et
1534 1400 1705 1455 malus
1740 1408 1956 1470 potest:

399 1497 595 1551 habere
620 1503 797 1548 autem
838 1492 1181 1555 charitatem,
1224 1500 1279 1546 et
1306 1491 1505 1544 malum
1553 1506 1696 1555 esse,
1733 1508 1837 1545 non
1869 1508 1961 1561 po-

399 1594 527 1640 test.
554 1583 609 1638 Si
631 1583 785 1652 juxta
812 1583 942 1635 tanti
991 1582 1227 1636 doctoris
1275 1582 1613 1643 sententiam,
1648 1582 1824 1636 omnia
1871 1599 1960 1636 sa-

398 1684 673 1729 cramenta
720 1674 892 1726 malus
920 1672 1102 1737 habet,
1155 1672 1422 1740 quomodo
1465 1672 1684 1725 ridenda
1739 1670 1960 1725 fatuitas

400 1768 674 1822 hominum
732 1766 1072 1835 impudenter
1122 1765 1402 1831 blacterat,
1445 1766 1568 1834 quia
1622 1746 2037 1819 SimoniacusB

400 1868 733 1913 sacramenta
791 1873 893 1912 non
938 1858 1131 1912 habet?
1158 1857 1452 1910 Audiamus
1486 1857 1613 1924 quid
1665 1857 1802 1910 idem
1830 1872 1962 1925 prte-

399 1949 577 2001 clarus
604 1948 792 2001 doctor
817 1961 877 2000 ex
911 1946 1097 2000 eadem
1128 1960 1184 1998 re
1209 1945 1332 1999 alibi
1359 1947 1434 2014 (q.
1467 1948 1552 2010 ii,
1585 1945 1619 1997 l.
1648 1944 1963 2008 Qumtmovi

301 2106 307 2112 .
402 2049 448 2092 et
477 2048 572 2092 vet.
602 2037 762 2106 Text.)
800 2037 963 2099 dicat,
990 2045 1048 2089 ut
1096 2035 1345 2088 nimirum
1376 2050 1533 2103 quam
1562 2033 1886 2088 sententiam
1908 2032 1961 2087 in

401 2133 526 2196 hac,
566 2145 727 2199 quam
762 2128 1102 2191 ventilamus,
1136 2125 1455 2195 {quastione
1505 2124 1754 2198 tenuerit,
1814 2131 1963 2177 tanto

401 2220 672 2290 liquidius,
693 2227 897 2288 quanto
936 2217 1269 2286 frequentius
1308 2216 1632 2279 innotescat.
1677 2213 1810 2267 Nam
1839 2230 1962 2268 cum

400 2310 465 2364 de
486 2309 860 2364 benedictione
877 2308 1025 2361 Isaac
1043 2307 1095 2360 in
1120 2305 1286 2359 filium
1305 2304 1456 2375 (Gen.
1483 2304 1960 2375 xxn)loqueretur,

401 2398 631 2467 adjecit:
671 2415 688 2448 ι
714 2395 878 2461 Justi,
912 2396 1106 2465 inquit,
1155 2393 1390 2448 hominis
1430 2402 1689 2462 quantum
1737 2392 1803 2445 ad
1841 2406 1964 2445 con-

399 2486 961 2555 scientiampertinet,
990 2483 1236 2537 voluntas
1270 2482 1408 2537 bona
1431 2490 1549 2546 est;
1580 2491 1840 2550 quantum
1872 2494 1964 2532 au-

402 2587 511 2633 tem
538 2577 604 2631 ad
621 2576 1031 2646 prtescientiam,
1062 2574 1312 2628 immunis
1339 2585 1420 2628 est
1442 2574 1510 2628 ab
1530 2574 1796 2637 adversis;
1825 2574 1964 2626 Deus

402 2668 547 2721 enim
579 2666 725 2722 solus
746 2674 849 2731 est,
879 2665 969 2734 qui
1019 2665 1085 2718 de
1113 2664 1309 2716 futuris
1340 2663 1567 2733 judicat.
1619 2662 1697 2716 Ac
1727 2676 1823 2730 per
1864 2662 1965 2715 hoc

400 2761 549 2815 Isaac
565 2757 765 2827 justus,
803 2750 1065 2825 quantum
1117 2754 1184 2807 ad
1214 2760 1537 2821 praesentem
1569 2751 1963 2806 humanitatem

400 2852 619 2920 dignum
669 2856 773 2913 est,
819 2844 1074 2914 maiorem
1107 2845 1276 2898 filium
1325 2859 1480 2899 suum
1540 2843 1963 2898 benedicendum

402 2938 572 3009 magis
647 2936 888 3005 putabat,
937 2935 1031 2989 sed
1067 2934 1227 2998 Deus,
1266 2933 1358 3002 qui
1406 2931 1738 2987 occultorum
1784 2931 1967 3001 cogni-

392 3039 486 3085 .tor
516 3036 621 3095 est,
644 3027 905 3081 minorem
923 3024 1350 3080 benedictionem
1380 3022 1573 3077 mereri
1611 3022 1875 3087 ostendit;
1905 3028 1963 3075 ut

401 3124 452 3177 in
478 3120 849 3177 benedictione
878 3133 982 3173 non
1022 3115 1256 3171 hominis
1294 3115 1601 3170 ostenderet
1622 3124 1738 3169 esse
1761 3113 1963 3168 benefi-

400 3215 566 3277 cium,
610 3211 705 3267 sed
743 3210 869 3274 Dei;
917 3209 1040 3279 quia
1069 3206 1229 3263 oﬂicii
1261 3206 1493 3277 dignitas
1519 3214 1618 3270 est,
1652 3222 1758 3261 non
1787 3206 1963 3261 homi-

400 3304 483 3358 nis
507 3301 780 3367 meritum,
802 3314 963 3370 quam
986 3298 1081 3353 Dei
1106 3295 1351 3366 sequitur
1372 3294 1696 3350 benedictio.
1723 3294 1964 3365 Di-nique

398 3395 601 3450 dictum
636 3408 667 3447 a
703 3392 812 3447 Deo
858 3392 914 3445 in
949 3389 1198 3444 Numeris
1231 3388 1300 3443 ad
1332 3385 1549 3459 Moysen
1577 3396 1632 3441 et
1666 3389 1844 3441 Aaron
1877 3402 1965 3441 sa-

398 3486 644 3540 cerdotes
694 3501 708 3537 :
758 3480 869 3537 Vos
910 3479 1092 3551 ponite
1146 3493 1342 3534 nomen
1390 3492 1568 3533 meum
1617 3492 1779 3547 super
1825 3476 1965 3531 filios

398 3575 598 3641 israel;
630 3588 730 3644 ego
763 3571 1028 3628 Dominus
1066 3570 1382 3626 henedicam
1419 3569 1499 3625 eis
1522 3568 1539 3631 (
1552 3567 1711 3623 Num.
1748 3567 1824 3638 vr)
1860 3586 1873 3621 :
1907 3578 1967 3623 ut

400 3666 626 3737 gratiam
675 3662 893 3719 traditio
942 3676 1040 3733 per
1082 3660 1444 3717 ministerium
1486 3661 1750 3717 ordinatis
1790 3671 1964 3717 trans-

398 3757 587 3812 fundat
618 3753 965 3820 hominibus;
1017 3767 1118 3807 nec
1148 3750 1397 3806 voluntas
1432 3752 1728 3808 sacerdotis
1774 3754 1967 3809 obesse

397 3856 491 3903 aut
541 3846 797 3918 prodesse
849 3843 1038 3915 possit,
1084 3843 1179 3898 sed
1238 3842 1491 3898 meritum
1538 3842 1966 3900 benedictionem

399 3938 686 4009 poscentis.
726 3956 744 3990 ›
795 3936 1005 4005 Quanta
1036 3944 1215 3991 autem
1251 3934 1483 4006 dignitas
1519 3934 1591 3989 sit
1631 3936 1834 3990 ordinis
1881 3951 1967 3991 sa-

396 4030 716 4095 cerdotalis,
771 4029 900 4084 hinc
946 4029 1291 4083 advertamus
1326 4028 1375 4094 (i
1411 4042 1468 4096 q.
1504 4027 1525 4080 1
1564 4027 1779 4082 Dictum
1809 4030 1914 4098 est)
1948 4047 1962 4083 :

398 4122 609 4177 Dictum
648 4129 928 4175 est'autem
954 4117 1020 4173 de
1044 4118 1374 4187 nequissimo
1394 4116 1595 4186 Caipha
1619 4117 1967 4174 interfectore

398 4209 696 4266 Salvatoris
737 4210 878 4263 inter
919 4216 1112 4262 caetera
1152 4222 1167 4260 :
1202 4225 1221 4258 ι
1253 4206 1367 4261 Ηοε
1409 4216 1589 4261 autem
1619 4223 1650 4261 a
1676 4210 1968 4279 semetipso

397 4316 505 4356 non
534 4301 688 4364 dixit,
725 4299 820 4354 sed
847 4313 967 4354 cum
1000 4307 1144 4353 esset
1179 4298 1433 4368 princeps
1468 4299 1809 4355 sacerdotum
1855 4301 1970 4370 98

2063 514 2348 569 personam
2390 499 2566 567 sequi,
2599 507 2694 551 aut
2728 499 3064 566 dignitatem,
3106 499 3200 552 sed
3231 498 3628 553 ordinationem

2063 586 2383 641 traditionis.
2416 586 2482 639 Et
2508 600 2699 641 revera
2740 586 2868 655 quid
2895 601 3014 645 mea
3053 586 3300 651 interest,
3334 585 3491 652 cujus
3518 602 3629 640 me-

2062 678 2152 733 riti
2196 694 2347 733 meus
2385 679 2457 733 sit
2496 678 2797 739 ordinator.
2848 678 3137 732 dummodo
3177 678 3319 747 quod
3362 676 3451 730 ille
3490 676 3629 731 forte

2062 780 2331 825 mercatus
2358 780 2461 837 est,
2489 771 2617 824 mihi
2658 770 2824 840 gratis
2868 770 3207 839 impertiatur
3248 788 3261 823 :
3314 778 3368 824 et
3388 785 3495 839 quo
3518 770 3630 839 ipse

2060 861 2423 915 clandestinus
2447 860 2662 929 irrepsit
2684 860 2943 923 ostiatim,
2973 875 3059 914 me
3082 860 3253 914 civem
3287 859 3632 923 exsul,exter

2061 951 2435 1013 domesticum,
2509 948 2776 1003 haeredem
2842 949 3211 1003 mercenarius
3282 948 3632 1004 introducat?

2061 1039 2245 1109 Neque
2289 1041 2432 1094 enim
2473 1054 2503 1093 a
2543 1054 2672 1108 quo,
2701 1040 2794 1093 sed
2824 1040 2891 1093 ad
2934 1040 3075 1108 quod
3101 1040 3389 1108 provehor,
3419 1037 3631 1108 magni-

2059 1131 2251 1199 pendo.
2276 1130 2501 1185 Constat
2543 1131 2724 1200 igitur,
2754 1131 2877 1199 quia
2924 1131 3065 1199 quod
3122 1131 3225 1185 duo
3255 1130 3365 1197 illa,
3392 1147 3512 1199 qute
3540 1147 3630 1185 sn-

2060 1220 2241 1287 pcrius
2274 1219 2416 1273 dicta
2460 1230 2605 1285 sunt,
2637 1219 2936 1287 baptismus
2979 1219 3248 1283 videlicet,
3281 1229 3335 1289 et
3380 1219 3632 1274 salutaris

2061 1308 2415 1363 Eucharistia:
2443 1317 2863 1372 sacramentum,
2888 1323 3059 1376 neque
3083 1308 3300 1363 meliora
3322 1325 3420 1378 per
3440 1308 3627 1372 bonos,

2061 1412 2234 1467 neque
2260 1398 2528 1452 deteriora
2579 1413 2676 1467 per
2699 1398 2867 1453 malos
2905 1399 3066 1450 fiunt:
3101 1399 3174 1452 ita
3201 1399 3552 1453 nihilominus
3574 1396 3631 1451 et

2061 1488 2331 1542 ordinatio
2354 1487 2693 1542 clericorum.

2685 1598 2910 1656 CAPUT
2951 1601 3016 1655 Χ.

2066 1689 2216 1754 Quod
2242 1689 2468 1759 Spiritus
2490 1700 2700 1744 sanctus
2731 1708 2831 1744 non
2856 1708 2919 1744 ex
2944 1692 3126 1745 merito
3156 1692 3510 1757 sacerdotum,
3532 1694 3623 1747 sed

2552 1776 2617 1813 ea:
2641 1762 2925 1814 ministerio
2957 1762 3134 1814 datur.

2135 1850 2386 1920 Nunquid
2424 1850 2749 1919 denique_et
2795 1852 3028 1920 Caiphas
3072 1852 3160 1907 ille
3189 1854 3381 1922 dignus
3434 1854 3630 1919 fuerat,

2061 1955 2157 2010 per
2190 1955 2348 2009 quem
2390 1941 2622 2009 Spiritus
2658 1950 2875 1994 sanctus
2912 1942 3135 1996 vivificae
3190 1944 3380 1998 mortis
3427 1944 3627 1999 Christi

2064 2030 2379 2100 mysterium
2408 2030 2760 2099 loqueretur?
2789 2030 2919 2085 Nam
2950 2048 3071 2085 cum
3110 2032 3335 2087 dixisset
3361 2050 3373 2086 :
3412 2051 3430 2083 ι
3460 2033 3632 2104 Expe-

2063 2121 2142 2175 dit
2176 2129 2235 2175 ut
2256 2137 2395 2175 unus
2419 2122 2682 2176 moriatur
2705 2122 2864 2177 homo
2891 2138 2988 2193 pro
3028 2125 3244 2193 populo,
3274 2141 3341 2179 ne
3368 2133 3477 2179 tota
3499 2140 3633 2195 gens

2062 2223 2248 2281 pereat
2283 2212 2462 2283 (Joan.
2486 2213 2562 2284 ιι)
2591 2230 2605 2279 ;
2633 2233 2651 2266 ι
2682 2215 2926 2285 protinus
2956 2217 3285 2285 evangelista
3322 2216 3628 2284 subjunxit:

2068 2326 2087 2357 ι
2131 2304 2245 2360 Ηοε
2279 2315 2458 2359 autem
2486 2322 2517 2360 a
2546 2309 2837 2376 semetipso
2875 2325 2980 2363 non
3011 2310 3167 2375 dixit,
3205 2312 3297 2365 sed
3327 2328 3447 2366 cum
3479 2324 3629 2368 esset

2066 2395 2306 2463 pontifex
2375 2397 2501 2450 anni
2566 2397 2707 2452 illius
2762 2400 3105 2470 prophetavit
3163 2402 3385 2474 (Ibid.).
3426 2423 3444 2454 ι
3501 2403 3633 2458 Pro-

2065 2487 2333 2555 pheticum
2359 2488 2516 2557 plane
2537 2490 2783 2559 spiritum
2810 2493 2876 2544 ad
2906 2502 3232 2547 momentum
3259 2497 3487 2566 accepit,
3517 2513 3621 2552 non

2065 2584 2121 2628 ιι
2153 2576 2286 2645 ipse,
2318 2577 2459 2647 quod
2483 2579 2888 2644 vaticinabatur,
2914 2594 3262 2651 agnosceret;
3303 2587 3393 2640 sed
3436 2588 3630 2643 adhoc

2065 2668 2261 2737 potius,
2294 2677 2353 2721 ut
2376 2670 2776 2739 conspiratores
2798 2687 2923 2727 suos
2962 2674 3026 2728 ad
3057 2675 3460 2731 accelerandam
3487 2694 3631 2733 mor-

2066 2767 2171 2812 tein
2194 2760 2527 2814 Dominicatn
2553 2762 2762 2817 avidius
2794 2764 3063 2819 incitaret.
3099 2766 3263 2823 Nobis
3289 2784 3497 2839 nempe,
3522 2784 3633 2828 non

2065 2849 2165 2903 sibi
2188 2850 2338 2915 vidit,
2378 2859 2433 2905 et
2458 2852 2728 2907 occultum
2777 2856 3057 2925 sapientiae
3104 2860 3437 2924 thesaurum,
3471 2876 3629 2931 quem

2063 2939 2179 3007 ipse
2202 2937 2500 3008 ignorabat,
2523 2942 2752 3010 aperuit.
2770 2943 2905 2999 Nam
2922 2955 2976 3000 et
2998 2962 3026 3000 a
3051 2948 3374 3006 Simoniaeis
3401 2952 3631 3022 Caiphas

2066 3027 2169 3083 iste
2199 3044 2301 3083 non
2334 3044 2555 3097 prorsus
2602 3040 2892 3089 extraneus
2931 3039 3220 3106 reperitur,
3260 3043 3303 3096 si
3350 3042 3635 3111 vigilanter

2065 3119 2264 3173 veteris
2307 3118 2556 3175 Historia:
2599 3124 2771 3177 series
2825 3137 3171 3192 recensetur;
3212 3129 3466 3186 nimirum
3494 3134 3635 3188 sicut

2064 3209 2331 3265 Eusebius
2359 3209 2709 3268 Cmsarieusis
2749 3216 2800 3268 in
2834 3214 3208 3272 Ecclesiastica
3248 3230 3435 3276 narrat
3469 3224 3633 3279 histo-

2063 3302 2141 3356 ria
2173 3302 2287 3371 (lib.
2322 3319 2359 3369 ι,
2384 3318 2432 3358 c.
2468 3306 2552 3367 10,
2580 3315 2633 3360 ει
2660 3305 2877 3362 Νιειιιιιι.
2914 3308 3053 3363 Hist.
3086 3310 3178 3365 lib.
3212 3328 3247 3374 ι,
3278 3328 3325 3367 c.
3348 3315 3413 3368 18
3435 3324 3491 3370 ει
3520 3316 3628 3387 i9),

2062 3402 2121 3446 ut
2162 3394 2351 3449 eadem
2383 3395 2471 3451 hic
2495 3412 2709 3466 quoque
2747 3398 2910 3454 verba
2954 3412 3257 3470 ponantur:
3294 3423 3311 3454 ι
3346 3404 3633 3476 Legalibus

2060 3483 2344 3552 przeceptis
2376 3482 2489 3553 jam
2530 3500 2626 3555 per
2677 3486 2803 3543 illud
2861 3499 3070 3559 tempus
3115 3492 3187 3556 vi,
3240 3502 3297 3548 et
3338 3496 3632 3551 ambitione

2062 3574 2417 3640 cessantibus,
2466 3577 2596 3631 nulli
2637 3578 2833 3648 quippe
2876 3581 3219 3650 pontificatus
3262 3584 3436 3639 honor
3487 3585 3630 3652 vitat,

2061 3663 2146 3718 vel
2175 3665 2387 3735 generis
2432 3665 2624 3721 merito
2668 3669 3013 3735 reddebatur,
3066 3672 3138 3727 ita
3191 3683 3250 3728 ut
3284 3676 3476 3731 annuis
3519 3676 3631 3746 jam

2062 3755 2499 3810 successionihus
2541 3764 2923 3821 mutarentur;
2971 3779 2988 3813 ι
3042 3762 3256 3827 deinde,
3300 3761 3533 3833 Josepho
3578 3766 3631 3820 in

2066 3846 2429 3899 testimonium
2470 3846 2699 3903 deducto
2746 3849 2965 3921 (Antiq.,
2989 3866 3038 3907 c.
3070 3853 3145 3922 3),
3180 3868 3278 3922 per
3304 3854 3460 3910 unius
3500 3870 3633 3925 qua-

2065 3933 2295 3989 driennii
2324 3936 2555 4004 spatium
2588 3946 2823 4007 quatuor
2850 3941 3130 4011 pontifices
3152 3944 3328 3998 annali
3358 3959 3635 4015 quousque

2066 4026 2367 4080 sacerdotio
2398 4027 2709 4095 perfunctos
2749 4030 2849 4083 sibi
2882 4030 3113 4086 invicem
3156 4034 3503 4100 successisse,
3557 4046 3635 4090 te-

2067 4120 2277 4166 statur:
2313 4132 2332 4164 (
2369 4115 2637 4179 Valerius,
2688 4116 2877 4184 inquit,
2912 4117 3129 4183 Gratus,
3180 4120 3348 4175 Annte
3387 4123 3637 4178 sacerdo-

2068 4207 2144 4259 tio
2187 4205 2472 4259 deturbato
2499 4245 2514 4270 ,
2588 4205 2863 4259 lsmaelem
2927 4208 3233 4276 pontificem
3284 4210 3589 4280 designaiit
3618 4253 3633 4278 ,

2070 4296 2235 4349 filium
2264 4294 2433 4348 Balli:
2464 4297 2555 4350 sed
2600 4304 2655 4349 et
2683 4297 2824 4351 hunc
2855 4313 2959 4352 non
2992 4299 3159 4355 multo
3197 4312 3319 4372 post
3355 4303 3634 4373 abjiciens,

398 4391 523 4444 anni
555 4390 720 4452 illius,
748 4387 1083 4458 prophetavit
1107 4387 1377 4458 (Joan.xt)
1408 4401 1424 4440 :
1459 4406 1479 4441 ι
1512 4404 1605 4459 per
1626 4391 1768 4459 quod
1789 4402 1971 4446 osten-
1997 4407 2047 4468 Β
2071 4384 2387 4440 Eleazarum
2412 4386 2634 4441 Ananite
2666 4388 2930 4456 pontificis
2961 4389 3127 4445 filium
3150 4394 3482 4462 pontificatui
3514 4398 3638 4451 sub-

398 4480 543 4531 ditur
570 4477 828 4547 Spiritum
881 4476 1178 4546 gratiarum
1220 4490 1327 4530 non
1375 4491 1662 4546 personam
1681 4482 1853 4548 sequi,
1876 4492 1968 4536 aut

398 4570 731 4641 dignitatem,
765 4569 857 4624 sed
885 4568 1279 4624 ordinationem
1309 4570 1651 4637 traditionis;
1677 4583 1736 4625 ut
1771 4589 1966 4642 quam-

399 4663 482 4718 vis
507 4662 704 4733 aliquis
745 4661 870 4716 boni
908 4661 1085 4714 meriti
1128 4661 1218 4725 sit,
1262 4676 1367 4716 non
1412 4662 1584 4730 possit
1623 4664 1965 4728 benedicere,

400 4754 506 4808 nisi
529 4752 691 4809 fuerit
709 4753 1012 4813 ordinatus,
1035 4760 1094 4803 ut
1121 4750 1351 4805 officium
1379 4752 1659 4806 ministerii
1686 4753 1964 4809 exhibeat:

399 4847 497 4902 Dei
526 4854 703 4900 autem
727 4853 829 4907 est,
858 4843 1104 4897 effectum
1132 4843 1371 4901 tribuere
1405 4843 1812 4899 benedictionis.
1842 4845 1965 4900 Haec

401 4940 585 5007 itaque
608 4936 751 4991 beati
780 4935 881 4989 viri
907 4934 990 5003 (Β.
1033 4933 1227 4988 Petrus
1256 4933 1545 4988 Damianus
1594 4942 1784 4989 auctor
1809 4936 1966 5004 hujus

388 5027 563 5097 ιίιπιγ
580 5026 744 5080 verba
770 5034 879 5078 tam
925 5023 1082 5092 plana
1117 5031 1266 5085 sunt,
1318 5031 1534 5090 tamque
1576 5023 1879 5090 perspicua,
1911 5034 1970 5079 ut

400 5116 647 5187 quisquis
695 5114 809 5169 haec
841 5120 1123 5180 postquam
1171 5109 1336 5164 semel
1363 5110 1672 5172 attenderit,
1705 5111 1967 5178 pertinaci

403 5220 582 5264 tamen
608 5205 786 5262 animo
811 5211 962 5274 parat
983 5202 1158 5255 adhuc
1185 5200 1451 5256 obstinate
1486 5201 1831 5265 contendere,
1860 5215 1966 5255 non

395 5299 507 5368 jam
548 5298 787 5361 Petrum,
822 5294 912 5363 qui
940 5292 1073 5348 nihil
1106 5299 1208 5355 est,
1238 5291 1333 5345 sed
1358 5306 1611 5360 magnum
1652 5291 1830 5360 potius
1858 5292 1970 5345 Au-

403 5387 673 5457 gustinum
714 5383 1051 5442 convincitur
1082 5381 1420 5450 impugnare.
1464 5380 1602 5447 Quid
1641 5381 1784 5434 enim
1816 5396 1970 5452 aper-

405 5477 512 5536 tius
550 5489 634 5538 eo,
680 5474 822 5543 quod
863 5472 1062 5527 dicitur
1089 5485 1102 5523 :
1133 5469 1268 5538 Quia
1297 5472 1351 5525 in
1386 5470 1763 5539 benedictione
1790 5488 1971 5527 sacer-

403 5567 544 5621 dotis
568 5580 674 5619 non
692 5563 933 5637 ,bominis
958 5571 1040 5617 est
1072 5561 1412 5626 beneficium,
1439 5561 1534 5615 sed
1562 5562 1651 5616 Dei
1677 5579 1691 5626 ;
1734 5570 1787 5617 et
1814 5561 1972 5619 officii

404 5656 636 5729 dignitas
663 5664 763 5722 est,
789 5669 950 5725 quam
980 5653 1072 5709 Dei
1113 5653 1358 5722 sequitur
1380 5653 1702 5719 benedictio,
1742 5670 1848 5712 non
1877 5656 1972 5712 bo-

2073 4482 2301 4554 rogavit.
2330 4482 2461 4537 Post
2509 4497 2708 4536 annum
2745 4497 2873 4539 vero
2914 4486 3074 4539 etiam
3102 4486 3244 4542 hunc
3270 4498 3419 4545 arcet
3440 4488 3637 4555 officio,

2068 4584 2124 4630 et
2160 4574 2365 4630 Simoni
2415 4573 2627 4627 cuidam
2675 4574 2786 4645 99
2831 4574 3055 4645 Camphi
3109 4576 3235 4639 filio,
3293 4579 3639 4648 pontificatus

2070 4665 2686 4729 tradiditministerium,
2716 4683 2824 4735 quo
2846 4683 2950 4723 non
2976 4669 3206 4738 amplius
3235 4680 3287 4724 et
3317 4670 3452 4738 ipse,
3476 4686 3637 4740 quam

2068 4757 2228 4811 unius
2254 4755 2380 4808 anni
2417 4754 2588 4824 spatio
2614 4754 2948 4825 perfunctus,
2976 4757 3291 4827 Josephum,
3322 4760 3409 4814 cui
3436 4768 3491 4815 et
3516 4758 3640 4815 Cai-

2069 4848 2203 4917 phas
2223 4859 2415 4899 nomen
2437 4845 2556 4907 fuit,
2571 4847 2779 4915 accepit
2799 4861 3187 4902 successorem.
3214 4870 3230 4899 ι
3250 4849 3386 4904 Ecce
3408 4849 3640 4919 Caipbas

2071 4952 2247 5007 neque
2284 4938 2474 5007 gratis,
2534 4951 2709 5006 neque
2750 4937 2992 5005 Iegaliter
3021 4938 3335 5009 intelligitur
3383 4942 3638 4996 sacerdo-

2073 5026 2207 5079 tium
2236 5026 2554 5094 suscepisse,
2609 5025 2885 5088 nimirum,
2930 5026 3021 5093 qui
3068 5026 3366 5082 deturbatis
3409 5028 3549 5093 aliis,
3588 5037 3642 5084 et

2070 5114 2335 5168 violenter
2376 5114 2584 5176 electis,
2623 5114 2737 5181 ipse
2786 5114 2840 5167 in
2886 5113 3061 5168 locum
3114 5115 3300 5171 aliena:
3363 5117 3641 5187 dignitatis

2072 5203 2342 5272 obrepsit;
2412 5211 2468 5257 et
2534 5211 2712 5257 tamen
2750 5205 3044 5272 prophetiae
3100 5206 3346 5275 spiritum
3388 5208 3641 5277 indignus

2075 5292 2305 5361 accepit.
2344 5291 2495 5347 Unde
2539 5302 2593 5345 et
2630 5291 2691 5346 Β.
2729 5293 3088 5364 Hieronymus
3146 5296 3195 5349 in
3238 5296 3640 5352 Commentario

2074 5383 2417 5451 evangelista:
2447 5382 2677 5442 Matthxi
2707 5383 2822 5453 (lib.
2857 5399 2930 5447 tv,
2980 5401 3031 5439 c.
3067 5385 3158 5456 26)
3186 5402 3197 5438 2
3232 5404 3249 5435 ι
3302 5386 3533 5457 Moyses,
3562 5388 3641 5441 iu-

2072 5472 2208 5541 quit,
2239 5471 2981 5543 Deojubente,_pr:eceperat,
3012 5484 3070 5528 ut
3099 5475 3381 5544 pontifices
3401 5480 3640 5545 patribus

2075 5564 2450 5627 succederent,
2478 5572 2533 5616 et
2562 5564 2776 5633 generis
2799 5565 2967 5619 series
3009 5574 3284 5619 texeretur
3310 5566 3363 5619 in
3391 5568 3642 5623 sacerdo-
3699 5637 3701 5639 ι

2076 5656 2240 5713 tibus.
2281 5674 2300 5707 ι
2340 5654 2526 5709 Refert
2566 5654 2767 5724 Josepb
2814 5655 2987 5726 (Ant.,
3026 5656 3064 5711 l.
3112 5673 3266 5723 xvm,
3299 5672 3344 5712 c.
3382 5658 3435 5727 8)
3474 5661 3637 5713 istum
