4018 6194
343 334 446 386 H5

1090 334 1331 391 OPUSC.
1376 336 1457 390 Vl.
1499 367 1567 378 —
1607 336 1806 392 LIBER
1848 337 1965 405 QUI
2007 339 2282 396 DiCl'i’UR
2321 340 2802 401 CRATlSSIMUS.

3493 350 3589 405 lli

339 453 602 520 Caipham
632 453 791 506 unius
823 459 1030 506 tantum
1061 455 1187 507 anni
1219 455 1590 523 pontiﬁcatum
1619 456 1687 510 ab
1711 455 1921 511 Herode
1952 460 1994 516 Α
2026 459 2220 528 ipsum.
2273 458 2426 530 Saepe
2468 477 2704 532 namque
2734 463 2894 527 Deus,
2945 472 3002 518 ut
3054 464 3255 518 dictum
3283 474 3384 532 est,
3407 476 3461 522 et
3490 469 3594 524 illis

339 545 516 614 pretio
569 544 884 598 redemisse.
939 543 1095 608 Nam,
1159 555 1218 597 ut
1278 546 1349 599 ita
1407 546 1618 616 loquar,
1661 546 1714 600 in
1755 561 1917 599 manu

338 636 469 688 caci
500 634 734 702 positum
773 643 856 688 est
885 633 1088 694 lumen,
1131 649 1237 689 non
1268 637 1410 704 quod
1448 636 1540 689 ille
1563 635 1918 707 conspiceret,

338 726 437 778 sed
467 725 610 791 quod
640 724 765 777 aliis
796 724 1150 778 ministraret.
1199 724 1314 778 Non
1354 727 1497 780 enim
1524 743 1590 781 ex
1620 727 1811 781 merito
1835 727 1921 781 ille

338 815 720 886 propheticum
753 815 1025 884 spiritum,
1055 815 1148 870 sed
1199 830 1267 871 ex
1307 817 1630 881 ministerio,
1660 833 1768 887 quo
1798 818 1922 872 fun-

340 907 597 978 gebatur,
627 907 856 975 accepit.
887 905 1135 976 Regnum
1187 922 1438 976 namque,
1463 916 1519 960 et
1559 908 1922 964 sacerdotium

340 1015 371 1049 a
400 997 510 1051 Deo
531 996 880 1065 cognosz‘itur
912 995 1216 1050 institutum
1261 1015 1274 1050 :
1310 1007 1363 1050 et
1403 997 1531 1052 ideo
1572 997 1697 1052 licet
1748 998 1923 1053 admi-

342 1088 656 1142 nistratoris
693 1100 920 1154 persona
953 1099 1176 1155 prorsus
1206 1085 1516 1141 inveniatur
1544 1087 1777 1156 indigna,
1806 1087 1924 1142 ofﬁ-

343 1177 492 1232 cium
548 1186 750 1241 tamen,
801 1176 942 1244 quod
991 1175 1178 1245 utique
1229 1177 1430 1231 bonum
1463 1185 1566 1241 est,
1614 1186 1928 1246 competens

342 1267 640 1335 aliquando
680 1266 856 1335 gratia
907 1266 1217 1320 comitatur.
1260 1265 1397 1322 ilinc
1449 1275 1531 1322 est
1580 1268 1748 1332 enim,
1786 1267 1929 1336 quod

341 1358 875 1423 Nabuchodonosor,
899 1365 1180 1427 postquam
1210 1365 1324 1412 tres
1344 1373 1542 1428 pueros
1577 1359 1632 1412 in
1657 1359 1929 1413 caminum

343 1449 499 1506 misit
544 1448 801 1514 incendii,
831 1448 1080 1518 quamvis
1131 1447 1220 1502 alii
1251 1447 1432 1518 plures
1471 1449 1743 1512 adessent,
1785 1448 1931 1503 solus

345 1547 532 1593 tamen
567 1546 843 1607 quartum,
873 1537 1027 1606 cujus
1057 1537 1264 1606 species
1291 1545 1410 1591 erat
1435 1537 1629 1590 similis
1648 1536 1785 1591 Filio
1813 1536 1930 1603 Dei,

345 1627 664 1697 conspicere
683 1627 854 1696 potuit
867 1625 1028 1696 (Dan.
1052 1625 1157 1695 ιιι).
1173 1625 1304 1680 Nam
1329 1626 1562 1694 Spiritus
1575 1635 1794 1680 sanctus
1807 1641 1934 1680 oeu-

345 1718 431 1774 los
453 1715 651 1790 menti:
670 1715 784 1785 ejus
801 1717 1075 1785 aj-eruisse
1101 1717 1403 1771 credendus
1422 1725 1527 1780 est,
1545 1725 1622 1779 ut,
1636 1717 1776 1784 quod
1799 1715 1932 1770 alios

345 1787 582 1873 latebat,
604 1808 750 1862 solus
774 1808 1062 1876 aspiceret,
1084 1817 1138 1860 et
1170 1807 1311 1877 quod
1349 1807 1580 1876 aspexit,
1605 1806 1744 1860 ultro
1764 1807 1928 1860 etiam
1963 1787 2004 1845 Β

348 1897 679 1968 agnovisset.
710 1896 847 1951 lline
886 1896 1099 1951 Pharao
1138 1897 1405 1952 somnium
1435 1897 1586 1962 vidit,
1639 1910 1737 1967 per
1787 1893 1930 1965 quod

346 1997 593 2042 venturae
646 1985 956 2051 sterilitati,
1013 2000 1083 2040 ne
1131 1985 1288 2040 famis
1331 1985 1615 2056 impatiens
1666 1984 1932 2055 Egyptus

347 2077 746 2149 proﬂigaretur,
815 2077 1052 2132 occurrit
1080 2075 1232 2149 (Gen.
1260 2076 1386 2148 xu).
1434 2077 1571 2132 Hinc
1619 2077 1930 2132 Abimelech

348 2170 550 2224 divinae
593 2167 930 2225 allocutionis
979 2169 1257 2224 oraculum
1308 2170 1528 2234 meruit,
1558 2177 1615 2224 et
1655 2177 1715 2223 ut
1741 2168 1933 2224 Saram

350 2259 474 2313 viro
492 2257 762 2325 redderet,
782 2271 849 2313 ue
864 2267 1084 2329 repente
1107 2267 1408 2314 moreretur
1428 2259 1632 2314 audivit
1646 2256 1797 2328 (Gen.
1817 2259 1930 2329 xx).

352 2349 533 2419 Reges
561 2350 705 2404 enim
738 2359 793 2404 et
835 2350 1142 2405 sacerdotes
1193 2349 1320 2404 licet
1345 2348 1587 2404 nonnulli
1625 2364 1811 2405 eorum
1843 2364 1931 2403 re-

352 2441 512 2511 probi
543 2441 654 2496 siut
678 2455 776 2511 per
805 2440 1057 2497 notabilis
1090 2441 1214 2496 vita;
1239 2440 1492 2496 meritum
1511 2481 1528 2506 ,
1561 2441 1632 2496 dii
1677 2451 1854 2496 tamen
1880 2450 1935 2496 et

352 2531 545 2586 ehristi
587 2530 690 2586 diei
740 2533 1084 2602 reperiuntur
1131 2541 1349 2602 propter
1389 2532 1596 2602 accepti
1648 2531 1935 2586 ministerii

353 2630 776 2677 sacramentum.
801 2620 936 2684 Hinc
959 2630 1042 2677 est
1061 2621 1202 2690 quod
1222 2637 1413 2677 servus
1435 2621 1692 2676 Hebraeus
1720 2622 1824 2677 diis
1843 2636 1935 2690 ap-

351 2712 543 2783 plicari
575 2725 640 2766 ex
662 2712 780 2782 lege
799 2712 1128 2782 praecipitur,
1148 2713 1250 2767 hoc
1270 2720 1374 2776 est,
1401 2712 1773 2766 sacerdotibus
1799 2727 1936 2781 pra!-

355 2803 562 2858 sentari
590 2802 787 2872 (Exod.
810 2803 946 2873 xxi).
973 2801 1109 2857 llinc
1129 2803 1252 2858 alibi
1275 2802 1511 2857 dicitur:
1545 2820 1563 2853 ι
1588 2801 1664 2856 Ne
1685 2803 1938 2857 detrahas

358 2893 469 2946 diis
497 2891 695 2962 (Exod.
724 2892 883 2963 χιιι),
925 2911 944 2937 ι
979 2893 1030 2947 id
1064 2902 1167 2957 est,
1193 2909 1258 2947 ne
1287 2893 1658 2948 sacerdotibus
1692 2893 1932 2963 deroges.

352 2985 501 3039 Hinc
527 2983 681 3048 Saul,
707 2999 830 3039 cum
858 2984 970 3054 jam
1020 2983 1201 3039 divina
1248 2984 1513 3038 sententia
1579 2983 1774 3053 regalis
1815 2983 1935 3038 solii

355 3074 555 3128 fuisset
598 3087 724 3129 arce
776 3073 1048 3142 dejectus,
1100 3074 1450 3130 nihilominus
1484 3075 1659 3129 adhuc
1704 3075 1938 3130 christus

357 3164 577 3220 Domini
633 3180 805 3234 usque
841 3138 916 3220 ad
969 3138 1176 3222 obitum
1215 3166 1492 3222 dicebatur
1542 3164 1594 3234 (I
1634 3164 1758 3235 Reg.
1788 3181 1931 3228 xxiv,
1959 3138 2008 3199 ο

356 3253 538 3324 xxvi).
571 3252 628 3307 ln
659 3253 775 3324 lege
816 3268 1028 3324 quoque
1069 3255 1402 3324 praecipitur,
1441 3263 1502 3308 ut
1546 3269 1706 3310 omne
1734 3255 1934 3325 primo-

360 3342 603 3412 genitum
647 3342 934 3396 masculini
963 3357 1121 3397 sexus
1161 3354 1405 3397 sanctum
1450 3343 1674 3397 Domino
1720 3358 1940 3398 vocare-

360 3441 455 3486 tur
477 3431 692 3504 (Exod.
724 3431 870 3502 xm).
905 3432 1010 3485 Sed
1063 3433 1107 3486 si
1140 3432 1391 3486 meritum
1424 3432 1681 3502 cujusque
1708 3433 1937 3502 diligen-

362 3531 448 3576 ter
466 3522 786 3586 attenditur,
811 3520 1054 3591 nunquid
1087 3522 1226 3576 Esau
1247 3522 1603 3590 sanetusjure
1629 3523 1940 3578 vocabitur?

273 3664 275 3666 .
361 3613 442 3668 De
469 3628 578 3683 quo
617 3613 870 3667 nimirum
919 3613 1097 3668 divina
1142 3629 1274 3668 voce
1309 3614 1506 3668 dicitur
1537 3630 1553 3668 :
1603 3633 1621 3666 ι
1650 3614 1789 3670 Esau
1816 3616 1940 3669 odio

363 3705 529 3760 habui
587 3705 842 3776 (M‘alach.
878 3722 934 3770 l;
997 3705 1149 3760 Rom.
1207 3707 1304 3776 Ix).
1351 3725 1369 3758 ι
1430 3705 1678 3776 Nunquid
1728 3707 1940 3762 Amnon

365 3804 589 3851 sanctus
613 3797 736 3860 erit,
765 3798 854 3866 qui
899 3795 1024 3851 dum
1067 3797 1119 3851 in
1151 3799 1354 3852 sororis
1401 3799 1740 3852 concubitum
1769 3798 1938 3868 impu.

366 3893 564 3946 denter
613 3893 841 3957 exarsit,
893 3891 1079 3946 fratris
1138 3892 1372 3947 Absalon
1434 3892 1664 3961 gladium
1712 3891 1939 3946 ultorem

365 3981 624 4036 videlicet
649 3981 935 4036 iucestuosi
986 3981 1226 4036 criminis
1269 3982 1486 4049 proprio
1533 3980 1790 4050 sanguine
1829 3995 1942 4034 ma-

365 4071 611 4127 defecit?
643 4071 728 4141 (11
765 4071 891 4142 Reg.
921 4071 1068 4141 ιίιιι.)
1100 4069 1351 4140 Nunquid
1383 4070 1672 4131 Manasses,
1705 4069 1942 4137 nunquid

365 4163 638 4219 Ochozias
679 4172 823 4217 recte
870 4164 1043 4217 sancti
1076 4163 1179 4218 dici
1223 4169 1467 4231 possunt,
1513 4176 1741 4230 quorum
1783 4159 1940 4224 alter,

369 4251 654 4319 Scriptura
683 4260 839 4314 teste,
893 4266 1104 4305 omnem
1153 4253 1276 4305 εωιί
1340 4251 1585 4304 militiam
1645 4249 1807 4304 coluit
1836 4247 1940 4319 (IV

371 4339 502 4409 Reg.
535 4341 675 4410 χιιι),
700 4339 855 4398 alter.
893 4340 1018 4393 dum
1068 4339 1365 4394 Beelzebub
1403 4339 1561 4393 deum
1598 4338 1840 4394 Accaron
1878 4339 1944 4394 de

2023 552 2282 623 Spiritum
2305 569 2462 609 suum
2491 570 2559 609 ex
2581 555 2828 626 largitate
2857 573 2967 612 sua:
2993 556 3287 612 clementia:
3307 569 3594 629 prterogat;

2021 659 2159 712 quos
2190 653 2365 698 tamen
2395 659 2492 713 per
2511 645 2762 699 meritum
2787 661 2964 716 prava:
2995 647 3416 702 conversationis
3441 648 3593 716 igno-

2023 745 2125 790 rat.
2166 736 2246 789 An
2295 750 2399 789 non
2429 743 2484 789 et
2513 735 2588 789 illi
2630 735 2891 804 Spiritum
2939 737 3037 791 Dei
3081 736 3444 791 indubitanter
3493 739 3595 791 ha-

2023 826 2272 888 buerant,
2313 825 2402 893 qui
2425 825 2704 879 venientes
2732 834 2857 880 ante
2883 826 3115 880 tribunal
3159 825 3364 881 Judicis
3393 827 3593 881 clama-

2022 911 2153 964 bunt
2182 929 2194 964 :
2231 929 2252 962 ι
2293 910 2538 975 Domine,
2569 928 2745 967 nonne
2777 914 2830 967 in
2861 913 3077 968 nomine
3117 922 3207 968 tuo
3245 916 3591 984 prophetavi«

2023 1015 2165 1064 mus,
2213 1007 2270 1054 et
2322 999 2375 1052 in
2415 1002 2631 1055 nomine
2658 1008 2748 1055 tuo
2798 1002 3056 1056 dtemonia
3108 1002 3382 1072 ejecimus,
3431 1013 3485 1058 et
3540 1004 3593 1058 in

2025 1087 2239 1140 nomine
2269 1095 2360 1142 tuo
2396 1088 2620 1143 virtutes
2659 1089 2858 1144 multas
2897 1089 3157 1146 fecimus?
3185 1111 3202 1142 ι
3239 1090 3461 1160 (Matth.
3496 1109 3593 1156 vu,

2023 1176 2136 1245 Ἡ).
2193 1175 2397 1243 Quibus
2437 1179 2687 1233 videlicet
2748 1180 2891 1236 illico
2921 1183 3274 1251 respondetur
3315 1202 3328 1236 :
3360 1202 3377 1234 ‹
3417 1184 3598 1239 Disce-

2027 1266 2137 1318 dite
2163 1280 2191 1318 a
2223 1281 2327 1330 me,
2367 1269 2600 1336 operarii
2637 1268 2954 1336 iniquitatis,
2996 1271 3177 1325 nescio
3219 1286 3313 1324 vos
3362 1271 3544 1343 (Ibid).
3574 1292 3590 1324 ι

2028 1353 2127 1421 Qui
2161 1355 2433 1418 nimirum,
2468 1358 2592 1411 dum
2608 1372 2666 1413 se
2687 1367 2742 1412 et
2767 1361 3061 1428 prophetia:
3083 1362 3328 1430 spiritum
3344 1363 3598 1417 habuisse

2032 1455 2314 1510 testantur,
2347 1455 2401 1500 et
2421 1455 2602 1503 tamen
2641 1449 2960 1518 repulsionis
2985 1454 3302 1506 sententiam
3343 1455 3597 1518 subeunt,

2031 1543 2280 1606 patenter
2303 1537 2628 1602 ostenditur,
2664 1539 2790 1608 quia
2827 1541 2878 1594 in
2927 1541 3245 1612 quibusdam
3279 1559 3450 1612 neque
3479 1558 3597 1611 pro-

2033 1635 2153 1694 pter
2189 1627 2514 1695 pravitatem
2556 1627 2682 1682 vitae
2727 1627 2962 1699 Spiritus
3008 1639 3228 1685 sanctus
3255 1631 3596 1693 excluditur.

2035 1730 2206 1784 neque
2251 1727 2468 1787 propter
2496 1717 2756 1786 Spiritum
2809 1729 3053 1774 sanctum
3095 1736 3202 1789 quo
3245 1722 3604 1777 irreverenter

2033 1805 2187 1860 abusi
2215 1815 2365 1871 sunt,
2395 1806 2504 1861 vita
2532 1807 2852 1862 damnabilis
2887 1819 3196 1864 excusatur.
3247 1809 3398 1865 Sicut
3436 1815 3602 1874 enim,

2035 1902 2266 1948 testante
2315 1895 2540 1950 Domino
2583 1915 2648 1950 τι
2688 1896 2874 1952 Nescis
2923 1898 3064 1953 unde
3105 1899 3339 1968 Spiritus
3402 1900 3600 1965 veniat,

2033 1991 2126 2036 aut
2147 1999 2254 2052 quo
2277 1985 2438 2038 vadat
2457 1984 2641 2054 (Joan.
2667 1985 2773 2056 Ill),
2794 2005 2816 2040 ι
2847 1986 2926 2040 sic
2945 1987 3109 2040 etiam
3133 1988 3274 2042 scire
3297 2003 3400 2042 non
3424 1996 3602 2058 potes,

2033 2091 2131 2128 cur
2157 2075 2448 2144 aliquando
2469 2085 2525 2132 et
2558 2077 2610 2131 in
2640 2078 2896 2147 reprobos
2923 2077 3166 2133 homines
3192 2078 3410 2144 veniat,
3441 2088 3601 2147 atque

2032 2181 2128 2234 per
2155 2180 2249 2220 eos
2288 2181 2400 2221 sum
2439 2165 2729 2222 voluntatis
2751 2165 3014 2235 judicium
3041 2177 3275 2238 promat.
3320 2166 3452 2221 Nam
3480 2183 3604 2222 cum

2033 2259 2323 2328 Apostolus
2361 2260 2505 2314 dicat
2555 2277 2568 2313 :
2623 2278 2642 2312 ι
2681 2258 2818 2326 Quia
2864 2258 3158 2328 spiritualis
3205 2259 3365 2314 homo
3401 2256 3608 2326 iudicat

2033 2350 2238 2414 omnia,
2270 2360 2324 2405 et
2345 2366 2373 2403 a
2407 2349 2621 2405 nemine
2642 2347 2917 2418 iudicatur
2945 2348 2997 2420 (ι
3035 2349 3157 2404 Cor.
3189 2350 3284 2414 u‘-;
3323 2368 3340 2400 ι
3371 2349 3492 2418 quis
3522 2347 3608 2416 juo

2034 2439 2178 2491 dicet
2206 2438 2378 2507 ipsum
2410 2437 2669 2508 Spiritum
2709 2446 2979 2504 sanctum,
3007 2438 3051 2492 si
3089 2446 3145 2491 et
3179 2437 3232 2490 in
3277 2452 3471 2506 pravos
3497 2453 3601 2490 non

2035 2527 2324 2580 abhorreat
2353 2541 2550 2579 arcana
2576 2525 2806 2594 quadam
2833 2565 2848 2591 ,
2877 2523 3042 2596 quam
3069 2526 3182 2595 ipse
3208 2527 3376 2591 novit,
3402 2527 3604 2580 discre-

2036 2614 2181 2668 tione
2209 2615 2536 2668 descendere
2587 2614 2724 2686 :qui
2768 2615 2931 2668 etiam
2977 2615 3385 2670 coessentialem
3427 2625 3484 2669 et
3519 2631 3610 2669 co-

2035 2715 2293 2760 :rternum
2321 2705 2424 2760 sibi
2465 2705 2558 2759 Dei
2587 2705 2779 2759 Filium
2807 2705 2978 2760 noluit
3013 2721 3080 2760 ex
3122 2707 3404 2776 impiorum
3436 2709 3609 2762 mani;

2034 2793 2136 2848 bus
2163 2792 2435 2847 liberare?
2475 2791 2628 2847 Unde
2677 2807 2774 2862 per
2803 2792 3146 2848 Salomonem
3171 2795 3367 2848 dicitur
3402 2813 3417 2848 :
3458 2815 3477 2846 ι
3511 2794 3612 2848 Βοε

2037 2875 2231 2955 nignus
2257 2891 2338 2938 est
2363 2884 2506 2938 enim
2537 2882 2772 2952 Spiritus
2813 2885 3110 2953 sapientiae,
3141 2895 3328 2940 etnon
3364 2886 3612 2943 liberabit

2036 2975 2379 3029 maledictum
2426 2990 2458 3028 a
2491 2975 2648 3031 labiis
2690 2976 2802 3031 suis
2832 2974 2980 3048 (Sap.
3013 2976 3073 3047 ι).
3116 2996 3133 3028 ι
3165 2977 3432 3050 Benignus
3461 2995 3610 3033 nam-

2037 3082 2142 3135 que
2176 3067 2409 3136 Spiritus
2436 3076 2658 3122 sanctus
2686 3083 2924 3138 congrue
2952 3068 3166 3133 dicitur,
3189 3071 3313 3138 quia
3345 3070 3480 3124 mala
3507 3087 3619 3126 me-

2041 3159 2280 3214 rentibus
2321 3159 2459 3214 bona
2493 3159 2762 3224 retribuit,
2809 3167 2864 3213 et
2906 3159 3378 3230 dignis.supplicio
3425 3163 3613 3232 gratia:

2039 3264 2150 3304 sua:
2171 3265 2366 3304 munus
2397 3249 2656 3318 impertit.
2683 3250 2814 3316 Quis
2854 3259 3033 3305 autem
3063 3251 3165 3306 hoc
3193 3251 3311 3306 loco
3343 3252 3610 3306 maledicti

2039 3342 2278 3406 nomine,
2299 3340 2398 3394 nisi
2426 3339 2754 3410 Redemptor
2779 3351 2959 3394 noster
2986 3343 3142 3397 debet
3165 3341 3406 3412 intelligi,
3437 3344 3528 3411 qui
3557 3353 3613 3397 ut

2041 3451 2138 3490 nos
2164 3451 2192 3488 a
2219 3433 2612 3489 maledictionis
2643 3434 2854 3489 vinculo
2873 3434 3124 3499 solveret,
3153 3435 3266 3506 ipse
3289 3450 3391 3490 non
3413 3436 3614 3505 respuit

2040 3524 2504 3580 maledictionibus
2563 3521 2887 3592 subiacere?
2940 3523 3092 3579 Unde
3133 3532 3189 3578 et
3244 3523 3441 3579 Paulus
3483 3525 3616 3579 dicit

2041 3614 2240 3686 (Galat.
2261 3614 2340 3684 ιιι)
2359 3629 2373 3667 :
2393 3633 2411 3665 ι
2433 3613 2679 3668 Christus
2703 3629 2799 3668 nos
2819 3615 3049 3690 redemit
3066 3615 3132 3669 de
3154 3614 3438 3670 maledicto
3459 3615 3610 3686 legis.

2041 3705 2214 3760 factus
2273 3720 2371 3774 pro
2425 3705 2580 3759 nobis
2629 3705 3004 3768 maledictum,
3054 3706 3177 3773 quia
3223 3706 3482 3773 scriptum
3533 3714 3616 3760 est

2041 3795 2220 3864 (Deut.
2251 3793 2364 3862 χιι)
2402 3812 2416 3846 :
2447 3793 2760 3848 Maledictus
2786 3794 2983 3858 omnis,
3012 3794 3104 3862 qui
3130 3795 3323 3862 pendet
3347 3792 3396 3846 in
3428 3793 3568 3861 ligno
3597 3812 3615 3846 τ

2042 3883 2183 3936 utin
2225 3882 2471 3952 gentibus
2517 3883 2818 3936 benedictio
2842 3882 3070 3935 Abrahae
3111 3882 3262 3935 ﬁeret
3299 3882 3350 3936 in
3397 3883 3616 3936 Christo

2039 3973 2189 4038 Jesu,
2222 3982 2279 4027 ut
2308 3973 2745 4042 pollicitationem
2801 3972 3032 4041 Spiritus
3078 3972 3409 4042 accipiamus
3435 3988 3530 4040 per
3559 3975 3616 4025 ti-

2042 4067 2186 4121 dem.
2225 4085 2242 4118 ι
2277 4065 2543 4135 Benignus
2585 4079 2714 4135 ergo
2741 4063 2973 4134 Spiritus
2996 4074 3216 4117 sanctus
3241 4077 3346 4117 non
3365 4062 3616 4117 liberavit

2042 4156 2385 4210 maledictum
2403 4170 2430 4208 a
2454 4154 2609 4208 labiis
2630 4153 2744 4210 suis
2769 4171 2783 4208 :
2809 4155 2932 4223 quia
2961 4164 3160 4209 cuncta
3185 4155 3608 4223 dominicmepas-

2044 4247 2211 4301 sionis
2262 4247 2559 4316 mortisque
2609 4247 2866 4318 supplicia
2886 4288 2899 4312 ,
2930 4263 3049 4317 quae
3076 4248 3142 4302 de
3167 4247 3381 4303 Christo
3403 4264 3498 4318 per
3521 4265 3614 4303 om

2043 4340 2425 4408 prophetarum
2486 4349 2611 4394 ante
2663 4341 3022 4409 prmdixerat,
3076 4357 3315 4412 congruo
3379 4352 3618 4413 tempore

369 4431 493 4484 vita:
531 4429 886 4485 diuturnitate
932 4429 1218 4496 consuluit,
1269 4429 1576 4484 miserando
1609 4429 1752 4483 exitu
1781 4430 1941 4482 vitam
1976 4445 2144 4528 l)per
2200 4430 2588 4485 exhibitiouem
2646 4446 2868 4500 operum
2933 4431 3224 4487 efﬁcaciter
3281 4433 3612 4503 adimplevit.

369 4520 425 4574 in
480 4519 719 4588 perﬁdia:
772 4534 882 4574 suae
927 4519 1302 4590 desperatione
1352 4519 1843 4589 conclusit?(lbid.
1877 4520 1939 4589 l.)

369 4609 530 4665 Aliud
576 4624 808 4678 namque
857 4617 1040 4664 estex
1086 4610 1209 4663 vitae
1250 4609 1458 4663 meritis
1506 4619 1755 4664 sanetum
1801 4623 1942 4674 esse,

370 4698 520 4754 aliud
544 4713 610 4754 ex
645 4699 945 4754 ministerio
971 4698 1293 4752 conditionis
1321 4698 1448 4752 dici.

875 4808 1031 4878 ιοο
1078 4805 1306 4863 CAPUT
1341 4806 1430 4860 XI.

373 4899 502 4955 Non
524 4901 714 4953 mirum
743 4900 788 4952 si
820 4899 1048 4967 Spiritus
1076 4909 1285 4953 sanctus
1313 4899 1377 4951 ab
1403 4898 1628 4966 indignis
1668 4899 1942 4967 accipitur,

481 4985 600 5023 cum
625 4979 674 5022 et
708 4969 801 5023 Dei
836 4968 1014 5022 Filius
1035 4969 1097 5022 sit
1133 4969 1198 5021 ab
1224 4969 1396 5036 impiis
1423 4969 1836 5036 contprehensus.

445 5057 514 5112 Et
533 5057 838 5112 sanctitatis
857 5057 1071 5125 quidem
1094 5057 1344 5110 meritum
1371 5057 1422 5110 in
1449 5056 1611 5110 alium
1644 5072 1751 5111 non
1776 5066 1950 5112 trans-

373 5147 590 5212 fertur,
639 5149 773 5202 ordo
827 5155 1006 5200 autem
1049 5146 1333 5200 ministerii
1410 5147 1462 5200 in
1530 5146 1734 5215 plures,
1787 5157 1946 5218 prout

374 5239 744 5295 ecclesiastica
806 5238 1042 5308 postulat
1091 5239 1377 5303 institutio,
1431 5248 1792 5309 propagatur;
1854 5241 1944 5295 ubi

379 5331 639 5384 nimirum
701 5345 807 5385 non
868 5330 1302 5394 discernendum,
1349 5331 1469 5399 quis
1532 5330 1954 5384 consecrationis

375 5421 612 5478 ol'ﬁcium
644 5421 864 5486 habeat,
887 5421 980 5476 sed
1012 5421 1138 5490 quid
1170 5421 1382 5475 habeat.
1410 5419 1569 5474 Aliud
1613 5436 1842 5489 namque
1871 5429 1954 5475 est

374 5512 570 5579 gratiae
619 5519 1038 5571 sacramentum,
1083 5509 1224 5562 aliud
1268 5509 1378 5576 ipsa
1425 5517 1507 5563 est
1550 5509 1719 5578 gratia
1772 5523 1953 5563 sacra-

378 5601 570 5653 menti.
605 5599 879 5669 Siquidem
895 5599 1122 5671 gratiam
1148 5599 1234 5652 dat
1264 5599 1604 5666 onmipotens
1625 5597 1763 5651 Deus
1789 5599 1952 5651 etiam

382 5706 480 5761 per
508 5691 704 5755 malos,
736 5691 866 5759 ipsis
893 5699 1072 5744 autem
1103 5685 1327 5757 gratiam
1359 5703 1462 5742 non
1503 5687 1604 5740 nisi
1634 5701 1730 5756 per
1757 5694 1951 5742 semct-

2052 4517 2202 4573 Tuue
2255 4520 2396 4573 enim
2463 4520 2861 4589 quodammodo
2918 4537 2950 4575 a
3000 4523 3116 4576 suis
3165 4539 3288 4577 eum
3341 4522 3495 4576 labiis
3554 4522 3615 4576 li-

2031 4610 2299 4682 beraret,
2349 4611 2395 4666 si
2452 4613 2594 4680 quod
2653 4613 2718 4667 de
2776 4613 2863 4667 illo
2929 4615 3255 4684 propheticis
3316 4617 3620 4670 enuntiaret

2052 4699 2306 4763 eraculis,
2356 4715 2453 4769 per
2509 4716 2687 4754 rerum
2719 4701 2962 4756 ordinem
3014 4717 3122 4756 non
3176 4703 3465 4772 implesset.
3517 4705 3615 4758 Ubi

2053 4789 2388 4853 notandum,
2455 4805 2616 4860 quam
2677 4789 2976 4859 profunde,
3033 4807 3191 4860 quam
3255 4793 3479 4863 mystice
3539 4795 3589 4846 si‘
3667 4785 3674 4792 ’

2044 4880 2154 4956 mul
2198 4880 2349 4950 101
2411 4891 2674 4951 congruat
2714 4882 2952 4938 doctoris
2999 4884 3278 4953 utriusque
3321 4885 3611 4939 sententia.

2047 4968 2200 5034 Quod
2245 4970 2388 5023 enim
2443 4985 2582 5024 unus
2620 4971 2772 5037 dixit,
2824 4973 2951 5041 quia
2987 4973 3208 5043 spiritus
3237 4989 3340 5027 non
3370 4974 3614 5028 liberabit

2053 5058 2397 5114 maledictum
2446 5075 2474 5114 a
2506 5059 2661 5115 labiis
2702 5061 2834 5127 suis,
2870 5062 2970 5117 hoc
3003 5072 3105 5126 est,
3138 5063 3279 5132 quod
3309 5063 3444 5118 alter
3472 5076 3619 5117 asse-

2043 5150 2148 5203 ruit
2175 5159 2232 5202 ut
2250 5149 2692 5219 pollicitationem
2716 5150 2948 5220 Spiritus
2962 5153 3288 5222 accipiamus
3308 5167 3405 5222 per
3426 5152 3613 5216 ﬁdem;

2045 5249 2292 5308 atque-ut
2316 5242 2564 5296 ostendat
2594 5243 2678 5296 vir
2715 5243 2946 5312 sapiens,
2987 5246 3052 5298 de
3092 5258 3198 5312 quo
3224 5242 3510 5296 maledicto
3543 5242 3622 5297 Ιοο

2047 5339 2329 5398 queretur,
2347 5332 2624 5400 praemissa
2639 5332 2901 5385 sententia
2918 5331 3160 5401 protinus
3182 5331 3416 5384 addidit:
3437 5351 3452 5382 ι
3474 5331 3616 5399 Quo.

2051 5421 2192 5474 niam
2219 5437 2405 5475 renum
2431 5421 2569 5475 illius
2591 5423 2741 5476 testis
2762 5430 2844 5474 est
2865 5423 3023 5486 Deus,
3038 5429 3090 5474 et
3109 5421 3286 5475 cordis
3310 5420 3449 5476 illius
3467 5438 3619 5476 seru.

2053 5519 2194 5564 tatur
2219 5517 2301 5561 est
2330 5523 2507 5573 verus,
2530 5519 2586 5564 et
2602 5510 2792 5579 lingua:
2811 5509 2947 5562 illius
2967 5509 3346 5579 auditor(Sup.
3370 5510 3464 5580 ι).ι
3482 5512 3618 5579 Quia

2053 5601 2196 5653 enim
2244 5598 2439 5662 Patris,
2487 5609 2542 5653 et
2584 5600 2705 5653 Filii
2753 5599 3126 5669 inseparabilis
3154 5609 3208 5654 et
3250 5603 3618 5657 coessentialis

2056 5696 2138 5742 cst
2169 5687 2365 5755 unitas,
2389 5701 2576 5741 renum
2605 5687 2722 5741 Filii
2761 5689 2932 5754 testis,
2963 5699 3014 5743 et
3048 5691 3235 5744 cordis
3254 5690 3368 5759 ejus
3414 5699 3613 5744 scruta-
