4018 6194
415 327 520 379 H5

842 328 897 380 S.
937 326 1143 382 PETRI
1178 325 1462 382 DAMIANI
1497 327 1650 383 OPP.
1689 326 1922 384 TOMUS
1963 326 2092 384 SEU
2132 331 2310 385 PARS
2350 331 2431 385 lll.
2469 361 2538 372 —
2575 330 2940 389 OPUSCULA
2980 332 3210 388 V'All-lA.

3562 334 3665 387 ΗΘ

415 445 501 487 tor
539 431 658 500 jure
686 433 848 487 Pater
878 435 1140 488 asset-itur
1169 452 1182 487 :
1209 449 1362 502 cujus
1402 434 1655 488 nimirum
1698 435 1870 488 virtus
1930 442 1984 487 et
2017 437 2058 494 Β
2088 445 2145 490 ut
2173 438 2302 492 mihi
2356 439 2548 495 obesse
2590 439 2766 495 valeat
2809 441 3056 497 minister
3103 442 3299 507 malus,
3351 444 3438 498 ubi
3481 447 3670 513 procul

411 525 677 592 aapicutia
698 525 810 593 ipse
825 525 992 580 Filius
1014 525 1158 581 nulla
1184 525 1252 580 ab
1269 541 1335 580 eo
1351 526 1591 580 creditur
1617 523 1983 594 inatqualitatc

411 615 677 680 diversus,
723 615 869 669 nulla
906 615 1166 684 probatur
1201 615 1545 686 abjunctione
1571 627 1827 671 semotus.
1853 616 1982 671 Lin-

411 719 528 774 gua:
565 705 725 759 etiam
775 705 918 758 illius
965 707 1179 760 audi-tor
1224 716 1325 767 est,
1369 707 1511 761 sicut
1555 706 1671 775 ipse
1716 713 1981 760 testatur:

415 813 433 842 ι
459 793 634 855 Pater,
663 794 856 863 inquit,
883 795 1207 866 gratiasago
1230 795 1351 858 tibi,
1372 795 1623 864 quoniam
1653 794 1849 849 audisti
1876 807 1982 856 me,

408 897 507 958 ego
532 891 708 937 autem
735 884 967 937 sciebam
992 884 1115 954 quia
1140 899 1352 953 semper
1370 897 1456 936 me
1477 882 1824 953 audis(Joan.
1849 882 1978 952 κὴ.»

412 972 616 1026 Idcirco
659 974 822 1043 igitur
872 974 1094 1042 Spiritus
1142 989 1246 1027 non
1281 973 1531 1028 liberavit
1579 971 1921 1027 maledictum
1953 987 1984 1026 a

410 1061 571 1120 labiis
593 1063 724 1126 suis,
751 1064 875 1132 quia
904 1065 1042 1117 Deus
1070 1063 1242 1128 testis,
1271 1072 1432 1137 atque
1459 1069 1732 1117 scrutator
1752 1070 1837 1117 est
1865 1076 1986 1116 cor-

414 1153 499 1206 dis
531 1153 695 1218 illius,
725 1162 776 1206 et
810 1153 1002 1222 linguae
1029 1154 1260 1206 auditor.
1293 1153 1369 1205 Ac
1398 1151 1440 1207 si
1470 1161 1723 1221 patenter
1747 1152 1981 1207 diceret:

405 1243 535 1296 ldeo
562 1243 654 1297 Dei
684 1230 852 1297 Filius
881 1243 1144 1311 passionis
1170 1241 1428 1310 supplicia
1455 1241 1697 1311 pertulit,
1719 1242 1846 1312 quia
1871 1241 1988 1310 ipse

403 1331 600 1395 Filius,
635 1332 721 1386 cui
750 1348 872 1387 cum
917 1332 1101 1398 Patre,
1127 1340 1182 1388 et
1206 1332 1396 1388 eodem
1428 1332 1635 1401 Spiritu
1662 1339 1855 1388 sancto
1880 1345 1986 1410 una

404 1425 672 1486 voluntas,
706 1440 809 1487 una
841 1432 924 1478 est
954 1423 1329 1494 providentia,
1365 1424 1418 1478 id
1459 1423 1576 1478 fieri
1621 1438 1720 1493 pro
1761 1421 1986 1477 humani

405 1514 622 1584 generis
657 1513 830 1568 salute
858 1515 1114 1569 decrevit.
1147 1517 1224 1569 De
1244 1531 1352 1589 quo
1377 1515 1633 1570 nimirum
1656 1510 1944 1582 Apostolus
1968 1527 1982 1564 :

408 1622 427 1655 ι
448 1605 550 1672 Qui
580 1605 769 1669 dilexit
795 1620 900 1670 me,
930 1606 1125 1676 inquit,
1151 1617 1209 1663 et
1243 1607 1464 1664 tradidit
1509 1607 1859 1675 semetipsum
1887 1619 1986 1674 pro

403 1708 489 1748 me
517 1692 717 1762 (Halat.
766 1697 884 1765 11).»
937 1693 1007 1754 Ut
1060 1710 1190 1766 ergo
1235 1696 1301 1750 ad
1351 1695 1625 1765 proposita
1675 1695 1981 1755 redeamus,

2086 526 2249 582 dubio
2276 528 2449 582 bonus
2476 538 2561 584 est
2602 530 2882 594 Dominus,
2917 539 3010 584 aut
3052 530 3350 596 malitiosus
3371 548 3551 603 praeco
3574 534 3670 592 ubi

2085 624 2169 670 est
2195 616 2487 673 benevolus
2519 617 2705 686 judex.
2735 618 2851 674 Non
2893 619 3038 673 enim
3062 620 3373 678 .exhorreat
3393 621 3667 692 columba,

2086 718 2190 756 nou
2230 713 2457 759 nauseat
2496 706 2832 760 sordentium
2866 707 3232 776 quorumlibet
3279 707 3665 778 ministerium,

2084 793 2210 846 dum
2236 793 2348 858 ille,
2375 794 2429 847 in
2457 809 2618 864 quem
2655 803 2765 850 tota
2793 795 3096 861 descendit,
3125 795 3275 850 solus
3298 800 3659 856 consecratio-

2085 882 2175 938 nis
2197 891 2378 938 teneat
2399 885 2783 954 principatum.
2813 884 2919 941 Per
2947 886 3052 942 hoc
3089 888 3234 942 enim
3263 888 3445 944 unitas
3469 887 3660 946 Eccle-

2085 971 2180 1026 siae
2204 980 2330 1037 stat,
2366 973 2492 1042 quia
2516 973 2765 1030 Christus
2791 975 2930 1045 apud
2952 989 3011 1030 se
3033 976 3384 1030 consecrandi
3412 977 3665 1034 virtutem

2087 1062 2283 1126 tenuit,
2314 1071 2370 1117 et
2402 1064 2456 1118 in
2497 1063 2764 1123 neminem
2797 1065 3169 1119 ministrorum
3197 1067 3665 1122 consecrationum

2081 1149 2204 1219 jura
2255 1150 2562 1208 trausl‘udit.
2595 1152 2729 1208 Nam
2775 1153 2819 1208 si
2867 1153 3206 1210 consecratio
3249 1168 3318 1208 ex
3366 1155 3664 1212 sacerdotis

2086 1242 2297 1305 merito,
2325 1243 2408 1297 vel
2439 1243 2644 1299 virtute
2663 1245 3006 1314 procederet,
3033 1246 3100 1299 ad
3119 1244 3393 1302 Christum
3421 1245 3664 1314 profecto

2087 1333 2387 1393 nullatenus
2423 1335 2737 1405 pertineret.
2769 1335 2876 1391 Sed
2908 1335 3154 1405 quamvis
3195 1335 3436 1405 pontifex
3468 1351 3664 1393 manus

2088 1424 2360 1492 imponat,
2375 1434 2429 1480 et
2455 1425 2852 1482 benedictionis
2878 1426 3044 1484 verba
3099 1440 3197 1494 per
3226 1425 3526 1494 injunctum
3558 1425 3662 1482 sibi

2086 1514 2443 1578 ministerium
2472 1513 2733 1584 proferat,
2768 1515 3016 1574 Christus
3044 1525 3127 1570 est
3154 1524 3324 1580 certe,
3357 1515 3454 1584 qui.
3474 1529 3664 1572 conse-

2086 1609 2224 1663 crat,
2257 1613 2312 1656 et
2353 1617 2550 1656 arcana
2597 1602 2894 1671 majestatis
2931 1616 3044 1656 suae
3090 1603 3288 1657 virtute
3335 1604 3658 1658 sanctiﬁcat.

2087 1689 2225 1744 Hinc
2261 1699 2344 1745 est
2383 1692 2522 1761 quod
2556 1693 2623 1746 ad
2665 1691 2884 1762 Moysen
2914 1691 3095 1745 divina
3135 1706 3265 1746 voce
3303 1693 3653 1761 praecipitur:

401 1783 528 1849 quid
561 1783 757 1838 mirum
798 1784 843 1836 si
875 1783 1112 1852 Spiritus
1139 1794 1360 1840 sanctus
1384 1784 1679 1854 aliquando
1717 1784 1770 1838 iu
1796 1797 1982 1850 reproo
2011 1770 2056 1828 Β
2090 1797 2109 1832 ι
2129 1780 2376 1851 Loquere
2399 1784 2690 1848 Aaron,et
2734 1784 2858 1838 ﬁliis
2900 1783 3052 1853 ejus:
3076 1785 3153 1840 sic
3183 1785 3510 1840 benedicetis
3539 1787 3660 1844 ﬁliis

400 1873 497 1927 bos
529 1872 728 1936 veniat,
759 1888 882 1926 cum
911 1884 966 1928 et
989 1873 1158 1928 Filius
1204 1873 1444 1941 ejusdem
1498 1888 1622 1938 cum
1653 1887 1717 1928 eo
1773 1881 1980 1928 natura:

400 1970 562 2035 atque
586 1963 840 2029 potentia:
871 1963 1154 2032 impiorum
1186 1978 1243 2022 se
1267 1964 1514 2018 manibus
1540 1963 1778 2027 tradidit,
1803 1973 1856 2019 et
1872 1977 1977 2019 non

400 2049 572 2107 solum
604 2066 663 2104 se
689 2066 876 2105 eorum
913 2053 1229 2108 verberibus
1269 2053 1428 2118 allici,
1457 2053 1550 2108 sed
1575 2062 1630 2108 et
1660 2052 1849 2108 inferri
1873 2051 1980 2107 sibi

400 2139 593 2204 mortis
625 2142 900 2199 atrociam.
925 2158 1030 2196 non
1054 2142 1413 2210 contempsit?

996 2249 1224 2306 CAPUT
1265 2250 1378 2304 Xll.

400 2336 556 2410 Quod
583 2338 777 2395 donum
809 2340 908 2394 Dei
935 2341 1482 2464 nullalnt‘inistrorum
1513 2344 1821 2414 contagione
1857 2343 1975 2414 pol-

1114 2429 1164 2464 ut
1195 2429 1276 2464 ur.

1114 2429 1276 2466 αιιιιν.

470 2498 526 2553 Si
557 2500 701 2554 enim
732 2500 960 2556 visibilis
991 2501 1122 2556 solis
1153 2503 1310 2573 hujus
1353 2504 1536 2557 radius
1572 2502 1751 2557 nullas
1786 2502 1978 2573 caligi-

397 2601 543 2648 n0$33
569 2587 853 2658 cujuslibet
883 2591 1094 2646 scrobis
1123 2593 1376 2646 tenebras
1399 2592 1624 2660 patitur,
1643 2591 1803 2647 nullis
1832 2591 1978 2646 cloa-

397 2693 581 2739 carum
612 2681 862 2736 sordibus
890 2683 1234 2750 inquinatur;
1263 2683 1390 2752 quid
1413 2682 1609 2736 mirum
1636 2683 1682 2736 si
1729 2697 1975 2740 summus

395 2775 450 2822 et
475 2767 978 2838 incircumscriptus
1017 2770 1252 2839 Spiritus
1303 2770 1586 2824 tenebrosa
1620 2770 1701 2824 vel
1757 2770 1972 2825 sordida

396 2859 754 2928 quorumdam
781 2869 1000 2928 pectora
1033 2876 1129 2914 suo
1160 2860 1448 2930 splendore
1475 2860 1824 2930 perstringat,
1855 2859 1973 2929 ipse

398 2946 968 3008 tamennihilominus
991 2949 1043 3001 in
1074 2949 1333 3002 munditia
1364 2963 1462 3003 sua
1489 2957 1543 3001 et
1573 2949 1810 3017 puritate
1851 2960 1973 3016 per—

397 3037 1044 3108 tuaneathujuscunque
1080 3053 1210 3108 ergo
1255 3039 1502 3093 criminis
1534 3055 1659 3094 rcus
1701 3039 1974 3094 exstiterit

2080 1869 2265 1935 Israel,
2315 1881 2369 1926 et
2413 1872 2608 1927 dicetis
2657 1872 3091 1930 eis:Benedicat
3145 1875 3252 1930 tibi»
3292 1875 3571 1942 Dominus,
3604 1887 3661 1932 et

2080 1961 2347 2017 custodiat
2377 1969 2466 2016 te:
2490 1963 2739 2026 ostendat
2773 1962 3034 2019 Dominus
3061 1964 3253 2020 faciem
3275 1981 3427 2020 suam
3458 1956 3576 2032 tibi,
3604 1977 3692 2041 et_

2078 2049 2403 2106 misereatur
2439 2053 2535 2107 tibi
2565 2066 2579 2106 :
2604 2062 2886 2116 convertat
2903 2053 3163 2113 Dominus
3181 2055 3383 2109 vultum
3410 2071 3565 2110 suum
3589 2057 3664 2115 ad.

2081 2149 2155 2204 te,
2181 2149 2235 2194 et
2263 2141 2354 2194 det
2378 2141 2471 2196 tibi
2504 2157 2690 2211 pacem
2715 2142 2904 2214 (Num.
2930 2144 3040 2216 vi);
3071 2164 3090 2198 ι
3123 2160 3356 2216 moxque
3376 2145 3654 2215 subjungi.

2077 2237 2166 2283 tur
2197 2243 2211 2282 :
2247 2246 2265 2280 ι
2295 2230 2645 2298 lnvocabunt,
2671 2232 2869 2302 inquit,
2901 2249 3095 2289 nomen
3130 2250 3304 2288 meum
3333 2249 3493 2304 super
3517 2234 3662 2290 ﬁlios

2076 2317 2260 2382 Israel,
2309 2326 2365 2372 et
2399 2333 2499 2388 ego
2527 2319 2842 2376 benedieam
2892 2321 2974 2378 eis
3023 2321 3262 2392 (1ὺὶά.).›
3298 2321 3650 2377 Sacerdotum

2075 2421 2205 2478 ergo
2230 2417 2313 2462 est
2339 2409 2580 2464 divinum
2610 2427 2804 2467 nomen
2833 2427 2997 2483 super
3026 2429 3140 2478 eos,
3178 2413 3268 2482 qui
3295 2413 3654 2469 consecrandi

2076 2507 2224 2563 sunt,
2254 2499 2541 2567 invocare;
2573 2501 2666 2566 sed
2693 2503 2862 2572 ipsius
2891 2503 2984 2559 Dei
3016 2504 3292 2574 proprium
3319 2512 3401 2558 est
3427 2503 3650 2559 interius

2075 2591 2418 2646 benedicere.
2453 2592 2714 2648 Ministris
2743 2594 2919 2663 plane,
2952 2604 3194 2650 exterior
3229 2594 3650 2652 consecrationis

2074 2680 2207 2732 ordo
2237 2681 2514 2746 tribuitur,
2535 2682 2632 2736 sed
2656 2682 2755 2736 soli
2785 2682 3012 2739 Domino
3038 2683 3205 2754 ipsius
3230 2683 3652 2739 consecrationis

2074 2765 2313 2822 ellicacia
2361 2780 2690 2824 reservatur.
2729 2771 2879 2826 Unde
2929 2782 3032 2836 est,
3089 2773 3230 2842 quod
3255 2772 3370 2843 ipse
3415 2771 3551 2826 dixit
3593 2772 3650 2827 iu

2073 2856 2297 2912 Exodo:
2331 2877 2349 2910 ι
2375 2859 2488 2929 Ego
2534 2860 2816 2929 Dominus,
2867 2863 2958 2932 qui
3005 2863 3286 2919 sanctiﬁco
3326 2877 3422 2917 vos
3447 2861 3643 2932 (Exod.

2074 2949 2281 3018 νίκη.»
2331 2949 2390 3004 Si
2432 2951 2594 3019 igitur
2617 2953 2876 3008 Dominus
2911 2961 3018 3022 est,
3061 2953 3156 3024 qui
3197 2951 3523 3018 sanctiﬁcat,
3550 2967 3653 3007 cur.

2074 3036 2369 3092 timendum
2421 3055 2488 3094 ne
2541 3040 2832 3109 plectibilis
2895 3041 3212 3114 cujusquam
3271 3041 3418 3099 servi
3465 3048 3652 3102 reatus

398 3128 512 3194 ille,
556 3132 648 3198 qui
695 3138 1020 3194 consecrat:
1052 3129 1308 3184 nimirum
1362 3129 1476 3184 sive
1525 3129 1806 3198 superbus,
1856 3129 1970 3185 sive
1999 3108 2041 3168 ε
2071 3127 2331 3183 obsistat?

395 3220 723 3289 luxuriosus,
765 3221 880 3276 sive
909 3221 1200 3287 homicida,
1237 3221 1352 3276 sive
1381 3221 1546 3275 etiam
1590 3220 1965 3287 Simoniacus;

394 3311 508 3380 ipse
553 3312 770 3381 quidem
817 3311 1054 3382 pollutus
1102 3320 1207 3377 est,
1253 3321 1308 3367 et
1353 3312 1534 3366 lethali
1572 3311 1759 3382 procul
1809 3313 1970 3376 dudio

393 3384 538 3468 lepra
567 3400 817 3469 perfusus
841 3419 854 3454 :
880 3401 974 3456 sed
999 3403 1198 3455 donum
1214 3401 1486 3470 Dei,quod
1510 3401 1769 3470 penillum
1793 3410 1968 3456 trans-

395 3489 458 3554 it,
488 3490 686 3544 nullius
713 3490 837 3547 labe
882 3490 1160 3560 polluitur,
1205 3491 1406 3548 nullius
1445 3492 1769 3562 contagione
1798 3491 1967 3548 fmda-

394 3589 502 3636 tur.
533 3581 732 3635 Purum
759 3597 993 3651 namque
1021 3593 1105 3637 est
1149 3585 1292 3652 quod
1336 3599 1432 3652 per
1463 3583 1610 3637 illum
1642 3584 1780 3649 ﬁuit,
1812 3599 1966 3638 mun-

394 3671 519 3734 dutu
567 3680 622 3726 et
649 3671 909 3740 liquidutu
937 3673 1002 3726 ad
1035 3682 1233 3727 terram
1263 3673 1491 3727 fertilem
1521 3675 1732 3728 transit.
1768 3674 1966 3730 Sancta

395 3777 624 3832 namque
673 3763 912 3817 Ecdesia
958 3765 1147 3818 hortus
1202 3765 1539 3829 deliciarum,
1572 3774 1626 3820 et
1668 3766 1967 3835 spiritualis

393 3860 474 3904 est
514 3853 819 3926 paradisus,
868 3853 1257 3909 charismatum
1307 3855 1557 3910 videlicet
1606 3871 1962 3926 supernorum

393 3940 604 3996 llueutis
635 3941 889 4013 irriguus.
943 3943 1212 3998 Pouamus
1242 3959 1371 4013 ergo
1401 3952 1461 3998 ut
1499 3944 1623 3998 mali
1655 3946 1962 4001 sacerdotes

391 4032 786 4101 quodammodo
816 4032 1010 4102 lapidei
1041 4034 1150 4089 sint
1174 4033 1425 4088 canales:
1451 4034 1502 4087 in
1530 4033 1753 4104 lapideis
1781 4045 1960 4091 autem

393 4119 670 4181 canalibus
722 4135 860 4188 aqua
900 4120 973 4173 nil
1005 4122 1293 4190 germinat,
1321 4122 1489 4180 donec
1513 4138 1609 4190 per
1632 4137 1725 4177 eos
1769 4122 1960 4177 decur-

393 4221 539 4271 rens,
572 4207 625 4261 in
657 4207 910 4262 fecundas
932 4223 990 4262 se
1011 4208 1222 4263 areolas
1253 4208 1462 4263 fundat.
1489 4209 1640 4271 Licet
1674 4211 1817 4264 enim
1843 4210 1957 4280 pitt-

395 4311 497 4354 res.
524 4298 780 4366 reprobus
826 4299 1140 4353 sacerdotes
1178 4299 1416 4352 seriatim
1468 4307 1764 4369 temporum
1813 4301 1960 4356 vices

393 4385 689 4448 attulerint,
719 4387 964 4440 videlicet
985 4398 1041 4440 ut
1069 4397 1126 4442 et
1145 4399 1527 4444 consecrantes
1571 4397 1626 4442 et
1650 4390 1952 4446 consecrati

392 4489 544 4544 atque
567 4476 904 4544 reperiantur
931 4478 1166 4548 indigni;
1193 4477 1312 4534 fons
1339 4488 1516 4533 tamen
1543 4477 1632 4534 ille
1659 4478 1812 4533 vivus
1843 4495 1964 4534 non.

394 4564 759 4633 restringitur,
801 4566 1090 4634 quominus
1134 4583 1300 4636 usque
1341 4569 1407 4621 ad
1448 4567 1607 4621 ﬁnem
1653 4568 1833 4623 smculi
1862 4583 1960 4636 per

396 4669 587 4711 nemus
617 4655 868 4711 Ecclesiae
891 4657 1155 4726 profluat;
1203 4669 1259 4712 ut
1284 4675 1386 4712 non
1416 4658 1559 4714 solus
1589 4659 1678 4714 ille
1703 4661 1955 4714 sacerdo-

395 4743 516 4798 talis
544 4745 696 4810 ordo,
724 4746 816 4801 sed
844 4755 898 4802 et
926 4762 1114 4802 omnes
1135 4749 1186 4802 in
1212 4747 1424 4802 Christo
1448 4749 1617 4803 renati
1640 4749 1826 4804 salutis
1846 4764 1959 4806 suae

393 4835 639 4905 poculum
680 4836 951 4891 hauriant.
991 4837 1145 4906 102
1190 4836 1294 4891 Per
1327 4839 1634 4894 sacerdotes
1679 4839 1947 4908 siquidem

390 4923 696 4994 baptismus
720 4932 776 4977 et
796 4924 1030 4978 chrisma
1055 4925 1328 4990 tribuitur,
1352 4935 1407 4981 et
1428 4941 1588 4982 omne
1604 4926 1954 4982 ecclesiastici

311 5051 314 5054 ς
393 5012 722 5067 sacramenti
753 5012 1112 5066 ministerium
1140 5013 1445 5068 exhibetur.
1480 5014 1535 5069 Si
1558 5030 1686 5084 ergo
1709 5016 1956 5070 sacerdo-

393 5115 506 5162 tum
561 5104 800 5173 pravitas
845 5103 1024 5158 divina
1072 5113 1254 5172 posset
1302 5105 1442 5157 dona
1494 5104 1815 5171 reprimere;
1849 5104 1954 5161 illis

391 5204 537 5249 certe
578 5191 1076 5263 prmvaricantibus,
1123 5207 1346 5248 necesse
1397 5201 1516 5247 erat
1569 5200 1738 5246 totum
1783 5209 1953 5262 genus

391 5283 686 5337 humanum
714 5298 742 5336 a
775 5281 972 5336 divinis
1013 5280 1286 5335 beneflciis
1316 5280 1542 5335 resilire.
1586 5280 1738 5347 Quod
1769 5282 1811 5336 si
1848 5281 1952 5336 illis

391 5372 684 5437 stantibus,
745 5373 992 5427 homines
1038 5383 1258 5434 munera
1309 5385 1539 5438 superna
1587 5372 1951 5441 susciperent,

389 5461 689 5518 labentibus
719 5471 896 5517 autem
921 5459 1220 5515 nullatenus
1241 5461 1619 5529 impetrarent,
1651 5463 1956 5516 necessario

384 5551 497 5622 jam
526 5567 630 5608 nou
669 5553 796 5615 Deo,
813 5553 906 5606 sed
935 5551 1304 5605 sacerdotibus
1329 5551 1512 5619 utique
1529 5565 1769 5615 causam,
1795 5559 1957 5618 atque

391 5657 604 5699 omnem
633 5641 736 5696 vim
763 5641 994 5713 propria:
1022 5639 1207 5695 salutis
1250 5639 1614 5706 ascriberent;
1667 5637 1760 5694 sed
1796 5639 1956 5706 absit,

1988 4436 2038 4497 D

2656 3218 2883 3276 CAPUT
2922 3219 3056 3274 Xlll.

2073 3303 2226 3372 Quod
2252 3306 2359 3360 sive
2381 3307 2546 3372 verbi,
2585 3309 2690 3361 sive
2719 3309 3035 3362 sacramenti
3079 3307 3336 3375 minister,
3367 3305 3464 3363 Dei
3491 3307 3644 3362 donis.

2566 3393 2669 3430 non
2692 3378 2854 3446 possit
2882 3378 3144 3432 obsistere.

2135 3483 2500 3554 Conqueritur
2582 3495 2762 3542 autem
2827 3486 3162 3557 Apostolus,
3230 3486 3359 3558 quia
3419 3486 3636 3556 quidam

2067 3571 2186 3627 falsi
2217 3573 2412 3630 fratres
2441 3586 2661 3651 propter
2690 3578 2967 3643 invidiam,
2989 3586 3044 3632 et
3063 3579 3463 3634 contentionem
3482 3577 3642 3634 Chri—

2067 3671 2207 3717 stum
2269 3665 2626 3732 przedicarent
2679 3681 2787 3720 non
2843 3665 3056 3720 sincere
3104 3665 3342 3736 (Philip.
3395 3666 3468 3734 ι).
3529 3663 3635 3718 Sed

2065 3753 2192 3822 quid
2226 3755 2294 3808 ad
2327 3755 2478 3820 haec?
2508 3755 2755 3828 Nunquid
2800 3757 3161 3827 prohibendos
3199 3769 3321 3812 esse
3363 3754 3636 3810 decernit?

2062 3843 2200 3896 Audi
2229 3858 2356 3914 ergo
2386 3847 2515 3915 quid
2563 3847 2844 3916 sequitur:
2873 3846 3053 3918 «Quid
3079 3847 3242 3912 enim,
3276 3846 3469 3915 inquit,
3506 3845 3632 3900 dum

2063 3934 2209 3986 omni
2240 3935 2396 3989 modo
2425 3936 2538 3991 sive
2570 3951 2666 4005 per
2690 3921 3196 4003 occasionem,sive
3227 3951 3326 4009 per
3352 3936 3634 3999 veritatem

2062 4021 2308 4078 Christus
2330 4027 2710 4092 annuntietur;
2742 4036 2796 4082 et
2824 4028 2878 4085 in
2925 4028 3026 4082 hoc
3049 4027 3282 4098 gaudeo,
3303 4026 3397 4085 sed
3423 4033 3478 4080 et
3498 4040 3630 4095 gauo

2063 4113 2198 4167 debo
2229 4113 2445 4184 (Ibid):
2481 4116 2648 4175 Porro
2685 4127 2861 4172 autem
2891 4117 3051 4176 habet
3079 4116 3326 4170 Christus
3353 4115 3647 4178 ministros

2061 4203 2233 4267 verbi,
2291 4202 2453 4257 habet
2519 4204 2796 4258 ministros
2851 4205 3206 4260 nihilominus.
3254 4205 3627 4265 sacramenti:

2060 4289 2340 4358 utriusque
2389 4291 2632 4359 profecto
2675 4292 2914 4357 muneris
2959 4292 3092 4355 alios
3130 4291 3314 4346 ﬁdeles
3349 4299 3408 4350 et
3429 4291 3640 4358 bonos;

2061 4378 2194 4433 alios
2221 4395 2450 4448 nequam
2497 4388 2551 4434 et
2581 4381 2842 4452 perﬁdos:
2867 4381 2960 4434 sed
2991 4395 3165 4448 neque
3183 4395 3212 4433 a
3233 4379 3389 4434 bouis
3413 4379 3639 4445 melius,

2061 4485 2161 4525 nec
2191 4485 2218 4521 a
2253 4468 2406 4523 malis
2432 4470 2696 4538 accipitur
2721 4469 2889 4539 pejus.
2924 4468 3154 4524 Ministri
3197 4469 3461 4538 siquidem
3504 4478 3629 4522 sunt

2059 4563 2278 4625 diversi,
2307 4562 2399 4615 sed
2423 4577 2585 4617 unum
2629 4573 2712 4616 cst
2741 4563 2924 4632 utique
2966 4562 3106 4630 quod
3140 4561 3420 4630 praebetur.
3447 4560 3626 4615 Bonus

2058 4654 2217 4720 pline
2244 4665 2325 4707 est
2353 4663 2542 4707 auctor
2577 4669 2884 4716 munerum,
2905 4663 2960 4707 et
2987 4652 3130 4721 quod
3154 4653 3263 4716 dat,
3292 4651 3463 4704 nullas
3496 4667 3626 4704 con-

2059 4743 2227 4797 trahit
2271 4743 2507 4797 maculas
2535 4757 2601 4796 ex
2631 4741 2890 4811 obsequio
2925 4742 3312 4795 ministrorum.
3340 4739 3482 4793 Pura
3509 4737 3624 4794 ﬂuit

2058 4848 2217 4898 vena,
2251 4841 2305 4886 et
2341 4831 2611 4902 superfluo
2640 4831 2851 4899 leprOSa
2877 4846 3065 4885 manus
3092 4828 3427 4899 propinantis
3449 4835 3620 4882 atten-

2057 4927 2221 4992 ditur,
2251 4926 2338 4982 ubi
2365 4925 2588 4990 clarum,
2618 4926 2771 4997 103
2794 4935 2957 4996 atque
2984 4925 3325 4995 perspicuum
3350 4929 3453 4986 est,
3477 4921 3622 4992 quod

2055 5016 2320 5070 hauritur.
2348 5013 2486 5080 Quid
2532 5016 2676 5069 enim
2724 5017 2788 5070 ad
2821 5025 3147 5070 momentum
3180 5014 3257 5068 rei
3285 5013 3397 5068 sive
3426 5013 3618 5075 bonus,

2051 5108 2164 5162 sive
2196 5107 2370 5160 malus
2401 5107 2472 5161 sit
2501 5107 2592 5175 qui
2625 5108 2915 5169 ministrat,
2947 5105 3236 5160 dummodo
3265 5119 3399 5158 unus
3451 5103 3622 5157 idem-

2054 5212 2159 5268 que
2213 5211 2425 5264 semper
2468 5197 2560 5260 sit,
2613 5198 2703 5265 qui
2752 5197 2866 5250 sive
2914 5195 3086 5261 verbi,
3135 5195 3247 5250 sive
3294 5191 3620 5248 sactamenti

2053 5286 2367 5357 principalis
2395 5296 2584 5341 auctor
2612 5288 2829 5342 existit?
2866 5287 2922 5340 ln
2954 5285 3270 5342 exhibendis
3296 5299 3425 5339 sane
3451 5284 3618 5337 mira-

2054 5375 2294 5430 culorum
2329 5375 2614 5444 signis,vel
2639 5377 2688 5428 itt
2715 5375 3006 5445 prophetia:
3030 5374 3285 5437 oraculis,
3316 5373 3428 5427 sive
3454 5372 3616 5426 etiam

2055 5465 2110 5517 in
2152 5464 2409 5518 habendis
2460 5463 2748 5518 virtutibus
2792 5463 2893 5532 piae
2936 5462 3206 5532 religionis
3233 5461 3407 5532 gratia
3441 5459 3619 5515 sancti

2057 5551 2287 5622 Spiritus
2311 5552 2590 5618 minuitur,
2619 5553 2702 5607 vel
2723 5563 2966 5623 augetur.
2996 5552 3148 5607 Sicut
3172 5565 3203 5605 a
3230 5551 3487 5623 magistro
3507 5549 3618 5604 Eli-

2057 5657 2178 5702 scus
2227 5641 2398 5718 petiit,
2435 5641 2655 5703 dicens:
2685 5661 2703 5695 ι
2730 5641 2882 5708 Peto,
2933 5641 3126 5712 inquit,
3175 5649 3236 5697 ut
3282 5640 3377 5696 ﬁat
3421 5638 3614 5711 duplex
