4018 6194
338 387 448 440 117⁷

1103 391 1475 464 OPUSCuVl.
1518 426 1586 437 —
1626 397 1829 452 LIBER
1867 400 1981 466 Qlil
2022 399 2297 455 DICITUR
2336 403 2822 463 GllATlSSIMUS'.

3491 425 3513 477 l
3532 423 3633 478 f8:

335 498 559 565 spiritus
592 499 780 588 tttttsiu
814 499 1170 571 me(IVReg.
1205 505 1287 574 ιι).
1313 525 1332 556 ι
1363 507 1492 572 Quae
1531 509 1783 562 nimirum
1815 525 1905 579 pe-
1938 513 1982 572 Α
2013 511 2198 577 spiritu
2250 520 2428 566 autem
2483 514 2651 586 Moysi
2694 519 2824 572 viris
2881 522 3092 577 dedisse
3142 525 3398 584 Dominus
3458 533 3594 588 dici-

336 588 458 640 titio
488 587 540 639 in
596 587 754 641 Elisei
787 589 1060 644 miraculis
1099 591 1312 660 impleta
1366 595 1533 650 fuisse
1561 598 1912 667 dignoscitur,

335 679 609 745 inquibus
635 688 782 732 certe
803 687 857 732 et
884 677 1056 746 major
1079 682 1271 746 virtus,
1300 700 1458 753 quam
1484 687 1538 740 in
1566 687 1696 742 Elia:
1723 690 1912 758 signis,

334 777 390 824 ιι
411 768 604 838 duplex
633 785 891 825 numerus
916 771 1186 829 invenitur
1212 794 1225 829 :
1253 777 1396 845 quod
1417 780 1505 847 qui
1533 796 1717 834 eorum
1742 783 1912 836 histo-

335 860 446 913 rias
496 860 738 915 studiose
793 862 1123 928 considerat,
1161 881 1268 921 non
1323 869 1557 936 ignorat.
1604 873 1674 927 At
1718 889 1824 929 non
1861 876 1911 928 in

333 946 638 1002 olﬁciorum
669 949 924 1018 gradibus
956 949 1015 1004 lit
1050 952 1154 1006 ista
1199 955 1484 1013 diversitas
1509 973 1526 1012 :
1551 975 1728 1030 neqre
1767 963 1911 1016 enim

335 1039 476 1093 alius
505 1039 614 1094 alio
658 1041 832 1108 magis
866 1049 951 1097 est
995 1044 1299 1114 presbyter,
1340 1048 1454 1101 sive
1502 1051 1777 1114 diaconus,
1821 1062 1914 1106 aut

334 1129 612 1197 quodlibet
670 1131 883 1185 horum.
933 1132 1046 1187 lllic
1095 1135 1252 1202 plane
1303 1137 1435 1192 fides
1483 1147 1647 1208 atque
1701 1141 1914 1197 devotio

334 1219 658 1288 postulantis
687 1215 1013 1288 attenditur;
1047 1224 1134 1278 hic
1162 1225 1498 1284 solummodo
1527 1229 1912 1286 ecclesiasticae

333 1309 694 1366 institutionis
724 1321 976 1366 servatur
999 1314 1151 1369 ordo.
1177 1315 1470 1374 Audiamus
1507 1315 1638 1390 quid
1659 1323 1724 1374 de
1755 1321 1913 1378 malis

334 1397 781 1468 prazdicatoribus
811 1399 1070 1455 Dominus
1117 1403 1294 1460 dicat:
1325 1423 1343 1454 ι
1375 1405 1548 1474 Super
1573 1408 1910 1476 cathedram,

332 1486 534 1556 inquit,
589 1489 756 1558 Moysi
789 1491 1299 1567 sederunt_Scriba3,
1331 1505 1386 1549 et
1418 1496 1661 1554 Pharisei
1688 1517 1701 1554 :
1731 1503 1909 1556 omnia

331 1591 666 1647 quaecunque
689 1580 922 1636 dixerint
937 1584 1015 1635 vo?
1041 1582 1102 1643 is,
1123 1593 1336 1638 servate
1349 1585 1573 1640 etfacite
1588 1605 1602 1653 ;
1619 1591 1910 1644 secundum

333 1683 466 1723 vero
509 1685 672 1739 Opera
729 1684 916 1726 eorum
973 1672 1138 1727 nolite
1195 1673 1371 1729 facere
1425 1675 1636 1746 (Matth.
1672 1679 1851 1750 XXIII).
1885 1699 1903 1733 ι

331 1757 390 1811 Si
423 1772 554 1827 ergo
576 1759 872 1814 sacerdotis
894 1759 1177 1828 cujuslibet
1203 1765 1441 1830 pravitas
1463 1780 1569 1820 non
1597 1767 1909 1836 praejudicat

2020 611 2136 665 tur;
2185 612 2243 654 ut
2272 612 2326 656 ct
2354 604 2716 671 ordinatores,
2766 616 2820 662 ct
2866 613 3143 668 ordinatos
3191 633 3352 671 unum
3398 621 3598 680 debere

2017 693 2264 757 spiritum
2324 695 2524 750 habere
2577 701 2919 768 perspicuum
2975 706 3232 762 doceatur
3273 728 3285 763 :
3327 724 3636 781 quatenus-

2018 791 2252 837 rectores
2280 785 2535 840 Ecclesia)
2580 803 2920 860 nequaquam
2951 794 3094 848 inter
3137 813 3195 852 se
3225 800 3440 857 diversa
3471 821 3595 860 sen-

2017 875 2173 936 tiant,
2202 875 2342 930 unde
2361 878 2675 942 schismata,
2695 884 2836 950 quod
2867 885 3023 948 absit,
3053 898 3144 941 aut
3170 891 3404 948 hzereses
3427 899 3595 964 pesti-

2017 964 2192 1018 lenter
2229 977 2536 1037 emergant;
2571 972 2666 1024 sed
2697 987 2860 1027 unum
2897 991 3087 1032 omnes
3128 985 3470 1040 concorditer
3499 990 3596 1043 do-

2015 1063 2192 1116 ceant,
2231 1064 2392 1122 atque
2437 1057 2492 1109 in
2522 1059 2728 1113 unitate
2766 1063 2986 1130 spiritus
3028 1071 3357 1127 unanimiter
3384 1076 3589 1131 vivant.

2012 1141 2186 1196 Porro
2201 1152 2400 1234 autem,
2419 1146 2559 1199 sicut
2573 1151 2907 1220 septuaginta
2933 1153 3029 1218 illi,
3045 1171 3177 1223 quos
3197 1159 3454 1218 Dominus
3471 1174 3610 1234 post;

2012 1230 2284 1298 apostolos
2325 1233 2595 1288 ordinavit
2646 1235 2793 1306 (Luc.
2828 1241 2906 1306 x),
2942 1245 3270 1316 totidemque
3311 1248 3427 1307 fere
3471 1230 3588 1318 isti,

2012 1333 2148 1388 quos
2165 1334 2287 1374 cum
2311 1321 2491 1392 Moyse
2508 1333 2815 1382 sustentare
2837 1331 3014 1399 p0puli
3038 1347 3175 1388 onus
3198 1336 3384 1404 voluit,
3407 1349 3587 1411 typum

2011 1411 2416 1500 praetendebant
2434 1414 2899 1484 presbyterorum;
2921 1419 2991 1472 ita
3012 1422 3358 1481 nihilominus
3382 1426 3590 1500 Moyses
3675 1453 3678 1456 ’

2010 1495 2267 1563 primum,
2296 1507 2350 1551 et
2379 1511 2496 1567 post
2539 1504 2769 1570 apostoli
2817 1507 3132 1578 dignitatem
3175 1514 3422 1570 videntur
3449 1495 3589 1572 obti-

2012 1585 2194 1637 nuisse
2220 1588 2534 1653 pontilicum
2569 1605 2584 1643 :
2612 1600 2660 1644 et
2690 1594 2828 1647 sicut
2867 1610 3042 1663 neque
3095 1597 3167 1651 illi
3215 1603 3283 1654 ab
3307 1606 3587 1670 apostolis,

2010 1684 2186 1738 neque
2219 1672 2305 1726 isti
2342 1689 2370 1726 a
2423 1672 2608 1745 Moyse
2639 1677 2899 1746 Spiritum
2931 1694 3178 1739 sanctum
3227 1690 3469 1758 accipere
3495 1709 3589 1762 po.

2012 1766 2263 1825 luerunt;
2313 1762 2395 1816 sic
2439 1764 2604 1817 etiam
2637 1768 2704 1820 de
2728 1769 3016 1840 episcopis,
3048 1777 3370 1844 canet-isque
3401 1782 3580 1836 eccle-

332 1848 520 1912 verbo,
547 1849 688 1916 quod
716 1864 813 1919 per
844 1849 989 1904 illum
1023 1852 1363 1907 audientibus
1392 1856 1582 1920 datur;
1615 1871 1722 1926 quo
1751 1869 1907 1926 pacto
1939 1875 1981 1932 Β
2008 1847 2236 1903 siasticm
2256 1851 2534 1919 dignitatis
2553 1854 2833 1912 ordinibus
2853 1862 3219 1927 proculdubio
3241 1869 3582 1924 sentiendum

329 1939 524 1993 obesse
566 1939 748 1994 valeat
796 1950 1136 1998 sacramento
1178 1943 1319 2010 quod
1373 1960 1482 2000 non
1536 1947 1775 2012 homine,
1815 1949 1908 2004 sed

331 2029 441 2084 Deo
493 2038 715 2084 auctore
769 2030 1051 2086 tribuitur?
1083 2031 1321 2102 Uterque
1351 2034 1604 2090 nimirum
1649 2043 1703 2090 et
1744 2037 1791 2091 is
1817 2037 1910 2106 qui

328 2117 612 2187 praedicat,
635 2127 685 2172 et
721 2119 811 2174 ille
834 2120 921 2188 qui
951 2131 1254 2184 consecrat,
1292 2123 1628 2178 tninistrator
1659 2134 1759 2189 est,
1802 2142 1906 2179 non

328 2207 582 2262 donator.
609 2207 763 2263 Unde
793 2207 854 2261 fit
901 2209 1218 2279 plerumque
1247 2221 1304 2265 ut
1336 2227 1438 2266 una
1479 2213 1694 2281 quidem
1725 2216 1796 2268 sit
1818 2215 1908 2269 doc

328 2297 498 2353 ctoris
542 2297 743 2368 lingua,
801 2299 894 2354 sed
940 2316 1044 2354 non
1079 2317 1184 2356 uno
1226 2302 1386 2358 modo
1413 2306 1552 2372 apud
1601 2304 1907 2359 auditorum

328 2397 541 2444 mentes
587 2389 704 2458 ejus
758 2387 1082 2446 fructificent
1130 2392 1318 2460 verba,
1372 2394 1497 2447 dum
1554 2395 1777 2450 alterius
1815 2411 1912 2449 cor

328 2477 478 2532 velut
502 2477 711 2548 glaciali
744 2477 947 2549 frigore
978 2491 1204 2548 torpeat,
1253 2482 1478 2536 alterius
1530 2499 1658 2539 vero
1687 2486 1909 2553 spiritus

327 2571 516 2624 audito
543 2571 708 2624 verbo
729 2585 851 2623 mox
878 2571 1040 2624 divini
1064 2573 1265 2628 amoris
1291 2574 1413 2643 igne
1444 2575 1726 2630 fervescat.
1757 2577 1908 2632 Unde

327 2673 458 2727 ergo
490 2658 568 2723 fit,
592 2661 732 2726 quod
763 2660 946 2724 verba,
967 2677 1087 2728 qua:
1113 2675 1179 2714 ex
1202 2677 1309 2716 uno
1334 2677 1429 2716 ore
1458 2665 1744 2732 prodeunt,
1771 2665 1908 2717 mul-

328 2757 618 2816 torumque
657 2764 816 2803 aures
865 2749 1169 2805 informiter
1211 2751 1429 2813 feriunt.
1474 2768 1578 2806 non
1611 2769 1716 2806 uno
1751 2755 1908 2808 modo

326 2838 398 2891 ad
429 2839 673 2892 cordium
719 2854 916 2894 arcana
960 2840 1306 2910 pertingant;
1352 2843 1453 2896 nisi
1483 2843 1606 2912 quia
1635 2843 1774 2897 alius
1802 2851 1904 2908 est,

323 2927 422 2996 qui
461 2929 805 2985 extrinsecus
856 2943 921 2983 ex
971 2929 1146 2984 olIicio
1191 2931 1385 3000 linguae
1437 2932 1738 2997 ministrat;
1770 2931 1908 2987 alius

324 3016 422 3086 qui
461 3019 678 3086 propria
705 3019 904 3074 virtute
930 3035 1090 3076 voces
1124 3022 1469 3088 praedicantis
1512 3036 1610 3090 per
1648 3023 1907 3100 ipteriora

326 3109 644 3178 dispensat?
699 3110 823 3165 Sive
849 3126 978 3181 ergo
1007 3113 1060 3166 in
1095 3114 1382 3182 erogandis
1413 3114 1668 3168 doctrinae
1703 3116 1905 3182 verbis,

2011 1946 2097 1991 est
2123 1955 2136 1991 :
2166 1939 2420 1995 nimirum
2469 1944 2593 2012 quia
2638 1962 2776 2002 unus
2813 1951 3154 2021 omnipotens
3182 1955 3348 2021 Deus,
3373 1961 3462 2027 qui
3493 1976 3592 2015 eos

2009 2043 2105 2098 per
2135 2029 2378 2087 diversos
2405 2033 2656 2089 ordinum
2699 2039 2897 2107 gradus
2932 2044 3318 2103 moderaminis
3351 2052 3435 2104 sui
3467 2053 3583 2107 dis-

2009 2120 2325 2186 pensatione
2351 2123 2626 2190 distinxit;
2660 2126 2808 2182 solus
2849 2131 3036 2199 etiam,
3082 2144 3240 2203 prout
3265 2138 3379 2206 ipse
3409 2141 3576 2206 novit,

2013 2206 2248 2276 Spiritus
2279 2211 2363 2264 sui
2407 2214 2635 2279 gratiam
2673 2216 2726 2269 in
2765 2232 3206 2291 ttnumquemque
3225 2225 3454 2280 diffudit.
3480 2228 3583 2284 Ne-

2010 2311 2114 2364 que
2137 2299 2280 2352 enim
2309 2299 2363 2353 in
2400 2301 2490 2354 illa
2541 2301 2776 2372 Spiritus
2820 2307 3036 2364 datione
3065 2311 3210 2366 aliud
3240 2315 3340 2368 sibi
3373 2316 3581 2386 Moyses

2011 2400 2267 2458 arrogare
2293 2391 2631 2462 privilegium
2661 2397 2854 2462 potuit,
2879 2414 3040 2467 quam
3071 2403 3213 2470 quod
3258 2405 3333 2458 illi
3368 2421 3469 2460 vox
3496 2410 3598 2462 (ιι-ρ

2011 2477 2134 2531 vina
2165 2482 2449 2550 prazcepit;
2486 2483 2762 2550 nimirum,
2819 2495 2876 2540 ut
2904 2489 3050 2543 viros
3095 2492 3337 2561 eligeret,
3382 2508 3604 2564 eosque-

2008 2564 2209 2621 duccns
2234 2567 2301 2621 ad
2330 2570 2524 2623 ostium
2555 2571 2904 2636 tabernaculi,
2933 2591 3057 2629 cum
3100 2579 3182 2631 eis
3225 2587 3394 2634 staret
3423 2599 3436 2633 :
3466 2584 3590 2636 haec.

2007 2665 2091 2710 est
2121 2673 2330 2712 summa
2379 2661 2559 2728 operis
2593 2661 2781 2731 Moysi.
2811 2665 2948 2730 Quid
2983 2683 3110 2737 ergo
3140 2685 3250 2723 suae
3282 2672 3494 2727 virtutis
3525 2675 3578 2728 in

2010 2747 2111 2800 hoc
2142 2747 2232 2801 Dei
2279 2763 2501 2802 munere
2531 2749 2741 2820 Moyses
2790 2767 3174 2823 recognoscere
3226 2761 3424 2825 potuit,
3454 2776 3576 2814 cum

1978 2838 1981 2839 ⁷
2009 2836 2229 2904 insuper
2273 2845 2328 2890 et
2355 2837 2460 2892 duo
2500 2853 2566 2891 ex
2597 2839 2703 2905 bis,
2735 2841 2827 2908 qui
2856 2841 3114 2913 descripti
3164 2845 3400 2912 fuerant,
3434 2849 3581 2903 Scri-

2007 2933 2165 2993 ptura
2194 2934 2348 2992 teste,
2382 2927 2436 2980 in
2471 2930 2666 2984 castris
2713 2931 2894 2999 positi,
2943 2935 3010 2988 ad
3041 2935 3441 2993 tabernaculum
3471 2957 3602 2995 non...
3700 2949 3706 2955 '

2007 3024 2267 3069 venerunt
2292 3033 2305 3068 :
2336 3025 2393 3072 et
2422 3027 2622 3084 tamen,
2648 3033 2713 3074 eo
2740 3023 3034 3088 nesciente,
3071 3040 3242 3092 teque,
3274 3037 3332 3081 ut
3363 3033 3574 3096 caeteri,

2010 3104 2270 3174 Spiritum
2322 3111 2713 3177 perceperunt?
2741 3110 2798 3165 ln
2829 3127 2894 3166 eo
2920 3126 3071 3178 sane,
3114 3115 3255 3183 quod
3291 3118 3358 3172 de
3387 3120 3603 3187 spiritu.-

325 3197 442 3252 sive
477 3198 532 3251 in
563 3198 944 3254 ecclesiasticis
972 3199 1336 3264 conferendis,
1358 3215 1695 3270 nequaquam
1728 3217 1908 3256 sacer-
1935 3205 1978 3266 C
2011 3195 2177 3266 Moysi
2227 3197 2337 3250 tolli
2373 3197 2588 3264 dicitur,
2625 3209 2784 3270 atque
2812 3202 2932 3257 aliis
2957 3204 3094 3270 dari,
3125 3207 3326 3262 nullum
3371 3209 3603 3280 Moyses:

327 3287 430 3342 dos
471 3289 585 3342 suis
616 3288 903 3342 virtutibus
939 3289 1130 3354 utitur,
1157 3289 1250 3344 sed
1283 3289 1453 3344 solum
1480 3290 1793 3359 exsequitur
1825 3291 1905 3343 in-

323 3381 529 3448 iunctae
572 3379 1058 3436 administrationis
1083 3381 1336 3447 oﬂicium,
1367 3396 1472 3450 quo
1504 3382 1706 3450 potitur
1731 3401 1747 3432 ι
1770 3383 1904 3435 alio-

326 3471 458 3541 quin
481 3469 614 3525 siex
637 3472 829 3525 merito
850 3472 1145 3526 sacerdotis
1165 3473 1265 3526 ista
1290 3472 1662 3540 procederent,
1690 3486 1906 3526 omnem

329 3559 574 3629 profecto
601 3559 759 3613 fidem
790 3560 982 3614 divina
1014 3562 1200 3629 gratiae
1237 3571 1546 3617 vacuarent.

921 3669 1150 3724 CAPUT
1189 3669 1324 3724 XIV.

331 3757 490 3824 Quod
519 3758 583 3812 de
609 3759 797 3826 spiritu
823 3775 918 3812 suo
949 3776 1051 3813 non
1080 3776 1170 3828 per
1192 3776 1244 3812 se
1273 3759 1497 3827 Moyses,
1525 3760 1614 3812 sed
1644 3758 1784 3813 Deus
1813 3759 1906 3813 de-

826 3829 899 3880 dit
921 3831 1246 3898 septuaginta
1270 3829 1414 3882 viris.

400 3918 588 3987 Neque
617 3919 758 3973 enim
788 3920 950 3972 homo
975 3919 1067 3971 dat
1105 3919 1247 3988 quod
1293 3919 1530 3972 divinum
1561 3925 1666 3983 est,
1697 3918 1788 3972 sed
1817 3917 1907 3986 qui

329 4009 492 4064 malis
519 4009 659 4062 bene
689 4008 875 4073 utitur,
903 4022 1042 4061 unus
1061 4017 1146 4062 est
1163 4009 1324 4071 Deus,
1351 4008 1440 4076 qui
1462 4008 1575 4061 sive
1599 4022 1694 4076 per
1714 4006 1906 4070 bonos,

326 4101 442 4156 sive
471 4100 637 4154 etiam
665 4115 762 4169 per
790 4099 961 4154 malos
983 4098 1130 4153 solus
1157 4112 1253 4152 sua
1285 4097 1424 4152 dona
1453 4097 1718 4167 largitur:
1745 4104 1908 4165 atque

328 4191 451 4246 ideo
479 4190 677 4246 divinat
695 4191 881 4260 gratia:
911 4191 1106 4245 donum
1136 4204 1312 4257 neque
1341 4203 1406 4242 ex
1439 4189 1705 4243 malorum
1739 4187 1910 4241 admi-

325 4281 659 4336 nistratione
683 4280 965 4346 minuitur,
991 4294 1164 4348 neque
1189 4292 1285 4348 per
1309 4280 1574 4333 bonorum
1603 4278 1910 4332 exsecutio-

325 4387 451 4426 nem
478 4385 706 4440 prorsus
751 4379 997 4441 augetur.
1029 4370 1181 4437 Quod
1210 4369 1465 4424 nimirum
1511 4368 1793 4424 manifeste
1820 4383 1910 4423 co-

326 4463 633 4533 gnoscitur,
664 4463 708 4517 si
740 4462 829 4518 ille
853 4477 1024 4517 sacrae
1048 4471 1202 4516 tenor
1224 4461 1466 4516 historiae
1493 4462 1559 4515 ad
1591 4461 1906 4516 memoriam

2009 3285 2344 3355 dispendium
2394 3288 2478 3342 sui
2532 3289 2753 3359 spiritus
2796 3291 3077 3359 pertulisse
3113 3297 3411 3351 credendus
3455 3305 3537 3351 est
3560 3314 3602 3362 ;~

2009 3377 2154 3430 velut
2193 3375 2260 3431 ab
2309 3379 2532 3433 ardente
2587 3379 2805 3434 lucerna
2851 3381 3030 3437 lumen
3057 3385 3308 3452 quaelibet
3353 3389 3578 3442 materia

2009 3453 2303 3538 mutuetur,
2331 3473 2476 3528 nullo
2505 3483 2727 3544 propter
2771 3476 2874 3532 hoc
2905 3475 3124 3533 lucerna
3174 3480 3375 3549 proprii
3398 3479 3591 3550 splenm

2010 3560 2157 3616 doris
2187 3561 2511 3618 detrimento
2542 3563 2824 3619 minuitur.

2596 3670 2824 3727 CAPUT
2861 3673 2976 3730 XV.

2012 3755 2165 3822 Quod
2198 3757 2236 3810 ii
2261 3758 2352 3826 qui
2377 3759 2716 3813 consecrandi
2738 3761 3010 3827 accedunt,
3030 3764 3146 3833 jam
3167 3764 3390 3819 habeant
3414 3764 3584 3836 Spiris-

2594 3837 2707 3880 tum
2736 3840 2994 3884 sanctum.

2081 3916 2236 3969 Enim
2288 3932 2418 3971 vero
2467 3917 2532 3970 ad
2566 3917 2737 3970 instar
2785 3927 2990 3986 septem
3035 3920 3300 3974 donorum
3346 3912 3619 3988 Spiritus~

2011 4005 2208 4069 sancti,
2240 4013 2444 4074 septem
2476 4003 2827 4059 nihilominus
2850 4016 2975 4060 sunt
3002 4008 3222 4062 ordines
3248 4009 3575 4064 ecclesiasti-

2011 4112 2088 4151 ca:
2141 4097 2421 4168 dignitatis
2453 4115 2466 4150 :
2496 4097 2637 4165 quod
2684 4105 2862 4152 autem
2912 4098 2996 4152 his
3047 4100 3298 4154 omnibus
3327 4099 3581 4170 gradibus

2011 4187 2187 4241 adhuc
2209 4195 2263 4240 et
2291 4185 2379 4239 alii
2408 4185 2789 4255 praeferuntur,
2823 4186 3071 4242 videlicet
3103 4197 3162 4242 ut
3189 4198 3316 4242 sunt
3342 4189 3574 4258 patriar-

2010 4276 2143 4341 chaz,
2192 4276 2602 4345 archiepiscopi,
2654 4276 2738 4331 vel
2782 4277 3038 4348 episc0pi,
3086 4280 3153 4332 ab
3206 4280 3290 4334 bis
3331 4288 3578 4334 nontam

2011 4381 2179 4420 novus
2208 4366 2341 4420 ordo
2375 4367 2600 4434 suscipi,
2642 4381 2804 4435 quam
2850 4368 2902 4421 in
2933 4369 3122 4423 eodem
3154 4370 3255 4438 ipsi
3279 4368 3580 4424 sacerdotio

2008 4457 2256 4510 videntur
2283 4457 2634 4511 excellentius
2675 4458 2976 4512 sublimari.
3005 4459 3141 4513 Nam
3169 4475 3294 4514 cum
3325 4459 3582 4515 sacerdos

328 4561 636 4606 revocetur.
665 4552 814 4607 Dixit
847 4552 993 4606 enim
1041 4550 1300 4605 Dominus
1340 4549 1510 4620 Moysi
1536 4568 1548 4603 :
1580 4573 1595 4595 ι
1623 4544 1902 4620 Congrega
1934 4563 1982 4621 ι)
2008 4547 2208 4600 idcirco
2230 4546 2459 4608 dicatur,
2477 4546 2602 4613 quia
2622 4561 2837 4600 sacrmn
2861 4547 2968 4612 det,
2987 4548 3204 4614 hocest,
3227 4550 3350 4617 quia
3365 4549 3474 4604 Deo
3495 4565 3582 4605 sa-

327 4641 464 4694 mihi
489 4641 830 4710 septuaginta
859 4641 1007 4695 viros
1033 4639 1099 4695 de
1123 4639 1426 4694 senioribus
1468 4639 1657 4706 Israel,
1686 4656 1822 4710 quos
1850 4649 1904 4696 tu

331 4733 474 4786 nosti
509 4732 654 4800 quod
683 4746 845 4786 senes
883 4731 1067 4801 pepuli
1098 4731 1225 4795 sint,
1269 4745 1334 4785 ac
1367 4731 1629 4800 magistri,
1660 4740 1714 4785 et
1743 4732 1909 4786 duces

330 4833 426 4874 eos
479 4819 547 4872 ad
599 4820 799 4873 ostium
857 4819 1189 4873 tabernaculi
1240 4818 1483 4887 foederis,
1526 4819 1796 4887 faciesque
1834 4819 1906 4874 ibi

330 4917 479 4961 stare
506 4917 704 4972 tecum,
732 4915 790 4961 ut
820 4907 1164 4970 descendam,
1190 4915 1244 4961 et
1280 4907 1469 4976 loquar
1514 4907 1610 4960 tibi
1637 4921 1650 4960 :
1675 4917 1731 4960 et
1757 4906 1906 4960 aufe-

332 5010 448 5048 ram
479 4995 545 5048 de
567 4995 758 5066 spiritu
786 5003 898 5060 tuo,
927 4995 1084 5067 ιοά,
1105 4995 1419 5065 tradamque
1439 4995 1518 5049 eis
1559 4994 1746 5065 (Num.
1771 4996 1900 5064 1(1).»

335 5085 433 5140 Ubi
460 5085 775 5150 notandum,
805 5088 947 5154 quod
984 5103 1090 5142 non
1119 5087 1213 5150 ait,
1238 5087 1450 5140 auferes
1479 5089 1543 5142 de
1567 5087 1758 5155 spiritu
1791 5095 1903 5151 tuo,

335 5175 623 5244 tradesque
654 5175 765 5239 eis;
817 5176 911 5229 sed
947 5175 1146 5244 potius,
1197 5175 1460 5238 auferam,
1489 5184 1542 5229 et
1570 5176 1811 5241 tradant;
1847 5186 1906 5228 ut

331 5265 575 5335 profecto
604 5265 936 5331 ostenderet,
981 5267 1106 5335 quia
1155 5282 1262 5319 non
1309 5266 1470 5319 homo
1506 5265 1707 5320 homini
1742 5266 1907 5334 Spirio

335 5366 448 5410 tum
480 5365 728 5411 sanctum
765 5357 928 5411 tradit
956 5374 969 5409 :
1001 5356 1092 5410 sed
1121 5355 1268 5410 solus
1299 5355 1411 5424 ipse
1439 5365 1542 5418 est,
1573 5355 1695 5422 qui,
1744 5362 1905 5423 prout

328 5449 469 5515 vult,
499 5449 688 5520 gratia:
717 5464 826 5503 sua:
849 5448 988 5503 dona
1016 5446 1307 5502 distribuit.
1339 5445 1489 5500 Unde
1526 5453 1582 5500 et
1601 5445 1760 5514 paulo
1784 5453 1906 5514 post

330 5539 582 5594 subditur
613 5557 627 5593 :
665 5558 682 5591 ι
712 5539 1102 5607 Descenditque
1158 5536 1415 5590 Dominus
1452 5551 1549 5604 per
1601 5536 1815 5600 nubem,
1853 5543 1909 5589 et

333 5625 550 5682 locutus
584 5637 666 5681 est
695 5626 758 5680 ad
788 5641 936 5688 eum,
981 5624 1231 5678 auferens
1266 5623 1332 5678 de
1383 5625 1595 5694 Spiritu,
1648 5625 1740 5694 qui
1792 5632 1909 5678 erat

337 5720 393 5773 in
456 5717 655 5790 Moyse,
704 5726 758 5772 et
813 5719 946 5771 dans
986 5716 1320 5786 septuaginta
1369 5715 1498 5768 viris
1523 5714 1730 5784 (Ibid.).
1774 5733 1792 5766 ι
1833 5713 1910 5770 De

2013 4637 2275 4692 orificium
2292 4636 2502 4700 offerat;
2519 4637 2648 4704 quid
2667 4637 2717 4689 in
2733 4636 2972 4692 Ecclesia
2989 4639 3294 4704 sublimius,
3309 4639 3436 4708 quid
3448 4642 3582 4694 emi-

2013 4726 2230 4780 nentius
2244 4726 2544 4780 sacerdotio
2558 4727 2756 4794 poterit
2774 4726 3026 4792 inveniri,
3053 4743 3148 4796 per
3169 4729 3310 4796 quod
3335 4729 3584 4784 videlicet

2014 4817 2328 4887 mysterium
2360 4816 2622 4870 Dominici
2654 4817 2896 4884 corporis
2924 4826 2978 4869 et
3026 4818 3303 4887 sanguinis
3325 4819 3583 4887 probatur

2013 4905 2234 4962 oll‘erri?
2258 4905 2409 4960 Licet
2436 4906 2598 4975 igitur
2617 4906 2690 4959 illi
2713 4906 3030 4974 quibusdam
3057 4908 3352 4978 privilegiis
3374 4923 3470 4977 pro
3485 4924 3582 4962 suo

2013 4997 2239 5067 quisque
2272 4995 2426 5066 105
2447 4996 2746 5050 ministerio
2783 4996 3090 5065 specialiter
3128 4999 3424 5068 potiantur,
3454 4998 3580 5066 quia

2015 5096 2190 5139 tamen
2225 5088 2302 5150 id,
2326 5087 2466 5155 quod
2499 5087 2748 5140 omnibus
2797 5087 2968 5155 majus
3005 5096 3107 5150 est,
3143 5101 3426 5142 commune
3453 5099 3577 5139 cum

2013 5175 2234 5245 reliquis
2247 5176 2616 5230 sacerdotibus
2631 5176 2852 5240 habent,
2868 5191 2987 5229 cum
3002 5177 3080 5231 eis
3094 5179 3277 5240 etiam,
3296 5187 3347 5228 et
3363 5175 3458 5244 ipsi
3475 5190 3580 5230 non

2012 5264 2282 5319 immerito
2326 5266 2610 5320 sacerdotii
2654 5280 2847 5321 nomen
2885 5275 3065 5320 tenent
3103 5267 3248 5335 (dist.
3275 5266 3362 5330 2|,
3394 5281 3441 5320 c.
3467 5265 3579 5320 Cle-

2013 5354 2206 5425 ricos);
2240 5356 2306 5409 ad
2334 5356 2434 5411 hos
2457 5370 2650 5424 nempe
2677 5355 2878 5425 gradus
2901 5372 3023 5410 cum
3062 5355 3292 5408 ministri
3331 5355 3581 5410 Ecclesiae

2011 5445 2401 5512 provehuntur,
2452 5461 2556 5499 non
2589 5445 2664 5498 ita
2694 5443 2945 5499 credendi
2993 5452 3119 5497 sunt
3155 5442 3415 5511 Spiritum
3459 5460 3584 5498 san-

2009 5540 2153 5585 ctum
2182 5533 2394 5586 noviter
2416 5549 2478 5587 ac
2503 5541 2720 5602 repente
2747 5531 3037 5599 suscipere,
3068 5541 3125 5584 ut
3151 5531 3292 5599 ipsos
3320 5540 3577 5601 tanquam

2010 5633 2235 5678 eatenus
2273 5639 2472 5678 vacuas
2510 5625 2700 5679 domus
2730 5622 2819 5678 ille
2853 5637 3114 5691 supernus
3143 5622 3414 5678 habitator
3443 5633 3570 5677 tunc

2012 5717 2241 5785 primunt
2290 5715 2511 5793 incipiat
2547 5716 2803 5783 visitare;
2845 5716 2936 5772 sed
2968 5717 3069 5772 hoc
3092 5717 3269 5787 potius
3297 5719 3471 5778 modo,
3518 5724 3573 5772 ut
