4018 6194
401 394 505 448 ill)

825 389 880 444 S.
927 388 1128 442 PETRI
1171 388 1451 444 DAMIANI
1487 387 1637 445 OPP.
1678 388 1914 445 TOlIUS
1953 387 2083 444 SEU
2127 389 2307 445 PARS
2343 390 2428 445 ιιι.
2467 421 2536 431 -
2570 389 2936 447 OPUSCUIA
2977 393 3206 448 VARIA.

3555 397 3654 449 1‘20

400 521 538 571 quos
563 504 671 572 jam
706 501 996 562 inhabitat,
1040 517 1136 570 per
1163 503 1480 571 ampliorem
1527 502 1754 572 gratiam
1795 503 1860 556 ad
1909 500 1985 554 al—
2013 505 2061 562 Α
2091 517 2326 572 cumque
2347 503 2536 558 eadem
2562 501 2739 558 anima
2767 503 3073 558 nullatenus
3098 506 3168 559 sit
3189 505 3420 568 tZ-ivet'a,
3447 509 3654 563 diversa

403 595 796 671 tinris’quoque
822 594 1022 662 gradus
1044 593 1380 646 incrementa
1412 594 1706 661 perducat;
1739 592 1977 660 alioquin

401 684 671 753 quomodo
712 685 832 751 quis
859 683 911 736 in
940 683 1232 737 subeundis
1266 684 1565 738 honoribus
1593 684 1802 739 noviter
1829 683 1977 738 illutn

403 784 584 843 {lasset
630 776 896 842 accipere,
945 789 1066 827 cum
1117 783 1173 826 et
1222 774 1324 841 ipsi
1381 775 1580 844 gradus
1623 789 1720 844 per
1766 789 1978 829 morosa

327 857 332 860 ’
402 875 701 932 temporum
753 865 1033 918 intervalla
1077 864 1399 933 regulariter
1423 865 1778 920 conferantur
1813 865 1975 936 (dist.

401 957 487 1018 75,
539 973 590 1010 e.
645 954 1163 1025 0rdinationes):et
1208 957 1529 1024 baptismus,
1584 957 1672 1011 cui
1721 957 1980 1025 primitite

401 1045 626 1114 spiritus
672 1044 1037 1107 ascribuntur,
1088 1043 1246 1115 longe
1295 1045 1445 1113 prius
1491 1053 1776 1113 susceptus
1814 1043 1982 1098 fuisse

402 1135 686 1189 videatur?
724 1133 856 1187 Nam
909 1143 966 1188 et
1009 1134 1062 1188 in
1105 1135 1366 1203 apostolis
1392 1135 1583 1189 eadem
1613 1150 1721 1189 non
1751 1135 1983 1206 ambigi-

403 1239 492 1278 tur
534 1225 787 1279 discretio
819 1213 996 1279 fuisse
1043 1229 1280 1289 servata,
1333 1226 1585 1280 videlicet
1615 1236 1672 1280 ut
1715 1225 1978 1296 Spiritum

403 1326 675 1382 sanctum,
725 1333 885 1385 quem
911 1314 1024 1384 jam
1057 1318 1350 1385 habebant,
1399 1334 1589 1372 rursus
1635 1318 1978 1387 acciperent;

407 1419 461 1461 et
494 1411 559 1463 de
590 1409 764 1477 gratia
794 1409 860 1461 ad
883 1409 1113 1477 gratiam
1147 1409 1260 1463 suis
1286 1410 1429 1463 aucti
1458 1409 1809 1478 provectibus
1834 1409 1982 1478 aspi-

413 1508 616 1552 rarent.
647 1495 809 1553 Salvo
831 1499 990 1567 plane
1014 1499 1294 1568 mysterio,
1321 1499 1464 1568 quod
1490 1500 1669 1554 divina
1697 1500 1983 1568 providen—

409 1591 478 1640 tia
510 1590 762 1658 primitus
801 1589 1013 1644 occulte
1054 1591 1109 1643 in
1147 1605 1333 1644 eorum
1375 1591 1632 1645 cordibus
1665 1590 1984 1661 intelligitur

403 1689 647 1748 operata,
691 1682 776 1734 his
820 1680 1106 1735 manifesto
1150 1696 1378 1736 munere
1427 1681 1691 1752 Spiritum
1731 1691 1981 1737 sanctum

410 1772 711 1840 suscepisse
738 1770 1022 1839 leguntur:
1055 1773 1233 1841 primo
1263 1773 1472 1828 scilicet
1502 1781 1630 1827 tunc
1657 1789 1778 1827 cum
1804 1773 1984 1827 Domi-

2085 601 2264 647 tamen
2307 591 2534 662 singulis
2575 593 2834 648 membris
2881 592 3112 663 injungit
3151 593 3469 650 officia.'Sic
3493 599 3656 652 etiam

2083 683 2318 754 Spiritus
2364 692 2586 739 sanctus
2613 683 2742 738 dum
2783 685 3049 740 universis
3095 685 3148 739 in
3193 685 3409 741 Christo
3455 690 3658 744 renatis

2081 775 2240 830 ﬁdem
2264 774 2475 839 tribuit,
2507 775 2662 844 quasi
2690 775 2853 830 vitam
2877 777 3090 831 cunctis
3115 777 3370 832 Ecclesiae
3401 781 3659 834 membris

2083 864 2339 931 infundit,
2371 865 2510 921 sicut
2543 865 2724 920 divina
2777 880 2910 920 voce
2939 865 3140 920 dicitur
3169 885 3183 920 :
3217 885 3234 917 ι
3263 866 3452 922 Justus
3477 879 3656 924 autent

2082 970 2235 1022 meus
2268 971 2336 1010 ex
2377 954 2480 1011 ﬁde
2520 956 2654 1011 vivit
2680 955 2841 1026 (Heb.
2869 955 2946 1026 κ).
2978 973 2998 1008 ι
3041 949 3177 1011 Cum
3207 970 3338 1026 ergo
3375 957 3659 1012 nonnullos

2083 1049 2150 1103 ad
2213 1048 2600 1104 ecclesiasticae
2656 1048 2937 1118 dignitatis
2998 1047 3306 1103 ministeria
3370 1032 3656 1118 provehit,

2082 1138 2230 1195 velut
2272 1139 2599 1209 quibusdam
2655 1138 3028 1209 superioribus
3093 1139 3354 1194 membris
3405 1140 3657 1209 specialia

2083 1231 2223 1286 dona
2249 1230 2518 1285 concedit.
2542 1229 2810 1284 Praeterea
2834 1238 3014 1284 utrum
3041 1228 3204 1284 lucidi
3233 1229 3335 1284 sibi
3367 1230 3474 1283 sint
3493 1230 3655 1295 oeuli,

2083 1338 2320 1378 camurae
2349 1322 2418 1394 [Ῑ.
2445 1323 2690 1394 sonores]
2721 1338 2904 1387 aures,
2936 1324 3053 1378 sive
3075 1325 3239 1378 etiam
3265 1339 3447 1385 nares.
3478 1325 3657 1380 aninta

2083 1429 2188 1468 non
2214 1412 2508 1478 discernit;
2539 1413 2635 1467 sed
2662 1412 2777 1466 sive
2803 1412 3048 1476 honesta,
3078 1413 3192 1467 sive
3221 1411 3361 1468 {teda
3390 1414 3498 1468 sint
3524 1415 3655 1478 haec.

2083 1502 2285 1572 proprii
2313 1502 2454 1572 juris
2481 1499 2713 1556 oﬂicium
2745 1501 2944 1572 cuique
2983 1501 3284 1568 distribuit;
3339 1512 3394 1557 ut
3424 1504 3656 1572 quodam

2084 1591 2242 1645 modo
2289 1607 2394 1643 non
2445 1591 2869 1661 magnipendere
2907 1589 3180 1656 videatur,
3221 1591 3519 1660 cuiusmodi
3545 1592 3657 1664 ipsa

2083 1681 2194 1734 sint
2233 1680 2498 1744 membra,
2546 1680 2641 1734 sed
2669 1680 2784 1734 loca
2816 1679 3019 1750 potius,
3051 1677 3105 1734 in
3133 1679 3330 1749 quibus
3354 1689 3479 1736 sunt
3504 1690 3658 1736 natu-

2085 1773 2274 1825 raliter
2317 1771 2634 1826 constituta.
2679 1769 2755 1824 Ita
2806 1783 3022 1840 quoque
3068 1768 3302 1839 Spiritus
3340 1778 3562 1826 sanctus
3590 1772 3658 1824 ad

408 1877 510 1913 nus
557 1839 866 1929 insuﬂlavit,
913 1872 967 1918 et
1015 1839 1191 1917 dixit:
1225 1865 1509 1934 «Accipite
1553 1864 1815 1935 Spiritum
1860 1879 1983 1919 san-
2017 1839 2473 1917 Bconferendum
2515 1860 2812 1932 spiritualis
2859 1860 3047 1932 gratia:
3101 1871 3504 1917 sacramentum
3551 1877 3657 1916 non

409 1958 554 2001 ctum
585 1950 765 2017 (Joan.
797 1954 921 2020 xx);
953 1971 972 2003 ι
1005 1952 1244 2006 secundo
1270 1967 1392 2007 cum
1423 1968 1587 2022 super
1612 1966 1706 2008 eos
1730 1954 1784 2007 in
1815 1952 1984 2024 ﬁgura

411 2037 716 2105 linguarum
762 2040 902 2109 ignis
939 2041 1190 2109 apparuit
1225 2040 1367 2112 (Act.
1397 2041 1481 2112 tt).
1517 2043 1900 2098 Verumtamen
1931 2051 1986 2097 et

409 2136 544 2186 ante-
579 2129 692 2183 lucc
739 2138 846 2182 tam
891 2132 1196 2200 perspicuae
1233 2133 1544 2188 donationis
1577 2134 1798 2198 indicia,
1840 2134 1986 2188 inter

411 2218 525 2288 ipsa
555 2219 808 2273 videlicet
837 2221 1138 2276 vocationis
1169 2224 1463 2292 primordia
1513 2223 1778 2279 divinitus
1821 2223 1985 2292 inspi-

407 2309 519 2364 rati-
559 2309 725 2364 fuisse
761 2321 1076 2366 noscuntur.
1119 2312 1253 2367 Nam
1285 2315 1554 2382 quomodo
1592 2323 1813 2385 possent
1853 2331 1985 2370 cun-

408 2409 518 2463 cta,
562 2415 683 2469 quae
711 2401 1066 2470 corporaliter
1100 2403 1469 2466 intuebantur,
1503 2402 1758 2472 abjicere,
1789 2418 1854 2458 ac
1883 2403 1983 2457 sub

408 2490 569 2544 unius
597 2491 746 2546 vocis
774 2492 1000 2560 imperio
1026 2492 1091 2545 ad
1122 2492 1410 2559 invisibilia
1436 2493 1714 2560 festinare,
1749 2494 1849 2549 nisi
1871 2494 1983 2561 jam

410 2577 761 2634 interioribus
800 2594 986 2634 eorum
1013 2580 1186 2635 oculis
1214 2581 1388 2651 gratia
1421 2581 1658 2650 Spiritus
1687 2582 1861 2638 sancli
1902 2582 1984 2634 in-

410 2668 683 2725 fulsisset?
710 2670 864 2725 Unde
888 2681 944 2724 et
967 2670 1166 2725 Paulus
1195 2672 1311 2726 ait:
1347 2690 1366 2723 ι
1399 2671 1500 2738 Qui
1535 2671 1796 2742 Spiritum
1831 2669 1986 2726 Chri-

416 2759 494 2815 sti
515 2773 619 2812 non
665 2759 849 2824 habet,
892 2759 979 2814 hic
1024 2775 1127 2814 non
1159 2771 1244 2814 est
1270 2760 1387 2831 ejus
1418 2761 1592 2831 (Rom.
1625 2761 1781 2832 vni):
1815 2779 1832 2813 ι
1867 2776 1986 2828 quae

415 2849 672 2904 nimirum
719 2850 1013 2919 apostolica
1062 2852 1334 2905 sententia
1381 2852 1508 2906 licet
1550 2851 1778 2906 necdum
1825 2852 1987 2906 fuerit

418 2938 646 3008 scripta,
667 2937 778 3006 jam
807 2947 985 2992 tamen
1013 2949 1133 2993 erat
1159 2940 1345 3010 procul
1386 2939 1551 2995 dubio
1589 2955 1741 2994 vera.
1774 2938 1986 3008 Nequa-

412 3043 574 3096 quam
617 3041 745 3098 ergo
771 3039 824 3082 ιιι
856 3028 1054 3083 Christi
1084 3039 1284 3094 essent,
1326 3029 1540 3086 Christi
1559 3045 1618 3086 se
1643 3030 1985 3100 discipulatui

412 3116 795 3183 tradidissent,
841 3119 885 3175 si
937 3119 1050 3188 jam
1100 3118 1335 3189 Spiritus
1390 3118 1509 3188 ejus
1553 3120 1821 3189 primitias
1879 3136 1983 3175 non

414 3209 700 3264 haberent.
741 3183 1362 3280 Munusvitaque-divina:
1388 3183 1673 3283 largitatis,
1705 3210 1844 3281 quod
1870 3210 1982 3281 jam
2009 3183 2055 3246 (ἶ

414 3297 664 3355 ﬁdelibus
689 3300 804 3356 suis
827 3300 1070 3364 dederat,
1103 3302 1296 3356 iterum
1321 3312 1482 3372 atque
1509 3303 1700 3358 iterum
1724 3303 1896 3369 dedit,
1927 3311 1986 3358 ut

413 3387 607 3458 frigida
655 3398 819 3459 atque
863 3392 1070 3446 arentia
1110 3393 1273 3447 corda
1302 3408 1458 3447 suum
1489 3409 1686 3449 munus
1713 3395 1983 3461 iterando,

415 3488 470 3531 et
515 3478 811 3535 ferventius
859 3483 1254 3548 accenderent,
1300 3493 1356 3537 et
1404 3483 1714 3540 afﬂuentius
1761 3485 1986 3539 inunda-

417 3577 557 3622 rent.
594 3568 683 3623 Sic
709 3570 988 3636 nimirum,
1029 3571 1107 3625 sic
1134 3571 1368 3626 humana
1397 3583 1613 3639 natura,
1662 3588 1783 3643 quae
1825 3575 1986 3644 longe

413 3657 588 3714 fuerat
615 3662 789 3715 noxia:
825 3663 1108 3717 vetustatis
1135 3664 1386 3732 squalore
1423 3675 1763 3734 consumpta,
1791 3665 1856 3719 ad
1887 3666 1984 3720 flo-

416 3765 526 3804 rcm
559 3767 709 3806 nova;
737 3754 859 3806 vita:
889 3755 1084 3821 quibus
1111 3764 1230 3809 erat
1275 3756 1730 3810 incrementorum
1759 3771 1980 3826 proces-

412 3842 561 3894 sibus
607 3842 970 3897 reformanda.
1018 3843 1075 3900 Si
1118 3859 1250 3913 ergo
1291 3846 1588 3899 secundum
1626 3861 1708 3910 ea,
1741 3861 1859 3914 qua:
1894 3861 1985 3900 su-

412 3935 595 4002 pet-ius
637 3937 1027 4004 comprehensa
1069 3947 1220 4002 sunt,
1271 3953 1376 3991 non
1428 3939 1590 3992 modo
1636 3937 1687 3990 in
1739 3937 1980 3992 inferiori

412 4025 652 4094 quolibet
684 4029 853 4096 gradu
879 4029 999 4096 quis
1027 4030 1308 4093 constitui,
1352 4029 1443 4083 sed
1477 4045 1542 4082 ne
1569 4028 1830 4097 baptizari
1858 4029 1983 4096 qui-

414 4117 536 4171 d'etn
568 4119 684 4172 sine
711 4117 914 4186 Spiritu
938 4130 1128 4174 sancto
1155 4121 1358 4188 potuit;
1388 4119 1631 4188 quisquis
1661 4119 1726 4171 ad
1750 4118 1980 4171 ofﬁciunt

417 4207 751 4260 sacerdotale
796 4207 1136 4275 provehitur,
1188 4223 1290 4261 non
1333 4209 1545 4261 noviter
1572 4207 1830 4276 Spiritum
1859 4223 1985 4260 sau-

411 4303 583 4358 ctum,
615 4296 706 4348 sed
733 4294 848 4362 ejus
876 4297 1082 4365 utique,
1113 4311 1272 4366 quem
1296 4296 1406 4365 jam
1435 4296 1616 4359 habet,
1655 4297 1877 4365 suscipit
1903 4297 1982 4350 in-

413 4394 770 4439 crementum.
824 4387 976 4440 Sicut
1002 4387 1146 4440 enim
1181 4403 1285 4441 ttna
1327 4388 1503 4440 anima
1535 4403 1630 4457 per
1652 4387 1832 4440 omnia
1856 4402 1980 4440 cor-

416 4476 563 4545 poris
594 4477 832 4530 membra
866 4476 1218 4543 diminditur;
1263 4479 1340 4533 sic
1365 4495 1469 4532 uno
1493 4479 1585 4532 Dei
1616 4477 1820 4547 Spiritu
1850 4493 1979 4531 san-

410 4576 498 4620 cto
529 4566 849 4622 universalis
887 4568 1128 4622 Ecclesia
1169 4577 1464 4639 vegetatur.
1508 4565 1660 4622 Unde
1691 4577 1744 4622 et
1783 4567 1979 4620 Paulus

410 4657 702 4711 tiorinthiis
737 4659 911 4712 dicit:
948 4678 964 4710 ι
998 4659 1152 4716 Sicut
1189 4661 1332 4714 enim
1375 4676 1570 4730 corpus
1599 4676 1761 4713 unum
1793 4669 1895 4725 est,
1927 4668 1982 4714 et

414 4747 656 4802 membra
704 4749 865 4804 habet
910 4751 1110 4815 multa;
1165 4752 1344 4806 omnia
1378 4759 1556 4806 autem
1589 4751 1830 4806 membra
1861 4767 1983 4806 cor»

412 4837 557 4904 poris
578 4840 829 4907 cum_sint
859 4840 1046 4905 multa,
1080 4856 1247 4894 unum
1269 4851 1448 4895 tamen
1477 4857 1674 4908 corpus
1708 4849 1869 4907 sunt;
1905 4841 1978 4895 ita

408 4935 463 4978 et
507 4925 755 4980 Christus
807 4927 856 4996 (ι
899 4929 1020 4981 Cor.
1052 4931 1174 4999 xu).
1209 4951 1226 4983 ι
1274 4931 1487 4985 Etenim
1535 4933 1586 4985 in
1631 4948 1740 4986 uno
1784 4932 1977 5002 spiritu

407 5029 598 5069 omnes
622 5032 719 5069 nos
743 5016 796 5069 in
829 5033 990 5071 unum
1017 5033 1216 5088 corpus
1238 5020 1488 5089 baptizati
1520 5036 1724 5074 sumus.
1754 5020 1826 5073 At
1849 5034 1978 5074 vero

409 5107 588 5162 anima
613 5124 734 5161 eum
757 5109 827 5163 sit
852 5124 981 5170 una,
1007 5110 1187 5162 omnia
1208 5112 1424 5178 quidem
1456 5112 1694 5166 membra
1709 5111 1967 5174 vivificat.

412 5197 516 5250 sed
538 5213 641 5250 non
673 5212 856 5260 unam,
885 5197 1238 5265 eamdemque
1283 5198 1390 5252 vim
1441 5201 1697 5254 membris
1729 5201 1980 5255 omnibus

410 5287 798 5352 administrat;
818 5288 1138 5356 quihusdam
1181 5304 1372 5357 nempe
1401 5291 1552 5357 quasi
1587 5290 1817 5358 quadam
1843 5306 1979 5362 prae-

417 5377 654 5444 rogativa
707 5378 974 5440 concedit,
1028 5379 1172 5446 quod
1217 5377 1340 5432 aliis
1373 5395 1477 5432 non
1517 5381 1796 5450 hupertit:
1850 5397 1976 5436 nam

413 5479 535 5517 cum
584 5467 741 5537 106
786 5468 983 5522 ett-tera
1028 5467 1264 5523 membra
1311 5485 1407 5537 per
1450 5485 1568 5523 eam
1618 5473 1980 5527 communiter

412 5555 614 5618 vivant,
648 5557 835 5611 oculus
864 5559 932 5613 ab
958 5575 1022 5614 ea
1051 5559 1402 5630 Spi'ritualiter
1429 5561 1642 5629 accipit,
1671 5578 1775 5615 non
1801 5564 1974 5618 solum

411 5654 471 5696 ut
501 5645 660 5706 vivat,
709 5648 798 5699 sed
830 5650 992 5702 etiam
1018 5659 1075 5702 ut
1101 5651 1316 5714 videat;
1360 5650 1508 5703 auris
1536 5660 1593 5705 ιιι
1625 5651 1847 5716 audiat;
1883 5669 1978 5706 cor

411 5744 465 5791 ut
514 5734 684 5805 sapiat
730 5752 742 5798 ;
777 5735 922 5790 uaris
957 5745 1012 5808 ut
1051 5737 1305 5797 olfaciat:
1360 5739 1538 5813 lingua
1589 5752 1646 5795 ut
1681 5739 1973 5810 loquatur;

2088 1962 2198 2007 tam
2236 1951 2358 2006 vitae
2387 1951 2664 2015 meritum,
2715 1965 2878 2021 quam
2924 1947 3147 2017 injuncti
3187 1950 3388 2021 gradus
3429 1950 3663 2005 attendit

2086 2041 2322 2096 ollieium
2349 2058 2364 2107 ;
2408 2049 2466 2094 ut
2493 2057 2598 2095 non
2632 2053 2961 2110 magnopere
2991 2039 3058 2094 ad
3090 2048 3420 2095 momentum
3449 2039 3526 2094 rei
3554 2040 3657 2095 htt-

2081 2130 2174 2200 jus
2205 2131 2453 2196 attineat,
2481 2131 2624 2200 quod
2652 2129 2906 2186 Ecclesia:
2929 2129 3172 2183 membra
3193 2127 3508 2184 deformiter
3528 2129 3658 2193 sint,

2087 2223 2379 2276 honesteve
2426 2220 2745 2290 composita,
2787 2219 2883 2274 sed
2909 2217 2962 2272 id
2992 2218 3170 2288 potius
3195 2218 3284 2272 ubi
3315 2217 3425 2272 sint
3447 2218 3656 2287 posita;

2085 2321 2141 2366 et
2176 2328 2205 2366 a
2237 2312 2395 2367 nobis
2428 2327 2532 2365 non
2558 2320 2667 2365 tam
2699 2309 2894 2364 merita
2920 2309 3031 2364 sint
3058 2307 3468 2371 consideranda,
3495 2322 3656 2376 quam

2087 2401 2223 2462 loca,
2257 2399 2556 2469 prmsertim
2585 2413 2707 2453 eum
2731 2397 3022 2466 Apostolus
3046 2396 3190 2452 dicat
3215 2413 3229 2450 :
3259 2415 3278 2448 ι
3306 2395 3493 2450 Posuit
3516 2396 3656 2450 Deus

2089 2490 2356 2552 membra,
2422 2487 2847 2557 unumquodque
2887 2501 3074 2542 eorum
3120 2486 3174 2541 in
3223 2499 3469 2555 corpore,
3519 2483 3658 2539 sicut

2088 2581 2256 2637 voluit
2304 2580 2353 2652 (I
2382 2580 2502 2635 Cor.
2548 2581 2671 2650 xu).
2701 2597 2719 2630 ι
2757 2577 2864 2634 Sed
2897 2592 3040 2648 saepe
3073 2577 3358 2646 contingit,
3389 2585 3447 2630 ut
3486 2588 3656 2630 mem-

2084 2673 2180 2728 bra
2218 2673 2353 2742 ipsa,
2377 2670 2572 2740 quibus
2613 2669 2822 2740 potiora
2851 2682 3109 2724 sensuum
3149 2675 3521 2739 praerogantur
3543 2665 3656 2720 otii-

2087 2762 2188 2826 cia,
2221 2758 2552 2814 deformitati
2593 2757 2937 2827 reperiantur
2980 2756 3236 2821 obnoxia,
3284 2770 3409 2810 cum
3453 2763 3656 2811 caetera

2086 2851 2295 2906 scilicet
2337 2848 2629 2918 conspicua
2674 2847 2784 2902 sint
2835 2855 3120 2901 venustate
3161 2844 3380 2908 decora,
3420 2859 3540 2914 qua:
3575 2843 3656 2897 ni-

2087 2941 2282 2994 mirum
2308 2939 2522 2994 illorum
2546 2937 2744 2993 officiis
2771 2935 3045 2992 communi
3085 2935 3245 2990 simul
3273 2933 3508 2990 utilitate
3535 2949 3658 3004 par-

2088 3031 2334 3101 ticipant,
2379 3045 2502 3084 cum
2542 3038 2723 3083 tamen
2769 3027 2824 3081 in
2855 3041 2915 3082 se
2944 3026 3148 3081 nullum
3190 3041 3414 3096 prorsus
3445 3039 3655 3081 naevum

2086 3137 2275 3177 eorum
2337 3120 2698 3175 deformitatis
2762 3112 3070 3174 admittant.
3130 3117 3282 3173 Unde
3333 3118 3472 3173 idem
3527 3119 3658 3173 dicit

2085 3213 2372 3286 Apostolus
2418 3231 2432 3266 :
2494 3231 2513 3265 ι
2544 3213 2676 3278 Quze
2721 3211 3006 3266 inhonesta
3055 3221 3183 3267 sunt
3232 3219 3439 3276 nostra,
3487 3210 3658 3264 abun-

2086 3305 2387 3360 dantiorem
2424 3305 2762 3358 honestatem
2790 3303 2987 3358 habent
3019 3302 3227 3373 (Ibid.).
3258 3322 3277 3354 ι
3302 3301 3380 3357 Ita
3413 3301 3657 3373 profecto

2085 3393 2269 3450 clerici
2334 3393 2478 3464 quod
2525 3392 2834 3462 specialiter
2882 3391 3121 3457 habent,
3176 3403 3284 3446 n'ou
3332 3392 3505 3462 magis
3552 3389 3657 3446 sibi

2087 3499 2248 3554 quam
2279 3483 2398 3536 usui
2432 3481 2599 3536 totius
2621 3480 2876 3536 Ecclesia:
2901 3479 3264 3535 communiter
3292 3479 3529 3535 debent:
3556 3478 3659 3535 sic-

2085 3591 2192 3646 que
2214 3574 2295 3640 σι,
2332 3584 2391 3629 ιιι
2422 3574 2467 3629 si
2497 3574 2702 3645 indigni
2733 3573 2866 3639 sint,
2911 3581 2969 3627 et
3007 3571 3364 3643 privilegium,
3391 3585 3499 3642 quo
3521 3586 3660 3641 pra:-

2083 3665 2354 3732 feruntur,
2398 3665 2520 3719 aliis
2564 3664 2820 3730 debeant,
2861 3671 2917 3718 et
2962 3671 3146 3718 reatus
3186 3676 3294 3732 quo
3339 3671 3656 3732 premuntur

2076 3757 2339 3826 judicium
2380 3772 2484 3811 non
2533 3757 2785 3810 evadant.
2829 3754 2964 3809 Nam
2997 3754 3040 3810 si
3068 3769 3166 3823 pro
3194 3768 3253 3808 se
3283 3751 3655 3807 tantummodo

2084 3845 2444 3900 ministerium
2493 3843 2834 3899 sacerdotale
2883 3843 3247 3912 susciperent,
3305 3856 3412 3896 non
3459 3841 3555 3894 abs
3596 3854 3656 3894 re

2086 3937 2330 3991 homines
2355 3935 2421 3990 de
2452 3935 2663 3990 illorum
2709 3935 2923 3990 meritis
2971 3935 3351 4003 disputarem;
3390 3934 3483 3988 sed
3524 3947 3654 4000 quo-

2085 4029 2232 4082 niam
2279 4043 2375 4097 pro
2417 4029 2689 4082 communi
2733 4028 2978 4082 omnium
3027 4027 3200 4081 salute
3246 4026 3419 4096 gratia
3447 4025 3536 4078 illa
3567 4023 3655 4076 tri-

2085 4119 2290 4182 buitur,
2333 4134 2436 4172 nou
2485 4117 2874 4171 attendendum
2929 4115 3178 4183 qualibus
3215 4114 3398 4177 datur,
3436 4111 3528 4167 sed
3558 4125 3656 4179 pro

2086 4207 2281 4275 quibus
2327 4207 2506 4259 datur.
2561 4205 2733 4258 Porro
2779 4213 2959 4257 autem
3003 4202 3216 4256 Veritas
3263 4201 3442 4286 dicit:
3497 4218 3516 4251 ι
3547 4199 3656 4268 Ego

2084 4314 2204 4353 sum
2244 4297 2387 4361 vitis,
2450 4312 2545 4350 vos
2589 4295 2835 4363 palmites
2880 4293 3060 4364 (Joan.
3091 4292 3203 4362 xv).
3244 4310 3262 4342 ι
3304 4291 3385 4345 Ex
3415 4292 3515 4346 hac
3549 4291 3656 4345 vile

2087 4389 2282 4444 diversi
2332 4389 2594 4457 prodeunt
2641 4387 2926 4455 palmites,
2975 4385 3063 4438 alii
3104 4385 3320 4453 quidem
3366 4383 3656 4452 aliquando

2087 4477 2455 4547 prwcidendi,
2512 4477 2603 4530 alii
2663 4477 3033 4544 germinandis
3081 4471 3343 4528 fructibus
3396 4483 3657 4542 perpetuo

2088 4567 2402 4622 reservandi
2430 4582 2444 4630 ;
2481 4567 2574 4620 sed
2619 4566 2710 4635 qui
2753 4564 3075 4635 praecidendi
3109 4572 3255 4626 sunt,
3283 4562 3517 4630 quandiu
3549 4559 3654 4612 falx

2084 4655 2417 4725 evangeliea,
2469 4654 2549 4708 vel
2599 4655 2859 4708 canonica
2902 4671 3007 4707 non
3049 4652 3358 4715 accesserit,
3401 4649 3657 4717 quidquid

2085 4744 2334 4808 affet-unt,
2368 4761 2398 4797 a
2427 4747 2693 4800 bonorum
2735 4745 3014 4814 palmitum
3044 4744 3310 4798 fructibus
3335 4757 3440 4796 non
3473 4755 3656 4795 secer-

2090 4840 2259 4903 nitur,
2289 4838 2386 4893 sed
2414 4831 2787 4893 indifferenter
2810 4837 3056 4891 habetur.

2683 4947 2910 5005 CAPUT
2951 4948 3088 5004 XVI.

2086 5041 2165 5095 De
2209 5041 2537 5111 nequissimi:
2567 5041 2882 5177 ’episcopis,f
2903 5055 3126 5119 quorum
3168 5047 3344 5091 tamen
3392 5035 3656 5089 ordinatio

2704 5120 2819 5160 ratu
2880 5119 3032 5161 uerti.

2704 5120 2819 5160 ram
2855 5119 3032 5161 tuertl.

2156 5201 2295 5256 Hinc
2343 5210 2429 5255 est
2472 5201 2636 5262 enim,
2669 5201 2814 5269 quod
2844 5214 3034 5254 omnes
3065 5197 3454 5261 ordinationes,
3478 5211 3598 5266 quae
3625 5211 3658 5250 a

2086 5291 2323 5355 Liberio,
2356 5291 2614 5344 haeretico
2637 5290 2907 5353 videlicet,
2938 5298 2993 5343 et
3015 5289 3294 5352 seditioso,
3329 5295 3454 5341 sunt
3480 5286 3656 5350 factae,

2087 5384 2139 5436 in
2189 5383 2272 5438 sui
2318 5391 2492 5436 status
2534 5390 2830 5435 noscuntur
2859 5379 3234 5434 immobilitate
3262 5386 3487 5432 servatae
3512 5375 3660 5446 (con-

2084 5472 2195 5526 sule
2220 5471 2417 5526 scholia
2439 5471 2506 5523 ad
2532 5470 2724 5524 calcem
2745 5469 3021 5538 opusculi).
3051 5470 3217 5523 Porro
3249 5468 3497 5522 Liberius
3531 5481 3658 5535 per-

2088 5561 2228 5615 ﬁdia:
2257 5561 2512 5629 deceptus
2555 5575 2760 5621 errore,
2798 5559 3016 5614 Ariana:
3044 5559 3234 5614 hmresi
3270 5557 3657 5628 subscripsisse

2086 5650 2443 5720 dignoscitur,
2487 5651 2641 5718 107
2666 5665 2729 5703 ac
2753 5666 2848 5718 per
2873 5648 2988 5716 ejus
3029 5651 3512 5721 transgressionem
3553 5664 3649 5704 ne-

2087 5741 2400 5797 l'audissima
2447 5741 2650 5794 scelera
2704 5748 2830 5792 sunt
2879 5742 3165 5796 commissa
3200 5759 3211 5794 :
3241 5740 3395 5795 multi
3437 5753 3653 5809 quoque

2806 5955 2836 5968 α*
