4018 6194
401 339 499 393 1‘21

1171 343 1413 402 OPUSC.
1456 342 1541 399 Vi.
1582 372 1647 385 --
1674 342 1871 399 LIBER
1909 341 2025 412 QUI
2063 343 2338 401 DICITUR
2375 345 2863 403 GRATISSIMUS.

3566 347 3671 405 129

397 459 735 522 sacerdotes,
784 465 841 512 et
888 461 1074 533 clerici
1112 445 1210 526 per
1249 457 1368 523 ejus
1407 456 1666 511 malitiam
1713 467 1832 512 sunt
1864 473 1992 528 pcr-
2023 462 2070 518 Α
2101 466 2207 511 tem
2266 459 2507 523 invitus,
2570 460 2903 530 dispensatio
2967 462 3098 516 mihi
3172 462 3379 519 credita
3448 474 3534 521 est
3600 464 3669 534 (ι

397 551 605 621 empti;
643 548 849 605 residui
880 564 1012 604 vero
1040 548 1293 604 catholici
1320 565 1429 603 non
1463 550 1532 603 ab
1571 549 1851 612 Ecclesiis,
1891 548 1987 604 sed
2091 548 2213 603 Cor.
2273 548 2393 617 tx).
2442 566 2461 599 ι
2519 536 2599 602 Ac
2654 549 2699 602 si
2753 550 2897 603 dicat
2958 567 2971 603 :

397 641 780 697 etiamalocis
826 640 939 695 suis
984 639 1263 709 prohibiti.
1301 639 1552 694 Liberius
1594 640 1780 709 itaque
1810 639 1988 693 factus

398 742 673 803 apostata,
720 746 815 786 sex
848 746 1114 785 annorum
1147 728 1323 799 spatia
1348 730 1651 799 supervixit
1685 728 1987 798 :quidquid

400 832 587 877 tamen
617 837 782 892 super
812 821 1252 875 ordinationibus
1282 821 1410 891 egit,
1449 820 1615 874 ﬁxum
1644 829 1700 874 et
1727 828 1905 875 ratum
1932 821 1988 873 in

398 912 484 966 sui
530 912 741 981 vigoris
779 909 1083 964 stabilitate
1124 909 1444 978 permansit.
1474 909 1613 975 Quid
1634 909 1702 963 de
1726 923 1862 977 papa
1893 906 1985 961 Vi—

398 1000 533 1069 gilio
560 1001 776 1056 dicam?
799 1000 891 1070 qui
919 999 1175 1053 nimirum
1196 999 1494 1054 sceleratus
1514 1009 1568 1054 et
1590 999 1811 1069 impius,
1832 998 1991 1067 quid-

401 1092 535 1161 quid
562 1090 871 1147 ordinando
893 1089 1198 1153 constituit,
1232 1104 1391 1143 nemo
1420 1088 1736 1158 pontiﬁcum
1769 1102 1988 1143 cassare

398 1184 770 1256 praesumpsit.
816 1182 985 1237 lstum
1028 1182 1261 1251 denique
1300 1181 1521 1234 noveris
1568 1195 1687 1235 esse
1731 1178 1986 1249 Vigilium

398 1277 513 1348 qui-
526 1277 678 1346 prius
699 1274 978 1329 Bonifacio
1004 1288 1158 1343 papae
1189 1274 1407 1327 molitus
1444 1281 1529 1327 est
1571 1272 1817 1336 insidias,
1855 1287 1988 1341 qua-

398 1376 564 1423 tenus
596 1382 665 1423 eo
701 1367 941 1430 vidente,
973 1364 1327 1435 apostolicam
1356 1363 1538 1418 sedem
1561 1362 1860 1431 sacrilegus
1886 1359 1985 1415 ob-

399 1459 645 1521 tineret;
696 1457 790 1510 sed
836 1455 1122 1510 resistente
1166 1464 1380 1519 senatu,
1426 1463 1657 1508 conatus
1694 1451 1911 1506 illicitos
1935 1460 1989 1505 et

400 1546 646 1602 nefarios
678 1545 901 1615 implere
928 1560 1031 1599 non
1061 1545 1254 1614 potuit.
1285 1544 1635 1598 Postmodum
1660 1558 1791 1597 vero
1814 1542 1988 1597 solitis

397 1636 902 1695 machinationibus
959 1635 1266 1705 Sylverium
1319 1650 1513 1705 papam
1570 1649 1861 1705 aggressus
1907 1641 1990 1687 est

399 1729 703 1798 apostolica
727 1728 989 1797 dignitate
1016 1727 1256 1796 privare,
1285 1726 1428 1796 quod
1458 1726 1546 1781 ille
1577 1741 1698 1780 mox
1736 1726 1985 1779 animad-

3031 550 3137 603 lllis
3210 552 3431 620 prodest
3455 593 3470 616 ,
3538 554 3663 622 qui-

2090 638 2193 690 bus
2242 638 2537 705 dispenso;
2588 652 2693 690 non
2738 638 2893 699 mihi.
2945 639 3036 707 qui
3072 639 3230 693 facio.
3294 639 3421 693 Ideo
3460 655 3673 709 quoque

2092 727 2253 796 108
2282 727 2468 780 doctor
2504 727 2753 796 egregius
2798 728 2849 781 in
2897 729 3232 795 expositione
3265 730 3406 782 beati
3448 729 3674 783 Joannis

2086 818 2428 889 evangelista
2483 820 2561 874 sic
2612 820 2893 888 loquitur:
2933 839 2952 872 ι
2990 820 3110 875 .Iam
3158 838 3252 877 vos
3302 823 3489 875 mundi
3541 822 3674 875 estis

2086 919 2308 978 propter
2333 909 2577 973 verbum,
2596 912 2738 980 quod
2765 913 2974 967 locutus
2998 929 3116 967 sunt
3145 913 3297 967 vobis
3320 913 3501 984 (Joan.
3525 913 3634 982 xv).
3651 932 3670 965 ι

2088 1000 2267 1067 Quare
2322 1017 2429 1055 non
2475 1002 2583 1068 ait,
2635 998 2820 1058 mundi
2877 1004 3009 1058 estis
3058 1014 3293 1073 propter
3327 1004 3672 1072 baptismum,

2087 1107 2193 1161 quo
2228 1092 2396 1147 abluti
2429 1093 2579 1155 estis,
2611 1094 2703 1147 sed
2730 1102 2951 1163 propter
2989 1096 3234 1160 verbum,
3267 1094 3408 1164 quod
3454 1094 3671 1147 locutus

2088 1198 2207 1237 sum
2238 1183 2390 1238 vobis
2427 1202 2439 1236 :
2485 1183 2589 1238 nisi
2620 1184 2749 1254 quia
2774 1193 2830 1239 et
2869 1185 2921 1239 in
2961 1200 3100 1254 aqua
3147 1186 3367 1240 verbum
3426 1183 3674 1239 mundat.

2088 1273 2323 1329 Detrahe
2353 1276 2599 1339 verbum,
2629 1284 2683 1330 et
2713 1277 2845 1345 quid
2882 1286 2967 1332 est
3020 1293 3186 1346 aqua,
3213 1278 3315 1332 nisi
3346 1276 3531 1345 aqua?
3569 1274 3677 1330 Ac-

2086 1366 2230 1421 cedit
2286 1366 2506 1421 verbum
2555 1367 2623 1420 ad
2670 1366 3020 1432 elementum,
3052 1376 3103 1421 et
3163 1368 3224 1422 ﬁt
3270 1374 3671 1422 sacramentum

2088 1457 2253 1512 etiam
2289 1460 2461 1527 ipsum
2497 1466 2752 1527 tanquam
2779 1458 2998 1512 visibile
3025 1458 3273 1513 verbum.
3322 1456 3457 1511 Nam
3486 1456 3674 1511 ethoc

2088 1550 2275 1618 utique
2325 1551 2553 1614 dixerat,
2598 1551 2813 1619 quando
2859 1550 3243 1619 discipulorum
3290 1551 3455 1620 pedes
3492 1548 3675 1604 lavit:

2092 1660 2109 1693 ι
2143 1641 2242 1706 Qui
2274 1640 2415 1694 lotus
2443 1648 2545 1700 est.
2575 1654 2681 1692 non
2716 1639 2921 1710 indiget
2948 1639 3053 1694 nisi
3092 1648 3153 1693 ut
3185 1639 3347 1707 pedes
3380 1639 3541 1703 lavet,
3580 1637 3677 1693 sed

2087 1739 2172 1786 est
2219 1732 2451 1785 mundus
2505 1738 2648 1785 totus
2697 1729 2881 1799 (Jaan.
2932 1729 3075 1799 xm).
3114 1747 3133 1781 ι
3170 1727 3325 1784 Unde
3379 1729 3481 1782 ista
3526 1736 3677 1782 tanta

397 1827 643 1880 vertens,
696 1816 956 1888 synodale
1004 1815 1292 1870 concilium
1338 1816 1713 1885 congregavit,
1767 1814 1856 1868 ubi
1890 1829 1982 1867 au-
2019 1803 2059 1860 Β
2086 1820 2263 1874 virtus
2308 1834 2462 1888 aquae
2510 1830 2616 1883 est,
2662 1826 2724 1871 ut
2772 1833 2967 1886 corpus
3015 1826 3219 1887 tangat,
3248 1825 3304 1872 et
3348 1832 3442 1872 cor
3494 1816 3712 1895 abluat,

406 1912 670 1967 ctoritatc
718 1910 954 1978 Spiritus
1001 1909 1219 1975 sancti,
1272 1919 1326 1963 et
1372 1908 1668 1979 apostolica
1719 1915 1984 1977 potestate

402 2017 555 2065 eum,
587 2010 648 2054 ut
678 2015 866 2055 revera
900 2000 1271 2054 Simoniacum
1308 2008 1360 2055 et
1395 2001 1698 2054 invasorem
1732 1998 1987 2054 Ecclesiae

404 2093 644 2147 vinculis
706 2091 998 2162 ablegavit.
1054 2090 1285 2163 Vigilius
1339 2104 1553 2155 tamen,
1614 2103 1672 2147 ut
1724 2093 1987 2163 sacrilega

398 2192 587 2236 mente
635 2190 985 2250 conceperat,
1025 2195 1120 2250 per
1170 2180 1505 2250 imperialem
1551 2182 1847 2249 potentiam
1887 2182 1983 2236 da-

400 2279 628 2339 tamque
675 2269 960 2339 pecuniam
1003 2278 1057 2322 et
1086 2267 1344 2323 falsorum
1392 2269 1722 2323 adminiculo
1770 2270 1983 2324 testium

403 2361 725 2431 pratdictum
749 2375 947 2429 papam
978 2359 1282 2431 Sylverium
1309 2361 1558 2429 nequiter
1582 2362 1983 2424 condemnavit,

399 2451 742 2506 monachicis
790 2450 1033 2505 vestibus
1082 2450 1277 2513 induit,
1316 2459 1369 2503 et
1408 2451 1475 2503 ad
1512 2450 1732 2505 Pontias
1764 2451 1815 2503 in
1843 2453 1988 2507 exsi-

398 2542 533 2596 liqu
580 2541 895 2607 dcsﬁnavit,
926 2548 1240 2596 sustentans
1269 2557 1392 2595 eum
1427 2557 1565 2609 pane
1598 2543 1982 2606 tribulationis,

400 2642 459 2686 et
502 2647 643 2702 aqua
693 2632 998 2702 angustiis:
1033 2631 1215 2703 ibique
1261 2630 1389 2686 felix
1422 2648 1557 2702 papa
1593 2632 1681 2685 ille
1709 2632 1988 2688 confessor

398 2720 606 2786 factus,
636 2720 924 2776 defunctus
956 2736 1020 2776 ac
1046 2722 1289 2791 sepultus
1327 2731 1452 2776 est:
1488 2722 1554 2775 ad
1600 2722 1754 2791 cujus
1802 2731 1986 2778 tumu-

398 2810 515 2866 lum
573 2811 821 2866 nonnulli
877 2812 1217 2867 sanabuntur
1262 2814 1483 2870 inﬁrmi.
1533 2814 1757 2887 Vigilius
1806 2828 1983 2872 autem

401 2903 583 2973 dignis
624 2905 992 2967 anathematis
1039 2906 1271 2962 nexibus
1309 2908 1572 2970 irretitus,
1607 2922 1735 2964 reus
1765 2910 1987 2979 insuper

404 2991 710 3059 homicidii,
744 2993 970 3049 nefariis
997 2995 1222 3050 ausibus
1256 3011 1315 3050 se
1343 3011 1537 3065 papam
1569 2997 1822 3051 instituit.
1856 2997 1984 3065 Sed,

404 3097 440 3137 o
467 3082 902 3138 inaestimabilem
946 3084 1140 3139 divina:
1180 3084 1481 3139 clementia:
1509 3086 1797 3155 pietatem!
1835 3085 1985 3158 Vigi-

403 3170 530 3237 lius,
574 3172 672 3239 qui
719 3171 832 3241 jam
876 3172 1194 3242 desperatus
1223 3182 1343 3227 erat
1373 3174 1440 3227 ad
1469 3174 1703 3243 culpam,
1739 3185 1988 3230 servatur

404 3261 472 3316 ad
517 3262 919 3333 paenitentiam,
973 3264 1254 3318 Antimum
1291 3265 1502 3320 scilicet
1530 3268 1846 3321 haereticum
1888 3283 1986 3337 pa-

403 3351 734 3418 triarcham,
769 3369 932 3423 quem
969 3355 1325 3411 reconciliare
1363 3358 1749 3427 speponderat,
1785 3359 1987 3413 inthro—

408 3444 596 3498 nizare
657 3446 832 3502 noluit
875 3463 891 3501 :
937 3457 1221 3518 pr0pterea
1267 3450 1427 3522 longo
1478 3452 1732 3507 detrusus
1793 3453 1987 3509 exsilio

405 3532 647 3603 dirisque
712 3534 1097 3593 afflictionibus
1165 3549 1512 3603 maceratus,
1587 3541 1748 3596 factis
1824 3543 1983 3613 digna

406 3628 630 3697 recepit,
680 3636 737 3683 et
773 3630 853 3684 sic
901 3631 1116 3685 demum
1159 3633 1347 3701 procul
1387 3650 1416 3687 a
1462 3634 1633 3703 patria
1695 3636 1981 3703 expulsos,

408 3715 699 3771 defunctus
739 3719 949 3787 quievit
995 3720 1048 3773 in
1104 3720 1353 3775 Domino.
1389 3721 1771 3776 Ordinatioucs
1806 3731 1983 3777 tamen

406 3806 544 3875 ejus,
581 3816 641 3860 ut
675 3807 881 3861 dictum
909 3818 1013 3875 est,
1042 3809 1095 3863 in
1124 3824 1218 3863 sua
1247 3810 1513 3880 perpetim
1544 3812 1841 3866 stabilitate
1870 3826 1985 3881 per-

408 3907 744 3952 manserunt.
787 3898 913 3954 llam
960 3908 1165 3966 autem,
1209 3916 1330 3970 qua:
1363 3902 1428 3955 de
1472 3900 1722 3972 Sylverio
1760 3901 1986 3972 Vigilio—

412 4002 515 4055 que
561 3989 1100 4062 retulintus,_partim
1133 3991 1186 4044 in
1219 3992 1459 4062 synodali
1492 3993 1712 4047 decreto
1743 3992 1984 4060 ejusdem

408 4074 661 4147 Sylverii,
694 4058 972 4148 partimin
1009 4058 1304 4147 pontiﬁcali
1345 4082 1533 4137 codice
1564 4058 1783 4153 digesta
1800 4083 1987 4154 legun-

411 4177 516 4221 tur.
550 4168 609 4221 Si
635 4185 768 4238 ergo
809 4185 908 4224 nec
958 4179 1067 4224 tam
1113 4170 1502 4241 ﬁagitiosorum
1530 4173 1842 4241 pontiﬁcum
1870 4182 1984 4227 sta-

409 4267 519 4313 tuta
562 4271 866 4320 cassantur,
917 4277 1022 4329 quo
1056 4272 1214 4330 pacto
1245 4264 1515 4317 innocenti
1557 4264 1762 4317 homini
1809 4264 1986 4318 Simo-

404 4350 545 4404 niaci
592 4365 787 4404 manus
827 4350 1085 4416 officiant,
1117 4368 1276 4422 quem
1317 4355 1535 4422 propria
1578 4356 1844 4408 sententia
1876 4372 1983 4411 non

405 4438 731 4492 condemnat
756 4456 771 4503 ;
813 4442 1086 4509 quomodo
1114 4442 1289 4512 aliena
1314 4444 1556 4511 pravitas
1586 4460 1613 4496 a
1647 4444 1827 4497 divina
1857 4460 1980 4514 gra-

406 4529 477 4582 tia
523 4539 767 4598 separat,
811 4546 971 4600 quem
1022 4533 1239 4602 propria
1290 4534 1395 4586 vita
1450 4534 1561 4588 Deo
1603 4536 1988 4589 commendat?

403 4618 646 4688 Spiritus
675 4622 821 4674 enim
862 4630 1080 4676 sanctus
1124 4638 1221 4691 per
1242 4638 1366 4676 eum
1400 4625 1574 4689 datur,
1608 4640 1637 4677 a
1661 4641 1769 4694 quo
1797 4625 1983 4694 procul

405 4710 570 4763 dubio
625 4726 732 4764 non
788 4712 1040 4765 habetur.
1092 4711 1197 4766 Sed
1240 4723 1300 4766 ut
1351 4723 1548 4768 nostra:
1599 4715 1986 4772 imbecillitatis

406 4800 637 4853 assertio
688 4800 845 4853 ﬁdem
894 4801 1239 4855 audientibus
1290 4805 1554 4872 prteheat,
1602 4806 1791 4859 beatus
1817 4806 1983 4861 etiam

404 4886 743 4957 Augustinus
781 4898 983 4957 (contra
1021 4889 1435 4946 Parmcnianum
1468 4894 1502 4948 Ι.
1529 4910 1586 4960 tt,
1625 4910 1742 4964 cap.
1788 4897 1877 4967 11)
1916 4897 1984 4952 ad

405 4979 645 5031 medium
695 4980 921 5036 idoneus
960 4981 1285 5051 suffragator
1329 4986 1592 5049 accedat;
1639 4994 1827 5039 contra
1851 4986 1984 5040 Par-

404 5070 721 5123 menianum
762 5072 905 5124 enim
953 5071 1288 5127 Donatistam
1323 5076 1407 5129 his
1438 5075 1731 5145 alloquitur
1758 5077 1975 5132 verbis:

403 5158 561 5226 Quod
612 5169 818 5226 autem,
872 5162 1066 5231 inquit,
1120 5164 1173 5217 itt
1223 5164 1360 5219 libro
1406 5164 1698 5233 Sapientia:
1738 5166 1975 5236 legitur:

406 5251 644 5321 Spiritus
693 5268 917 5309 sanctus
956 5255 1252 5325 disciplina:
1282 5255 1503 5326 effugiet
1539 5258 1745 5322 ﬁctum,
1786 5265 1841 5312 et
1880 5272 1979 5311 au-

405 5342 549 5398 feret
591 5358 652 5399 se
693 5360 723 5398 a
772 5346 1216 5414 cogitationibus,
1266 5361 1384 5416 qua:
1410 5354 1535 5401 sunt
1564 5348 1681 5401 sine
1707 5347 1981 5402 intellectu

407 5434 565 5503 (Sep.
594 5436 670 5505 1.);
704 5436 779 5492 ita
822 5438 1225 5509 intelligendum
1256 5447 1361 5505 est,
1403 5447 1460 5492 ut
1488 5439 1626 5493 desit
1653 5440 1810 5494 saluti
1836 5438 1974 5507 ejus,

405 5526 772 5583 ministerium
816 5538 998 5593 tamen
1032 5547 1136 5585 non
1170 5532 1407 5598 deserat,
1447 5533 1588 5602 quod
1616 5548 1711 5601 per
1733 5549 1855 5586 eum
1885 5548 1974 5587 sa-

403 5612 573 5669 lutem
615 5627 875 5687 Operatur
914 5620 1166 5675 aliorum.
1223 5621 1376 5677 Unde
1401 5622 1476 5675 ait
1502 5622 1831 5691 Apostolus:
1868 5640 1886 5675 ι
1918 5622 1976 5677 Si

404 5707 550 5764 enim
588 5708 774 5765 volens
826 5711 929 5766 hoc
979 5711 1136 5776 facio,
1191 5714 1492 5769 mercedem
1548 5714 1757 5780 habeo;
1788 5713 1831 5769 si
1882 5730 1978 5769 au-

2013 3135 2060 3197 C

2090 1908 2192 1962 nisi
2224 1908 2456 1962 faciente
2483 1908 2690 1962 verbo?
2716 1906 2829 1961 Non
2862 1908 2989 1976 quia
3018 1907 3237 1972 dicitur,
3275 1906 3369 1961 sed
3395 1906 3520 1975 quia
3553 1920 3678 1961 cre-

2089 2000 2253 2054 ditur.
2286 1998 2420 2053 Nam
2444 2009 2498 2054 et
2528 2000 2581 2054 iu
2611 2000 2727 2069 ipso
2748 2001 2915 2055 verbo
2935 2000 3079 2053 aliud
3096 2008 3181 2054 est
3200 2015 3365 2054 sonus
3385 1998 3675 2065 transiens,

2091 2088 2231 2143 aliud
2279 2089 2451 2143 virtus
2481 2105 2732 2155 manens,
2787 2091 2890 2145 hoc
2915 2098 3000 2145 est
3055 2091 3285 2145 verbum
3332 2089 3483 2153 ﬁdei,
3531 2088 3676 2157 quod

2087 2180 2467 2249 praedicamus,
2525 2181 2604 2235 ait
2650 2181 2985 2251 Apostolus:
3034 2199 3053 2232 ι
3096 2180 3237 2247 Quia
3291 2181 3338 2235 si
3397 2178 3674 2235 confessus

2089 2270 2261 2325 fueris
2293 2271 2347 2325 in
2378 2284 2473 2326 ore
2503 2280 2615 2337 tuo,
2646 2272 2771 2340 quia
2797 2272 3056 2326 Dominus
3077 2268 3335 2325 estJesus
3370 2310 3389 2324 .
3418 2278 3474 2325 et
3501 2270 3677 2324 credi-

2085 2361 2233 2416 deris
2294 2362 2347 2415 in
2404 2362 2569 2417 corde
2621 2371 2732 2428 tuo,
2764 2363 2893 2432 quia
2945 2362 3089 2417 Deus
3129 2361 3277 2415 illum
3326 2360 3611 2416 suscitavit
3644 2376 3675 2415 a

2087 2450 2337 2515 mortuis,
2368 2451 2550 2507 salvus
2583 2454 2711 2506 eris.
2756 2453 2930 2508 Corde
2963 2452 3110 2508 enim
3136 2452 3381 2507 creditur
3405 2452 3471 2505 ad
3510 2450 3672 2518 justi-

2094 2542 2246 2605 tiam,
2278 2556 2376 2597 ore
2409 2551 2589 2597 autem
2617 2542 2890 2598 confessio
2927 2543 2988 2596 ﬁt
3025 2543 3093 2596 ad
3128 2542 3357 2597 salutem
3388 2540 3573 2610 (Rom.
3598 2558 3629 2594 χ
3659 2558 3674 2606 ;

2084 2626 2452 2697 Isa.xxvut).t
2476 2629 2628 2685 Unde
2658 2630 2710 2683 in
2742 2629 2966 2684 Actibus
3000 2628 3367 2699 apostolorum
3435 2628 3630 2699 legitur
3659 2646 3672 2681 :

2094 2738 2115 2771 ι
2155 2720 2290 2777 Fide
2342 2722 2609 2776 mundans
2653 2722 2816 2775 corda
2863 2734 3049 2775 eorum
3102 2719 3241 2789 (Act.
3272 2734 3341 2772 xv
3377 2718 3419 2788 ).
3444 2736 3462 2769 ›
3516 2718 3584 2772 Et
3617 2719 3672 2772 in

2086 2810 2325 2882 Epistola
2359 2826 2456 2867 sua
2483 2811 2544 2865 Β.
2574 2810 2770 2866 Petrus
2799 2830 2812 2864 :
2857 2828 2877 2863 ι
2908 2810 3001 2866 Sic
3023 2818 3078 2865 et
3104 2825 3227 2873 nos,
3266 2809 3465 2880 inquit,
3490 2809 3670 2878 bapti-

2084 2918 2201 2959 sma
2228 2901 2408 2957 salvos
2438 2901 2588 2968 facit,
2636 2916 2741 2957 non
2771 2900 2952 2955 carnis
2994 2898 3260 2970 depositio
3285 2897 3548 2963 sordium,
3578 2899 3675 2953 sed

2086 2993 2434 3049 conscientiae
2483 2991 2641 3048 bona:
2686 2990 3044 3062 interrogatio
3088 2991 3143 3045 in
3188 2991 3358 3046 Deum
3408 2988 3472 3061 (Ι
3520 2985 3671 3042 Patr.

2090 3083 2215 3152 tu);
2249 3101 2268 3135 ι
2305 3083 2407 3138 hoc
2430 3091 2515 3137 est
2542 3082 2766 3137 verbum
2808 3082 2954 3147 ﬁdei,
2983 3081 3126 3151 quod
3156 3080 3539 3152 pmdicamus,
3564 3095 3675 3149 quo

2090 3173 2206 3227 sine
2232 3172 2414 3234 dubio,
2446 3180 2505 3225 ut
2528 3173 2798 3228 mundare
2820 3171 3014 3241 possit,
3041 3178 3394 3225 consecratur
3411 3178 3470 3225 et
3487 3168 3675 3238 bapti-

2088 3277 2258 3317 smus.
2309 3262 2558 3317 Christus
2588 3262 2788 3332 quippe
2840 3262 3122 3317 nobiscum
3156 3262 3313 3325 vitis,
3359 3275 3482 3315 cum
3509 3257 3675 3314 Patre

2088 3353 2342 3425 agricola,
2369 3354 2559 3408 dilexit
2600 3352 2917 3420 Ecclesiam,
2969 3362 3026 3409 et
3051 3353 3405 3421 semetipsum
3448 3351 3673 3406 tradidit

2086 3460 2185 3515 pro
2209 3460 2292 3499 ea.
2346 3443 2488 3513 Lege
2543 3443 2877 3513 Apostolum,
2923 3453 2979 3499 et
3028 3445 3149 3499 vide
3198 3443 3327 3513 quid
3367 3440 3670 3511 adiungat:

2091 3553 2110 3586 ‹
2148 3532 2219 3589 Ut
2240 3548 2361 3588 eam
2387 3533 2775 3597 sanctificaret,
2801 3533 2991 3603 inquit,
3026 3534 3295 3588 mundans
3315 3546 3433 3587 eam
3457 3530 3675 3586 lavacro

2086 3640 2238 3695 aqua:
2262 3625 2314 3678 in
2346 3624 2512 3680 verbo
2541 3624 2758 3694 (Ephes.
2785 3624 2861 3693 v).
2898 3643 2917 3675 ι
2952 3623 3227 3678 Mundatio
3260 3622 3426 3693 igitur
3449 3620 3594 3675 ﬂuxo
3621 3629 3677 3676 et

2085 3717 2234 3772 labili
2260 3733 2367 3771 non
2408 3716 2740 3771 tribueretur
2782 3716 3072 3780 elemento,
3115 3714 3220 3768 nisi
3273 3713 3565 3768 adderetur
3616 3712 3673 3766 in

2084 3807 2270 3862 verbo.
2304 3805 2416 3861 Hoc
2442 3807 2664 3860 verbum
2706 3805 2827 3859 fidei
2874 3814 3080 3859 tantum
3109 3804 3256 3858 valet
3316 3802 3372 3857 in
3408 3800 3671 3867 Ecclesia,

2085 3909 2148 3954 ut
2164 3914 2267 3970 per
2296 3900 2470 3967 ipsam
2503 3898 2839 3961 credentem,
2863 3896 3202 3960 offerentem,
3232 3895 3668 3958 benedicentem,

2089 3992 2404 4060 tingentem,
2429 3988 2594 4043 etiam
2625 3986 2892 4041 tantillum
2924 3987 3145 4041 mundet
3182 3984 3467 4048 infantem,
3497 3999 3669 4053 quan-

2089 4081 2286 4134 tumvis
2316 4078 2551 4133 nondum
2582 4078 2847 4132 valentem
2875 4077 3039 4130 corde
3062 4076 3283 4130 credere
3306 4076 3374 4129 ad
3396 4073 3672 4144 justitiam

2088 4177 2144 4224 et
2176 4184 2271 4223 ore
2304 4166 2553 4221 conﬁteri
2586 4166 2651 4221 ad
2682 4166 2933 4220 Salutem.
2964 4164 3159 4218 Totum
3188 4163 3292 4217 hoc
3327 4162 3389 4217 fit
3426 4177 3523 4233 per
3548 4176 3673 4216 ver-

2086 4263 2238 4329 bum,
2283 4262 2348 4316 (le
2378 4276 2485 4331 quo
2532 4262 2793 4316 Dominus
2820 4260 2935 4314 ait:
2987 4258 3144 4313 dam
3184 4274 3282 4313 vos
3311 4258 3495 4312 mundi
3542 4258 3673 4312 estis

2086 4364 2309 4427 pr0pter
2325 4354 2571 4418 verbum,
2593 4354 2738 4423 quod
2770 4352 2982 4407 locutus
2998 4367 3117 4407 sum
3144 4348 3495 4420 vobis(Joan.
3511 4348 3632 4420 xv).
3648 4368 3671 4402 ν

2091 4447 2396 4503 Secundum
2429 4460 2557 4516 ergo
2610 4445 2752 4500 beati
2798 4443 2957 4513 hujus
3002 4443 3102 4497 viri
3160 4442 3512 4508 sententiam,
3559 4442 3668 4496 imo

2091 4539 2388 4593 secundum
2434 4536 2604 4606 ipsius
2633 4535 3014 4604 Redemptoris
3042 4534 3215 4590 nostri
3245 4533 3539 4588 salutarem
3574 4533 3671 4588 do-

2092 4627 2343 4689 ctrinam,
2400 4624 2729 4680 sacramenti
2778 4623 3034 4693 cujusque
3081 4624 3395 4692 mysterium
3444 4638 3552 4677 non
3599 4637 3668 4678 ex

2092 4716 2462 4773 consecrantis
2509 4722 2593 4770 est
2633 4713 2848 4779 merito,
2877 4714 2970 4768 sed
3014 4713 3069 4766 in
3094 4712 3545 4768 consecrationis
3582 4720 3666 4766 est

2091 4806 2288 4872 verbo;
2315 4814 2373 4861 ut
2390 4820 2494 4859 non
2518 4818 2846 4873 magnopere
2867 4802 3230 4873 perpendatur
3248 4802 3375 4871 quid
3399 4804 3453 4857 in
3479 4817 3670 4858 conse-

2091 4897 2333 4951 cratione
2376 4910 2472 4965 per
2496 4894 2750 4948 meritum
2796 4892 2999 4958 lateat;
3030 4893 3123 4946 sed
3151 4892 3279 4961 quid
3310 4892 3364 4946 in
3397 4907 3545 4961 eum,
3572 4892 3672 4961 qui

2087 4986 2485 5044 consecrandus
2510 4993 2614 5051 est,
2637 5000 2735 5053 per
2754 4984 2917 5039 verba
2940 4984 3250 5039 descendat.
3283 4982 3424 5038 Idem
3451 4997 3675 5053 quoque

2084 5078 2286 5148 ipsein
2334 5077 2669 5147 expositione
2720 5075 2914 5131 decimi
2966 5075 3176 5145 psalmi,
3207 5075 3287 5130 sic
3329 5074 3437 5129 ait:
3480 5074 3668 5129 Justus

2087 5177 2269 5223 autem
2293 5167 2453 5237 quid?
2475 5165 2532 5221 Si
2548 5182 2644 5221 vos
2656 5151 2979 5221 Cmcilianus
3006 5165 3250 5230 offendit,
3263 5164 3513 5218 Christus
3534 5164 3665 5233 quid

2088 5258 2242 5313 vobis
2262 5256 2423 5310 fecit?
2442 5255 2543 5323 Qui
2569 5256 2884 5312 traditorem
2907 5271 3086 5320 suum,
3103 5270 3261 5324 quem
3280 5253 3548 5308 diabolum
3574 5269 3668 5309 no-

2089 5349 2334 5412 minavit,
2363 5348 2455 5417 qui
2482 5356 2609 5402 ante
2626 5348 2969 5402 traditionem
2998 5345 3205 5399 Domini
3234 5344 3536 5400 necloculis
3561 5347 3663 5401 Do-

2091 5439 2309 5494 minicis
2336 5438 2493 5494 ﬁdem
2519 5439 2691 5507 potuit
2708 5439 2986 5501 exhibere,
3002 5451 3122 5491 cum
3147 5436 3358 5492 caeteris
3384 5438 3669 5509 discipulis

2083 5529 2150 5583 ad
2164 5529 2560 5597 praedicandum
2575 5541 2797 5598 regnum
2811 5526 3067 5582 calorum
3083 5525 3246 5593 misit;
3265 5538 3322 5581 ttt
3335 5528 3666 5586 demonstra-

2083 5630 2169 5676 ret
2190 5623 2326 5677 dona
2348 5622 2438 5677 Dei
2462 5621 2743 5692 pervenire
2762 5620 2827 5676 ad
2850 5635 2966 5685 eos,
2983 5620 3073 5691 qui
3091 5637 3212 5676 cum
3230 5622 3332 5678 ﬁde
3355 5624 3667 5695 accipiunt;

2086 5714 2203 5769 etsi
2230 5712 2351 5768 talis
2381 5713 2469 5778 sit,
2496 5729 2590 5782 per
2611 5728 2769 5783 quem
2792 5712 3085 5785 accipiunt,
3109 5714 3281 5786 qualis
3306 5714 3473 5773 Judas
3498 5715 3627 5771 fuit.
