4018 6194
405 289 510 343 123

1143 295 1389 356 OPUSC.
1427 302 1514 356 Vl.
1554 329 1621 343 η-
1659 303 1861 362 LIBEll
1899 304 2015 374 QUI
2055 307 2334 370 DlClTUR
2369 313 2856 374 GRATISSIMUS.

3552 333 3656 390 126

407 405 562 474 ιιι
609 404 849 519 Tapdem
896 408 1182 479 episc0pus
1207 415 1450 480 veniens,
1482 418 1731 476 invocato
1769 421 1970 480 Christi
1997 427 2049 486 Α
2075 426 2216 482 idem
2239 427 2478 486 Marinus
2513 434 2798 506 presbyter
2817 435 3214 507 baptizaverat,
3245 441 3402 514 lupus
3452 453 3652 519 rapuit,

401 499 642 566 nomine,
663 500 732 555 ab
755 501 976 557 obsesso
1005 518 1231 572 corpore
1260 507 1550 578 malignum
1579 513 1825 581 spiritum
1852 532 1980 586 pro-

400 589 545 644 tinus
567 590 794 660 expulit,
824 601 880 648 et
906 593 1185 651 mulierem
1215 597 1282 653 ad
1327 603 1546 672 propria
1576 603 1802 661 liberam
1827 608 1980 664 ineo-

397 677 711 749 lumemque
735 683 964 739 remisit.

475 770 679 825 Eodem
701 787 922 842 quoque
942 782 1207 846 tempore,
1236 794 1359 835 eum
1389 783 1638 840 videlicet
1664 785 1975 846 Simoniaca

394 862 564 931 pestis
585 877 684 932 per
713 871 883 918 totum
921 880 1120 936 corpus
1141 869 1399 927 Ecclesiae
1420 873 1692 932 lethaliter
1711 889 1974 948 serperet,

345 989 350 992 -
392 953 705 1022 passimque
753 970 850 1024 per
893 971 1085 1014 omnes
1125 961 1324 1031 gradus
1355 965 1758 1023 ecclesiasticos
1805 970 1975 1027 libere

391 1043 702 1111 pullularet,
756 1044 997 1102 Marinus
1037 1049 1253 1118 quidam
1290 1053 1573 1123 presbyter
1623 1065 1766 1121 erat,
1813 1057 1973 1127 hujus

389 1134 645 1190 videlicet
681 1135 992 1194 Elenehadii
1024 1141 1453 1196 reverendissimi
1505 1153 1669 1215 atque
1695 1147 1973 1204 honestis-

389 1225 514 1280 simi
544 1225 642 1280 viri
678 1234 856 1296 pater,
886 1229 981 1296 qui
1011 1232 1344 1286 monasterio
1391 1248 1533 1288 nunc
1559 1244 1755 1304 prmest
1800 1239 1972 1294 beata

387 1314 484 1372 Dei
505 1315 800 1375 Genitricis
833 1335 1154 1390 semperque
1183 1323 1420 1393 Virginis
1451 1325 1657 1395 Maria»,
1676 1329 1829 1398 juxta
1860 1331 1969 1386 Fa-

385 1406 622 1461 ventinae
647 1407 799 1464 urbis
830 1410 1028 1464 ntmnia
1058 1413 1373 1468 constituto.
1417 1414 1519 1468 Hic
1560 1416 1742 1487 itaque
1785 1419 1965 1489 hujus,

385 1509 549 1563 quem
579 1495 948 1564 praediximus,
985 1497 1296 1555 Eleuehadii
1329 1513 1559 1558 matrem
1595 1505 1808 1573 publice
1845 1515 1966 1560 tan-

383 1601 550 1654 quam
580 1587 879 1657 legitimam
904 1590 1181 1659 possidere
1205 1607 1313 1645 non
1343 1595 1694 1648 reverebatur
1716 1609 1962 1649 uxorem.

385 1673 524 1729 lluic
572 1678 889 1746 presbytero
949 1678 1105 1745 plane
1145 1687 1350 1734 lautam
1400 1681 1575 1736 divina
1633 1683 1962 1752 dispensatio

381 1766 692 1820 contulerat
747 1769 999 1836 gratiam,
1071 1777 1128 1823 ut
1181 1785 1305 1824 eum
1355 1773 1744 1828 sanctificatam
1815 1790 1846 1828 a
1903 1792 1963 1832 se

381 1869 582 1923 aquam
609 1855 852 1926 frugibus
888 1874 984 1927 per
1012 1874 1176 1929 agros
1217 1874 1552 1932 aspergeret,
1583 1880 1688 1919 non
1736 1865 1961 1922 ulterius

382 1945 825 2010 vermiculorum,
855 1964 961 2002 non
987 1964 1296 2012 erucarum,
1329 1969 1437 2008 non
1470 1955 1703 2025 denique
1727 1956 1962 2012 locusta-

381 2047 499 2086 rum
529 2032 716 2104 fruges
741 2035 930 2092 laesura
959 2040 1129 2107 pestis
1154 2040 1331 2110 aliqua
1362 2053 1687 2106 remaneret.
1713 2047 1807 2101 sed
1833 2063 1959 2102 mox

381 2123 598 2191 agmine
652 2125 814 2189 facto,
865 2142 1052 2184 omnes
1099 2130 1475 2197 abscederent,
1530 2142 1814 2203 postquam
1866 2151 1962 2192 eos

379 2228 534 2283 aqua:
564 2217 924 2274 sanctificatio
975 2222 1385 2289 conspersisset.
1428 2223 1734 2294 Aliquando
1777 2235 1998 2300 autem_

380 2303 619 2369 ejusdem
670 2306 859 2361 Marini
890 2311 1190 2380 presbyteri
1245 2313 1513 2380 dominus,
1544 2313 1806 2371 Jeremias
1859 2332 1960 2373 no-

385 2394 550 2459 mine,
593 2397 855 2453 adversus
911 2400 1162 2455 aemulum
1219 2417 1372 2456 suum
1433 2406 1648 2474 generis
1704 2405 1961 2462 afﬁnitate

378 2487 759 2557 propinquum,
789 2489 884 2542 sed
916 2490 1192 2545 voluntate
1220 2506 1442 2561 prorsus
1492 2494 1779 2548 adversum
1830 2511 1960 2565 gra-

380 2583 615 2638 vissima:
663 2584 952 2639 simultatis
981 2585 1108 2640 odio
1146 2586 1444 2652 laborabat,
1477 2589 1568 2657 qui
1602 2588 1847 2644 videlicet
1878 2593 1958 2644 in-

381 2683 463 2728 ter
491 2679 691 2728 caetera
724 2674 1132 2731 inimicitiarum
1171 2677 1366 2731 timens
1398 2693 1466 2732 ne
1513 2678 1676 2733 etiam
1715 2680 1958 2734 venatio-

377 2761 539 2817 nibus
577 2764 812 2819 deditam
863 2779 1058 2819 canum
1104 2781 1322 2824 suorum
1369 2767 1717 2837 sagacitatem
1760 2769 1957 2825 hostile

377 2853 712 2922 pmstigium
743 2854 1053 2920 fascinaret,
1083 2857 1238 2925 petiit
1263 2873 1294 2911 a
1318 2857 1426 2926 jam
1451 2857 1596 2912 dicto
1615 2859 1954 2929 presbytero,

384 2950 446 2994 ut
474 2941 693 2996 situlam
722 2958 878 3011 aquae
907 2942 1120 3013 plenam
1147 2961 1242 3014 per
1267 2946 1627 3001 exorcismum
1649 2947 1956 3003 sanctifica-

378 3042 485 3099 ret,
532 3033 744 3103 sibique
772 3034 1030 3101 deferret,
1060 3037 1187 3105 quia
1236 3037 1351 3092 suis
1393 3038 1713 3107 quibusdam
1765 3039 1951 3094 usibus

373 3123 507 3176 satis
557 3124 920 3182 necessariam
962 3124 1259 3193 judicaret.
1311 3105 1552 3196 Cumque
1584 3129 1670 3182 ille
1716 3130 1949 3199 simplici
1979 3105 2022 3167 ε

374 3213 580 3278 animo,
611 3214 752 3281 quod
781 3213 1100 3282 imperatum
1129 3214 1324 3280 fuerat,
1344 3217 1660 3287 peregisset,
1686 3217 1950 3276 Jeremias

372 3303 595 3372 sapiens
622 3303 837 3372 quidem
866 3313 924 3358 ut
953 3304 1090 3358 mala
1118 3303 1298 3370 faciat,
1330 3306 1586 3361 virtutem
1615 3323 1745 3362 vero
1773 3323 1953 3364 sacra-

374 3395 565 3459 menti,
593 3395 720 3464 quia
759 3409 980 3463 prorsus
1029 3395 1260 3464 ignorat,
1306 3385 1627 3466 margaritas
1656 3406 1782 3452 ante
1820 3415 1947 3468 por-

368 3498 460 3537 cos
482 3482 746 3552 projicere
763 3498 868 3536 non
884 3483 1156 3537 formidat.
1179 3482 1314 3537 Nam
1331 3483 1722 3539 sanctificatam
1747 3501 1945 3554 aquam

367 3577 628 3628 cantabro
655 3574 848 3629 stultus
873 3573 1202 3638 immiscuit,
1240 3584 1295 3627 et
1315 3575 1537 3628 canibus
1562 3575 1675 3628 suis
1704 3591 1801 3644 per
1829 3592 1945 3630 ma-

366 3662 624 3726 leficium,
650 3679 716 3718 ne
759 3663 1022 3718 inc'antari
1062 3673 1306 3734 possent,
1344 3665 1411 3718 ad
1443 3665 1808 3720 devorandum
1851 3667 1948 3720 ob—

369 3755 531 3811 tulit.‘
586 3753 693 3808 Sed
737 3755 896 3808 aliter
940 3755 1207 3809 sentiente
1251 3755 1430 3810 divina
1489 3756 1854 3824 providentia,
1889 3756 1945 3809 in

367 3844 701 3898 contrarium
729 3859 888 3900 versa
915 3853 999 3898 est
1047 3844 1163 3913 ejus
1192 3845 1460 3899 sententia
1489 3858 1504 3896 :
1539 3844 1736 3897 malum
1769 3845 1944 3914 siqui-

368 3936 510 3998 dem,
539 3935 686 4004 quod
723 3936 866 3988 male
897 3948 1090 3988 cavere
1141 3933 1368 3997 volebat,
1419 3933 1647 3988 incurrit
1671 3951 1696 3988 :-
1714 3944 1768 3988 ct
1816 3935 1946 3991 dum

363 4027 537 4081 brutis
566 4026 888 4081 animalibus
917 4025 1218 4080 inconsulte
1240 4025 1520 4081 consulere
1541 4027 1762 4090 studuit,
1789 4041 1940 4082 suam

363 4116 545 4184 potius
576 4116 810 4169 animam
838 4115 992 4170 laesit.
1029 4115 1161 4170 Nam
1203 4117 1270 4170 ad
1300 4118 1625 4172 vescendum
1656 4133 1818 4173 canes
1848 4119 1942 4172 ad-

363 4206 540 4267 missi,
570 4222 690 4260 eum
723 4206 790 4258 ad
837 4206 1042 4273 primos
1097 4207 1324 4276 impetus
1358 4208 1512 4261 avida
1545 4208 1630 4260 vix
1675 4211 1800 4262 dum
1842 4223 1940 4264 ora.

363 4295 637 4359 laxarent,
666 4305 720 4350 et
748 4296 947 4351 ferales
975 4297 1124 4350 cibos
1164 4298 1392 4351 necdum
1433 4297 1612 4368 lingua
1662 4298 1938 4368 continge—

359 4400 500 4455 rent,
531 4389 707 4456 primo
737 4388 956 4442 naribus
982 4390 1148 4443 odore
1171 4400 1441 4459 percepto,
1473 4392 1719 4460 protinus
1743 4392 1794 4445 in
1823 4399 1933 4446 ter-

353 4493 476 4532 ram
504 4493 695 4532 omnes
720 4479 918 4532 mortui
949 4489 1289 4534 corruerunt.
1344 4480 1494 4535 Tunc
1523 4482 1807 4550 dupliciter
1845 4483 1932 4536 ille
1964 4459 2011 4517 ί)

355 4568 638 4630 confusus,
698 4568 951 4622 nimirum
1001 4577 1054 4622 et
1100 4571 1304 4638 peccati
1365 4585 1510 4634 reus,
1561 4582 1616 4625 et
1662 4572 1934 4627 facultatis

357 4660 574 4714 amissae
593 4658 792 4712 damno
813 4674 1121 4726 percussus,
1145 4659 1352 4712 Marino
1379 4663 1692 4732 presbytero
1714 4678 1928 4718 omnem

356 4752 432 4806 rei
463 4751 681 4813 seriem,
715 4758 873 4818 prout
904 4765 960 4804 se
1005 4750 1232 4804 habebat
1268 4751 1486 4813 veritas,
1536 4752 1842 4818 innotescit,
1875 4763 1930 4809 et

357 4848 521 4893 tantae
547 4839 809 4903 audacias,
836 4839 1081 4906 tantique
1111 4838 1376 4907 sacrilegii
1405 4839 1518 4892 dari
1543 4839 1643 4893 sibi
1666 4843 1929 4908 poeniten-

358 4931 484 4983 tiam
532 4928 789 4983 ﬂebiliter
835 4929 1048 4997 quaerit.
1099 4928 1345 4996 Abnegat
1388 4927 1624 4981 Marinus
1657 4929 1790 4981 tanti
1823 4929 1931 4982 cri-

354 5019 515 5074 minis
542 5019 761 5074 sibimet
789 5033 1044 5086 arrogare
1066 5015 1346 5084 judicium,
1394 5032 1491 5071 nec
1530 5017 1674 5071 aliud
1698 5032 1932 5086 semper

357 5106 486 5161 illud
517 5115 784 5169 statuere,
810 5105 1140 5175 quibuslibet
1167 5105 1292 5158 hinc
1325 5105 1446 5157 inde
1483 5105 1725 5173 pulsatus
1753 5106 1928 5173 preci-

351 5194 452 5250 bus
505 5195 809 5264 acquievit,
851 5195 975 5258 nisi,
1017 5203 1075 5247 ut
1130 5195 1172 5248 si
1222 5195 1589 5263 pmnitentiam
1656 5196 1927 5249 veraciter

353 5293 640 5353 quaereret,
693 5286 760 5338 ad
811 5284 1118 5354 apostolicae
1157 5285 1304 5338 sedis
1352 5284 1558 5352 apicem
1613 5285 1923 5340 necessario

353 5385 686 5442 properaret.
720 5373 818 5430 Cui
859 5375 1073 5429 tandem
1120 5359 1207 5427 i'lle
1254 5375 1575 5450 necessitate
1617 5376 1926 5444 compulsus

351 5467 556 5533 paruit,
587 5476 750 5535 atque
779 5467 920 5535 apud
933 5465 1237 5520 Romanam
1269 5465 1565 5520 Ecclesium
1593 5466 1925 5535 paenitentiae

349 5553 630 5622 judicium,
661 5556 804 5626 quod
832 5555 1129 5626 ﬂagitabat,
1164 5555 1394 5622 accepit.

424 5646 546 5699 Alio
594 5661 808 5716 quoque
863 5655 1107 5718 tempore
1149 5644 1380 5716 puellam
1426 5646 1714 5724 quamdam
1760 5662 1922 5718 quam

2082 525 2244 586 atque
2295 519 2348 574 in
2378 521 2633 577 silvarum
2676 526 2970 594 condensa,
3021 531 3363 603 saltuumque
3418 552 3650 604 secreta.

2080 607 2264 663 multis
2294 609 2698 679 insequentibus
2726 618 3043 685 asportavit.
3077 621 3233 690 112
3259 621 3503 694 Cumque
3531 637 3654 695 post

2078 711 2198 752 eam
2248 709 2305 754 et
2353 712 2529 756 mater
2555 704 2862 760 exanimata
2894 720 3262 776 concurreret,
3293 724 3512 782 repente
3539 717 3653 770 Ma-

2077 788 2254 843 rinum
2296 793 2670 860 presbyterum
2718 796 2934 851 sibimet
2963 799 3177 854 obvium
3225 807 3448 872 reperit,
3492 809 3652 876 eique

2077 892 2199 932 eum
2229 879 2440 950 magnis
2468 880 2759 950 ejulatibus
2783 885 2977 942 ﬂebilis
3010 891 3243 958 querelae
3271 895 3536 964 singultus
3557 913 3650 952 ex-

2074 971 2313 1040 pressit:
2363 972 2501 1040 Heu,
2553 976 2878 1045 heu,Pater,
2913 981 3107 1051 inquit,
3150 1001 3422 1054 nunquam
3474 989 3651 1057 suspi-

2073 1060 2185 1113 cari
2235 1061 2315 1116 sic
2366 1064 2538 1132 potui,
2601 1074 2661 1118 ut
2703 1067 2914 1122 misera-
2964 1073 3156 1126 matris
3201 1073 3472 1129 infelicior
3516 1076 3647 1142 filia,

2071 1164 2233 1219 quam
2281 1153 2348 1206 de
2376 1169 2536 1210 sacro
2579 1155 2728 1211 fonte
2774 1159 2888 1228 ipse
2919 1163 3154 1228 traxisti,
3187 1167 3429 1220 cruentis
3456 1166 3648 1223 belluis

2072 1239 2260 1307 rapina
2295 1240 2469 1307 fieret,
2497 1251 2552 1297 et
2584 1245 2738 1300 cibus
2766 1246 2912 1301 facta
2938 1249 3103 1318 lupis,
3125 1251 3312 1307 ferina:
3334 1257 3648 1323 rapacitatis

2070 1327 2358 1397 ingluviem
2387 1333 2650 1400 satiaret;
2685 1334 2772 1388 eui
2799 1337 3079 1408 presbyter
3103 1342 3181 1395 ait
3218 1358 3232 1395 :
3280 1341 3397 1398 Noli
3432 1347 3646 1412 timere,

2067 1421 2282 1489 mulier,
2313 1424 2441 1491 quia
2488 1426 2534 1480 si
2570 1424 2664 1480 illa
2699 1430 2970 1485 veraciter
2994 1442 3095 1497 est,
3134 1449 3292 1502 quam
3337 1451 3437 1505 ego
3465 1436 3648 1507 bapti-

2067 1511 2208 1576 zavi,
2262 1529 2538 1584 nunquam
2570 1517 2742 1572 bestia
2772 1520 3062 1576 devorandi
3092 1537 3211 1577 eam
3236 1526 3465 1592 accipiet
3498 1537 3646 1598 pote-

2064 1611 2284 1657 statem.
2338 1604 2542 1660 Deinde
2583 1608 2793 1671 audax,
2841 1626 2904 1665 ac
2961 1615 3276 1669 temerarius
3325 1617 3426 1671 hoc
3480 1619 3642 1672 etiam

2064 1691 2383 1761 insipienter
2418 1695 2612 1763 adjecit
2658 1715 2672 1752 :
2734 1699 2788 1753 Si
2847 1701 3024 1764 enim,
3079 1718 3179 1773 ego
3235 1705 3376 1760 illam
3429 1709 3644 1764 lavacro

1995 1763 2038 1822 Β
2066 1781 2209 1834 sacri
2247 1783 2586 1851 baptismatis
2622 1787 2796 1853 ablui,
2838 1798 2891 1844 et
2927 1806 3046 1846 eam
3093 1763 3264 1848 bestia
3305 1796 3640 1866 laeeraverit,

2055 1867 2170 1936 jam
2224 1887 2329 1926 non
2399 1875 2614 1930 credam
2682 1880 2822 1946 quod
2890 1881 3030 1936 Deus
3098 1893 3284 1953 regnet
3347 1885 3400 1938 in
3468 1886 3638 1942 caelis.

2061 1957 2194 2012 Mira
2228 1975 2334 2026 res,
2366 1971 2482 2031 post
2513 1975 2745 2034 quatuor
2774 1966 2888 2023 fere
2913 1970 3072 2025 horas
3104 1973 3240 2026 ultra
3279 1984 3402 2030 octo
3444 1991 3639 2046 prope-

2061 2047 2276 2102 modum
2308 2050 2553 2106 milliaria
2583 2053 2727 2108 inter
2747 2056 2939 2112 fruteta
2963 2059 3219 2115 silvarum
3251 2063 3439 2129 illaesa,
3469 2075 3524 2120 et
3551 2067 3635 2120 in.

2060 2135 2286 2192 colurnis
2315 2150 2526 2208 reperta
2571 2154 2677 2208 est,
2703 2144 2856 2214 juxta
2898 2163 3056 2216 quam
3094 2160 3150 2203 et
3182 2151 3338 2221 lupus
3381 2155 3640 2210 innocens

2064 2228 2264 2283 stabat.
2306 2229 2370 2283 Et
2399 2231 2540 2287 sicut
2568 2233 2706 2289 leoni
2738 2237 2969 2292 cadaver
2997 2242 3267 2309 prophetae
3289 2243 3356 2297 de
3395 2242 3641 2298 Samaria

2061 2319 2339 2375 redeuntis
2368 2322 2569 2377 violare
2597 2340 2702 2379 non
2731 2325 2878 2381 licuit
2909 2327 3026 2398 (III
3050 2328 3175 2400 Reg.
3204 2333 3348 2402 xm),
3373 2333 3442 2386 ita
3471 2343 3524 2387 et
3556 2333 3641 2387 lu-

2058 2423 2159 2477 pus
2187 2409 2288 2464 iste
2308 2411 2538 2480 puellam
2566 2428 2671 2466 non
2697 2430 2860 2470 ausus
2884 2427 2969 2471 est
2991 2419 3213 2485 ledere;
3254 2422 3345 2476 sed
3375 2431 3637 2490 quantum

2057 2497 2216 2553 datur
2265 2501 2512 2572 intelligi,
2547 2504 2686 2557 ultro
2732 2506 2895 2560 etiam
2932 2509 3076 2562 visus
3105 2518 3189 2564 est
3236 2513 3522 2565 custodire.
3574 2512 3637 2566 ln-

2056 2587 2232 2654 puella
2277 2588 2456 2658 itaque
2506 2590 2649 2644 nulla
2681 2593 2892 2660 penitus
2944 2595 3091 2649 laesio
3138 2605 3219 2651 est
3264 2599 3500 2665 inventa,
3526 2600 3631 2654 nisi

2055 2678 2197 2744 quod
2225 2692 2381 2732 crura
2408 2679 2544 2746 ejus,
2592 2691 2648 2733 et
2692 2683 2910 2738 brachia
2960 2687 3237 2754 spinarum
3267 2690 3633 2760 ruborumque

2055 2765 2379 2821 videbantur
2407 2771 2608 2825 aculeis
2632 2781 2931 2827 cruentata.

2126 2856 2277 2910 Alius
2310 2874 2523 2928 quoque
2553 2861 2835 2930 presbyter
2856 2878 3026 2931 nuper
3052 2864 3105 2917 in
3131 2864 3213 2918 his
3239 2867 3481 2935 partibus
3503 2870 3631 2937 fuit,

2056 2944 2216 3014 hujus
2266 2946 2476 3002 scilicet
2528 2950 2961 3004 reverendissimi
3003 2951 3106 3006 viri
3157 2953 3381 3010 Cerardi
3436 2958 3634 3025 frater,

2053 3036 2145 3105 qui
2173 3023 2314 3092 nunc
2347 3048 2540 3108 praeest
2575 3039 2904 3094 monasterio
2947 3040 3004 3095 S.
3055 3042 3244 3098 Donati
3277 3045 3329 3098 in
3374 3023 3634 3103 suburbio

2052 3127 2388 3184 lmmolensis
2417 3131 2595 3200 oppidi
2626 3133 2917 3190 constituto
2943 3151 2961 3190 :
2989 3144 3040 3190 et
3063 3137 3344 3208 presbyter
3373 3139 3461 3195 ille
3481 3156 3635 3196 com-

2053 3219 2234 3273 munis
2263 3220 2503 3288 quidem,
2535 3233 2599 3276 ac
2625 3235 2762 3290 pene
2784 3222 3056 3278 sacularis
3075 3235 3194 3280 erat
3217 3227 3358 3293 vitae,
3383 3230 3479 3283 sed
3502 3239 3628 3283 tan-

2055 3316 2166 3362 tam
2197 3324 2226 3361 a
2267 3309 2494 3364 Domino
2537 3321 2863 3368 consecutus
2886 3321 3003 3368 erat
3030 3316 3286 3384 gratiam,
3331 3325 3391 3372 ut
3427 3320 3472 3373 si
3503 3320 3630 3388 quis

2051 3400 2152 3454 sibi
2195 3401 2537 3456 nuntiaretur
2567 3417 2596 3456 a
2638 3412 2887 3473 serpente
2914 3419 3224 3475 percussus,
3254 3423 3377 3463 mox
3417 3411 3623 3465 sancti-

2050 3489 2265 3543 ficatam
2291 3506 2321 3544 a
2348 3504 2406 3545 se
2426 3506 2620 3560 aquam
2651 3494 2921 3548 nuntianti
2951 3495 3276 3566 porrigebat,
3304 3506 3359 3552 ut
3383 3498 3619 3567 biberet;

2048 3593 2151 3646 qua
2196 3580 2408 3646 hausta,
2450 3589 2598 3636 tanta
2647 3583 2891 3652 protinus
2920 3585 3113 3640 divina:
3141 3587 3352 3643 virtutis
3385 3588 3620 3645 efﬁcacia

2049 3668 2404 3734 clarescebat,
2442 3681 2502 3727 ut
2528 3673 2593 3738 is,
2623 3673 2714 3742 qui
2744 3672 2976 3740 biberat,
3011 3684 3265 3747 tanquam
3295 3678 3340 3734 si
3365 3695 3487 3734 eum
3524 3697 3622 3737 an-

2046 3757 2165 3826 guis
2190 3759 2494 3826 specialiter
2522 3764 2918 3831 momordisset,
2944 3780 3103 3820 omne
3173 3767 3439 3824 vulnerati
3470 3771 3618 3827 virus

2045 3856 2314 3900 evomere!
2339 3862 2356 3900 :
2391 3857 2446 3902 et
2471 3849 2579 3914 ille,
2607 3852 2699 3920 qui
2723 3867 3008 3920 percussus
3036 3855 3235 3922 fuerat,
3262 3856 3501 3914 funditus
3523 3876 3617 3916 ve-

2043 3949 2184 3990 neno
2225 3950 2440 4000 vacuus,
2472 3945 2526 3990 et
2579 3938 2702 3992 totis
2749 3940 3046 3997 visceribus
3089 3944 3317 3998 humore
3359 3947 3616 4015 pestifero

2043 4027 2318 4082 defaecatis
2346 4029 2481 4084 liber
2505 4037 2560 4083 et
2585 4030 2868 4086 incolumis
2893 4044 3176 4089 remearet.
3680 4103 3684 4106 η

2112 4117 2260 4172 Alius
2286 4133 2496 4187 quoque
2521 4122 2801 4190 presbyter
2817 4133 2933 4175 erat
2956 4123 3152 4178 nullius
3171 4141 3307 4195 pene
3329 4131 3622 4197 momenti”

2042 4205 2115 4260 ita
2146 4215 2204 4260 ut
2233 4207 2501 4265 saecularis
2541 4210 2838 4277 prudentia:
2865 4226 2930 4266 ne
2967 4215 3109 4267 tenui
3141 4215 3358 4283 quidem
3390 4217 3631 4282 calleret.

2040 4297 2272 4367 ingenio,
2322 4297 2531 4353 litteras
2567 4307 2747 4353 autem
2803 4301 2890 4354 vix
2929 4302 3235 4372 syllabatim
3291 4321 3356 4361 ac
3409 4309 3626 4371 rustice,

2038 4387 2366 4452 balbutiret;
2395 4387 2681 4457 aliquando
2718 4405 2846 4444 vero
2870 4392 3120 4459 gallinam
3162 4395 3278 4462 ejus
3334 4397 3466 4454 hora
3510 4415 3618 4454 ve-.

2037 4477 2276 4544 spertina
2307 4477 2486 4544 rapuit
2508 4478 2785 4547 accipiter,
2820 4495 2956 4548 quae
2985 4481 3187 4536 scilicet
3218 4484 3413 4554 injuria
3458 4502 3606 4542 ama-

2038 4566 2252 4627 rissimo
2282 4581 2402 4620 eum
2431 4564 2552 4619 felle
2581 4567 2870 4624 iracundia:
2895 4572 3215 4638 commovit,
3233 4583 3286 4626 et
3326 4574 3397 4627 ita
3422 4575 3601 4643 plane,

2035 4666 2094 4709 ut
2124 4657 2417 4710 minaretur
2446 4664 2652 4721 sancto,
2685 4658 2736 4710 in
2780 4656 2932 4724 Cujus
2961 4661 3174 4714 nomine
3195 4660 3489 4718 dedicatam
3519 4680 3615 4719 re-.

2033 4747 2192 4817 gebat
2225 4747 2528 4809 ecclesiam,
2558 4746 2680 4814 quia
2706 4747 2808 4800 nisi
2831 4747 3047 4802 sibimet
3087 4749 3230 4804 allile
3252 4766 3426 4814 suum,
3454 4755 3612 4821 quod.

2031 4835 2359 4904 perdiderat,
2392 4835 2660 4898 redderet,
2686 4851 3022 4905 nequaquam
3051 4837 3152 4891 sibi
3176 4839 3242 4892 de
3266 4848 3463 4894 caetero
3507 4857 3611 4896 ec‘

2033 4922 2332 4977 clesiastica
2378 4921 2551 4977 officia
2597 4923 2915 4978 celebraret.
2980 4925 3048 4980 Et
3099 4935 3349 4997 tanquam
3402 4928 3612 5000 linguae:

2028 5011 2245 5065 vesania
2277 5025 2382 5064 non
2410 5011 2564 5080 plene
2589 5011 2878 5077 sufﬁceret,
2908 5015 3155 5070 manibus
3179 5025 3262 5071 est
3289 5032 3460 5098 ausus.
3497 5033 3594 5071 ex-

2028 5101 2232 5164 cidere,
2263 5107 2319 5152 et
2361 5099 2535 5169 ipsum
2565 5100 2734 5154 altare
2777 5102 2941 5171 virgis
2985 5103 3269 5160 verberare
3312 5120 3610 5174 aggressus;

2027 5200 2128 5245 est.
2168 5190 2305 5258 Quid
2343 5190 2538 5260 plura?
2568 5190 2722 5246 Mane
2751 5191 2838 5246 die
2877 5192 3070 5258 altero,
3088 5194 3281 5262 gallina
3326 5195 3504 5259 rediit,
3538 5206 3605 5255 ek

2026 5283 2268 5351 exceptis
2321 5282 2442 5348 alis,
2482 5291 2536 5337 et
2583 5285 2778 5352 capite,
2829 5287 3075 5340 omnibus
3121 5285 3240 5339 aliis
3287 5286 3603 5354 deplumata.

2025 5373 2238 5441 pennis,
2288 5374 2490 5430 nullum
2542 5375 2775 5431 lzesionis
2820 5377 2873 5429 in
2915 5385 3026 5430 toto
3056 5392 3279 5446 corpore
3307 5380 3604 5449 vestigium.-

2027 5464 2343 5532 reportavit,
2393 5475 2449 5519 ut
2491 5465 2697 5535 liquido
2742 5474 3156 5531 monstraretur,
3197 5469 3322 5537 quia
3369 5470 3596 5539 prcsby~

2028 5552 2130 5607 teri
2177 5552 2303 5609 licet
2340 5555 2513 5624 insani
2563 5569 2720 5609 voces
2767 5555 2944 5608 divina
3002 5556 3172 5625 pietas
3212 5559 3432 5613 omnino
3483 5574 3602 5615 non

2026 5644 2272 5712 respuit,
2328 5645 2462 5700 dum
2527 5645 2583 5700 in
2649 5643 2766 5720 ejus
2829 5647 3123 5716 perniciem
3197 5650 3475 5710 devolandi
3525 5650 3595 5708 lis
