4024 6200
325 319 425 373 127

746 319 805 375 8.
846 319 1051 376 PETRI
1090 320 1371 377 DAMIANI
1408 322 1557 378 OPP.
1600 319 1838 375 TOMUS
1864 317 2006 373 ὃΕο
2054 319 2233 375 PARS
2270 320 2355 375 Ill.
2396 350 2463 359 --
2504 316 2871 374 OPUSCULA
2916 315 3148 369 VAltlA.

3474 311 3575 366 {9.3

325 433 558 486 centiam
630 433 890 502 accipiter
937 449 1041 488 non
1082 436 1310 503 accepit.
1381 435 1447 487 Et
1494 434 1622 501 quid
1693 433 1887 485 mirum
1919 432 1964 488 Α
1995 431 2166 483 sancti
2213 429 2577 499 expelluntur.
2634 426 2783 481 Unde
2841 426 3040 493 liquido
3096 423 3441 477 manifestum
3492 434 3581 475 est

326 523 373 575 si
426 524 605 577 divina
662 523 989 592 dispensatio
1047 540 1140 594 per
1195 524 1599 593 qualescunque
1640 522 1896 575 sacerdo-

519 613 845 666 ortbodoxcs
908 622 1086 665 tamen
1119 653 1133 676 ,
1200 611 1583 667 miraculorum
1670 611 1897 665 virtutes

331 700 616 762 ostendat,
674 716 795 753 cum
842 716 935 767 per
980 702 1125 769 ipsos
1170 714 1383 769 quoque
1426 701 1705 755 bzereticos
1756 714 1897 768 saepe

332 788 484 855 signa
530 804 637 841 suae
680 790 933 856 potentia}
992 790 1335 853 manifestet?
1376 790 1538 852 Nam,
1600 800 1659 843 ut
1708 790 1773 844 de
1799 804 1898 842 ca:-

332 877 461 929 teris
491 874 644 944 113
679 878 887 941 sileant,
924 880 1063 946 quod
1100 880 1153 932 iu
1186 879 1475 947 Tripartita
1515 879 1737 933 historia
1772 878 1900 947 legio

333 972 440 1027 tur,
467 980 570 1017 non
601 967 892 1018 absurdum
928 967 1157 1031 videtur,
1187 968 1232 1021 si
1265 966 1466 1021 eisdem
1495 966 1671 1021 verbis
1700 965 1901 1033 simpli-

331 1051 468 1104 citer
498 1050 798 1104 inferatur:
833 1070 850 1102 ‹
880 1053 1109 1117 interea,
1135 1054 1327 1121 inquit,
1359 1053 1661 1107 incendium
1693 1054 1744 1106 in
1773 1052 1902 1106 civi.

334 1150 445 1195 tate
473 1139 1061 1210 Constantinopolitana
1102 1143 1325 1207 fatztum,
1368 1143 1622 1211 paulatim
1661 1142 1905 1211 pervenit

334 1231 400 1283 ad
434 1230 691 1292 thermas,
720 1245 837 1297 qua:
870 1241 1129 1284 vocantur
1153 1232 1424 1292 Achilleae,
1451 1233 1664 1284 demum
1711 1229 1777 1283 ad
1822 1228 1904 1283 lo-

335 1338 497 1385 cum,
549 1322 637 1388 qui
688 1323 884 1376 dieitur
927 1322 1217 1393 Pelargus,
1268 1324 1339 1376 ita
1390 1332 1448 1376 ut
1491 1322 1907 1375 Novatianorum

335 1414 883 1483 comprehenderetur
911 1414 1158 1469 ecclesia.
1189 1415 1339 1467 Tunc
1366 1413 1536 1467 fertur
1564 1412 1786 1465 Paulum
1816 1425 1910 1466 co-

336 1520 454 1557 rum
501 1505 813 1574 episcopum
863 1504 1004 1557 inter
1051 1503 1293 1557 flammas
1344 1502 1603 1557 restitisse
1648 1500 1908 1567 ecclesiae,

336 1596 727 1663 supplicantem
760 1593 888 1655 Deo,
928 1608 994 1648 ne
1035 1593 1262 1646 ecclesia
1306 1592 1508 1660 pariter
1536 1602 1914 1644 concremare—

340 1693 444 1735 tnr.
486 1682 584 1748 Qui
614 1683 762 1735 locus
788 1691 1006 1750 ereptus
1034 1691 1135 1743 est,
1163 1692 1219 1735 et
1252 1681 1515 1735 hactenus
1542 1688 1649 1733 stat
1692 1679 1909 1739 illaesos.

332 621 413 663 tes
438 651 453 674 ,

1996 522 2119 589 quia
2151 521 2434 587 episcopus
2464 518 2551 571 ille
2580 518 2705 571 licet
2746 517 3017 585 indignus,
3046 515 3172 567 licet
3208 514 3373 566 fuerit
3402 512 3583 566 Simo-

1996 609 2220 672 niacus,
2258 618 2315 661 et
2349 608 2675 661 illecebrosae
2707 606 2932 658 luxuria:
2962 604 3216 672 spurcitia
3254 603 3581 661 maculatus,

1998 702 2268 752 daemones
2290 706 2469 751 tamen
2494 696 2731 765 effugare
2754 696 3056 749 nullatenus
3083 696 3366 763 potuisset,
3400 695 3443 747 si
3471 694 3582 747 vir-

2000 799 2169 843 tutem
2207 788 2263 843 in
2308 803 2368 841 se
2414 788 2588 841 sancti
2624 786 2860 855 Spiritus
2888 802 2993 840 non
3034 785 3329 840 habuisset.
3361 784 3495 839 Nam
3531 795 3587 840 et

2001 883 2251 947 Samson,
2273 883 2365 951 qui
2386 891 2573 935 contra
2604 880 2734 949 legis
2756 880 2951 934 divinm
2975 888 3244 949 praecepta
3271 878 3588 948 alienigenae

2000 974 2234 1028 nationis
2276 968 2651 1027 meretricibus
2695 971 2981 1034 utebatur,
3034 984 3312 1037 nunquam
3345 977 3454 1022 tam
3487 968 3588 1021 du-

2002 1063 2213 1118 rissima
2243 1061 2453 1115 vincula
2490 1060 2721 1114 evadere
2759 1060 3050 1129 potuisset,
3083 1067 3269 1128 totque
3299 1055 3458 1127 1,ιᾷ
3492 1057 3589 1111 ho-

2003 1150 2217 1205 minum
2248 1148 2411 1202 millia
2452 1148 2599 1203 solus
2650 1148 2939 1209 trucidare,
2997 1146 3099 1201 nisi
3150 1160 3271 1199 eum
3329 1144 3590 1199 fortitudo

2004 1240 2176 1295 sancti
2206 1238 2441 1308 Spiritus
2472 1239 2783 1293 roborasset
2816 1237 3018 1307 (ludia.
3046 1237 3181 1307 xvt).
3217 1235 3485 1291 Praeterea
3535 1246 3592 1290 et

2006 1332 2295 1399 prephetes
2323 1329 2412 1384 ille
2444 1326 2611 1383 falsus
2640 1330 2757 1383 sine
2783 1328 3097 1397 prophetica
3138 1328 3314 1382 sancti
3353 1327 3591 1396 Spiritus

2008 1420 2335 1475 revelatione
2372 1436 2476 1473 non
2518 1419 2639 1479 fuit,
2666 1420 2759 1487 qui
2786 1418 3004 1474 fallendi
3050 1417 3247 1473 artifex
3275 1418 3451 1472 virum
3498 1417 3591 1470 Dei

2010 1508 2193 1563 Betbel
2221 1518 2575 1562 revertentem
2602 1517 2786 1562 contra
2815 1508 2989 1562 divina
3014 1516 3282 1577 praacepta
3309 1506 3594 1562 comedere

2013 1613 2110 1664 per
2131 1608 2381 1650 accurata
2408 1596 2684 1650 mendacia
2720 1595 3017 1663 persuasit,
3047 1610 3297 1650 asserens
3322 1613 3336 1649 :
3371 1615 3389 1646 ι
3419 1596 3594 1663 Auge-

2017 1684 2118 1749 lus,
2149 1685 2341 1753 inquit,
2371 1684 2577 1738 locutus
2605 1694 2684 1739 est
2712 1684 2839 1738 mihi
2885 1684 2937 1738 in
2965 1699 3215 1740 sermone
3253 1684 3484 1746 Domini,
3510 1684 3560 1735 di
3578 1711 3594 1723 ο

340 1772 392 1823 ill
420 1788 527 1839 quo
553 1770 668 1824 loco
694 1770 921 1838 septima
950 1771 1151 1824 decima
1294 1769 1495 1822 mensis
1519 1767 1743 1837 Αυςυειί
1772 1767 1913 1834 apud
1947 1759 1987 1818 Β
2018 1791 2145 1829 cens
2171 1793 2185 1828 ε
2231 1774 2412 1828 Reduc
2441 1789 2563 1827 eum
2591 1782 2763 1828 [ecum
2796 1775 2846 1827 in
2876 1774 3090 1826 domum
3122 1782 3292 1838 luam,
3321 1782 3380 1827 υι
3411 1788 3594 1827 came-

341 1861 665 1915 Novatianos
703 1860 947 1915 collectio
974 1861 1294 1914 celebratur.
1336 1859 1488 1913 llunc
1527 1860 1707 1926 itaque
1734 1858 1911 1912 locum

341 1968 448 2004 non
474 1951 645 2005 solum
678 1950 995 2014 Christiani.
1023 1951 1115 2005 sed
1148 1958 1203 2003 et
1245 1949 1437 2019 pagani
1462 1963 1527 2002 ex
1562 1957 1805 2016 tempore
1824 1961 1915 2000 ve-

342 2050 619 2094 nerantur.
650 2058 668 2091 ι
720 2039 827 2095 Sed
870 2041 985 2094 haac
1025 2040 1283 2092 virtutum
1326 2040 1509 2107 signa,
1542 2052 1660 2105 quae
1701 2035 1785 2090 vel
1820 2049 1917 2104 per

343 2131 642 2196 haereticos,
684 2132 769 2186 vel
812 2147 907 2201 per
952 2131 1195 2200 indignos
1240 2139 1400 2184 rectae
1443 2128 1566 2183 ﬁdei
1609 2127 1918 2183 sacerdotes

342 2233 597 2289 operatur
625 2224 802 2277 divina
835 2224 1202 2295 dispensatio,
1248 2221 1557 2276 sacerdotes
1602 2220 1765 2289 (quia
1810 2233 1917 2272 non

344 2310 631 2376 cujuslibet
667 2327 854 2365 eorum
904 2312 1115 2376 merito,
1147 2311 1239 2365 sed
1285 2310 1587 2365 ministerio
1622 2308 1921 2364 concedun—

348 2397 454 2464 tur)
507 2414 842 2467 nequaquam
891 2414 1023 2464 eos,
1070 2399 1152 2453 vel
1198 2400 1265 2451 ab
1308 2400 1426 2462 his,
1466 2413 1586 2468 quae
1620 2406 1917 2462 merentur,

347 2489 623 2559 suppliciis
646 2490 894 2555 liberant,
926 2491 1007 2544 vel
1040 2490 1177 2559 apud
1208 2490 1509 2545 districtum
1532 2490 1775 2546 Judicem
1802 2506 1923 2560 per-

348 2580 543 2647 petrati
576 2588 755 2632 reatus
780 2588 1057 2633 excusant.
1094 2578 1243 2633 Unde
1266 2579 1411 2633 enim
1442 2590 1777 2648 aucupantur
1808 2579 1922 2650 glow

347 2671 505 2735 riam,
547 2670 599 2724 in
642 2669 973 2725 confusionis
1014 2671 1267 2724 decidunt
1307 2671 1654 2741 ignominiam
1688 2688 1704 2725 :
1733 2679 1923 2740 etquo

349 2764 522 2833 magis
548 2762 876 2817 extolluntur
914 2761 1188 2819 favoribus
1232 2762 1585 2827 adulantium,
1618 2776 1683 2817 eo
1724 2762 1917 2832 procli-

352 2852 470 2906 \ius
498 2852 549 2905 in
573 2849 934 2905 damnationis
958 2860 1173 2905 aeterna:
1202 2850 1497 2920 praecipitia
1517 2850 1920 2920 demerguntur.

354 2944 419 2996 Et
457 2958 598 3012 saepe
628 2942 761 2996 tales
798 2941 1021 2996 terribili
1066 2950 1239 2996 morte
1278 2942 1552 3010 percussi,
1581 2940 1700 2997 luce
1725 2939 1923 2997 clarius

355 3032 627 3091 indicant,
660 3045 820 3099 quam
866 3044 1053 3083 revera
1087 3028 1300 3098 reprobi
1342 3027 1578 3093 fuerint.
1609 3030 1701 3099 qui
1744 3030 1923 3099 specie

356 3131 511 3177 tenus
536 3121 688 3190 quasi
719 3120 989 3175 mirabiles
1016 3122 1368 3191 apparebant.
1408 3118 1543 3175 Nam
1582 3131 1638 3176 et
1675 3122 1739 3183 is.
1772 3120 1925 3189 cujus
1953 3100 1999 3163 Ο

357 3212 514 3281 paulo
559 3220 682 3265 ante
729 3210 1101 3274 meminimus,
1144 3209 1442 3265 Fesulanus
1478 3210 1759 3279 episc0pus
1803 3224 1925 3264 cum

358 3308 519 3353 lance
557 3299 837 3367 pravitatis
874 3307 1046 3364 esset,
1074 3306 1133 3353 ut
1168 3306 1222 3353 et
1260 3297 1429 3353 laicus
1463 3298 1580 3367 ejus
1623 3297 1793 3353 frater
1834 3299 1931 3353 ho-

361 3401 529 3444 uesta!
572 3405 636 3444 ac
662 3391 915 3445 modesta:
953 3390 1077 3444 vita:
1113 3404 1235 3445 cum
1276 3402 1343 3444 eo
1379 3388 1803 3444 familiaritatem
1834 3389 1931 3444 ha-

360 3482 488 3533 bere
518 3480 739 3533 minime
769 3481 1099 3549 dignaretur,
1144 3479 1418 3549 signorum
1446 3487 1626 3533 tamen
1652 3480 1785 3534 adeo
1823 3480 1931 3533 vir-

360 3567 564 3620 tutibus
605 3567 943 3630 cornseabat,
974 3574 1033 3619 ut
1063 3566 1114 3619 in
1142 3567 1475 3621 dedicatione
1497 3566 1654 3622 unius
1675 3567 1933 3622 duntaxat

363 3653 603 3708 ecclesiae
641 3655 876 3723 quinque
920 3670 1101 3709 coram
1147 3655 1291 3708 omni
1332 3654 1528 3723 populo
1577 3656 1934 3710 dmmoniaeos

364 3761 583 3799 curasse
615 3753 926 3799 constanter
960 3759 991 3798 a
1034 3744 1441 3812 perhibentibus
1484 3754 1777 3800 asseratur.
1829 3745 1936 3802 Sed

364 3836 490 3905 quia
519 3852 623 3890 non
652 3836 785 3900 suis,
813 3835 906 3889 sed
936 3835 1125 3889 alienis
1155 3834 1431 3889 miraculis
1464 3834 1678 3896 claruit,
1721 3836 1787 3890 ad
1815 3835 1934 3891 obi-

365 3936 478 3981 tnm
508 3928 746 3991 veniens,
772 3926 951 3980 ultrici
974 3936 1098 3980 ante
1120 3927 1295 3995 ignem
1321 3925 1473 3994 igniti
1502 3927 1744 3996 corporis
1766 3928 1937 3981 anim-

364 4018 682 4073 adversione
743 4017 993 4086 signavit.
1051 4014 1251 4069 Pabula
1308 4016 1573 4087 siquidem
1624 4018 1937 4087 perniciosa;

363 4109 606 4163 uredinis
654 4110 706 4162 in
755 4109 889 4176 pede
924 4109 1041 4177 ejus
1070 4109 1385 4177 pestilenter
1419 4119 1628 4174 exorta,
1660 4111 1739 4165 sic
1768 4119 1936 4165 totam

364 4197 623 4267 plantam,
657 4198 874 4263 tibiam,
902 4212 1198 4265 coxamque
1244 4212 1364 4251 cum
1411 4197 1629 4267 inguine
1672 4199 1829 4252 simul
1874 4213 1938 4252 ac

366 4287 688 4355 genitalibus
715 4286 1153 4354 comprehendit;
1187 4296 1244 4339 ut
1290 4301 1457 4352 usque
1501 4287 1567 4339 ad
1614 4286 1790 4338 vitalia
1820 4300 1935 4339 ser-

368 4378 543 4443 pendo
574 4376 904 4444 procederet,
944 4385 999 4429 et
1038 4375 1182 4430 velut
1230 4375 1364 4428 aridi
1410 4376 1689 4428 materiam
1742 4376 1938 4444 stipitis

2015 1866 2104 1917 dat
2134 1878 2346 1932 panem,
2368 1872 2420 1917 et
2443 1863 2593 1917 bibat
2619 1877 2810 1930 aquam
2834 1860 2951 1930 (III
2978 1860 3100 1930 Reg.
3128 1860 3284 1928 xm);
3317 1878 3336 1910 ι
3367 1875 3598 1927 moxque

2016 1952 2295 2021 Scriptura
2323 1952 2568 2020 sequitur
2598 1969 2611 2004 :
2654 1970 2671 2002 ι
2704 1950 2913 2006 Fet‘ellit
2940 1965 3059 2004 eum
3083 1990 3095 2014 ,
3131 1951 3333 2019 inquit,
3363 1957 3417 2003 et
3447 1950 3599 2002 (luxit

2015 2040 2438 2112 secum;(lbid.);
2465 2060 2483 2092 ι
2508 2050 2562 2094 et
2582 2039 2738 2108 paulo
2764 2048 2885 2108 post
2912 2056 2926 2092 :
2959 2058 2977 2090 ι
2998 2037 3239 2107 Cumque
3259 2038 3507 2092 sederent
3531 2038 3599 2089 ad

2018 2147 2279 2193 mensam.
2304 2130 2475 2186 factus
2502 2142 2584 2186 est
2610 2145 2789 2185 sermo
2812 2130 3018 2185 Domini
3050 2130 3115 2183 ad
3144 2129 3481 2198 prophetam,
3507 2143 3597 2195 qn;

2021 2221 2309 2275 reduxerat
2338 2235 2485 2284 eum,
2518 2230 2570 2275 et
2598 2220 2919 2274 exclamavit
2946 2218 3156 2288 (lbid.),
3190 2238 3207 2269 ι
3245 2218 3320 2272 rei
3351 2217 3599 2271 videlicet

2018 2311 2281 2375 ordinem,
2307 2326 2413 2379 quo
2442 2311 2785 2380 perimendus
2813 2319 2948 2375 erat,
2974 2311 3226 2379 quoniam
3249 2310 3356 2364 voti
3385 2309 3599 2366 Domini

2020 2399 2333 2454 inobediens
2359 2399 2551 2453 fuerat.
2586 2398 2687 2455 Ubi
2730 2398 3023 2452 notandum
3055 2398 3220 2467 quod,
3248 2412 3407 2467 quem
3445 2396 3597 2451 fefel-

2020 2492 2147 2546 lisse
2177 2491 2399 2545 fratrem
2440 2490 2719 2562 Scriptura
2761 2490 2910 2560 prius
2937 2490 3212 2545 evidenter
3253 2498 3495 2553 accusat,
3533 2492 3601 2543 ad

2020 2585 2265 2639 eumdem
2290 2598 2414 2637 mox
2443 2596 2741 2637 sermonem
2765 2582 2975 2637 Domini
3000 2581 3219 2647 factum,
3239 2596 3304 2636 ac
3324 2581 3601 2636 verissima

2023 2675 2395 2744 prophetasse,
2426 2674 2790 2730 indubitanter
2815 2674 3066 2728 affirmat.
3098 2673 3167 2728 Et
3197 2682 3367 2739 certe,
3399 2674 3443 2727 si
3476 2672 3600 2728 facti

2024 2764 2183 2832 hujus
2211 2765 2345 2819 ordo
2374 2764 2654 2833 diligenter
2679 2774 2967 2834 pensatur,
2997 2765 3249 2833 deceptor
3285 2762 3386 2818 iste
3420 2763 3603 2832 procul

2026 2856 2186 2911 dubio
2214 2855 2315 2909 viri
2359 2854 2661 2910 innocentis
2704 2854 2975 2910 homicida
3023 2853 3189 2908 fuisse
3214 2853 3553 2915 convincitur
3585 2868 3600 2904 :

2026 2943 2079 2997 in
2110 2945 2267 2998 talem
2310 2954 2491 2999 tamen
2534 2942 2764 3013 Spiritus
2791 2952 3011 2999 sanctus
3036 2943 3221 2998 venire
3262 2958 3367 2997 non
3403 2942 3603 3005 renuit,

2026 3044 2077 3089 et
2120 3035 2172 3088 in
2222 3034 2336 3103 ipso
2366 3033 2619 3103 captiosae
2663 3032 2993 3103 deceptionis
3024 3032 3268 3100 articulo,
3297 3032 3420 3087 dum
3451 3038 3607 3087 curat

2028 3138 2124 3193 per
2152 3124 2487 3179 mendacium
2518 3121 2723 3189 fallere,
2748 3131 2967 3177 coactus
2987 3130 3071 3176 est
3099 3136 3196 3191 per
3222 3121 3467 3175 veritatis
3487 3137 3607 3175 ora-

2030 3210 2205 3267 culum
2228 3210 2569 3280 prophetare.
2596 3208 2754 3278 (Vt'de
2772 3209 3016 3279 scholia.)
3043 3210 3327 3265 Enimvero
3345 3212 3466 3280 quis
3490 3210 3604 3265 Heli

2030 3299 2361 3355 sacerdotem
2392 3299 2597 3352 nesciat
2645 3298 2964 3367 reprobum,
3003 3307 3059 3353 et
3104 3308 3211 3353 tam
3243 3314 3341 3368 pro
3388 3299 3608 3353 lenitate

2030 3408 2146 3455 sua,
2180 3405 2336 3460 quam
2379 3404 2476 3458 pro
2509 3389 2800 3445 liberorum
2848 3390 3108 3446 effrenata
3153 3390 3366 3446 licentia
3412 3391 3608 3446 divina:

2032 3481 2505 3536 animadversionis
2526 3482 2789 3536 sententia
2812 3481 3259 3536 condemnatum?
3278 3481 3405 3550 Ejus
3431 3492 3608 3536 tamen

2034 3568 2405 3623 benedictione
2442 3583 2546 3622 non
2579 3567 2675 3622 fuit
2718 3568 2916 3623 sterilis
2958 3578 3145 3623 uterus
3168 3570 3367 3632 Annae.
3406 3571 3490 3625 cui
3524 3570 3605 3623 ni-

2034 3657 2227 3710 mirum
2259 3656 2980 3726 fecunditatemimprecatus
3003 3667 3084 3713 est
3114 3658 3303 3712 Vulvaa.
3341 3658 3429 3712 Ait
3464 3660 3607 3713 enim

2036 3742 2313 3811 Scriptura
2344 3760 2357 3795 :
2394 3761 2413 3794 α
2441 3744 2721 3798 Benedixit
2767 3744 2881 3798 Heli
2913 3744 3145 3810 Elcanm,
3177 3755 3233 3799 et
3269 3747 3422 3800 uxori
3468 3747 3608 3817 ejus,

2035 3844 2090 3891 et
2115 3836 2250 3888 dixit
2276 3850 2290 3887 :
2323 3833 2531 3890 Reddat
2559 3835 2652 3889 tibi
2680 3835 2935 3890 Dominus
2960 3850 3141 3890 semen
3167 3837 3233 3890 de
3262 3836 3481 3890 muliere
3510 3838 3612 3890 hac

2035 3938 2133 3994 pro
2177 3922 2384 3978 foenore
2429 3923 2571 3993 quod
2618 3924 2969 3977 commodasti
3021 3923 3279 3987 Domino;
3311 3942 3330 3975 ι
3382 3939 3613 3993 moxque

2036 4013 2309 4082 subiungit
2342 4032 2355 4065 .
2388 4031 2406 4064 ι
2434 4011 2681 4066 Visitavit
2707 4026 2836 4081 ergo
2864 4012 3121 4067 Dominus
3143 4013 3374 4075 Annam,
3405 4022 3461 4067 et
3484 4028 3612 4069 cou-

2034 4103 2195 4172 cepit,
2234 4110 2289 4157 et
2318 4103 2526 4172 peperit
2557 4112 2664 4155 tres
2694 4101 2833 4156 filios
2861 4110 2915 4155 et
2939 4102 3074 4156 duas
3102 4101 3236 4155 filias
3258 4102 3309 4171 (1
3338 4101 3463 4170 Reg.
3491 4103 3606 4170 nl.»

2039 4191 2189 4245 Hanc
2232 4192 2413 4261 itaque
2462 4190 2885 4245 benedictionem
2924 4189 3194 4244 ellicacem
3244 4190 3472 4243 reddidit
3510 4206 3613 4242 non

2039 4282 2285 4334 meritum
2331 4280 2580 4344 hominis,
2608 4280 2701 4334 sed
2739 4280 2974 4334 ollicium
3020 4279 3316 4333 sacerdotis
3347 4296 3358 4330 :
3392 4287 3442 4332 et
3473 4279 3615 4346 quod

2040 4389 2145 4427 non
2190 4373 2419 4427 habebat
2457 4387 2619 4428 causa
2662 4371 2916 4437 ministri,
2957 4372 3127 4426 virtus
3167 4372 3407 4425 exhibuit
3455 4369 3613 4424 inini-

369 4464 575 4517 viscera
606 4462 723 4529 ejus
750 4463 958 4516 interna
990 4462 1307 4530 depascens,
1336 4462 1561 4516 occultis
1583 4476 1707 4515 eum
1727 4463 1938 4531 vapori-
1970 4435 2015 4495 υ
2040 4460 2214 4515 sterii.

368 4554 470 4608 bus
499 4550 874 4621 conflagraret,
903 4560 1165 4622 quatenus
1200 4554 1286 4606 hic
1308 4551 1419 4619 jam
1461 4552 1762 4621 primitivus
1799 4554 1939 4625 ignis

370 4645 715 4709 accenderet,
743 4659 902 4713 quem
934 4643 1145 4697 ﬂanuna
1173 4645 1509 4713 postmodum
1550 4659 1820 4713 nunquam
1847 4646 1939 4700 de-

371 4736 558 4795 ficiens
597 4737 930 4791 absorberet.
974 4734 1103 4788 Tam
1137 4736 1331 4804 quippe
1370 4734 1739 4798 intolerabilis,
1781 4746 1939 4805 atque

372 4827 746 4884 immanissimi
796 4826 1067 4897 languoris
1111 4826 1385 4879 nimietate
1424 4825 1785 4891 constrictus,
1842 4841 1940 4879 nec

372 4920 590 4990 dignam
633 4917 977 4987 cognoscitur
1025 4916 1393 4984 paenitentiam
1445 4914 1747 4984 suscepisse
1775 4954 1790 4979 ,
1844 4928 1943 4968 nec

374 5007 656 5062 mulierum
687 5020 717 5057 a
763 5018 822 5058 se
866 5002 1298 5066 contubernium,
1338 5017 1565 5070 quarum
1611 5003 1773 5056 etiam
1817 5013 1944 5055 tunc

375 5101 718 5173 impudenter
745 5096 822 5151 uti
853 5095 1153 5151 ministerio
1182 5110 1287 5149 non
1316 5096 1624 5158 verebatur,
1657 5094 1821 5148 voluit
1850 5094 1944 5147 ab-

376 5202 613 5247 SCDIII'C.

446 5279 614 5334 Porro
641 5285 821 5333 autem
844 5290 965 5331 cum
998 5272 1323 5341 Redemptor
1348 5281 1530 5325 noster
1552 5272 1734 5338 dicat,
1774 5291 1791 5323 ι
1820 5273 1944 5341 quia

380 5370 434 5424 in
464 5370 631 5438 digito
658 5369 748 5423 Dei
778 5366 996 5436 ejiceret
1025 5366 1138 5435 ipse
1163 5363 1421 5417 daemonia
1452 5362 1601 5433 (Luc.
1631 5363 1729 5433 xi),
1755 5382 1772 5415 ι
1810 5364 1944 5433 digi-

382 5470 470 5514 tus
491 5468 669 5514 autem
698 5462 789 5515 Dei
829 5459 1015 5530 procul
1052 5457 1216 5513 dubio
1250 5455 1485 5523 Spiritus
1514 5465 1732 5509 sanctus
1756 5456 1951 5523 accipi-

384 5558 501 5615 tur;
532 5550 807 5605 evidenter
841 5551 1171 5620 agnoscitur,
1209 5547 1331 5615 quia
1368 5562 1639 5613 nunquam
1679 5547 1947 5599 da‘mones

381 5659 416 5701 c
461 5640 777 5713 corporibus
824 5641 1095 5696 hominum
1140 5641 1239 5695 nisi
1288 5654 1385 5710 per
1420 5639 1669 5693 virtutem
1716 5637 1950 5707 Spiritus

2632 4550 2857 4606 CAPUT
2893 4550 3029 4604 XIX.

2078 4642 2230 4708 Quod
2268 4657 2400 4709 sa'pe
2428 4642 2643 4696 sinistra
2680 4642 2935 4719 principia
2966 4642 3034 4693 ad
3066 4640 3241 4707 felices
3281 4640 3584 4707 proveniunt

2745 4721 2937 4763 exitus.

2114 4819 2250 4886 Quid
2288 4819 2517 4888 denique
2564 4817 2762 4873 ofﬁciat
2811 4817 3169 4881 Simoniacus,
3216 4817 3260 4870 si
3308 4816 3619 4871 ordinandis

2048 4924 2236 4965 manus
2264 4909 2529 4981 imponat,
2550 4924 2669 4962 cum
2716 4923 2888 4976 neque
2915 4909 2966 4961 id
2995 4908 3136 4976 quod
3168 4905 3410 4965 habetur,
3442 4896 3621 4958 aufer-

2050 5015 2126 5064 re,
2157 5013 2327 5067 neque
2349 4997 2489 5067 quod
2510 4997 2766 5052 divinitus
2792 5006 3039 5066 augetur,
3063 4995 3316 5066 praevalet
3344 4994 3621 5049 inhibere?

2047 5088 2178 5143 lllud
2220 5088 2481 5156 siquidem
2510 5086 2745 5141 emlcstis
2775 5087 2958 5156 gratim
2988 5100 3181 5139 munus
3209 5100 3314 5137 non
3360 5084 3427 5137 de
3473 5099 3620 5135 [ιω-υ

2048 5179 2199 5247 snpio
2233 5178 2568 5231 extrinsecus
2612 5176 2923 5245 satageutis,
2953 5173 3045 5228 sed
3094 5172 3161 5227 de
3207 5174 3457 5227 thesauro
3500 5187 3621 5239 pro-

2050 5268 2221 5322 fertur
2256 5266 2594 5320 invisibiliter
2619 5265 2973 5334 przesidentis.
3003 5263 3135 5318 Nam
3172 5263 3271 5318 etsi
3312 5261 3398 5315 fur
3433 5262 3502 5315 sit
3536 5261 3622 5313 ille

2047 5358 2139 5426 q'ui
2165 5355 2420 5416 seminat;
2457 5363 2599 5408 terra
2627 5364 2824 5419 tamen,
2855 5363 3074 5409 auctore
3105 5353 3235 5419 Deo,
3260 5352 3401 5405 vires
3426 5351 3622 5419 germi-

2049 5451 2239 5505 nandis
2266 5448 2506 5518 frugibus
2548 5448 2906 5502 administrat.
2941 5448 3089 5502 Licet
3132 5445 3344 5501 sordida
3392 5444 3462 5497 sit
3505 5458 3619 5495 ma-

2052 5557 2171 5604 nus,
2204 5548 2293 5592 aut
2321 5538 2550 5606 leprosa,
2575 5552 2692 5607 qua:
2720 5537 2952 5606 plantat;
2988 5536 3219 5589 mundus
3245 5543 3390 5588 certe
3414 5529 3620 5583 fructus

2053 5629 2372 5698 decerpitur,
2406 5642 2525 5683 cum
2554 5629 2622 5684 ad
2651 5628 2975 5682 maturitatis
3001 5624 3385 5696 plenitudinem
3428 5634 3618 5691 perve-
