4018 6194
370 307 465 361 151

792 302 850 359 S.
889 298 1089 358 PETRI
1131 297 1413 356 DAMIANI
1451 296 1602 353 OPP.
1645 294 1881 351 TOMUS
1920 294 2052 349 SEU
2091 294 2268 351 PARS
2307 295 2391 350 Ill.
2434 327 2500 336 —
2537 296 2901 354 OPUSCULA
2945 297 3165 353 VARlA.

3508 307 3609 360 152

369 432 474 475 tem
506 435 611 474 non
639 417 834 472 malum
854 458 869 483 ,
908 417 1048 487 quod
1099 414 1210 484 jam
1241 414 1473 469 deletum
1511 413 1699 466 abesse
1726 410 1942 464 videba-
1970 414 2015 467 A
2044 410 2398 474 convertitur,
2444 410 2567 479 quia
2598 412 2662 465 ad
2694 412 2796 465 hoc
2826 422 3191 481 promovetur,
3241 410 3608 473 ut'bzcretiru;

368 522 476 577 tur,
505 510 822 580 extpellitur;
864 509 957 563 sed
1000 509 1232 569 bonum,
1276 503 1418 573 quod
1461 502 1711 557 collatum
1744 500 1940 563 fuerat,

365 614 463 674 per
484 603 754 657 cumulum
778 596 962 671 gratia:
983 598 1240 667 plenioris
1264 603 1509 666 augetur.
1534 592 1943 648 Credendumne

364 700 449 745 est
469 704 617 761 ergo,
652 698 708 742 ut
736 704 874 742 unus
904 688 1154 755 idemque
1184 686 1367 746 homo,
1397 693 1453 737 et
1476 682 1616 751 quod
1646 681 1815 751 majus
1836 689 1938 743 est,

364 796 523 851 agere
556 800 569 833 :
600 790 653 834 et
689 779 829 847 quod
859 778 1035 831 minus
1078 784 1192 839 est,
1222 790 1327 829 non
1366 773 1537 842 possit
1582 771 1839 839 implere?
1871 771 1943 824 At

364 871 607 925 fortassis
639 884 671 923 e
714 867 988 921 contrario
1035 866 1230 919 dicitur
1273 878 1288 915 :
1333 862 1467 928 Quia
1513 859 1655 913 nulla
1692 859 1943 913 videntur

364 966 539 1018 inesse
578 963 680 1015 illis
711 961 986 1015 initiandae
1022 957 1142 1011 fidei
1187 954 1536 1018 rudimentis,
1573 936 1690 1021 qua:
1734 966 1940 1020 nequa—

359 1071 523 1124 quam
564 1054 890 1108 adhibentur
914 1048 1344 1105 consecrationis
1386 1045 1703 1116 peragendae
1743 1054 1941 1113 mystc-

362 1147 475 1207 riis,
511 1154 568 1199 ut
596 1143 846 1196 videiicet
888 1141 1006 1204 sal,
1043 1139 1186 1208 quod
1236 1138 1287 1190 in
1335 1134 1635 1205 neophytos
1676 1133 1936 1197 mittitur;

358 1250 520 1303 aqua,
559 1235 642 1287 cui
686 1230 1039 1300 baptizandus
1084 1227 1449 1296 immergitur;
1491 1225 1727 1279 chrisma
1772 1224 1936 1281 etiam

358 1338 467 1392 quo
512 1322 715 1375 linitur.
754 1320 859 1375 Sed
899 1321 1011 1373 hare
1056 1319 1271 1387 quidem
1326 1332 1422 1385 per
1468 1330 1525 1370 se
1573 1314 1935 1377 considerata,

360 1413 499 1465 nuda
544 1420 669 1465 sunt
713 1410 1008 1473 elementa,
1055 1408 1367 1475 nullumque
1403 1407 1601 1459 habere
1644 1412 1938 1457 noscuntur

356 1506 597 1573 mystica:
639 1501 915 1571 dignitatis
960 1514 1253 1561 arcanum;
1298 1499 1363 1551 ad
1407 1496 1706 1550 orationem
1756 1502 1933 1547 autem

357 1590 677 1653 sacerdotis,
720 1590 877 1659 117
924 1600 978 1644 et
1026 1588 1417 1642 invocationem
1464 1586 1631 1640 divini
1680 1584 1931 1648 nominis,

357 1682 574 1735 virtutis
598 1682 648 1734 in
658 1681 799 1735 lima:
828 1680 1138 1748 concipiunt
1165 1687 1579 1733 sacramentum.
1922 1695 1947 1715 ο

431 1794 546 1848 Non
578 1810 705 1865 ergo
753 1795 805 1848 in
856 1793 1013 1848 rebus
1056 1791 1452 1853 materialibus,
1491 1798 1652 1859 atque
1682 1792 1930 1857 terrenis,

354 1885 450 1940 sed
497 1886 550 1938 in
599 1884 851 1954 precibus
887 1884 1247 1945 sacerdotum,
1280 1891 1335 1936 et
1369 1882 1705 1936 invocatione
1735 1881 1932 1935 divini-

361 1976 484 2028 tatis
507 2014 523 2039 ,
565 1975 678 2028 sive
717 1973 1091 2039 consecrandi,
1122 1974 1235 2026 sive
1263 1972 1568 2042 baptizandi
1596 1981 1931 2025 sacramenta

355 2064 656 2118 consistunt
686 2081 699 2116 :
732 2079 1041 2133 quanquam
1067 2071 1119 2117 et
1145 2062 1198 2116 in
1226 2063 1722 2118 consecrationibus
1745 2077 1928 2117 sacer-

357 2154 541 2205 dotum
591 2151 984 2207 sanctificatum
1047 2149 1222 2205 oleum
1289 2150 1536 2205 videatur
1585 2150 1931 2206 nihilominus

356 2242 620 2297 adhiberi.
662 2243 795 2297 Cum
828 2258 958 2312 ergo
1003 2257 1163 2307 unus,
1192 2241 1443 2310 idemque
1472 2241 1722 2295 videlicet
1751 2240 1928 2294 Simo-

358 2334 545 2387 niacus
590 2334 874 2401 utrobique
916 2332 1298 2387 canoniearum
1345 2330 1652 2385 orationum
1684 2330 1929 2384 ordinem

348 2424 586 2493 expleat,
621 2424 907 2492 utrobique
938 2436 1131 2476 nomen
1162 2422 1462 2477 divinitatis
1489 2421 1811 2493 regulariter
1852 2422 1932 2474 iu-

350 2522 527 2578 voeet,
559 2513 773 2582 quando
802 2528 896 2581 per
919 2528 1041 2566 eum
1074 2514 1125 2565 in
1151 2512 1421 2581 baptismo
1448 2512 1684 2581 Spiritus
1709 2522 1930 2568 sanctus

344 2604 527 2667 datur,
553 2602 820 2671 quomodo
845 2603 896 2656 in
918 2601 1235 2656 sacerdotali
1256 2601 1595 2670 promotione
1618 2617 1722 2654 non
1747 2603 1929 2667 detur,

348 2708 456 2747 non
484 2694 710 2747 rationis
736 2701 984 2761 penetrat
1012 2706 1201 2746 sensus
1227 2730 1242 2755 ,
1286 2704 1392 2744 non
1424 2690 1695 2744 humanus
1720 2691 1927 2745 discer-

348 2785 431 2839 nit
456 2784 699 2838 intuitus.
733 2783 840 2837 Sed
869 2783 1064 2837 dicitur
1088 2796 1119 2835 e
1146 2788 1331 2835 contra
1364 2798 1378 2834 :
1407 2781 1532 2849 quia
1562 2780 1924 2847 Simoniacus,

350 2874 493 2944 quod
522 2888 626 2927 non
656 2872 836 2936 habet,
865 2871 992 2925 dare
1024 2886 1128 2925 non
1156 2878 1357 2941 potest.

419 2985 534 3055 Age
562 2999 713 3054 ergo,
743 2984 871 3053 quid
900 2991 1005 3045 est,
1033 2983 1174 3053 quod
1222 2983 1276 3038 in
1326 2982 1520 3038 faciem
1553 2982 1924 3039 catechumeni

346 3075 607 3129 sacerdos
631 3073 883 3138 insufﬂat,
916 3075 1101 3129 dicens
1133 3091 1146 3127 :
1178 3071 1284 3127 Exi
1314 3074 1378 3127 ab
1411 3089 1491 3139 eo,
1533 3075 1798 3129 immunda
1824 3076 1922 3131 Sa-

346 3173 475 3217 tana
498 3180 517 3229 ;
541 3164 610 3218 da
638 3164 886 3217 honorem
912 3163 1022 3218 Deo
1048 3164 1158 3218 vivo
1185 3173 1233 3217 et
1263 3180 1402 3228 vero,
1432 3163 1500 3217 da
1524 3164 1771 3219 honorem
1798 3164 1923 3234 Spi-

348 3255 475 3308 ritui
506 3264 707 3309 sancto.
739 3254 946 3321 Quibus
980 3255 1167 3324 utique
1196 3254 1386 3308 verbis.
1408 3263 1658 3322 patenter
1682 3254 1925 3308 ostendi-

349 3353 461 3409 tur,
491 3345 616 3413 quia
645 3359 741 3414 per
778 3343 920 3397 illam
970 3342 1210 3397 hominis
1260 3340 1698 3407 insuﬂlationem,
1730 3356 1927 3397 arcano

348 3434 607 3487 nimirum
639 3433 834 3487 divina:
857 3432 1078 3486 virtutis
1102 3440 1295 3501 agente
1324 3431 1605 3501 mysterio,
1630 3439 1684 3486 et
1707 3430 1930 3500 spiritus

347 3524 525 3579 malus
553 3523 860 3593 expellitur,
886 3532 941 3578 et
970 3523 1205 3592 Spiritus
1230 3532 1448 3579 sanctus
1484 3522 1713 3579 introire
1738 3523 1929 3595 digna-

350 3622 461 3668 tur.
495 3612 646 3679 Quod
694 3612 949 3665 nimirum
996 3621 1164 3666 totum
1195 3612 1239 3666 si
1283 3612 1355 3666 ita
1384 3628 1481 3683 per
1511 3612 1927 3668 insufflationem

346 3700 699 3756 nihilominus
729 3700 1042 3766 Simoniaci,
1073 3702 1213 3756 sicut
1241 3709 1298 3756 et
1339 3717 1436 3773 per
1460 3702 1587 3757 boni
1630 3703 1928 3758 sacerdotis

346 3797 603 3867 impletur
645 3795 915 3861 ofﬁcium;
976 3810 1072 3850 cur
1122 3794 1267 3865 quod
1317 3796 1369 3849 in
1420 3810 1527 3849 uno
1586 3805 1928 3849 sacramento

344 3904 505 3959 posse
554 3889 906 3951 conceditur,
974 3902 1134 3957 posse
1198 3886 1364 3940 etiam
1430 3894 1826 3956 consequenter
1876 3886 1929 3940 in

350 3980 524 4034 altero
548 3978 879 4048 denegetur?
916 3976 1049 4030 Nam
1086 3976 1187 4037 etsi
1233 3976 1561 4046 baptismus,
1594 3977 1735 4045 quod
1766 3975 1925 4039 absit,

342 4069 608 4125 venaliter
637 4070 964 4138 prtebeatur,
998 4068 1208 4122 tametsi
1239 4083 1397 4123 sacro
1444 4068 1637 4122 eanoni
1669 4067 1739 4123 sit
1764 4068 1928 4121 vehe-

345 4170 558 4215 menter
578 4160 885 4223 adversum,
909 4174 1251 4228 nequaquam
1278 4160 1604 4214 credendum
1654 4166 1739 4213 est
1761 4158 1930 4226 plenae

348 4258 513 4319 atque
542 4248 792 4318 perfecte
840 4248 1263 4318 regenerationis
1312 4263 1415 4301 non
1446 4246 1698 4300 habuisse
1725 4255 1927 4315 myste-

342 4341 487 4395 rium
521 4356 534 4392 :
569 4340 795 4409 ideoque
825 4339 893 4402 is,
923 4339 1011 4406 qui
1040 4339 1367 4407 baptismum
1417 4337 1516 4391 sub
1557 4337 1658 4390 hac
1687 4337 1930 4405 pecunia:

342 4428 690 4499 praestatione
717 4427 975 4496 suscepit,
1024 4440 1121 4480 nec
1146 4426 1304 4495 digne
1333 4424 1746 4492 rebaptizandus
1779 4438 1928 4477 asse-
1952 4457 2010 4520 υ

344 4517 510 4582 ritur,
542 4531 642 4572 nec
667 4530 861 4585 expers
904 4515 1067 4570 divini
1116 4514 1352 4568 muneris
1372 4513 1665 4582 judicatur.
1695 4512 1847 4578 Quod
1876 4512 1921 4567 si

344 4609 415 4661 ad
444 4616 603 4662 tantae
622 4607 940 4677 pervicacia:
956 4614 1336 4676 prorumpatur
1352 4605 1641 4670 insaniam,
1660 4613 1718 4658 ut
1741 4603 1920 4659 Simo-

341 4700 625 4754 niacorum
647 4699 808 4753 etiam
835 4699 1134 4767 baptismus
1160 4698 1346 4752 irritus
1370 4695 1663 4763 iudicetur,
1696 4694 1785 4749 hic
1816 4709 1921 4748 non

341 4802 533 4846 τιθείη
575 4790 828 4862 fatigetur
869 4791 1149 4853 instantia,
1187 4790 1281 4846 sed
1320 4788 1646 4860 generaliter
1673 4794 1924 4843 occurrat

342 4884 525 4938 omnis
548 4882 830 4937 catholica:
880 4882 1001 4936 fidei
1032 4881 1336 4949 disciplina,
1379 4887 1435 4934 et
1471 4876 1794 4933 universalis
1830 4876 1923 4929 ad-

346 4987 539 5026 versus
572 4986 693 5026 eum
730 4980 970 5025 armetur
998 4970 1238 5025 Ecclesia
1267 4989 1281 5023 :
1311 4971 1434 5039 quia
1462 4970 1715 5024 nimirum
1743 4966 1925 5022 omnia

343 5072 660 5119 sanctorum
688 5062 907 5115 Patrum
936 5060 1237 5115 convellere
1263 5060 1453 5114 nititur
1481 5059 1746 5114 instituta.

925 5169 1153 5227 CAPUT
1192 5169 1332 5225 XXI.

420 5282 577 5347 Quod
606 5281 977 5337 attendendum
1007 5283 1073 5335 sit
1110 5283 1236 5353 quid
1262 5280 1486 5336 sumitur
1507 5320 1522 5346 ,
1576 5294 1680 5335 non
1719 5280 1856 5335 unde

1007 5361 1267 5407 sumatur.

420 5462 489 5515 At
511 5463 760 5520 fortassis
788 5466 921 5520 illud
947 5464 1220 5532 objicilur,
1245 5461 1387 5531 quod
1413 5461 1601 5515 beatus
1629 5477 1768 5531 papa
1791 5462 1924 5518 Gre-

350 5553 534 5623 gorius
578 5557 643 5608 de
680 5556 1110 5611 Simoniacorum
1159 5552 1501 5609 damnatione
1545 5562 1802 5615 testatur,
1846 5554 1927 5606 di-

349 5639 531 5699 ceats‘:
580 5663 597 5697 ι
635 5644 972 5712 Benedictio,
1023 5646 1219 5716 inquit,
1268 5645 1340 5699 illi
1382 5644 1442 5699 in
1490 5644 1921 5699 maledictionem

2043 496 2156 549 fiat.
2207 516 2224 549 ι
2276 498 2570 553 Probamus
2597 514 2786 567 nempe
2817 502 3162 565 sententiam,
3212 519 3311 559 nec
3339 508 3406 559 ab
3435 522 3494 559 ea
3531 511 3610 563 fas

2042 586 2286 642 ducimus
2331 589 2635 643 dissentire.
2688 590 2778 645 llle
2821 592 3085 660 siquidem
3139 594 3484 661 maledictus,
3525 601 3611 654 ille

2042 675 2326 731 haereticus
2349 686 2464 742 est;
2497 678 2587 745 qui
2617 678 2775 743 male,
2814 681 2956 747 quod
2983 680 3179 734 bonum
3211 691 3349 747 erat,
3381 690 3608 754 accepit.

2042 764 2193 831 Quod
2220 777 2496 836 acceptant
2525 777 2607 823 est
2634 778 2835 833 autem,
2865 771 2915 823 in
2947 786 3006 825 se
3033 772 3247 840 quidem
3281 774 3479 829 bonmn
3507 786 3611 841 est,

2041 855 2136 908 sed
2169 855 2449 923 accipienti
2496 856 2697 911 factum
2731 865 2818 911 est
2845 847 3043 911 malum
3077 876 3090 913 :
3119 874 3241 913 nam
3270 870 3326 915 et
3352 862 3609 929 buccella,

2042 944 2129 998 illa
2154 946 2400 1001 videlicet
2428 945 2577 1002 Judze
2604 957 2847 1016 porrecta
2877 947 3057 1016 (Joan.
3083 950 3224 1019 xm),
3249 966 3351 1004 non
3382 953 3448 1007 de
3472 953 3610 1009 bona

2041 1033 2180 1087 facta
2213 1044 2297 1087 est
2323 1034 2459 1087 mala
2493 1049 2508 1087 :
2536 1036 2630 1089 sed
2660 1035 2732 1088 illi
2764 1035 2904 1090 facta
2934 1045 3015 1090 est
3042 1038 3262 1104 malum,
3292 1042 3379 1108 qui
3408 1040 3609 1098 bonum

2040 1142 2149 1181 non
2182 1128 2338 1188 bene,
2369 1128 2493 1195 quia
2522 1128 2735 1196 indigne
2756 1130 2993 1197 suscepit
3021 1148 3033 1181 :
3063 1139 3225 1199 atque
3252 1132 3372 1187 ideo
3398 1134 3441 1187 si
3470 1148 3588 1187 eam

2039 1214 2159 1268 dem
2190 1214 2487 1269 buccellam
2507 1214 2671 1270 Judas
2699 1216 2787 1270 alii
2818 1217 3143 1282 tradidisset,
3170 1219 3367 1274 nullam
3394 1236 3605 1276 sacrum

2040 1318 2235 1356 munus
2262 1302 2317 1355 in
2361 1316 2420 1356 se
2464 1303 2727 1357 maculam
2778 1320 2844 1358 ex
2872 1305 3048 1360 dantis
3083 1307 3239 1376 culpa
3265 1310 3605 1375 contrahere,

2038 1391 2241 1444 nullum
2268 1407 2490 1446 necesse
2514 1391 2690 1447 fuerat
2720 1394 2772 1446 in
2806 1395 3158 1462 accipientem
3193 1399 3496 1468 contagium
3526 1415 3611 1456 re--

2038 1484 2298 1540 dundare.
2347 1486 2619 1554 Hodieque
2662 1487 2826 1541 etiam
2868 1488 2918 1541 si
2969 1489 3035 1541 de
3072 1502 3421 1545 sacrosancto
3449 1490 3607 1545 altari

2040 1576 2376 1630 Dominicum
2412 1591 2608 1645 corpus
2644 1570 2868 1647 quilibet
2916 1579 3163 1649 indignus
3207 1581 3455 1650 accipiat,
3487 1582 3596 1636 alii-

2038 1683 2142 1736 que
2168 1671 2467 1731 contradat,
2496 1670 2655 1739 118
2674 1669 2929 1724 mundum
2957 1680 3040 1724 est
3068 1672 3250 1739 procul
3280 1674 3441 1727 dubio
3464 1676 3604 1744 quod

1960 1763 2011 1824 Β
2038 1758 2324 1829 accipitur,
2357 1775 2456 1814 nec
2487 1761 2680 1815 divina
2716 1763 2901 1831 gratiae
2942 1779 3134 1817 munus
3163 1765 3429 1820 sordentis
3456 1768 3609 1821 mini-

2035 1849 2134 1901 stri
2168 1849 2288 1903 labe
2318 1848 2573 1903 foedatur.
2604 1851 2668 1903 Et
2694 1851 2818 1905 licet
2859 1867 3059 1921 pravus
3083 1855 3311 1923 quisque
3335 1856 3435 1909 sibi
3459 1856 3604 1925 judi-

2035 1940 2177 1994 cium
2224 1942 2550 2007 manducet,
2597 1949 2652 1996 et
2680 1942 2831 1996 bibat
2864 1943 2913 2014 (I
2935 1943 3057 1997 Cor.
3083 1943 3159 2014 ιι)
3183 1986 3199 2009 ,
3244 1946 3373 2000 illud
3405 1955 3606 2011 tamen,

2034 2032 2178 2100 quod
2206 2033 2564 2086 manducatnr
2592 2040 2648 2086 et
2674 2033 2897 2097 bibitur,
2926 2034 3100 2103 gratia
3142 2034 3232 2088 Dei
3268 2044 3369 2089 est.
3409 2014 3603 2090 'Gratia

2032 2121 2178 2174 enim
2232 2120 2327 2174 Dei
2379 2122 2617 2191 gustavit
2684 2132 2955 2187 mortem,
3006 2139 3125 2191 qua:
3169 2132 3255 2178 est
3304 2124 3607 2178 humanitas

2032 2209 2255 2266 Christi.
2284 2210 2474 2266 Omnia
2502 2211 2764 2280 siquidem
2794 2213 2989 2266 munda
3015 2214 3245 2277 mundis,
3273 2213 3607 2268 contamina-

2036 2302 2105 2355 tis
2138 2311 2320 2354 autem
2350 2312 2406 2355 et
2431 2300 2721 2355 immundis
2747 2301 2880 2354 nihil
2922 2309 3006 2355 est
3033 2302 3285 2354 mundum
3319 2300 3444 2370 (Tit.
3469 2300 3532 2370 l).

2108 2393 2166 2446 Si
2209 2407 2339 2462 ergo
2387 2391 2529 2458 quod
2560 2391 2823 2465 mundum
2846 2400 2949 2454 est,
2977 2392 3203 2459 idipsum
3233 2402 3314 2445 est
3340 2391 3605 2445 contami-

2035 2481 2180 2533 natis
2210 2481 2566 2544 immundum,
2600 2478 2873 2534 fatendum
2905 2490 3017 2544 est,
3059 2483 3183 2549 quia
3226 2480 3600 2543 sacerdotium,

2036 2573 2178 2637 quod
2213 2569 2355 2625 bono
2389 2570 2597 2624 scilicet
2637 2586 2797 2625 causa
2844 2571 3141 2638 spiritualis
3177 2580 3263 2625 est
3309 2570 3599 2640 dignitatis.

2034 2660 2344 2716 Simoniaco
2387 2661 2584 2715 factum
2642 2663 2869 2718 materia
2918 2663 3282 2717 damnationis
3326 2680 3339 2715 :
3378 2670 3438 2715 ut
3479 2660 3602 2715 inde

2032 2752 2103 2806 sit
2128 2752 2231 2806 iste
2260 2754 2513 2807 sacerdos
2545 2763 2692 2808 certe
2722 2754 3042 2820 catholicus,
3074 2755 3197 2808 inde
3226 2753 3315 2808 ille
3341 2753 3604 2808 veraciter

2031 2849 2305 2894 asseratur
2327 2841 2626 2896 haereticus.
2660 2840 2770 2896 Nec
2798 2842 2995 2896 mirum
3031 2843 3132 2897 hoc
3155 2842 3209 2897 in
3238 2839 3602 2910 Spiritualibus

2030 2930 2173 2997 fieri,
2203 2947 2324 2989 cum
2354 2940 2409 2988 et
2446 2934 2497 2988 in
2536 2934 2697 2991 rebus
2727 2935 3001 3006 corporeis
3031 2935 3190 2992 facile
3215 2935 3385 3005 possit
3414 2935 3603 2989 eadem

2032 3020 2322 3077 diversitas
2350 3022 2606 3077 inveniri.
2644 3024 2797 3093 Stepe
2832 3025 2974 3079 enim
3014 3025 3206 3088 cibus,
3254 3024 3344 3094 qui
3373 3023 3600 3079 alterum

1953 3117 2001 3182 α
2032 3120 2263 3180 vegetat,
2302 3111 2528 3167 alterum
2576 3123 2783 3183 gravat.
2818 3123 2874 3168 et
2898 3129 2963 3167 ex
2992 3114 3180 3168 eodem
3211 3126 3353 3166 curre
3384 3109 3605 3165 medici-

2030 3199 2169 3253 nalis
2194 3200 2456 3262 antidoto,
2488 3201 2626 3256 alius
2652 3203 2860 3267 interit,
2889 3203 3027 3256 alius
3052 3200 3401 3256 convalescit.
3432 3199 3602 3254 Porro

2030 3303 2167 3343 unus
2195 3298 2279 3344 est
2306 3290 2466 3359 ignis,
2496 3305 2601 3359 quo
2630 3291 2789 3346 simul
2818 3302 2875 3346 et
2918 3306 3041 3345 cera
3076 3290 3344 3359 liquescit,
3372 3298 3426 3343 et
3459 3297 3602 3342 terra

2034 3379 2292 3445 siccatur,
2313 3388 2368 3434 et
2394 3382 2582 3436 eadem
2607 3381 2852 3445 candela,
2876 3397 2994 3449 quae
3018 3382 3138 3451 igne
3166 3378 3521 3443 consumitur,
3550 3385 3607 3431 et

2029 3482 2132 3538 qua
2146 3470 2467 3525 accedentes
2483 3471 3047 3533 utiliterillustrantur,
3068 3471 3352 3539 lumenque
3382 3468 3520 3538 quod
3538 3472 3603 3522 ad

2029 3576 2185 3616 suum
2218 3562 2421 3631 praebet
2444 3563 2747 3631 interitum,
2773 3563 2914 3617 inter
2940 3565 3184 3617 tenebras
3211 3562 3421 3616 videndi
3450 3561 3603 3614 nobis

2030 3649 2232 3707 factum
2261 3660 2348 3706 est
2394 3651 2844 3716 instrumentum;
2892 3651 3020 3720 quid
3054 3665 3181 3721 ergo
3210 3665 3326 3704 mea
3356 3649 3599 3711 interest,

2037 3740 2184 3808 quod
2227 3739 2451 3795 candela
2481 3740 2534 3794 in
2562 3739 2771 3794 cineres
2804 3741 3054 3805 vertitur,
3085 3738 3371 3793 dummodo
3399 3737 3601 3799 lumen,

2028 3832 2173 3900 quod
2211 3832 2283 3886 ab
2311 3846 2374 3887 ea
2404 3839 2677 3887 mutuatus
2706 3846 2825 3887 sum
2855 3871 2871 3896 ,
2917 3832 3047 3886 mihi
3080 3831 3393 3886 indeficiens
3420 3843 3602 3899 persc-

2029 3916 2219 3971 veret?
2261 3917 2480 3981 Ardeat,
2511 3917 2698 3971 ardeat
2727 3916 3093 3982 Simoniacus,
3139 3916 3281 3971 unde
3306 3912 3603 3969 catholicus

2033 4006 2336 4060 illustratur
2366 4022 2380 4058 :
2409 4016 2463 4059 et
2503 4007 2690 4065 eodem
2736 4005 2938 4059 lumine
2962 4046 2977 4070 ,
3025 4020 3131 4072 quo
3161 4005 3282 4059 aliis
3310 4002 3601 4064 ministrat,

2033 4095 2151 4163 ipse
2177 4095 2243 4149 ad
2277 4093 2523 4150 defectus
2547 4095 2630 4149 sui
2662 4098 2911 4150 tenebras
2943 4096 3150 4158 tendat,
3173 4104 3440 4164 quatenus
3461 4092 3602 4161 quod

2033 4188 2211 4253 ardet,
2250 4188 2521 4251 intereat;
2573 4195 2627 4241 et
2673 4188 2814 4255 quod
2859 4186 3214 4240 illuminatum
3264 4192 3392 4248 est,
3437 4184 3601 4237 vivat.

2030 4277 2385 4334 Sacerdotum
2415 4280 2610 4348 quippe
2652 4278 2830 4332 lumen
2875 4279 3245 4345 quazrentibus
3276 4278 3454 4333 lumen
3481 4286 3599 4334 est:

2030 4377 2163 4422 testu
2215 4382 2344 4422 vero
2387 4368 2699 4422 ambitionis
2745 4367 3057 4422 ardentibus
3085 4407 3099 4433 ,
3148 4369 3451 4424 incendium
3484 4379 3599 4427 est.

2032 4459 2183 4526 Quod
2212 4474 2344 4530 ergo
2371 4459 2507 4513 alter
2530 4459 2766 4529 possidet
2792 4460 2857 4513 ad
2901 4461 3133 4529 propriae
3177 4460 3495 4518 defectionis
3522 4465 3602 4516 in-

2032 4551 2275 4614 teritum,
2302 4549 2438 4605 alter
2465 4551 2657 4620 accipit
2690 4552 2754 4605 ad
2786 4552 2973 4605 salutis
2994 4554 3246 4624 augendae
3268 4563 3599 4623 provectum.

2030 4640 2259 4695 Samson
2301 4656 2493 4712 nempe
2519 4643 2584 4697 de
2613 4657 2706 4697 ore
2750 4645 2947 4698 mortui
2992 4645 3161 4701 leonis
3207 4646 3386 4700 favum
3427 4648 3601 4703 mellis

2028 4731 2235 4794 eduxit,
2269 4740 2325 4785 et
2350 4746 2420 4786 ex
2447 4733 2619 4786 arenti
2649 4732 2957 4787 mandibula
3006 4735 3164 4798 asini,
3208 4737 3363 4803 aquis
3389 4750 3447 4790 se
3476 4752 3601 4805 pro-

2029 4822 2321 4877 ﬂuentibus
2366 4823 2586 4877 satiavit
2633 4823 2832 4892 (Judic.
2861 4823 3007 4893 xtv);
3055 4824 3149 4879 sed
3199 4840 3298 4880 nec
3345 4826 3493 4879 aselli
3545 4826 3596 4880 in

2030 4927 2168 4982 aqua
2194 4912 2473 4975 desidiam,
2498 4925 2597 4964 nec
2622 4911 2909 4966 belluinam
2933 4914 3167 4981 gustavit
3191 4914 3245 4966 in
3272 4913 3425 4968 melle
3453 4914 3597 4968 fero-

2024 5001 2163 5055 ciam
2197 5017 2209 5051 :
2244 5000 2529 5069 utrobique
2555 5001 2829 5066 nimirum,
2859 5002 3001 5069 quod
3038 5009 3313 5069 sumptum
3337 5010 3425 5055 est
3441 5000 3593 5068 juxta

2028 5094 2412 5163 pr0prietatem
2458 5108 2609 5145 suam
2663 5091 2715 5145 in
2768 5106 2864 5144 ore
2896 5093 3088 5161 sapuit.
3145 5088 3298 5144 Unde
3327 5099 3596 5160 sumptura

2026 5184 2209 5247 fuerit,
2255 5183 2392 5237 ratio
2434 5198 2760 5252 magnopere
2790 5198 2897 5236 non
2940 5182 3215 5236 discrevit.
3262 5180 3398 5249 Quid
3434 5180 3597 5234 etiam

2027 5277 2247 5339 mirum,
2278 5275 2321 5329 si
2353 5274 2496 5343 quod
2525 5275 2642 5329 ﬁeri
2684 5273 2734 5326 in
2764 5288 2902 5343 aqua
2933 5272 3273 5342 baptismatis
3300 5271 3596 5334 cernimus.

2028 5382 2133 5420 non
2165 5364 2427 5420 dissimile
2453 5363 2580 5431 quid
2625 5362 2743 5418 fieri
2785 5362 2850 5417 de
2881 5360 3202 5417 Simoniacis
3228 5358 3597 5413 arbitremur?
3652 5406 3661 5408 -

2026 5459 2128 5513 Per
2156 5474 2273 5513 eam
2307 5473 2405 5511 nos
2449 5456 2572 5511 novi
2612 5454 2679 5509 in'
2710 5454 2928 5512 Christo
2960 5453 3312 5515 renascimur,
3346 5466 3468 5506 cum
3500 5464 3593 5503 ea-

2026 5552 2145 5606 dem
2175 5565 2311 5618 aqua
2342 5557 2460 5619 post
2485 5548 2755 5618 expletum
2784 5562 2919 5618 opus
2946 5548 2998 5602 in
3026 5546 3263 5603 cloacam
3293 5539 3597 5614 despicabi-

2026 5642 2129 5695 lem
2158 5640 2479 5696 effundatur.
