4018 6194
382 246 478 300 153

952 354 1174 410 CAPUT
1205 357 1370 411 XXII.

376 451 527 516 Quod
556 437 958 502 uec'Novatiani
983 451 1083 500 sint
1107 449 1429 515 deponendi;
1454 464 1543 502 nec
1565 449 1747 501 Ariani
1772 449 1939 502 demto

1002 518 1320 586 baptizandi.

444 632 552 686 Sed
593 630 704 701 jam
755 645 941 685 saeros
977 644 1244 694 canones,
1286 645 1394 700 quo
1418 641 1575 686 vacat
1600 633 1939 701 compendio,

374 732 778 792 perscrutemur
810 737 824 773 :
853 732 908 776 et
933 721 1059 774 licet
1081 720 1363 776 manifesta
1391 723 1678 792 proposita:
1699 725 1943 791 quastio-

372 814 458 868 nis
485 812 678 867 crebro
708 826 812 864 non
838 810 1142 878 reperiatur
1167 810 1345 866 inesse
1377 813 1666 875 sententia,
1700 814 1826 882 quid
1857 821 1940 867 te-

373 903 608 957 nendum
637 901 727 960 sit,
760 900 1079 968 quibusdam
1125 915 1305 954 rerum
1337 901 1712 957 collationibus
1747 918 1942 972 appro-

371 990 576 1044 bemus.
610 989 868 1043 Novimus
895 1003 1124 1056 namque
1142 988 1357 1044 Nicaeno
1385 1000 1643 1045 statutum
1670 1008 1793 1048 esse
1816 1009 1939 1047 con-

371 1081 520 1145 cilio,
551 1078 994 1147 utCathari,tqui
1025 1078 1093 1132 ad
1122 1078 1451 1135 Catholicam
1479 1091 1822 1137 revertuntur
1847 1084 1941 1138 Ec-

370 1170 608 1236 clesiam,
643 1171 1040 1240 impositiouem
1083 1171 1416 1228 solummodo
1457 1190 1648 1230 manus
1677 1176 1940 1245 accipien-

370 1265 470 1322 tes,
501 1258 556 1311 in
584 1259 696 1312 suis
726 1258 1054 1328 recipiantur
1077 1259 1378 1316 ordinibus.
1409 1261 1519 1317 Cur
1542 1264 1667 1328 hoc,
1687 1265 1787 1319 nisi
1811 1266 1936 1334 quia

368 1347 496 1403 illud
536 1349 911 1404 hzereticorum
956 1364 1126 1420 genus
1153 1350 1206 1404 in
1239 1353 1523 1409 catholicae
1550 1356 1671 1410 ﬁdei
1719 1357 1939 1426 integri-

369 1446 478 1492 tate
501 1437 832 1508 persisteret,
861 1438 988 1494 licet
1018 1439 1070 1494 in
1103 1441 1420 1510 quibusdam
1449 1446 1570 1499 aliis
1599 1449 1939 1517 superstitio-

366 1527 525 1585 nibus
549 1528 898 1582 oberrarent?
943 1528 1136 1584 Notum
1186 1549 1420 1603 namque
1473 1537 1631 1607 119
1659 1549 1759 1599 est,
1794 1541 1937 1609 quod

364 1616 626 1678 Novatus,
665 1618 818 1686 cujus
849 1618 884 1672 ii
915 1622 1276 1687 sequebantur
1299 1639 1561 1690 errorem,
1599 1628 1933 1700 dogmatiza-

364 1715 536 1774 vcrat,
570 1723 742 1776 neque
777 1709 1003 1779 bigamis
1029 1715 1449 1780 communicare,
1483 1733 1654 1786 neque
1673 1695 1728 1773 in
1756 1736 1936 1789 perse-
1966 1695 2009 1752 Β

363 1797 582 1850 cutione
607 1798 790 1866 lapsis,
819 1800 978 1853 etiam
1004 1809 1120 1869 post
1149 1803 1542 1871 pcenitenliam,
1569 1809 1778 1864 veniam
1806 1813 1934 1867 dare

360 1895 627 1954 oportere.
674 1887 730 1940 Si
771 1903 900 1958 ergo
927 1897 980 1942 et
1009 1889 1086 1951 hi,
1117 1892 1206 1959 qui
1234 1889 1347 1959 jam
1389 1896 1456 1950 ab
1485 1895 1571 1950 his
1610 1910 1734 1954 sunt
1764 1901 1932 1956 luere-

362 1977 482 2031 ticis
511 1978 768 2043 ordinati,
792 1996 1126 2050 nequaquam
1151 1999 1248 2040 suo
1278 1995 1404 2041 sunt
1432 1989 1638 2045 honore
1662 1993 1930 2061 privandi,

365 2068 432 2122 ob
463 2068 513 2122 id
543 2069 768 2134 scilicet,
801 2072 925 2138 quia
953 2086 1140 2127 eorum
1168 2087 1576 2136 consecratores
1606 2082 1657 2136 in
1690 2083 1794 2139 fide
1823 2101 1930 2140 non

360 2156 611 2220 titubant,
641 2159 768 2226 quid
795 2158 861 2212 de
891 2157 1323 2218 Simoniacorum
1354 2166 1784 2226 ordinationibus
1810 2187 1930 2226 scn-

362 2247 620 2313 tiendum,
654 2247 746 2317 qui
791 2257 844 2302 ct
881 2251 1062 2304 omnia
1109 2250 1222 2307 fere
1269 2254 1626 2313 institutionis
1679 2261 1932 2316 ecclesia-

361 2338 511 2391 sticm
536 2336 661 2406 jura
687 2343 1050 2396 conservant?

427 2429 499 2482 At
549 2429 795 2486 fortassis
832 2434 1084 2502 olijicitur
1111 2439 1237 2507 quia
1271 2439 1562 2497 Simoniaci
1595 2459 1930 2515 nequaquam

361 2528 484 2574 sunt
513 2521 567 2574 in
597 2521 698 2576 fide
726 2522 970 2591 perfecti,
1001 2527 1250 2584 nimirum
1274 2542 1563 2602 peccantes
1593 2536 1644 2589 in
1675 2535 1934 2606 Spiritum

362 2621 629 2676 sanctum,
681 2629 840 2684 quem
889 2617 1222 2674 arbitrantur
1264 2626 1509 2692 pecuniis
1558 2629 1930 2683 coemendum.

359 2699 438 2753 Ad
463 2702 606 2770 quod
638 2702 794 2758 facile
840 2708 1248 2777 respondemus,
1289 2714 1414 2782 quia
1443 2715 1488 2769 si
1537 2713 1652 2771 bare
1680 2719 1935 2785 districtio

359 2803 602 2845 censurae
644 2791 917 2847 subtilitas
965 2804 1242 2864 teneatur,
1295 2802 1459 2857 etiam
1518 2805 1570 2858 in
1622 2804 1936 2862 Novatianis

357 2888 545 2932 contra
577 2879 836 2951 Spiritum
880 2897 1124 2942 sanctum
1154 2890 1560 2958 quodammodo
1595 2895 1748 2966 culpa
1776 2899 1934 2968 perﬁ-

358 2965 459 3021 dize
490 2971 778 3038 reperitur.
811 2972 946 3027 Nam
975 2992 1095 3030 cum
1124 2994 1221 3050 per
1252 2980 1516 3050 Spiritum
1551 2965 1815 3050 sanctum,
1842 2987 1930 3056 qui

357 3067 438 3113 est
477 3062 727 3117 remissio
755 3075 1116 3133 peccatorum,
1147 3072 1302 3126 venia
1332 3075 1722 3141 pmnitentibus
1747 3093 1934 3132 corce-

357 3147 546 3215 datnr,
593 3150 806 3207 cons'tat
831 3156 1014 3224 procul
1062 3157 1226 3214 dubio
1288 3163 1414 3230 quia
1453 3172 1635 3218 contra
1677 3165 1934 3234 Spiritum

356 3249 604 3295 sanctum
653 3253 886 3312 pugnat,
929 3248 1019 3316 qui
1069 3247 1236 3319 lapsis
1283 3267 1381 3322 per
1418 3255 1789 3322 pcenitentiam
1827 3273 1933 3312 non

354 3331 741 3386 communicat.
772 3332 878 3388 Sed
911 3335 1054 3390 aliud
1084 3349 1169 3393 est
1194 3341 1246 3394 in
1288 3340 1390 3396 fide
1417 3358 1660 3412 peccare,
1688 3345 1830 3399 aliud
1854 3355 1933 3400 cst

355 3431 384 3470 a
419 3419 524 3473 (ide
554 3421 828 3477 recedere.
862 3424 1036 3479 Aliter
1066 3444 1259 3498 nempe
1289 3431 1692 3503 redarguendus
1719 3446 1799 3490 est
1829 3437 1932 3491 mi-

352 3507 451 3574 les,
480 3511 572 3579 qui
614 3513 667 3565 in
699 3513 824 3568 belli
858 3516 1194 3574 conﬂictibus
1234 3523 1506 3580 encrviter
1529 3527 1746 3593 cecidit,
1779 3529 1936 3584 aliter

359 3599 444 3654 ille
468 3601 806 3671 plectendus,
834 3607 922 3675 qui
954 3607 1214 3676 abjuratis
1241 3613 1444 3669 militiae
1472 3618 1843 3682 sacramentis,
1866 3617 1933 3674 ad

355 3692 589 3748 hostium
605 3706 785 3751 castra
804 3699 1078 3755 dedititius
1101 3703 1408 3775 transfugit.
1429 3707 1546 3762 Non
1568 3709 1755 3764 eadem
1777 3724 1934 3765 servo

351 3797 511 3852 poena
543 3785 791 3854 debetur,
819 3789 908 3858 qui
958 3789 1008 3842 in
1057 3791 1366 3849 domesticis
1412 3797 1572 3851 rebus
1599 3799 1697 3852 sub
1727 3799 1932 3854 domini

351 3875 432 3927 sui
466 3876 693 3944 imperio
730 3888 935 3947 peccat,
964 3891 1017 3935 et
1056 3880 1152 3947 illi,
1186 3886 1275 3952 qui
1307 3883 1496 3956 jugum
1530 3890 1804 3944 servitutis
1834 3906 1929 3945 ex-

350 3963 542 4026 cussit,
576 3979 641 4020 ac
681 3964 772 4034 jus
822 3977 1098 4027 extraneae
1128 3972 1508 4030 dominationis
1559 3977 1737 4047 elegit.
1781 3979 1932 4035 Licet

349 4053 494 4107 enim
529 4055 615 4110 isti
667 4057 721 4110 in
771 4061 953 4129 regula
988 4061 1110 4116 fidei
1142 4078 1204 4118 ex
1239 4064 1421 4135 aliquo
1462 4066 1743 4120 videantur
1771 4068 1932 4124 otl’en-

349 4144 501 4208 dere,
534 4160 640 4200 non
671 4154 851 4202 tamen
879 4159 1123 4218 eatenus,
1170 4163 1228 4207 ut
1270 4153 1529 4224 Spiritum
1574 4167 1820 4212 sanctum
1851 4175 1933 4213 ar-

348 4236 545 4303 guendi
592 4238 702 4292 sint
745 4239 998 4296 haeretica
1039 4245 1309 4312 pravitate
1350 4261 1568 4317 negare.
1607 4246 1785 4318 Atque
1813 4250 1931 4305 ideo

1145 203 1390 302 lorusc.
1431 245 1512 298 vt.
1545 273 1614 284 -
1646 243 1845 298 manu
1885 244 1999 311 om
2039 244 2309 300 DlCtTUlt
2349 243 2823 302 cmrnssmus.

3502 250 3605 304 154

1972 367 2011 422 Α
2044 359 2344 427 reliquerit.
2366 362 2466 415 hoc
2489 363 2653 416 etiam
2681 364 2781 417 sub
2806 361 3042 430 ejusdem
3065 363 3255 419 litteris
3285 364 3604 422 inseramus.

2044 449 2292 512 Arianos,
2326 449 2517 518 inquit,
2551 461 2880 520 craterasque
2919 450 3219 520 httjusmodi
3250 463 3427 522 pestes
3455 456 3608 510 dcte-

2042 546 2249 591 stamur
2280 555 2292 589 :
2326 540 2450 607 quia
2480 553 2664 594 eorum
2709 540 2876 595 laicos
2903 556 3192 596 conversos
3220 544 3287 596 ad
3321 543 3608 600 Dominum

2041 629 2141 682 sub
2172 629 2405 699 imagine
2448 631 2796 699 pmnitentiae,
2827 647 2890 686 ac
2915 633 3085 687 sancti
3113 634 3344 703 Spiritus
3371 636 3610 691 sanctiti«

2040 716 2252 772 catione
2294 732 2391 785 per
2420 733 2610 772 manus
2654 719 3050 789 impositiouem
3097 722 3420 792 suscipimus
3455 741 3468 777 :
3499 740 3606 779 non

2037 806 2248 862 videtur
2273 806 2496 861 clericos
2518 822 2701 862 eorum
2732 825 2854 863 cum
2879 811 3181 866 sacerdotio
3207 811 3486 866 ministerii
3514 828 3609 867 cu-

2035 896 2264 965 juspiam
2288 897 2560 965 suscipere
2582 898 2916 968 dignitatem.
2937 900 3198 966 Quoniam
3223 903 3415 971 quibus
3435 903 3607 958 solum

2040 985 2364 1055 baptismum
2414 997 2589 1042 ratum
2634 1003 2755 1043 esse
2799 991 3179 1058 permittimus,
3208 992 3297 1061 qui
3336 994 3520 1062 utique
3552 995 3606 1048 in

2042 1080 2261 1134 nomine
2289 1078 2488 1144 Patris,
2521 1089 2574 1133 et
2597 1079 2741 1145 Filii,
2769 1090 2824 1134 et
2848 1080 3078 1149 Spiritus
3105 1083 3275 1137 sancti
3306 1083 3603 1153 perficitur,

2039 1186 2137 1226 nec
2163 1179 2406 1226 sanctum
2435 1170 2694 1240 Spiritum
2726 1186 2817 1226 eos
2847 1170 3045 1225 habere
3082 1185 3146 1226 ex
3179 1171 3268 1226 illo
3297 1187 3484 1228 eorum
3511 1172 3605 1226 ba-

2037 1261 2322 1330 ptismate,
2371 1261 2583 1328 illisque
2628 1260 2896 1332 mysteriis
2941 1262 3304 1325 arbitramur;
3347 1263 3606 1332 quoniam

2036 1367 2158 1406 cum
2187 1366 2214 1404 a
2261 1350 2524 1406 catholica
2573 1350 2677 1405 fide
2726 1365 2912 1404 eorum
2960 1361 3208 1406 auctores
3244 1353 3603 1418 discederent,

2036 1443 2424 1512 perfectionem
2453 1441 2704 1511 Spiritus,
2729 1455 2888 1509 quam
2918 1454 3256 1508 acceperant,
3279 1445 3601 1507 amiserunt,

2037 1548 2134 1588 nec
2163 1532 2291 1586 dare
2320 1532 2435 1599 ejus
2462 1531 2845 1600 plenitudinem
2877 1541 3120 1599 possunt,
3149 1547 3267 1600 qua:
3296 1532 3526 1586 maxime
3551 1531 3604 1585 in

2036 1624 2467 1680 ordinationibus
2521 1631 2814 1690 operatur;
2872 1621 3127 1689 quoniam
3175 1637 3270 1690 per
3319 1621 3612 1689 impietatis

2037 1730 2145 1767 suae
2191 1713 2468 1786 perfidiam
2517 1712 2692 1781 potius
2744 1712 2902 1781 120
2945 1727 3104 1780 quam
3154 1711 3310 1765 fidem
3357 1711 3610 1777 dixerim,

2037 1805 2418 1873 perdiderunt;
2455 1817 2550 1857 nec
2581 1801 2698 1855 fieri
2722 1810 2918 1871 potest,
2947 1810 3005 1856 ut
3029 1816 3212 1855 eorum
3243 1801 3500 1870 profanos
3525 1817 3614 1858 sa-

2036 1896 2283 1950 cerdotes
2312 1895 2504 1964 dignos
2531 1893 2735 1948 Christi
2777 1892 3070 1946 honoribus
3100 1891 3445 1955 arbitremur,
3477 1907 3612 1961 quo.

2036 1999 2152 2037 rum
2187 1983 2352 2038 laicus
2385 1981 2758 2050 imperfectos,
2808 1990 2870 2034 ut
2913 1979 3046 2044 dixi,
3076 1981 3139 2033 ad
3171 1981 3342 2034 sancti
3375 1978 3612 2049 Spiritus

2033 2072 2434 2141 percipiendam
2473 2072 2700 2140 gratiam
2746 2085 2866 2125 cum
2894 2067 3225 2139 poenitentia:
3256 2069 3486 2138 imagine
3519 2085 3604 2124 re-

2032 2161 2317 2230 cipiamus.
2366 2161 2423 2215 ln
2474 2161 2670 2231 quibus
2716 2160 2971 2213 nimirum
3018 2157 3380 2212 decretalibus
3427 2158 3612 2214 verbis

2034 2252 2317 2308 manifeste
2345 2253 2503 2306 datur
2525 2251 2772 2322 intelligi,
2803 2251 2927 2318 quia
2955 2249 3008 2304 in
3045 2248 3469 2318 promotionibus
3499 2249 3612 2304 cle-

2034 2343 2289 2407 ricorum,
2322 2358 2428 2396 non
2464 2342 2732 2396 immerito
2778 2340 2908 2394 fides
2947 2338 3248 2394 ordinantis
3292 2339 3610 2402 attenditur,

2033 2446 2098 2485 ex
2127 2447 2232 2500 qua
2263 2432 2513 2486 videlicet
2557 2432 2770 2500 pendet,
2810 2439 2869 2483 ut
2895 2429 3165 2483 ordinatio
3193 2429 3303 2496 ipsa
3331 2428 3445 2493 sive
3470 2437 3612 2493 rata,

2041 2523 2156 2576 sive
2184 2523 2334 2576 irrita
2358 2522 2647 2589 judicetur.
2699 2521 2850 2587 Quod
2897 2521 3039 2576 enim
3070 2527 3216 2574 tenet
3249 2519 3529 2574 ordinator
3555 2520 3609 2574 in

2038 2610 2159 2674 fide,
2185 2610 2380 2680 accipit
2403 2611 2683 2666 ordinatus
2711 2611 2763 2664 iu
2797 2623 3040 2662 munere.
3067 2607 3355 2660 Enimvero
3379 2607 3422 2660 si
3450 2608 3610 2663 Aria-

2035 2703 2119 2756 nis
2137 2712 2280 2756 recta
2312 2701 2444 2756 fides
2472 2701 2691 2764 inesset,
2716 2701 2927 2756 etiamsi
2955 2713 3050 2753 eos
3076 2698 3360 2766 cujuslibet
3386 2700 3614 2756 diversa:

2035 2793 2314 2861 pravitatis
2339 2808 2492 2847 error
2519 2792 2825 2854 involverit,
2856 2789 2994 2845 facta
3026 2789 3167 2858 apud
3206 2805 3298 2846 eos
3324 2805 3612 2847 consecra-

2037 2883 2109 2937 tio
2137 2899 2242 2937 non
2271 2883 2490 2951 periret.
2523 2880 2683 2953 (Vide
2706 2880 2892 2951 schol.)
2929 2880 3025 2935 Ubi
3068 2882 3383 2945 notandum,
3410 2893 3613 2951 quanta

2037 2976 2358 3030 invocationi
2386 2975 2552 3030 divini
2586 2975 2818 3029 nominis
2845 2975 3150 3029 reverentia
3176 2974 3456 3043 debeatur,
3485 2993 3609 3032 cum

1987 3070 2005 3090 ‘
2039 3066 2179 3120 etab
2205 3067 2283 3120 eis
2312 3066 2587 3135 baptizati,
2617 3080 2754 3134 quos
2783 3073 2890 3118 tam
2918 3065 3144 3132 perﬁda,
3172 3073 3232 3119 ut
3259 3065 3331 3119 ita
3359 3065 3611 3132 dixerim,

2040 3153 2173 3206 fides
2202 3154 2460 3215 damnat,
2505 3153 2825 3220 rebaptizari
2875 3160 3054 3205 tamen
3099 3151 3318 3206 omnino
3359 3169 3462 3208 non
3512 3170 3612 3207 au-

2037 3241 2214 3294 deant.
2257 3240 2389 3294 Nam
2418 3241 2544 3309 quia
2574 3248 2823 3295 auctores
2853 3254 3064 3303 eorum,
3109 3249 3168 3295 ut
3197 3241 3415 3308 dicitur,
3449 3243 3606 3298 fidem

2037 3342 2241 3386 rectam
2269 3346 2374 3385 non
2402 3331 2707 3385 habuerunt
2749 3330 2815 3384 ad
2863 3329 3261 3399 percipiendam
3287 3331 3458 3388 sancti
3487 3332 3611 3402 Spi-

2036 3423 2172 3475 ritus
2203 3421 2459 3490 gratiam,
2489 3435 2680 3475 manus
2708 3420 2812 3474 illis
2841 3420 3167 3488 imponitur;
3219 3421 3346 3489 quia
3393 3437 3522 3475 vero
3553 3422 3608 3476 in

2038 3533 2232 3585 aquam
2280 3524 2408 3572 sunt
2452 3517 2551 3571 sub
2597 3515 2934 3576 invocatione
2963 3524 3163 3568 sanctae
3188 3514 3469 3568 Trinitatis
3503 3515 3606 3568 im-

2034 3607 2218 3666 mersi,
2249 3622 2351 3659 non
2384 3615 2508 3661 sunt
2549 3606 2722 3661 denuo
2765 3604 3095 3675 baptizandi.
3126 3603 3259 3658 Cum
3289 3603 3468 3673 itaque
3495 3604 3611 3660 sola

2037 3699 2152 3753 sine
2183 3699 2284 3752 fide
2313 3699 2476 3753 verba
2522 3699 2620 3754 sub
2670 3699 2926 3752 hreretiea
2973 3697 3297 3750 Arianorum
3348 3697 3612 3767 supersﬁ-

2035 3789 2180 3844 tione
2207 3789 2434 3859 prolata.
2468 3805 2571 3844 non
2600 3789 2830 3843 audeant
2861 3789 3012 3842 irrita
3033 3786 3288 3855 judicari,
3314 3803 3422 3856 quo
3446 3796 3606 3858 pacto

2036 3880 2463 3936 Simoniacorum
2490 3882 2826 3936 consecratio
2853 3883 3016 3934 robur
3044 3896 3149 3934 non
3175 3881 3387 3945 habeat,
3419 3881 3470 3935 in
3497 3897 3607 3951 qua

2035 3988 2156 4029 eum
2193 3975 2325 4037 fide,
2370 3984 2424 4026 ct
2469 3983 2660 4025 czetera
2706 3971 3066 4026 observantia:
3115 3970 3377 4041 regularis
3425 3985 3607 4027 sacra-

2033 4073 2212 4119 menta
2241 4063 2619 4119 concordant?

2593 4149 2819 4205 CAPUT
2859 4149 3044 4228 xxnt.

2037 4244 2190 4310 Quod
2219 4243 2618 4297 consecrationis
2643 4243 2854 4310 e/Iectus
2882 4242 3003 4310 fidei
3035 4240 3217 4293 nititur
3239 4239 3606 4308 fundamento.

348 4339 470 4379 cum
513 4337 876 4398 revertuntur,
903 4332 1157 4402 quoniam
1194 4345 1574 4403 peccaverunt,
1611 4353 1802 4396 manus
1825 4341 1929 4396 illis
1960 4365 2006 4424 ι)
2105 4333 2181 4387 De
2207 4331 2498 4386 Donatistis
2527 4345 2753 4424 (μιοςιιιεί
2769 4331 3015 4424 ηογῑῐηξιδ
3043 4330 3179 4424 (Atili
3223 4337 3405 4424 εονξξζα
3427 4328 3610 4424 (frg-Wo

349 4411 730 4482 imponuntur;
783 4420 908 4488 quia
955 4435 1086 4480 vero
1122 4423 1343 4477 minime
1371 4436 1720 4496 negaverunt,
1753 4443 1930 4485 sacer-

349 4503 543 4558 dotalis
566 4508 766 4575 gradus
786 4508 964 4564 otlicio
986 4525 1091 4565 non
1115 4513 1412 4581 privantur.
1431 4514 1500 4567 At
1520 4524 1706 4570 contra
1721 4518 1926 4582 Ariani,

350 4594 438 4661 qui
476 4593 742 4651 adversus
776 4596 1012 4666 Spiritus
1059 4602 1232 4657 sancti
1277 4603 1609 4660 divinitatem
1642 4607 1926 4663 manifesta

349 4697 574 4750 prorsus
623 4684 904 4755 impietate
951 4689 1271 4761 confligunt,
1321 4693 1388 4747 ad
1417 4693 1734 4750 catholicam
1766 4696 1923 4752 fidem

348 4775 660 4839 redeuntes,
697 4776 749 4829 in
782 4777 905 4831 mali
942 4781 1149 4850 accepti
1189 4782 1395 4839 ordinis
1441 4784 1734 4853 persistere
1760 4786 1926 4856 digni-

349 4868 460 4917 tate
484 4880 591 4918 non
619 4874 865 4934 possunt.
895 4867 1134 4926 Credunt
1168 4872 1333 4938 enim,
1374 4871 1515 4928 sicut
1549 4888 1736 4929 eorum
1767 4877 1926 4932 sacri-

351 4947 468 5015 lcga
506 4947 772 5018 professio
810 4951 1144 5020 manifestat,
1172 4956 1315 5025 quod
1358 4955 1522 5012 Pater
1567 4966 1782 5013 creator
1831 4960 1922 5026 sit,

351 5036 516 5092 Filius
546 5049 816 5101 creatura,
859 5040 1120 5110 Spiritum
1159 5059 1288 5100 vero
1333 5055 1581 5101 sanctum
1623 5057 1925 5104 creaturam

351 5141 610 5186 erratum
638 5131 1016 5189 damnabiliter
1043 5145 1374 5195 asseverant.

419 5221 555 5288 Quia
585 5222 752 5300 igitur
790 5224 1045 5279 virtutem
1091 5227 1262 5286 sancti
1308 5227 1541 5296 Spiritus
1574 5229 1628 5283 in
1673 5229 1775 5284 fide
1817 5247 1924 5286 non

353 5309 572 5373 habent,
597 5325 706 5379 qua
751 5311 994 5368 videlicet
1013 5315 1189 5369 omnis
1216 5316 1469 5372 Ecclesia:
1491 5317 1765 5388 dignitatis
1793 5320 1926 5375 ordo

352 5399 649 5465 perﬁcitur,
681 5401 820 5469 apud
857 5418 949 5457 eos
995 5402 1134 5458 facta
1183 5406 1453 5462 ordinatio
1482 5407 1760 5462 canonicis
1808 5423 1924 5463 san-

354 5488 621 5542 ctionibus
656 5490 808 5543 irrita
842 5491 1136 5559 judicatnr.
1178 5493 1282 5548 Sed
1313 5510 1418 5549 non
1448 5495 1544 5550 abs
1572 5511 1632 5550 re
1660 5495 1776 5551 fieri
1812 5513 1927 5551 cre-

354 5577 547 5642 dimus,
575 5579 621 5632 si
639 5579 766 5648 quid
790 5581 855 5635 dc
879 5582 944 5636 iis
970 5583 1021 5637 in
1049 5583 1162 5638 suis
1175 5582 1769 5642 Decretislnnocentius
1790 5602 1926 5661 papa

2032 4439 2200 4492 grain.
2228 4462 2243 4487 ,
2288 4421 2378 4475 lib.
2406 4437 2466 4486 tt,
2494 4436 2543 4475 c.
2579 4419 2658 4488 9.)
2715 4419 3125 4490 Carthaginiensi
3170 4418 3397 4472 concilio
3441 4419 3616 4475 fuisse

2032 4524 2372 4574 concessum,
2412 4517 2471 4562 ut
2498 4523 2619 4562 cum
2659 4509 2726 4562 ad
2751 4508 3010 4561 unitatem
3037 4507 3359 4562 catholicam
3385 4508 3613 4578 quilibet

2030 4615 2215 4653 eorum
2260 4599 2436 4654 redire
2481 4600 2825 4667 disponeret,
2874 4597 2917 4652 si
2969 4597 3070 4651 hoc
3121 4597 3238 4665 paci
3288 4595 3616 4653 Christianae

2031 4689 2284 4757 prodesse
2323 4688 2634 4748 videretur,
2687 4701 2808 4740 eum
2853 4700 2952 4741 suo
3001 4684 3336 4753 reciperetur
3378 4686 3606 4742 honore.

2035 4780 2184 4834 Sicut
2211 4787 2386 4833 autem
2420 4779 2472 4831 in
2499 4777 2732 4846 generali
2779 4776 3055 4830 hrereseon
3085 4776 3491 4830 enumeratione
3519 4776 3611 4830 di-

2032 4869 2280 4934 dicimus,
2311 4867 2601 4922 Donatistae
2627 4881 2732 4919 non
2763 4863 3051 4919 admodum
3099 4871 3227 4918 sunt
3267 4862 3394 4920 ﬁdei
3421 4879 3612 4921 errore

2035 4958 2288 5017 traducti.
2322 4957 2414 5012 sed
2458 4955 2580 5010 irati
2626 4955 2827 5024 potius,
2853 4954 2989 5024 quia
3035 4953 3361 5010 Caecilianus,
3385 4953 3610 5025 quidam

2035 5059 2223 5104 contra
2249 5063 2436 5103 eorum
2463 5054 2644 5100 votum
2672 5045 2728 5100 in
2753 5044 3164 5114 Carthaginensi
3209 5045 3610 5100 inthronizatus

2033 5140 2106 5195 sit
2131 5140 2280 5204 sede,
2308 5139 2542 5194 schisma
2578 5137 2839 5195 fecerunt.
2877 5146 2933 5191 et
2965 5137 3035 5190 ab
3061 5135 3428 5191 ecclesiastica
3457 5149 3607 5190 com-

2033 5230 2289 5284 munione
2332 5227 2540 5298 praacisi
2583 5235 2710 5281 sunt
2756 5243 2769 5277 :
2814 5235 2870 5280 et
2903 5238 3210 5294 quanquam
3255 5233 3468 5278 certum
3513 5223 3608 5288 sit,

2032 5318 2173 5386 quod
2205 5316 2464 5386 Spiritum
2510 5324 2780 5379 sanctum,
2809 5314 2912 5369 nisi
2958 5315 3095 5367 intra
3140 5323 3381 5366 sanctam
3418 5311 3607 5366 Eccle-

2033 5409 2167 5462 siam
2215 5407 2533 5462 catholicam
2580 5419 2738 5459 nemo
2785 5405 2955 5473 possit
2993 5402 3284 5469 accipere:
3325 5401 3466 5470 apud
3514 5414 3612 5456 eos

2033 5506 2209 5550 tamen
2243 5498 2466 5567 quilibet
2499 5496 2802 5559 ordinatus.
2837 5496 2880 5549 si
2910 5493 3026 5562 paci
3071 5493 3172 5547 ltoc
3202 5492 3469 5557 consulat,
3500 5505 3609 5545 non

2031 5586 2277 5656 privatur
2301 5588 2526 5652 honore,
2553 5585 2676 5653 quia
2719 5593 3031 5653 perseverat
3058 5583 3109 5637 in
3151 5581 3275 5638 (ide.
3319 5581 3456 5638 Cum
3479 5595 3622 5673 ergo‘
