4018 6194
369 295 471 353 (55

790 288 848 345 S.
890 283 1107 357 PETR1_
1132 282 1411 339 DAMIANI
1456 281 1607 338 OPP.
1649 278 1885 335 TOMUS
1924 274 2055 333 SEU
2098 275 2276 331 PARS
2316 275 2399 331 lll.
2433 306 2499 315 —
2531 273 2893 331 OPUSCULA
2932 272 3161 329 VARIA.

3510 277 3610 331 ηδ

372 406 665 469 dmntista,
688 403 780 473 qui
801 401 985 473 procul
1013 400 1174 454 dubio
1197 396 1574 453 schismaticus
1593 404 1697 457 est,
1719 403 1772 447 et
1796 394 1934 446 dono
1962 398 2008 455 Α
2038 388 2263 445 inveniri
2315 403 2418 441 non
2466 395 2658 456 potest.
2691 385 2828 452 Quid
2877 400 3006 454 ergo
3050 400 3179 438 caus
3198 402 3226 439 e
3256 395 3360 451 es',
3391 396 3447 440 ut
3487 404 3610 444 cum

369 500 536 555 cuncti
569 498 802 567 Spiritus
830 495 1092 565 probatur
1114 491 1342 551 alienus,
1368 489 1420 542 in
1452 486 1689 557 percepti
1718 485 1935 539 honoris

368 593 554 647 ordine
605 589 782 643 valeat
835 584 1123 654 aliquoties
1163 594 1521 651 permanere,
1570 578 1687 631 luce
1737 576 1937 631 clarius

368 690 600 743 constat,
632 678 761 747 quia
800 673 1135 730 consecratio
1178 686 1282 726 non
1317 667 1571 731 ordinati,
1602 665 1685 719 vel
1720 665 1938 720 ordina-

372 773 503 828 toris
531 782 615 825 est
659 768 909 824 meritum
939 807 953 831 ,
998 764 1091 819 sed
1125 764 1191 818 ad
1235 762 1516 829 utriusque
1555 759 1732 827 potius
1777 757 1937 812 ﬁdem

372 874 543 917 totum
592 861 813 929 respicit
859 866 1279 913 sacramentum.
1320 853 1467 906 Alias
1507 851 1621 905 sive
1658 850 1937 905 Donatista

370 954 702 1020 Donatistam
724 992 738 1015 ,
786 951 899 1005 sive
934 949 1261 1002 Novatianus
1303 944 1656 998 Novatianum
1688 942 1754 995 ad
1783 940 1942 997 cleri-

371 1054 525 1098 catus
562 1044 683 1112 jura
720 1049 1053 1112 promoveat,
1083 1051 1199 1106 qute
1234 1042 1318 1089 est
1349 1035 1399 1087 in
1426 1033 1680 1087 utrolibet
1709 1031 1957 1099 dignitas

370 1138 708 1198 meritorum,
730 1141 790 1186 ut
809 1132 1001 1186 divium
1021 1129 1205 1199 gratia:
1224 1125 1537 1196 mysterium
1560 1123 1641 1178 vel
1668 1122 1769 1177 iste
1791 1124 1940 1189 dare,

368 1228 452 1280 vel
475 1228 575 1279 iste
595 1223 762 1293 possit
785 1219 1063 1289 accipere?
1098 1217 1202 1271 Sed
1226 1218 1365 1270 inter
1394 1214 1614 1277 malum,
1641 1224 1696 1268 et
1720 1213 1942 1279 malum,

370 1317 587 1369 dantem
613 1312 881 1373 videlicet,
911 1319 960 1363 et
987 1307 1361 1377 accipientem,
1388 1305 1588 1358 bonum
1618 1312 1862 1358 versatur
1890 1303 1943 1356 in

370 1401 564 1465 medio,
581 1398 721 1468 quod
740 1397 980 1451 neutrius
1004 1394 1133 1448 vitio
1148 1409 1177 1445 a
1204 1408 1300 1447 sua
1320 1392 1844 1462 novitgenerositate
1857 1390 1949 1445 de-

369 1492 581 1544 terreri.
614 1490 901 1550 Nimirum,
924 1486 967 1539 si
992 1485 1234 1554 leprosos
1265 1485 1476 1553 leproso
1500 1484 1702 1553 praebet
1729 1498 1943 1547 aurum,

369 1579 508 1647 quod
538 1575 778 1646 profecto
820 1575 1023 1639 rutilat,
1072 1574 1213 1627 nulla
1265 1574 1642 1627 scabrosarum
1688 1586 1945 1626 manuum

369 1677 449 1723 est
476 1668 736 1721 varietate
757 1664 1052 1734 perfusum.
1078 1663 1133 1716 Si
1158 1678 1331 1716 cinctis
1355 1677 1496 1716 emco
1521 1663 1795 1716 lucernam
1823 1676 1946 1731 por-

2036 480 2250 533 illorum
2287 477 2556 531 ordinatio
2582 484 2698 531 rata
2727 488 2849 529 esse
2872 474 3205 538 decernitur,
3250 476 3479 528 istorum
3514 477 3612 531 fri-

2034 570 2154 624 vola
2178 567 2474 636 judicetur,
2503 566 2800 636 praesertim
2834 580 2957 634 cum}
2991 580 3088 618 nos
3118 582 3219 618 non
3251 566 3613 631 claburcums,

2034 676 2096 721 ut
2123 665 2412 719 Simoniaci
2442 664 2495 717 in
2519 678 2606 727 eo,
2633 677 2793 731 quem
2826 660 2963 714 male
2993 661 3214 713 mercati
3242 669 3388 723 sunt,
3412 661 3616 715 honore

2036 766 2390 827 permaneant
2421 774 2433 808 :
2464 754 2556 809 sed
2588 754 2641 808 id
2664 753 2842 823 potius
2873 767 2938 805 ne
2963 751 3033 812 hi,
3060 750 3150 819 qui
3180 752 3248 805 ab
3275 752 3354 805 eis
3385 754 3617 819 gratuito

2037 847 2269 902 ordinati
2298 854 2445 908 sunt,
2475 845 2651 898 locum
2681 842 2763 896 sui
2814 842 3016 911 gradus
3057 840 3351 894 amittant?
3394 841 3488 897 Ubi
3525 859 3619 895 no-

2038 939 2284 1001 tandum,
2312 945 2510 1006 quanta
2541 936 2610 990 sit
2661 936 2713 991 in
2741 948 2950 997 eorum,
2985 933 3051 987 de
3082 933 3279 1001 quibus
3328 933 3617 1000 loquimur.

2040 1027 2349 1083 conditione
2373 1025 2661 1090 distantia;
2696 1022 2950 1077 nimirum
2974 1038 3097 1077 cum
3126 1023 3419 1077 Donatistae
3447 1025 3621 1078 Dona-

2042 1117 2220 1179 tistas,
2245 1113 2526 1168 Novatiani
2555 1112 2882 1166 Novatianos
2908 1112 3113 1166 eisdem
3139 1113 3388 1168 videlicet
3419 1116 3621 1169 errori-

2042 1208 2145 1262 bus
2168 1206 2405 1261 irretitos
2424 1245 2439 1269 ,
2473 1204 2539 1258 ad
2563 1203 2915 1258 ecclesiastici
2956 1204 3154 1274 gradus
3181 1214 3467 1275 augmenta
3498 1221 3623 1274 pro-

2044 1306 2315 1360 moveant,
2349 1295 2643 1350 Simoniaci
2676 1304 2856 1349 autem
2884 1309 2990 1348 non
3025 1293 3385 1363 Simoniacos,
3416 1296 3508 1351 sed
3540 1296 3621 1351 in-

2046 1397 2305 1443 nocentes
2334 1387 2510 1457 potius
2537 1386 2790 1440 ordinent
2818 1395 2869 1440 et
2901 1385 3219 1442 catholicos.
3249 1387 3356 1442 lllis
3391 1388 3623 1458 denique

2048 1493 2157 1533 non
2187 1480 2289 1533 hoc
2322 1478 2494 1532 solum
2532 1476 2709 1532 valeat
2736 1476 2957 1545 opponi,
2989 1476 3129 1545 quod
3154 1476 3357 1533 fuerint
3399 1478 3467 1533 ab
3516 1479 3625 1533 Ιιωο

2048 1570 2233 1625 retieis
2257 1569 2509 1634 ordinati,
2538 1584 2726 1623 verum
2754 1568 2855 1622 hoc
2880 1568 3099 1636 insuper
3119 1567 3259 1636 quod
3290 1579 3344 1623 et
3371 1568 3468 1638 ipsi
3493 1566 3615 1624 fuis-

2048 1667 2169 1713 sent
2196 1657 2565 1713 indifferenter
2595 1658 2873 1713 haeretici:
2924 1658 3011 1712 isti
3055 1666 3234 1711 autem
3285 1673 3621 1728 nequaquam

370 1759 532 1827 rigat,
568 1758 722 1826 121
759 1756 847 1808 lux
889 1755 1186 1809 caecitatem
1221 1754 1485 1817 nesciens,
1528 1767 1592 1806 ex
1640 1752 1941 1820 baiulorum
1975 1742 2018 1800 Β
2046 1758 2174 1803 sunt
2201 1747 2521 1804 Simoniaca?
2544 1749 2735 1803 hatresi
2760 1748 3004 1813 obnoxii,
3026 1748 3189 1802 etiam
3220 1749 3264 1803 si
3296 1764 3326 1803 a
3353 1748 3621 1803 Simonia-

373 1850 620 1902 manibus
654 1849 903 1901 tenebras
934 1862 1037 1899 non
1062 1845 1313 1898 admittit.
1348 1844 1685 1912 Quapropter
1721 1843 1765 1897 si
1797 1851 1943 1896 recta

372 1939 505 1993 ﬁdes
534 1937 694 2000 adsit,
724 1936 973 1989 videlicet
1002 1942 1058 1986 ut
1086 1934 1136 1987 in
1168 1933 1401 1993 Patrem,
1427 1942 1481 1986 et
1508 1932 1724 1997 Filium,
1744 1941 1792 1986 et
1824 1930 1946 2000 Spi-

369 2028 532 2081 ritum
565 2035 808 2079 sanctum
839 2032 986 2077 recte
1015 2025 1289 2087 credatur,
1321 2023 1521 2092 indigni
1570 2024 1730 2076 etiam
1762 2022 1944 2087 cujus-

370 2116 502 2170 libet
532 2115 827 2169 sacerdotis
856 2113 1197 2168 consecratio
1226 2110 1595 2166 indill‘erenter
1636 2110 1889 2179 impletur
1928 2130 1942 2164 ε

370 2224 470 2262 nec
499 2216 717 2277 propter
745 2206 1020 2274 indignum
1068 2204 1426 2257 ministrantis
1470 2203 1722 2256 meritum
1754 2201 1949 2256 divina:

372 2298 559 2365 gratiae
585 2280 786 2349 munus
810 2294 1158 2364 perfectionis
1184 2310 1293 2348 sua:
1312 2288 1520 2363 patitur
1541 2292 1944 2347 detrimentum.

443 2404 593 2460 Unde
613 2406 902 2475 praedictus
928 2420 1062 2475 papa
1092 2404 1459 2468 Innocentius,
1482 2420 1604 2458 cum
1642 2404 1706 2456 de
1745 2402 1949 2456 duabus

368 2496 689 2563 haeresibus,
713 2496 1055 2551 Paulianistis
1080 2495 1354 2557 videlicet,
1381 2503 1435 2549 et
1465 2492 1777 2548 Novatianis
1800 2506 1949 2547 com-

370 2585 605 2640 muniter
655 2584 994 2655 disputaret,
1044 2599 1142 2639 cur
1190 2599 1219 2637 a
1275 2582 1624 2639 Paulianistis
1672 2581 1950 2637 venientes

366 2674 721 2745 baptizandos
774 2688 894 2728 esse
940 2673 1281 2737 decerneret,
1330 2688 1361 2727 a
1406 2672 1720 2728 Novatianis
1764 2681 1949 2728 autem

369 2765 616 2819 funditus
650 2764 982 2833 prohiberet,
1022 2779 1240 2818 causam
1269 2763 1355 2818 his
1387 2762 1621 2818 reddidit
1645 2763 1843 2827 verbis,
1868 2763 1952 2817 di-

371 2871 538 2911 cens:
574 2873 592 2907 ι
630 2855 763 2922 Quia
793 2854 1160 2921 Paulianistze,
1192 2855 1388 2924 inquit,
1422 2854 1475 2909 in
1504 2855 1720 2909 nomine
1746 2852 1948 2919 Patris,

370 2955 426 3000 et
446 2946 593 3011 Filii,
639 2955 695 3001 et
738 2945 973 3016 Spiritus
1017 2946 1187 3000 sancti
1238 2946 1460 3001 minime
1504 2945 1801 3015 baptizant,
1850 2959 1952 2999 nec.

2046 1844 2124 1897 cis
2164 1843 2320 1911 122
2354 1842 2502 1896 omni
2527 1841 2834 1895 venalitatis
2860 1849 3067 1894 remoto
3090 1841 3438 1906 commercio,
3468 1858 3626 1911 regu-

2046 1934 2235 1987 lariter
2265 1934 2374 1987 sint
2420 1933 2651 2001 promoti
2694 1941 2857 2001 atque
2899 1932 2952 1986 in
2984 1932 3188 1988 eisdem
3221 1933 3482 1989 Ecclesiis
3512 1950 3629 1989 sor-

2049 2024 2129 2077 titi
2152 2032 2282 2077 sunt
2312 2023 2799 2077 administrationis
2828 2021 3081 2088 cilicium,
3114 2024 3202 2078 ubi
3239 2033 3293 2078 et
3340 2024 3480 2079 sacri
3527 2024 3625 2078 ιω-

2047 2115 2318 2186 ptismatis
2344 2130 2633 2185 percepere
2656 2114 2994 2185 mysterium.
3018 2114 3019 2117 “

2122 2224 2310 2279 Utrum
2340 2239 2468 2277 vero
2496 2222 2629 2276 tales
2661 2223 2854 2276 merito
2879 2238 2907 2276 a
2938 2221 3053 2277 suis
3092 2230 3384 2277 arceantur
3411 2221 3629 2277 honori-

2048 2315 2171 2377 bus,
2197 2329 2260 2367 ex
2289 2313 2347 2365 Β.
2388 2311 2585 2367 Leonis
2615 2311 2772 2366 facile
2804 2326 3093 2381 possumus
3141 2313 3462 2367 auctoritate
3508 2327 3630 2381 per-

2050 2404 2309 2473 pendere,
2338 2404 2381 2457 si
2417 2403 2743 2458 decretalem
2772 2404 2889 2472 ejus
2915 2404 3237 2456 sententiam
3266 2403 3378 2457 suis
3403 2402 3493 2457 hic
3511 2417 3631 2456 ver-

2049 2496 2134 2551 bis
2164 2512 2267 2550 non
2294 2496 2469 2565 pigeat
2498 2486 2782 2548 ann’otare.
2810 2495 2898 2548 Ait
2920 2494 3062 2549 enim
3088 2495 3237 2565 (dist.
3267 2494 3355 2555 62.
3383 2510 3432 2549 c.
3464 2492 3631 2548 Nulla

2050 2588 2209 2657 ratio)
2236 2606 2248 2640 :
2277 2604 2295 2638 ι
2318 2586 2471 2641 Nulla
2494 2586 2632 2640 ratio
2648 2585 2797 2651 sinit,
2822 2593 2881 2639 ut
2909 2586 3052 2639 inter
3087 2586 3368 2655 episcopos
3397 2585 3636 2640 habean-

2051 2685 2161 2739 tur,
2188 2675 2277 2744 qui
2302 2690 2401 2729 nec
2426 2689 2455 2728 a
2483 2673 2697 2729 clericis
2728 2683 2855 2729 sunt
2877 2674 3058 2740 electi,
3087 2690 3187 2730 nec
3217 2690 3246 2728 a
3266 2674 3510 2745 plebibus
3536 2689 3635 2728 ex-

2050 2766 2225 2836 petiti,
2254 2781 2355 2820 nec
2383 2782 2411 2817 a
2438 2764 2856 2835 provincialibus
2884 2765 3152 2836 episcopis
3194 2781 3315 2821 cum
3358 2756 3630 2835 metropo-

2051 2855 2203 2909 litani
2231 2853 2437 2923 judicio
2465 2855 2787 2909 consecrati.
2841 2853 2994 2911 Unde
3051 2870 3172 2909 cum
3219 2870 3362 2924 saepe
3409 2854 3636 2924 quaastio

2054 2947 2121 3001 dc
2150 2946 2290 3000 male
2316 2956 2541 3014 accepto
2571 2947 2774 3001 honore
2804 2956 3080 3011 nascatur,
3115 2948 3237 3016 quis
3265 2948 3501 3018 ambigat
3544 2963 3636 3002 ne-

372 3036 513 3105 apud
545 3037 675 3090 istos
702 3034 974 3135 (“videlicet
1005 3034 1355 3104 Novatianos)
1400 3036 1465 3090 de
1504 3035 1712 3089 unitate
1747 3033 1948 3099 Patris,
1976 3080 2025 3135 C
2053 3053 2323 3108 quaquam
2352 3039 2420 3091 ab
2447 3038 2566 3092 istis
2585 3053 2705 3093 esse
2732 3037 3099 3104 tribuendum,
3142 3038 3285 3107 quod
3313 3054 3410 3093 nec
3439 3038 3636 3093 docea-

372 3132 430 3179 ει
456 3123 597 3188 Filii,
624 3133 678 3178 el
707 3121 939 3192 Spiritus
982 3123 1152 3178 sancti
1202 3122 1429 3191 qumstio
1476 3122 1762 3191 aliquando
1804 3133 1949 3177 ηιοω
1977 3117 2025 3143 ’⁸⁸
2053 3139 2145 3187 tur
2182 3130 2348 3186 fuisse
2393 3130 2682 3184 collatum?
2732 3129 2790 3185 Si
2834 3131 2925 3200 qui
2971 3138 3150 3185 tamen
3181 3130 3363 3185 clerici
3407 3132 3474 3184 ab
3516 3130 3636 3185 istis

370 3222 475 3268 est.
512 3232 530 3265 ι
565 3212 631 3267 Et
658 3213 778 3268 ideo
810 3213 876 3267 de
900 3212 1150 3267 omnibus
1171 3212 1468 3283 segregatis
1496 3211 1609 3266 ha-c
1637 3211 1749 3265 sola
1781 3211 1951 3266 electa

371 3313 476 3370 est,
507 3306 594 3361 cui
626 3305 767 3361 istud
800 3305 1087 3360 crederent
1111 3303 1514 3359 concedendum
1542 3321 1556 3357 :
1584 3319 1709 3371 quia
1742 3304 1873 3356 nihil
1899 3304 1950 3357 in

373 3395 572 3462 Patris,
607 3405 661 3451 et
685 3394 827 3459 Filii,
860 3402 914 3449 et
944 3392 1178 3465 Spiritus
1202 3393 1377 3448 sancti
1405 3401 1743 3447 sacramento
1768 3408 1955 3463 pecea-

377 3499 518 3542 rent.

448 3597 573 3651 llaec
595 3598 779 3665 itaque
807 3580 1133 3652 venerabilis
1158 3596 1453 3651 Innocentii
1482 3597 1645 3651 verba
1702 3596 1775 3650 ita
1818 3595 1951 3649 deti-

375 3688 541 3742 nitiva
570 3697 714 3753 sunt,
743 3697 904 3758 atque
933 3688 1235 3759 perspicua,
1260 3696 1319 3742 ut
1339 3704 1552 3742 omnem
1579 3687 1779 3743 nostris
1807 3704 1956 3741 men-

378 3778 521 3833 tibus
590 3777 899 3847 scrupulum
971 3778 1241 3843 aulerant,
1295 3776 1603 3847 nodumque
1669 3776 1956 3846 propositae

376 3867 690 3936 qua-stionis
714 3868 1079 3923 indubitanter
1098 3868 1397 3923 absolvant.
1424 3868 1479 3923 Si
1503 3876 1679 3923 autem
1704 3883 1802 3939 per
1822 3867 1957 3923 Pau-

374 3956 620 4012 liauistas
648 3968 1046 4013 sacramentum
1076 3959 1276 4014 idcirco
1321 3961 1436 4014 dari
1471 3976 1573 4014 non
1606 3969 1799 4030 potest,
1829 3961 1955 4031 quia

380 4054 536 4106 Iidem
576 4063 776 4107 sancta:
809 4053 1093 4108 Trinitatis
1116 4069 1219 4108 non
1249 4054 1482 4118 habent;
1513 4069 1608 4123 per
1630 4052 1955 4110 Novatianos

380 4153 556 4196 autem
587 4143 706 4196 ideo
735 4152 929 4212 potest,
961 4144 1085 4211 quia
1118 4145 1242 4199 licet
1264 4145 1529 4200 aliotcnus
1554 4145 1792 4199 haeretici
1822 4146 1952 4209 sint,

377 4234 691 4286 orthodoxa:
717 4243 892 4288 tamen
922 4233 1043 4288 tidei
1072 4234 1461 4304 plenitudinem
1492 4244 1674 4290 tenent
1699 4250 1713 4289 :
1744 4244 1957 4290 constat

381 4324 624 4392 profecto
651 4324 773 4392 quia
815 4324 857 4378 si
893 4325 1024 4376 ﬁdes
1055 4334 1183 4387 stat,
1215 4327 1551 4380 consecratio
1606 4320 1769 4380 robur
1817 4326 1957 4380 oliti-

2052 3220 2523 3292 pseudoepiscopis
2564 3220 2617 3275 in
2668 3234 2854 3275 eorum
2905 3220 3162 3275 Ecclesiis
3208 3220 3441 3274 ordinati
3488 3229 3634 3286 sunt,

2053 3327 2172 3382 quae
2203 3311 2265 3365 ad
2298 3312 2544 3380 proprios
2577 3311 2860 3381 episcopos
2887 3310 3253 3379 pertinebant,
3282 3319 3337 3363 et
3364 3310 3636 3365 ordinatio

2054 3416 2241 3455 eorum
2266 3416 2388 3455 cum
2417 3415 2680 3455 consensu
2709 3409 2766 3455 et
2788 3399 2993 3468 judicio
3040 3400 3441 3470 praesidentium
3492 3400 3635 3456 facta

2063 3503 2167 3557 est,
2199 3501 2376 3562 potest
2403 3492 2753 3561 ratahaberi,
2784 3492 2856 3546 ita
2886 3501 2945 3547 ut
2971 3493 3024 3547 in
3055 3493 3184 3562 ipsis
3223 3492 3479 3549 Ecclesiis
3509 3508 3634 3564 per-

2057 3592 2324 3645 severent,
2356 3581 2512 3637 aliter
2546 3597 2679 3635 vana
2705 3582 2957 3638 habenda
2989 3593 3074 3638 est
3123 3583 3244 3637 talis
3283 3583 3570 3638 ordinatio.
3609 3603 3628 3636 ι

2058 3673 2200 3728 Ecce
2230 3674 2543 3727 authentico
2576 3672 2774 3727 Leonis
2806 3689 2956 3744 papa:
2998 3674 3221 3744 judicio,
3271 3689 3407 3743 quos
3461 3689 3636 3744 neque

2056 3763 2210 3825 cleri,
2241 3779 2414 3833 neque
2446 3764 2617 3832 plebis
2647 3779 2939 3819 consensus
2967 3765 3149 3834 elegit,
3204 3778 3303 3819 nec
3347 3780 3470 3820 cum
3528 3781 3637 3820 me-

2068 3855 2377 3926 tropolitani
2416 3856 2619 3923 judicio
2646 3856 3052 3926 provincialium
3096 3858 3471 3927 episcoporum
3502 3873 3633 3912 con-

2057 3948 2238 4002 cordia
2266 3949 2625 4013 consecravit,
2649 3949 2788 4002 inter
2808 3950 3088 4019 episcopos
3113 3967 3217 4005 non
3245 3951 3510 4004 habentur
3535 3966 3550 4004 :
3578 3959 3637 4005 ct

2060 4047 2239 4092 tamen
2274 4039 2349 4099 hi.
2383 4039 2472 4107 qui
2503 4038 2570 4092 ab
2597 4039 2676 4105 eis
2711 4049 2837 4094 sunt
2866 4040 2919 4093 in
2946 4042 3180 4112 propriis
3210 4042 3466 4097 Ecclesiis
3486 4041 3634 4110 judi-

2058 4132 2143 4185 cio
2173 4133 2574 4200 praesidentium
2604 4133 2858 4194 ordinati,
2893 4148 3236 4203 nequaquam
3261 4143 3387 4188 sunt
3412 4133 3633 4203 injuncti

2059 4225 2255 4292 gradus
2284 4225 2487 4278 honore
2515 4224 2792 4293 privandi;
2833 4225 3081 4280 videlicet
3108 4234 3166 4278 ut
3210 4227 3278 4290 is,
3309 4227 3398 4296 qui
3432 4226 3497 4279 ad
3523 4226 3638 4293 epi-

2058 4324 2311 4381 scopatus
2355 4314 2587 4378 cilicium
2623 4329 2743 4367 cum
2777 4324 2925 4368 tanta
2972 4314 3323 4385 usurpatione
3370 4316 3637 4384 prorupit,

378 4421 539 4468 neat:
575 4428 674 4467 nec
700 4413 930 4467 actionis
957 4413 1313 4469 labefactatur
1343 4418 1494 4481 γει,ίον
1526 4432 1645 4485 qua;
1678 4416 1799 4471 ﬁdei
1831 4416 1954 4470 ηίιί-
1982 4427 2033 4486 D
2061 4412 2121 4455 ut.
2151 4404 2411 4457 adversus
2437 4420 2559 4458 eum
2589 4405 2833 4459 omnium
2875 4404 2990 4460 fere
3034 4416 3157 4461 vota
3209 4416 3556 4483 concurram,
3588 4416 3641 4461 et

383 4516 469 4559 tur
497 4503 866 4560 fundamento.

940 4606 1167 4675 CAPUT
1204 4620 1392 4677 XXIV.

379 4728 536 4794 Quod
564 4729 700 4801 male
726 4729 957 4801 ordinati
1007 4730 1230 4800 episcopi
1280 4732 1687 4784 consecrationis
1734 4732 1959 4801 gratiam

650 4800 772 4852 aliis
794 4799 1038 4862 habeant,
1066 4801 1155 4853 sed
1181 4801 1279 4854 sibi
1303 4818 1405 4855 non
1432 4801 1676 4855 habeam.

447 4909 577 4965 Esto
628 4910 810 4979 igitur,
841 4911 1218 4977 concedamus,
1270 4912 1353 4965 vel
1404 4913 1583 4982 potius
1627 4929 1955 4976 asseramus,

379 5008 435 5053 ut
466 4999 804 5053 Simoniacus
834 4999 902 5051 sit
937 5000 1245 5063 haereticus,
1276 5002 1369 5055 sed
1406 5010 1461 5055 et
1491 5001 1821 5057 Novatianus
1850 5004 1961 5056 hae-

381 5090 600 5150 reticus,
626 5096 679 5140 et
708 5087 988 5140 Donatista
1020 5088 1176 5141 simul
1211 5089 1535 5143 hazreticus:
1568 5093 1660 5144 sed
1692 5088 1959 5144 Simonia-

379 5196 475 5233 cus
501 5180 553 5232 in
586 5178 849 5248 Spiritum
899 5186 1146 5231 sanctum
1196 5188 1405 5246 peccat,
1439 5180 1568 5247 quia
1617 5181 1815 5234 donum
1866 5182 1958 5234 Dei

378 5278 677 5337 comparat,
706 5278 761 5322 et
787 5268 1115 5331 Novatianus
1145 5277 1293 5323 certe
1340 5270 1392 5322 in
1419 5275 1664 5324 eumdem
1697 5271 1954 5339 Spiritum

379 5366 624 5409 sanctum
651 5367 862 5426 pereat,
890 5358 1014 5426 quia
1035 5357 1216 5426 lapsus
1244 5357 1407 5411 etiam
1433 5366 1554 5427 post
1581 5360 1953 5427 paenitentiam

379 5444 445 5496 de
476 5443 588 5507 ejus
616 5446 930 5499 remissione
961 5445 1245 5514 desperat;
1280 5446 1628 5500 nihilominus
1654 5447 1817 5500 etiam
1853 5449 1953 5500 Do-

381 5533 574 5585 natista
610 5543 794 5600 peccat
822 5535 872 5587 in
905 5536 1162 5603 Spiritum
1192 5545 1458 5599 sanctum,
1479 5536 1570 5605 qui
1602 5551 1660 5590 se
1682 5537 1751 5591 ab
1770 5537 1955 5592 Eccle-

381 5622 459 5676 sia
491 5632 756 5693 segregat,
790 5633 947 5678 extra
978 5641 1139 5695 quam
1168 5626 1419 5683 videlicet
1462 5627 1697 5698 Spiritus
1734 5638 1952 5685 sanctus

2066 4492 2188 4555 sibi,
2217 4493 2358 4561 quod
2384 4493 2614 4562 accepit,
2647 4494 2903 4563 prodesse
2946 4495 3021 4549 nil
3070 4496 3267 4561 valeat,
3311 4505 3495 4565 utpote
3543 4495 3641 4566 qui

2066 4584 2204 4638 inter
2246 4584 2527 4653 episcopos
2554 4600 2658 4639 nou
2699 4584 2949 4650 habetur,
2981 4594 3035 4639 et
3076 4586 3197 4640 aliis
3226 4587 3421 4656 prosit,
3453 4594 3644 4654 quate-

2064 4689 2163 4725 nus
2186 4675 2275 4742 qui
2322 4674 2388 4726 ab
2413 4689 2478 4727 eo
2517 4675 2748 4743 protnoti
2780 4684 2924 4738 sunt,
2960 4690 2989 4728 a
3038 4677 3152 4730 suis
3182 4691 3521 4745 nequaquam
3554 4691 3644 4729 ar-

2062 4772 2286 4816 ceantur
2344 4765 2657 4819 honoribus.
2711 4764 2815 4818 Sed
2869 4765 2990 4832 quis
3036 4774 3196 4836 neget
3248 4765 3487 4834 potuisse
3534 4763 3645 4818 illic

2062 4852 2224 4905 etiam
2257 4853 2559 4907 venalitatis
2608 4854 2933 4909 intervenire
2981 4854 3387 4915 commercium,
3436 4853 3523 4907 ubi
3574 4853 3643 4907 ad

2066 4941 2287 4994 honoris
2314 4942 2522 4995 culmen
2550 4951 2655 4995 tam
2686 4942 2983 5006 obstinata,
3005 4951 3116 4995 tam
3146 4943 3498 5011 inopportnna
3527 4943 3642 4995 fue-

2068 5030 2137 5081 rit
2184 5031 2477 5085 ambitione
2519 5032 2867 5100 subrcptum?
2911 5030 3011 5097 Qui
3066 5042 3243 5086 tamen
3294 5033 3413 5087 aliis
3460 5032 3641 5097 habet,

2065 5123 2207 5188 quod
2241 5123 2342 5175 sibi
2381 5138 2484 5175 non
2516 5124 2676 5176 habet
2701 5143 2713 5175 ;
2741 5124 2865 5192 quia
2888 5124 3139 5180 videlicet
3166 5126 3297 5180 alios
3323 5139 3645 5180 consecrare

2067 5212 2419 5280 permittitur,
2447 5228 2567 5265 cum
2600 5221 2655 5266 et
2687 5212 2797 5281 ipse
2834 5214 2977 5269 inter
2999 5217 3282 5286 episcopos
3307 5231 3411 5270 non
3447 5214 3645 5269 habea-

2067 5312 2171 5357 tur.
2206 5302 2359 5371 Satpc
2388 5304 2558 5357 sterili
2590 5315 2783 5359 trunco
2812 5307 3081 5361 secundus
3132 5323 3314 5361 ramus
3359 5307 3639 5367 inseritur,

2062 5394 2153 5462 qui
2187 5392 2443 5446 nimirum
2471 5392 2525 5446 in
2558 5408 2643 5459 eo,
2674 5394 2815 5463 quod
2847 5396 3137 5465 germinat,
3171 5411 3276 5451 non
3312 5396 3509 5461 trunci,
3547 5395 3642 5450 sed

2060 5490 2288 5560 propria:
2316 5499 2522 5545 natura:
2543 5489 2668 5559 jura
2692 5500 3001 5546 conservat.
