4018 6194
368 216 468 274 1⁸57

942 325 1170 383 CAPUT
1210 328 1378 383 XXV.

372 417 527 486 Quod
557 417 623 471 ab
654 418 830 487 impiis
858 434 995 487 sepe
1020 419 1283 473 httreticis
1329 420 1582 488 ordinati,
1631 439 1663 475 a
1691 423 1801 477 suis
1847 439 1948 476 non

858 499 1220 544 removeantur
1248 491 1449 559 oﬁiciis.

436 594 574 660 Quid
603 595 803 659 dicam,
835 597 977 666 quod
1000 611 1067 651 ex
1097 597 1203 663 his,
1233 597 1325 667 qui
1354 599 1420 653 ab
1448 598 1786 669 impiissimis
1814 610 1942 657 sunt

362 683 640 739 haereticis
682 683 916 739 ordinati
957 685 1327 741 ecclesiastica
1372 687 1619 742 videatur
1661 690 1949 745 subvenire

365 774 684 840 auctoritas,
713 784 767 829 et
796 775 849 829 in
892 776 1296 848 promulgandis
1330 794 1497 848 super
1524 780 1629 834 hac
1671 780 1947 850 diseepta»

364 863 510 918 tione
524 863 763 932 judieiis,
791 880 898 920 non
922 874 1031 920 tam
1055 876 1293 922 veterem
1317 868 1601 938 perﬁdiam
1625 884 1944 938 promoven-

364 952 518 1017 tium,
544 969 704 1022 quam
726 969 922 1008 novam
952 955 1134 1021 ﬁdem,
1160 966 1214 1011 et
1238 959 1669 1027 resipiscentiam
1697 961 1947 1017 conside-

364 1054 445 1097 ret
471 1046 887 1112 promotorum?
915 1046 1018 1113 Qui
1048 1048 1192 1103 enim
1220 1048 1456 1105 decretis
1502 1052 1817 1120 pontiﬁcum
1849 1068 1943 1107 so-

363 1134 529 1190 lerter
555 1136 841 1211 incumbit,
874 1154 982 1193 non
1015 1139 1227 1209 ignorat
1252 1142 1526 1208 eumdem,
1571 1143 1727 1212 cujus
1777 1160 1940 1215 supra

361 1227 520 1294 paulo
548 1236 674 1283 ante
699 1231 1066 1296 meminimus,
1115 1232 1484 1289 Innocentium
1531 1252 1728 1308 papam
1776 1237 1942 1293 lieen-

361 1316 490 1371 tiam
525 1320 860 1388 permisisse,
899 1330 958 1375 ut
999 1337 1208 1388 omnes,
1240 1324 1332 1394 qui
1378 1334 1506 1380 ante
1532 1327 1937 1384 damnationem

361 1411 561 1465 Bonosi
592 1411 825 1465 haeretici
855 1412 924 1466 ab
948 1427 1015 1467 eo
1044 1412 1257 1469 fuerant
1282 1415 1543 1482 ordinati,
1576 1417 1621 1472 si
1652 1419 1842 1475 relicto
1865 1430 1941 1474 at-

357 1510 462 1565 que
506 1497 763 1550 damnato
806 1496 924 1565 ejus
961 1513 1169 1565 errore,
1217 1501 1596 1560 ecclesiasticae
1641 1507 1834 1561 unitati
1878 1524 1938 1563 se

357 1590 567 1644 sociare
594 1591 963 1660 disponerent,
996 1592 1050 1646 in
1074 1594 1186 1648 suis
1208 1594 1503 1652 honoribus
1529 1608 1930 1667 permanerent.

1165 219 1404 275 OPUSC.
1438 220 1521 276 Vl.
1551 253 1616 261 -—-
1648 222 1847 277 LIBER
1887 223 2002 289 QUI
2045 223 2314 280 DICITUR
2346 227 2828 287 CRATISSIMUS.

3482 234 3625 304 '153

1980 338 2023 393 Α
2052 332 2373 391 detrimenta
2407 351 2717 410 senserunt,
2746 343 3054 402 declarante
3074 349 3175 404 hoc
3199 352 3373 422 ipsum
3399 355 3626 413 Domino

2052 424 2491 512 manifestissima
2522 445 2653 486 voce
2687 447 2703 486 :
2738 451 2755 482 ι
2795 434 3083 504 Sederunt,
3118 440 3552 512 inquit,yScrib.'e
3571 456 3629 504 et

2049 511 2305 606 Pharismi
2337 533 2500 588 super
2524 522 2839 579 cathedram
2869 527 3070 599 Moysi;
3099 511 3218 601 quae
3243 535 3427 591 dicunt
3447 540 3626 606 vobis,

2048 600 2241 669 facite;
2289 620 2409 674 qua:
2458 620 2637 664 autem
2686 611 2912 680 faciunt,
2960 600 3125 673 nolite
3172 620 3392 680 facere:
3439 600 3626 684 dicunt

2048 693 2214 759 enim,
2246 704 2302 749 et
2328 711 2432 752 non
2461 696 2668 754 faciunt
2692 702 2909 772 (Matth.
2940 707 3116 778 mu).
3153 728 3172 762 ι

2119 784 2386 873 Quidquid
2415 802 2544 859 ergo
2570 792 2635 844 ad
2666 793 2944 850 hominum
2975 810 3286 867 provectum
3313 804 3539 873 quilibet
3568 808 3624 862 in

2047 870 2285 928 Ecclesia
2318 875 2566 932 minister
2590 894 2688 948 pro
2710 882 2889 939 ofﬁcio
2908 900 3007 940 suo
3028 889 3238 943 videtur
3256 870 3493 961 operari,
3520 896 3623 952 hoc

2048 970 2219 1017 totum
2248 966 2514 1023 contineri
2545 969 2818 1041 implendo
2842 975 3140 1037 divinitatis
3167 981 3375 1044 eﬁ‘eetu.
3412 985 3483 1040 ita
3509 987 3615 1052 ille,

2045 1067 2142 1148 per
2166 1070 2327 1125 quem
2355 1058 2602 1116 Christus
2634 1063 2892 1133 loquitur,
2919 1068 3115 1126 Paulus
3141 1071 3378 1131 aflirtnat
3403 1095 3416 1130 :
3445 1096 3463 1127 ‹
3502 1077 3616 1148 Ego

2044 1143 2281 1214 plantavi
2308 1163 2323 1202 :
2356 1149 2543 1219 Apollo
2570 1154 2779 1229 rigavit,
2806 1160 2901 1213 sed
2934 1159 3073 1215 Deus
3099 1163 3492 1221 incrementum
3522 1143 3615 1225 de—

2044 1233 2123 1287 dit
2149 1234 2201 1305 (I
2229 1235 2350 1290 Cor.
2389 1238 2496 1309 tu),
2544 1261 2562 1294 ι
2594 1252 2650 1296 et
2695 1246 2853 1313 paulo
2894 1258 3016 1318 post
3065 1251 3206 1307 idem
3253 1253 3614 1314 Anastasius:

2048 1342 2067 1376 ι
2105 1324 2230 1381 ldeo
2253 1342 2381 1399 ergo
2412 1341 2464 1384 et
2492 1333 2600 1398 hic,
2634 1335 2787 1404 cujus
2820 1353 3016 1395 nomen
3063 1342 3291 1400 dicimus
3319 1361 3439 1401 esse
3492 1349 3619 1403 reti-

2040 1416 2268 1470 cendum
2294 1436 2308 1471 :
2330 1420 2469 1473 male
2491 1422 2629 1476 bona
2653 1423 3030 1492 ministrando,
3054 1430 3155 1485 sibi
3182 1440 3385 1489 tantum
3411 1438 3614 1493 nocuit.

2039 1502 2174 1559 Nam
2205 1506 2511 1566 inviolabile
2546 1512 2977 1577 sacramentum,
3017 1519 3159 1585 quod
3204 1533 3302 1588 per
3333 1520 3482 1576 illum
3518 1524 3617 1576 da-

2040 1603 2151 1649 tum
2179 1607 2280 1663 est,
2306 1600 2359 1653 in
2386 1601 2505 1655 aliis
2527 1602 2913 1671 perfectionem
2936 1622 3047 1662 sua:
3066 1609 3283 1665 virtutis
3304 1612 3557 1666 obtinuit.
3594 1632 3611 1663 ι

359 1683 424 1736 Ει
459 1684 677 1752 quidem
702 1684 969 1752 Bonosus,
998 1694 1156 1755 prout
1182 1686 1235 1740 in
1257 1686 1499 1756 ejusdem
1522 1689 1757 1746 decretis
1787 1691 1935 1746 inve-
1966 1672 2010 1731 Β
2039 1685 2181 1743 Ecce
2211 1690 2295 1744 vir
2322 1693 2648 1760 apostolicus
2679 1703 2932 1764 tanquam
2957 1712 3056 1767 pro
3086 1698 3239 1754 nobis
3275 1708 3467 1765 staret,
3517 1717 3613 1755 no-

357 1774 525 1838 nitur,
581 1774 937 1829 Photiuianus
1000 1775 1167 1831 fuisse
1220 1778 1576 1849 dignoscitur.
1623 1780 1931 1836 Pbotiniani

355 1874 533 1919 autem
566 1865 722 1935 123
764 1874 962 1935 negant
988 1867 1265 1922 Christum
1296 1868 1464 1924 Deum
1492 1880 1617 1925 ante
1640 1872 1837 1927 saecula
1864 1888 1932 1927 ex

356 1959 534 2013 Patris
556 1959 857 2013 substantia
880 1960 1120 2029 genitum
1144 1962 1408 2017 extitisse.
1432 1962 1471 2016 li
1495 1962 1772 2028 nimirum,
1807 1964 1932 2033 quia

354 2049 700 2103 cumJudzeis
730 2049 821 2104 Dei
867 2050 1061 2104 Filium
1112 2067 1313 2122 negare
1356 2068 1460 2107 non
1494 2062 1763 2119 metuunt,
1809 2069 1932 2108 cum

351 2140 555 2193 eisdem
579 2154 792 2210 quoque
819 2140 1158 2210 participium
1188 2157 1292 2197 non
1315 2143 1543 2198 diversae
1566 2143 1934 2200 damnationis

353 2230 654 2284 incurrunt.

420 2321 555 2375 Cum
587 2336 717 2393 ergo
745 2322 804 2388 ii,
835 2324 926 2394 qui
955 2340 1060 2380 non
1085 2325 1244 2379 modo
1272 2340 1301 2378 a
1333 2333 1440 2380 tam
1468 2325 1775 2394 pernicioso
1804 2340 1933 2381 con-

350 2415 544 2468 secrati
575 2414 885 2469 referuntur
907 2416 1182 2480 haeretica,
1208 2416 1301 2470 sed
1329 2414 1445 2482 ejus
1467 2416 1689 2484 insuper
1709 2418 1930 2473 involuti

349 2507 650 2570 erroribus,
684 2506 736 2560 in
765 2508 1001 2575 acceptis
1052 2521 1371 2575 permanere
1418 2506 1675 2577 gradibus
1704 2508 1929 2577 permit-

352 2604 579 2661 tuntur;
600 2596 762 2652 facile
784 2596 1225 2665 deprehenditur,
1253 2596 1383 2665 quid
1427 2596 1493 2650 de
1542 2596 1629 2661 iis,
1662 2597 1751 2665 qui
1783 2612 1813 2650 a
1847 2596 1933 2651 Si-

350 2686 610 2741 moniacis
640 2702 748 2740 non
794 2687 1093 2741 simoniace
1139 2694 1265 2740 sunt
1302 2686 1585 2755 provecti,
1631 2686 1933 2756 meritoque

344 2775 641 2843 jndieetur.
673 2776 771 2831 Cui
819 2792 927 2832 non
972 2777 1235 2832 dissimile
1278 2777 1449 2830 etiam‘
1475 2776 1601 2829 illud
1650 2784 1756 2840 est,
1788 2777 1931 2844 quod

342 2866 670 2922 Anastasius
698 2884 832 2938 papa
859 2871 925 2923 de
954 2868 1205 2923 haeretico
1247 2866 1446 2943 Aeaeio
1475 2865 1731 2930 decrevit,
1778 2862 1931 2933 cujus

347 2959 601 3012 nimirum
634 2960 935 3015 decretales
980 2960 1260 3015 sententia:
1304 2969 1413 3012 tam
1462 2958 1678 3013 elimate
1708 2957 1929 3032 digestae

345 3056 495 3113 sunt,
521 3050 832 3118 nostrisque
861 3048 1269 3118 allegationibus
1294 3063 1391 3119 per
1417 3049 1598 3103 omnia
1621 3064 1895 3121 congruen

347 3150 447 3205 tes,
474 3148 535 3195 ut
556 3142 772 3196 etiamsi
798 3156 918 3214 quae
948 3157 979 3196 a
1022 3143 1179 3197 nobis
1204 3141 1469 3212 prolixius
1513 3152 1737 3199 exarata
1778 3153 1925 3209 sunt,

343 3241 539 3286 cuneta
574 3231 850 3296 deessent,
899 3230 965 3285 ad
996 3231 1456 3301 comprobandum
1499 3233 1645 3302 quod
1693 3234 1746 3288 in
1793 3249 1929 3304 prae-

343 3322 484 3376 senti
514 3321 881 3391 disputatione
911 3337 1211 3386 versamur,
1257 3322 1415 3391 plene
1461 3321 1753 3378 sulliciant.
1785 3323 1927 3391 Qua-

343 3423 566 3483 propter
591 3428 693 3468 nec
715 3428 814 3469 nos
844 3414 1025 3485 pigeat
1051 3414 1117 3470 de
1146 3414 1285 3485 stylo
1333 3412 1452 3482 ejus
1499 3414 1588 3469 hic
1636 3415 1926 3486 aliquando

344 3504 658 3572 productius
688 3518 992 3569 recensere,
1020 3514 1078 3558 ut
1104 3505 1249 3574 quod
1273 3504 1565 3573 loquimur,
1587 3520 1692 3560 non
1715 3521 1780 3559 ex
1802 3521 1927 3575 pro-

344 3596 475 3662 priis
501 3594 995 3661 adinventionibus,
1022 3595 1117 3650 sed
1155 3610 1220 3651 ex
1254 3595 1473 3649 Patrum
1511 3594 1712 3664 regulis
1742 3596 1925 3651 videa-

238 3710 244 3715 ’
344 3702 464 3739 ιιιιιι·
493 3701 806 3755 excerpere.
833 3688 924 3741 Ait
957 3701 1193 3757 namque
1242 3687 1384 3741 inter
1418 3696 1614 3741 caetera
1642 3686 1804 3756 (οἱα.
1836 3687 1922 3750 19,

342 3793 387 3830 c.
423 3777 477 3845 l)
506 3778 796 3832 Anastasio
824 3778 1171 3847 imperatori:
1212 3796 1229 3828 ι
1286 3775 1596 3831 Secundum
1647 3776 1920 3842 Ecclesiae,

344 3866 541 3935 inquit,
580 3866 856 3920 catholicae
885 3867 1354 3930 consuetudinem,
1388 3864 1814 3920 sacratissimum
1839 3879 1925 3920 se-

344 3958 591 4011 renitatis
622 3966 723 4010 tute
752 3966 939 4027 pectus
964 3965 1242 4026 agnoscat,
1271 3956 1415 4025 quod
1464 3955 1668 4009 nullum
1722 3956 1787 4010 de
1818 3957 1921 4020 his,

341 4046 421 4097 vel
453 4062 591 4113 quos
622 4046 913 4114 baptizavit
961 4044 1217 4109 Aeacius,
1271 4043 1349 4097 vel
1404 4058 1540 4113 quos
1587 4044 1919 4109 sacerdotes,

336 4138 449 4191 sive
482 4136 710 4200 levitas,
742 4136 1038 4192 secundum
1084 4150 1319 4190 canones
1363 4135 1652 4199 ordinavit,
1703 4134 1805 4188 ulla
1856 4151 1922 4189 ex

339 4227 557 4281 nomine
586 4227 768 4283 Aeacii
801 4228 977 4296 portio
1004 4226 1238 4280 laesionis
1276 4225 1523 4294 attingat,
1556 4240 1663 4294 quo
1691 4224 1918 4279 forsitan

337 4332 429 4383 per
460 4317 704 4387 iniquum
734 4316 927 4371 tradita
980 4315 1305 4370 sacramenti
1335 4316 1510 4385 gratia
1557 4315 1735 4369 minus
1764 4317 1916 4369 ﬁrma
1951 4343 1998 4401 ο

336 4410 603 4461 videatur.
644 4407 775 4461 Nam
801 4416 858 4461 et
879 4406 1164 4477 baptisma,
1192 4407 1336 4477 quod
1362 4404 1548 4475 procul
1589 4406 1648 4458 tit
1694 4405 1762 4457 ah
1811 4405 1913 4459 Ec-

335 4500 519 4561 clesia,
547 4500 663 4553 sive
691 4500 758 4553 ab
788 4498 1050 4563 adultero,
1106 4499 1222 4553 sive
1255 4513 1286 4552 a
1334 4496 1453 4551 fure
1498 4496 1659 4551 fuerit
1705 4497 1913 4563 datum,

335 4589 397 4639 ad
426 4589 813 4658 percipientem
840 4587 1016 4646 minus
1045 4586 1295 4657 pervenit
1333 4586 1621 4649 illibatum,
1652 4584 1777 4653 quia
1811 4601 1915 4638 vox

337 4680 442 4743 illa,
464 4695 588 4748 quae
609 4680 791 4734 sonuit
816 4692 911 4748 per
932 4678 1256 4741 columbam,
1286 4692 1499 4732 omnem
1527 4675 1791 4730 maculam
1819 4675 1920 4727 hu-

336 4785 507 4824 manm
549 4769 863 4840 pollutionis
895 4769 1164 4833 excludit,
1200 4789 1218 4820 ι
1269 4768 1412 4837 quod
1461 4765 1770 4822 declaratur
1792 4781 1916 4819 cum

335 4860 570 4913 dicitur:
607 4877 627 4909 ι
658 4858 758 4913 Hic
785 4866 893 4922 est,
920 4860 1010 4927 qui
1049 4858 1288 4927 baptizat
1313 4857 1381 4910 in-
1401 4855 1607 4925 Spiritu
1635 4862 1823 4908 sancto
1862 4863 1918 4908 et

335 4951 454 5019 igne
484 4947 700 5019 (Matth.
804 4948 911 5008 tu).
951 4968 969 5000 ι
998 4947 1132 5002 Nam
1161 4947 1204 5002 si
1236 4946 1463 5001 visibilis
1487 4945 1616 5001 solis
1646 4945 1802 4999 istius
1829 4960 1915 4998 ra-

334 5042 403 5095 dii
428 5056 554 5096 cum
580 5056 679 5111 per
705 5039 821 5095 loca
851 5040 1169 5095 fetidissima
1203 5046 1505 5101 transeunt,
1548 5036 1693 5090 nulla
1733 5045 1914 5091 conta-

333 5142 448 5186 ctus
487 5131 851 5187 maculatione
904 5132 1253 5202 inquinamur
1281 5149 1291 5183 :
1323 5131 1491 5185 multo
1531 5129 1702 5199 magis
1747 5128 1911 5194 illius,

336 5226 418 5291 qui
450 5225 616 5280 istum
641 5225 908 5280 visibilem
938 5225 1086 5289 fecit,
1120 5226 1290 5279 virtus
1321 5225 1463 5279 nulla
1494 5224 1777 5278 ministerii
1824 5225 1908 5277 in-

336 5316 590 5385 dignitate
616 5317 969 5387 contingitur.
1002 5316 1137 5370 Nam
1168 5328 1224 5372 et
1249 5316 1437 5387 ludas,
1469 5332 1592 5371 cum
1624 5315 1787 5370 fuerit
1818 5331 1907 5370 sa-

338 5407 563 5477 crilegus
610 5416 773 5478 atque
799 5408 886 5462 fur
913 5409 1093 5479 (Joan.
1160 5426 1233 5464 xu
1261 5411 1311 5477 ),
1341 5408 1597 5479 quidquid
1630 5410 1740 5477 egit
1769 5407 1909 5461 inter

338 5501 601 5566 apostolos
633 5516 733 5571 pro
754 5501 1017 5570 dignitate
1065 5504 1373 5567 commissa,
1405 5518 1509 5556 non
1537 5510 1620 5556 est
1650 5502 1906 5571 reproba-

340 5598 479 5645 tum:
513 5601 569 5647 et
598 5591 881 5655 beneﬁcia,
914 5606 1004 5661 per
1035 5588 1314 5653 indignum
1340 5597 1484 5659 data,
1518 5594 1659 5647 nulla
1705 5610 1770 5649 ex
1805 5595 1906 5648 hoc

774 5684 1042 5743 Ριτιιοι-
1087 5693 1308 5755 CLXV.

2038 1785 2207 1831 stram
2245 1779 2298 1832 in
2335 1793 2393 1834 se
2422 1795 2641 1836 causam
2672 1785 2976 1853 suscepisse
3020 1788 3387 1857 perpenditur,
3439 1789 3515 1843 ita
3559 1799 3618 1843 ut

2038 1880 2174 1935 pene
2203 1866 2336 1921 nihil
2381 1870 2537 1924 nobis
2563 1871 2846 1927 dicendum
2888 1888 3050 1942 super
3097 1876 3256 1945 hujus
3302 1876 3616 1945 quaestionis

2036 1958 2262 2012 materia
2313 1959 2563 2015 videatur
2606 1962 2909 2031 reliquisse.
2964 1963 3136 2018 Eatur
3185 1981 3314 2036 ergo
3357 1974 3413 2020 et
3446 1974 3611 2020 tantae

2036 2046 2342 2100 auctoritati
2374 2047 2616 2117 improbe
2642 2050 2946 2117 resistatur,
2972 2067 3071 2107 nec
3109 2051 3341 2109 sufﬁciet
3366 2057 3612 2110 censori-

2034 2134 2136 2189 bus
2160 2136 2331 2199 novis,
2384 2138 2524 2207 quod
2568 2141 2902 2210 principibus
2952 2142 3111 2215 124
3159 2145 3440 2200 videbatur
3468 2148 3611 2201 anti-

2031 2227 2186 2296 quis;
2221 2238 2275 2281 ut
2325 2229 2452 2284 dum
2484 2230 2742 2287 discretio
2798 2248 2904 2288 non
2952 2244 3184 2297 tenetur,
3232 2236 3395 2290 etiam
3442 2237 3613 2306 pietas

2034 2318 2335 2373 amittatur.
2366 2319 2595 2387 Quidam
2642 2337 2877 2391 namque
2919 2322 3047 2378 dum
3085 2325 3283 2390 sancti,
3326 2326 3610 2399 plusquam

2034 2417 2180 2471 sunt,
2207 2408 2377 2464 videri
2407 2418 2685 2477 appetunt,
2713 2412 2792 2466 sic
2817 2422 3071 2482 corrupta
3097 2423 3361 2469 conantur
3397 2418 3611 2471 abscin-

2033 2498 2184 2563 dere,
2212 2508 2271 2552 ut
2295 2501 2679 2569 aggrediantur
2706 2501 2890 2567 etiam,
2918 2518 3040 2571 qua:
3068 2503 3276 2559 sincera
3308 2515 3437 2561 sunt
3466 2507 3610 2562 laee-
3653 2491 3660 2497 ’

2034 2603 2193 2642 rare:
2232 2598 2398 2658 utque
2428 2591 2495 2644 ad
2528 2590 2746 2659 plausus
2779 2591 3056 2647 hominum
3083 2592 3367 2648 videantur
3395 2597 3446 2651 in
3479 2613 3606 2654 ccu-

2032 2692 2158 2732 sura
2178 2677 2404 2747 justitiae
2428 2680 2673 2736 districte
2695 2683 3006 2750 persistere,
3034 2699 3141 2739 non
3168 2694 3420 2741 verentur
3444 2702 3473 2739 a
3496 2688 3604 2757 pie-

2035 2771 2163 2826 tatis
2195 2773 2412 2828 tramite
2439 2772 2731 2828 crudeliter
2760 2775 3034 2831 aberrare.
3517 2802 3521 2807 ο

2589 2882 2814 2939 CAPUT
2852 2882 3041 2941 XXVI.

1956 3007 2000 3066 ε
2035 2971 2189 3037 ουοά
2216 2972 2254 3026 ίί
2278 2973 2618 3066 etiamm
2643 2974 3354 3066 E‘iff.‘i9.’ii’3‘ii‘9?’€i¥,‘,“9m,
3392 2981 3604 3035 οναίιιαε

2277 3044 2345 3097 rt't
2376 3044 2620 3108 Aeacius,
2648 3045 2932 3099 honoribus
2964 3063 3067 3100 non
3089 3049 3374 3117 priventur.

2098 3132 2238 3198 Quid
2293 3132 2380 3187 isti
2423 3133 2617 3187 dicturi
2662 3142 2809 3199 sunt,
2856 3134 3079 3190 audiant
3123 3136 3189 3191 de
3236 3138 3319 3193 his
3365 3154 3600 3211 quoque,

2028 3239 2163 3295 quos
2185 3232 2306 3293 post
2325 3224 2721 3279 damnationem
2743 3223 2973 3279 Aeacius
2998 3225 3286 3292 ordinavit,
3316 3230 3442 3297 quid
3466 3231 3604 3284 idem

2027 3329 2163 3383 papa
2196 3313 2530 3368 decreverit:
2564 3328 2668 3367 non
2707 3315 2848 3367 enim
2878 3328 2972 3369 eos
2996 3314 3229 3369 arbitror
3255 3316 3355 3370 ista
3388 3316 3602 3388 legisse.

2026 3405 2171 3476 quod
2200 3412 2413 3460 constat
2438 3405 2506 3460 ab
2532 3404 2598 3459 iis
2629 3406 2915 3460 temerario
2938 3406 3219 3462 dissonare
3242 3408 3465 3478 judicio.
3498 3411 3605 3463 An-

2025 3497 2176 3551 diant
2204 3496 2366 3567 igitur
2400 3495 2655 3565 pietatem
2686 3497 2992 3567 apostolica:
3020 3499 3186 3565 sedis,
3240 3509 3295 3554 et
3333 3490 3364 3554 5
3409 3501 3603 3555 duritia

2026 3588 2227 3658 proprii
2280 3587 2622 3644 emolliantur
2668 3589 2956 3645 examinis.
3002 3588 3132 3645 Post
3180 3589 3268 3646 illa
3318 3592 3603 3662 siquidem,

2025 3694 2145 3748 quae
2177 3680 2540 3749 praemisimus
2566 3688 2621 3735 et
2655 3680 2757 3735 ista
2790 3680 3068 3752 subjungit
3098 3701 3110 3737 :
3140 3683 3293 3751 Quod
3321 3685 3365 3738 si
3392 3685 3601 3754 aliquo-

2027 3786 2169 3836 rum,
2199 3770 2393 3840 inquit,
2417 3770 2471 3824 in
2503 3778 2710 3824 tantum
2735 3786 2794 3825 se
2818 3773 3288 3828 extenditeuriosa
3311 3777 3603 3844 suspeetio,

2026 3868 2085 3913 ut
2116 3861 2475 3931 imaginentur
2502 3860 2713 3930 prolato
2742 3876 2772 3914 a
2802 3878 2936 3932 papa
2968 3862 3145 3918 Felice
3161 3861 3382 3930 judicio,
3416 3878 3602 3934 postea

2026 3949 2380 4006 inefﬁcaciter
2412 3951 2465 4006 in
2493 3952 2875 4016 sacramentis,
2904 3967 3024 4020 quae
3057 3952 3285 4007 Aeacius
3305 3955 3602 4023 usurpavit,

2024 4044 2238 4113 egisse:
2278 4057 2342 4097 ac
2368 4042 2590 4112 proinde
2618 4050 2830 4111 oportet
2850 4058 2943 4096 eos
2988 4051 3251 4107 metuere,
3282 4044 3374 4112 qui
3419 4045 3502 4100 vel
3550 4048 3603 4100 in

2025 4130 2541 4195 consecrationibus,
2570 4130 2653 4186 vel
2680 4130 2732 4185 in
2758 4131 3083 4201 baptismate
3112 4132 3366 4202 mysteria
3410 4133 3603 4189 tradita

2024 4232 2398 4292 susceperunt,
2432 4237 2500 4277 ue
2529 4223 2681 4277 irrita
2732 4221 2997 4277 beneﬁcia
3047 4222 3227 4277 divina
3276 4224 3559 4281 videantur
3593 4244 3606 4279 :

2025 4312 2369 4367 meminerint
2410 4311 2463 4365 in
2502 4310 2643 4365 hanc
2689 4326 2907 4381 quoque
2945 4320 3155 4382 partem
3200 4312 3449 4369 similiter
3490 4324 3603 4371 tra-

2024 4412 2228 4458 ctatum
2252 4402 2546 4474 praevalere
2571 4402 2926 4472 superiorem,
2958 4404 3085 4474 quia
3105 4420 3213 4461 non
3234 4406 3352 4461 sine
3372 4421 3606 4479 usurpa-

2027 4495 2172 4549 tione
2209 4495 2492 4549 saeerdotii
2519 4493 2811 4561 adjudicati
2840 4496 2942 4549 hoc
2970 4496 3101 4565 egit,
3130 4497 3181 4550 in
3211 4512 3319 4567 quo
3346 4497 3599 4554 virtutem

2023 4603 2178 4642 suam
2213 4587 2585 4643 obtinentibus
2632 4588 2907 4657 mysteriis
2955 4588 3009 4641 in
3062 4589 3163 4644 hoc
3212 4604 3429 4661 quoque
3480 4591 3605 4647 aliis

2023 4696 2114 4734 rea
2144 4679 2244 4735 sibi
2273 4693 2503 4748 persona
2532 4692 2638 4732 non
2664 4679 2867 4734 nocuit.
2896 4678 3031 4733 Nam
3061 4680 3128 4735 ad
3154 4679 3303 4735 illum
3327 4682 3601 4751 pertinuit,

2022 4774 2164 4842 quod
2188 4771 2312 4826 tuba
2335 4771 2585 4826 Davidica
2611 4771 2684 4825 ita
2710 4771 2956 4826 canitur:
2986 4788 3006 4823 ι
3040 4770 3421 4827 Verumtamen
3463 4773 3608 4829 Deus

2021 4861 2405 4929 conquassabit
2452 4862 2628 4931 capita
2675 4860 3018 4917 inimicorum
3050 4876 3269 4917 suorum
3296 4903 3311 4926 ,
3340 4864 3600 4920 verticem

2019 4949 2195 5020 capilli
2221 4949 2710 5019 perambulanlium
2739 4950 2792 5005 in
2821 4950 3031 5006 delictis
3053 4950 3168 5006 suis
3195 4950 3593 5024 (Psal.uvu).t

2020 5041 2157 5095 Nam
2196 5041 2447 5111 superbia
2486 5056 2701 5111 semper
2734 5041 2856 5109 sibi,
2907 5057 3014 5096 non
3044 5042 3164 5097 aliis
3208 5041 3335 5098 facit
3364 5043 3596 5097 ruinam.

2018 5132 2170 5197 Quod
2221 5132 2472 5187 universa
2526 5130 2935 5203 Scripturarum
2980 5134 3246 5187 sententia
3292 5132 3593 5187 etelestium

2020 5235 2249 5277 testatur
2284 5224 2608 5289 auctoritas,
2656 5226 2795 5280 sicut
2839 5224 3001 5278 etiam
3032 5238 3125 5292 per
3173 5222 3433 5293 Spiritum
3467 5238 3594 5275 san-

2019 5325 2164 5369 ctum
2189 5316 2386 5371 dicitur
2415 5316 2469 5369 in
2499 5314 2767 5385 Pr0pheta
2795 5330 2809 5368 :
2839 5334 2856 5366 ι
2891 5313 3006 5368 Non
3038 5313 3302 5366 habitabit
3332 5312 3383 5366 in
3420 5311 3596 5366 medio

2018 5408 2207 5461 domus
2238 5423 2389 5472 meae,
2420 5409 2511 5477 qui
2539 5407 2670 5460 facit
2699 5407 3007 5475 superbiam
3038 5402 3209 5476 (Paul.
3241 5404 3313 5473 ο).
3378 5424 3395 5454 ι
3445 5404 3595 5459 Unde

2017 5519 2139 5555 cum
2169 5501 2269 5555 sibi
2301 5500 2601 5557 sacerdotis
2628 5513 2821 5554 nomen
2857 5497 3233 5560 vindicaverit,
3263 5497 3591 5552 condemna-

2020 5602 2104 5645 tus
2131 5593 2180 5644 in
2210 5592 2378 5663 ipsius
2406 5592 2660 5644 verticem
2701 5587 2964 5658 superbire
2992 5597 3171 5642 tumor
3205 5587 3436 5641 inilirtus
3477 5596 3560 5641 est
3580 5606 3591 5616 ·

3124 5683 3161 5741 5
