4018 6194
403 272 502 326 139

823 264 880 316 S.
920 242 1433 315 PETRI-DAMlANl
1468 254 1618 308 OPP.
1654 248 1888 306 TOMUS
1925 244 2053 300 SEU
2095 244 2271 300 PARS
2316 244 2399 298 ιιι.
2440 275 2509 286 --
2547 240 2910 298 OPUSCULA
2956 238 3184 292 VARIA.

3552 238 3651 295 140

399 380 525 448 quia
556 392 659 432 non
686 374 932 444 populus,
964 370 1055 440 qui
1103 370 1155 422 in
1187 365 1506 421 ministeriis
1551 364 1749 416 donum
1800 358 1973 429 ipsius
2006 364 2045 421 Α
2078 355 2270 410 tissimi
2308 356 2448 424 regis
2491 353 2799 424 irrrperium,
2844 350 3299 421 praesulatumque
3349 350 3659 404 reverendae

399 470 639 529 sitiebat,
668 466 919 519 exclusus
949 470 1061 525 est;
1097 458 1190 512 sed
1218 456 1399 510 aninra
1427 455 1538 518 illa,
1566 468 1687 522 quae
1710 464 1971 520 peceave-

400 568 506 623 rat,
532 555 679 626 justo
703 553 908 621 judicio
939 549 1154 620 proprie
1175 554 1291 601 erat
1319 544 1572 607 obnoxia,
1608 541 1752 611 quod
1780 541 1977 608 ubique

400 662 685 705 nrrmerosa
717 644 1121 713 Scripturarum
1153 646 1388 694 testatur
1416 634 1721 690 instructio.

436 804 439 805 ν
473 738 613 805 Quid
634 737 747 804 jam
772 734 980 788 dicetur
1017 730 1084 784 ad
1114 729 1258 783 ista?
1292 726 1422 793 Quae
1447 725 1707 777 adversus
1740 722 1855 776 hate
1877 734 1978 789 po-

406 830 533 883 terit
580 826 777 879 callere
826 822 1084 884 versutia,
1134 834 1252 888 qua:
1294 814 1505 870 veritati
1556 811 1979 883 repugnantibrrs

403 926 686 987 suppetere
724 920 975 982 poterunt
1020 905 1383 979 argumenta?
1433 903 1573 957 Ecce
1619 901 1687 955 de
1739 916 1844 953 una
1892 900 1981 954 hic

402 1024 632 1078 persona
656 1004 963 1074 specialiter
1008 1002 1203 1070 agitur,
1233 996 1325 1077 sed
1370 993 1694 1048 universalis
1716 1002 1799 1047 est
1818 1006 1979 1046 causa

403 1116 522 1171 qua:
571 1097 898 1169 generaliter
947 1093 1199 1148 delinitur
1244 1108 1256 1143 :
1306 1104 1411 1143 non
1460 1095 1639 1141 tamen
1695 1101 1793 1139 nos
1857 1094 1978 1138 tan-

403 1206 565 1257 quam
601 1204 695 1256 pro
725 1183 997 1239 hrereticis
1024 1190 1251 1245 stantes,
1286 1181 1353 1233 ad
1388 1179 1491 1232 hoc
1523 1178 1633 1245 ipsa
1682 1173 1983 1244 prtescribi-

405 1295 542 1340 mrrs,
575 1287 631 1330 ut
659 1277 893 1343 reliquas
924 1281 1231 1327 sanctorum
1261 1270 1483 1323 Patrum
1509 1268 1833 1331 sententias,
1864 1280 1983 1335 qua:

404 1371 457 1423 in
483 1384 596 1431 eos,
646 1380 944 1434 eorumque
980 1362 1344 1418 ministerium
1394 1360 1638 1415 severius
1686 1358 1982 1419 vindicant,

406 1461 755 1514 destruamus
784 1475 797 1505 :
826 1457 919 1507 sed
946 1456 1064 1506 ideo
1091 1451 1267 1520 plane,
1294 1459 1353 1503 ut
1382 1453 1529 1511 dum,
1554 1465 1673 1518 qua:
1711 1449 1765 1503 in
1792 1448 1986 1517 priori-

405 1546 504 1598 bus
529 1543 733 1596 sanctis
757 1540 938 1603 fuerit,
967 1540 1265 1594 moderatio
1306 1539 1646 1593 discretionis
1668 1538 1981 1602 attenditur,

406 1638 473 1690 ab
524 1636 609 1689 his
664 1648 901 1702 quoque,
956 1632 1045 1700 qui
1102 1646 1245 1685 nunc
1286 1639 1443 1694 sunt,
1490 1644 1833 1698 nequaquam
1886 1644 1983 1699 per

2078 446 2350 499 memoriae
2372 442 2665 499 Clementis
2692 456 2861 512 papae,
2898 440 3162 507 istiusque
3191 438 3494 493 beatissimi
3524 437 3660 492 Leo-

2077 535 2163 589 nis
2189 534 2490 604 apostolici,
2522 548 2630 602 quo
2659 546 2801 586 nunc
2837 529 3081 584 videlicet
3112 528 3359 596 prmsule,
3393 538 3578 582 sancta
3604 542 3662 582 se

2079 624 2365 695 gubernari
2399 624 2699 693 gratulatur
2712 621 2971 683 Ecclesia,
2999 636 3095 689 per
3115 621 3469 674 occidentalia
3499 634 3661 690 regna

2080 712 2228 765 virus
2257 709 2581 764 Simoniacm
2611 710 2883 763 hmreseos
2905 706 3177 760 lethaliter
3197 705 3471 768 ebull‘rsse,
3499 707 3572 759 ita
3605 717 3664 759 ut

2081 802 2219 871 quod
2237 803 2438 869 passim
2469 800 2632 855 fiebat
2656 800 2880 854 licenter
2904 798 3218 861 admissum,
3246 798 3455 852 nltoriae
3484 800 3660 851 anim-

2081 893 2389 947 adversioni
2446 906 2787 961 nequaquam
2857 891 3144 945 duceretur
3213 890 3547 953 obnoxium,
3607 898 3662 944 et

2083 985 2227 1054 quod
2270 992 2390 1038 erat
2430 982 2544 1039 fere
2568 983 2820 1040 omnibus
2848 992 3292 1045 consentaneum,
3345 997 3441 1050 pro
3485 983 3663 1051 regula

2086 1063 2389 1140 tenebatur,
2417 1085 2667 1144 tanquam
2692 1074 2848 1145 legali
2876 1074 3155 1128 sanctione
3183 1072 3498 1127 decretum?
3524 1074 3662 1139 Quid

2084 1182 2212 1234 ergo
2243 1166 2593 1231 commeruit,
2633 1164 2760 1233 quid
2796 1164 3074 1233 peccavit,
3114 1163 3206 1230 qui
3242 1173 3468 1215 matrem
3510 1178 3662 1216 suam

2085 1255 2402 1319 Ecclesiam,
2432 1254 2484 1307 in
2507 1269 2612 1323 qua
2637 1252 2894 1307 nimirum
2925 1268 2990 1305 ex
3017 1266 3156 1317 aqua
3178 1263 3230 1303 et
3246 1250 3448 1318 Spiritu
3478 1258 3667 1303 sancto

2086 1358 2306 1400 renatus
2332 1355 2433 1409 est,
2465 1343 2781 1412 simpliciter
2804 1343 2953 1407 adiit,
2984 1353 3146 1410 atque
3187 1341 3272 1395 ubi
3316 1341 3664 1409 baptismum,

2084 1435 2193 1490 illic
2229 1437 2393 1489 etiam
2447 1435 2677 1504 gratiam
2732 1435 3154 1488 consecrationis
3193 1432 3435 1500 accepit?
3497 1430 3664 1485 Suurrr

2086 1527 2286 1596 quippe
2322 1542 2429 1580 non
2459 1534 2601 1590 erat,
2632 1534 2690 1578 ut
2718 1526 2784 1579 de
2810 1525 3180 1578 consecraturi
3205 1539 3263 1577 se
3295 1516 3522 1591 persona
3552 1522 3664 1575 (ἧς-

2089 1628 2279 1686 putare
2333 1616 2603 1682 debuerit,
2660 1627 2944 1685 propterea
2978 1630 3138 1685 quem
3191 1615 3327 1683 aprrd
3370 1614 3665 1667 Ecclesiam

408 1725 819 1780 immoderatam
862 1722 1131 1789 justitiam
1184 1721 1340 1776 limes
1388 1720 1519 1775 recti
1573 1720 1837 1775 examinis
1885 1736 1975 1773 εχ.
2018 1715 2058 1771 Β
2088 1723 2241 1762 suam
2274 1706 2565 1776 prresidere
2591 1706 2642 1759 in
2665 1705 2956 1776 episcopali
2974 1705 3230 1759 cathedra
3262 1705 3484 1773 reperit,
3512 1705 3668 1757 abeo

406 1819 629 1873 cedatur
676 1833 689 1869 :
741 1830 807 1869 ne
856 1814 923 1867 iis
970 1814 1134 1868 etiam
1186 1812 1317 1867 illud
1366 1825 1667 1880 congruere
1718 1810 1983 1873 videatur,

404 1917 547 1983 quod
605 1913 670 1965 de
720 1910 1042 1979 quibusdam
1115 1922 1302 1962 eorum
1367 1905 1633 1960 similibus
1693 1920 1791 1974 per
1846 1904 1989 1973 Apo-

406 2002 601 2056 stolum
627 2001 821 2054 dicitur
845 2017 858 2053 :
891 2017 908 2048 t
940 1998 1076 2064 Quia
1103 1996 1275 2049 zelum
1304 1994 1393 2048 Dei
1418 1993 1639 2059 habent,
1666 1994 1757 2048 sed
1779 2008 1883 2047 non
1908 2007 1990 2046 se-

406 2091 643 2144 cundum
662 2088 944 2142 scientiam
969 2086 1140 2156 (Rom.
1165 2086 1241 2155 ι).
1272 2103 1290 2136 ι
1319 2083 1419 2149 Qui
1440 2083 1600 2154 igitur
1622 2083 1690 2137 ab
1712 2083 1988 2145 lrarretico,

414 2178 571 2247 125
616 2176 915 2245 eodemque
968 2174 1112 2228 sedis
1159 2172 1464 2243 apostolicae
1520 2172 1840 2235 auctoritate
1897 2172 1987 2224 da-

412 2280 617 2331 mnato,
667 2267 898 2336 promoti
939 2275 1084 2328 sunt,
1134 2280 1161 2317 a
1196 2265 1275 2319 sui
1304 2264 1502 2335 gradus
1526 2264 1989 2318 administratione

409 2375 513 2412 non
560 2368 859 2412 corruunt:
906 2366 960 2410 et
985 2355 1075 2425 qni
1116 2371 1145 2408 a
1177 2350 1507 2408 Simoniacis
1550 2369 1654 2407 non
1696 2353 1987 2408 Sinroniaci

407 2448 709 2502 consecrati
750 2455 893 2509 sunt,
933 2446 1154 2499 honoris
1186 2444 1388 2512 accepti
1432 2444 1727 2512 periculum
1758 2443 1990 2498 sustiru--

406 2538 578 2593 bunt?
633 2537 776 2590 Dura
810 2545 957 2591 certe
989 2536 1277 2595 sententia,
1314 2544 1368 2587 et
1412 2533 1692 2587 indiscreti
1723 2533 1991 2586 examinis

408 2644 628 2698 prorsus
656 2626 953 2680 inhumana
975 2639 1202 2679 censura
1226 2641 1237 2676 :
1272 2632 1486 2690 utquos
1514 2621 1843 2677 conSt-ientia
1872 2622 1990 2673 red-

407 2718 488 2771 dit
510 2718 773 2771 innocuos
816 2715 962 2769 illata
992 2715 1281 2782 redarguat
1310 2726 1463 2780 ptena
1494 2710 1822 2779 plectendos,
1852 2720 1907 2763 et
1936 2710 1989 2762 in

316 2873 325 2879 ‘
406 2787 502 2861 eo's
521 2806 783 2859 severitas
814 2802 1085 2871 judicialis
1107 2801 1452 2863 extendatur,
1500 2815 1636 2869 quos
1676 2808 1987 2867 praesumptr

409 2894 606 2966 piaculi
641 2893 915 2949 temeritas
947 2906 1051 2945 non
1080 2899 1319 2944 accusat.
1358 2888 1458 2942 Ubi
1483 2889 1627 2943 enim
1654 2903 1759 2943 non
1791 2895 1871 2942 est
1895 2890 1992 2940 ad-

409 2985 632 3038 nrissum
658 2982 889 3044 crimen,
938 2994 1036 3033 cur
1062 2978 1325 3032 inferatur
1374 2979 1586 3047 poenale
1628 2977 1991 3047 supplicium?

2089 1799 2155 1851 ad
2190 1799 2433 1850 ordinem
2469 1796 2773 1865 promoveri
2823 1797 3091 1865 integrum
3124 1796 3292 1848 duxit.
3343 1795 3481 1861 Quid
3524 1795 3666 1846 enim

2090 1885 2314 1947 faceret,
2347 1886 2432 1938 cui
2472 1894 2527 1939 et
2552 1899 2747 1939 nomen
2773 1884 2904 1938 dare
2931 1886 2982 1938 in
3008 1883 3343 1952 professione
3373 1899 3541 1937 sacrae
3573 1884 3670 1936 rui-

2089 1975 2215 2029 litize
2244 1975 2402 2044 126
2433 1974 2727 2028 necessitas
2751 1974 3087 2037 irnmiuebat,
3130 1983 3184 2028 et
3229 1974 3461 2041 migrare
3493 1982 3668 2027 tamen

2090 2066 2155 2117 ad
2182 2065 2371 2118 aliena:
2398 2064 2649 2119 ditecesis
2689 2065 2996 2134 episcopum
3031 2080 3134 2119 non
3170 2063 3398 2118 licebat?
3426 2063 3534 2116 Cur
3567 2080 3671 2117 ron

2090 2157 2309 2224 autiqrra
2338 2165 2663 2210 sanctorum.
2681 2156 2903 2209 Patrum
2925 2166 3097 2225 gesta,
3124 2157 3237 2209 sive
3258 2167 3520 2225 prrecepta
3545 2158 3674 2210 sub-

2094 2247 2240 2299 tilius
2282 2254 2716 2314 per-tractantur:
2767 2256 2824 2300 ut
2850 2248 2973 2300 dum
3000 2245 3189 2315 jud.cii
3221 2262 3444 2300 cerrSura
3479 2247 3672 2314 depro-

2092 2337 2276 2395 mitur.
2305 2339 2492 2389 eadem
2526 2351 2739 2406 semper
2766 2337 2983 2390 discreti
3014 2338 3394 2390 moderaminis
3423 2337 3564 2389 linea
3591 2347 3666 2389 te-

2093 2427 2321 2480 neatur?
2348 2426 2483 2480 Nam
2507 2438 2557 2480 et
2590 2427 2636 2481 is
2662 2428 2751 2496 qui
2776 2443 2963 2496 supra,
2988 2427 3304 2497 magnificus
3325 2425 3452 2490 Leo,
3484 2443 3672 2480 omnes

2092 2517 2320 2572 clericos
2346 2519 2414 2571 ab
2443 2519 2711 2572 haereticis
2741 2519 3044 2586 venientes,
3095 2520 3147 2572 in
3182 2520 3245 2572 iis
3272 2519 3510 2588 quidem,
3537 2535 3672 2587 quos

2087 2610 2198 2679 jam
2227 2609 2406 2678 adepti
2435 2618 2579 2670 sunt,
2604 2611 2859 2680 prmcepit
2889 2611 3168 2666 ordinibus
3197 2612 3382 2681 recipi,
3415 2611 3482 2665 ad
3513 2612 3666 2663 altiu-

2093 2716 2181 2755 res
2231 2711 2412 2754 autem
2444 2700 2641 2768 gradus
2678 2702 2927 2770 prohibet
2983 2704 3309 2771 promoveri.
3367 2702 3530 2773 Cujus
3580 2704 3670 2755 de-

2092 2788 2226 2841 creti
2251 2803 2348 2842 nos
2385 2788 2595 2841 titulum
2628 2792 2865 2844 contenti
2906 2806 3093 2845 sumus
3124 2792 3212 2847 hic
3245 2792 3482 2846 breviter
3521 2792 3673 2845 adtri-

2092 2879 2242 2944 bere,
2269 2880 2335 2932 ad
2362 2888 2632 2933 texturam
2656 2890 2839 2935 autem
2870 2882 3152 2948 mittimus,
3178 2886 3374 2952 quibus
3396 2893 3554 2938 vacat
3576 2884 3672 2936 dif-

2099 2969 2269 3025 i‘usius
2301 2970 2408 3024 iliic
2430 2980 2651 3025 exarata
2699 2972 3008 3043 perlegere:
3048 2994 3066 3027 ι
3097 2974 3248 3041 Quod
3270 2977 3467 3041 omnis,
3502 2976 3674 3044 inquit

410 3074 512 3128 Ubi
546 3089 651 3128 non
681 3080 763 3126 est
787 3079 989 3135 reatus,
1022 3069 1393 3124 curinnocens
1418 3068 1738 3122 eslribeatur
1755 3075 1811 3120 ut
1831 3066 1989 3120 reus?
2018 3053 2060 3112 C
2095 3061 2360 3131 (t,q.l,c.
2382 3061 2439 3116 Si
2450 3063 2565 3130 quis
2579 3063 3183 3134 lrwrctr'cw),cujuslibet
3202 3066 3408 3120 ordinis
3422 3066 3670 3129 clericus,

412 3165 565 3231 Quod
587 3160 951 3231 prtejudiciale
967 3167 1280 3215 censeretur
1292 3158 1454 3212 etiam
1472 3157 1523 3210 in
1539 3156 1893 3211 tribunalibus
1907 3155 1994 3224 ju-

410 3257 612 3319 dicuni,
668 3268 765 3307 cur
808 3258 1021 3306 rectum
1060 3249 1311 3303 videatur
1339 3247 1393 3301 in
1423 3257 1731 3302 sanctorum
1763 3246 1993 3301 concilio

408 3341 790 3399 sacerdotum?
817 3339 1004 3395 Solent
1034 3347 1182 3393 certe
1204 3338 1276 3407 pii
1294 3336 1575 3407 pontifices
1600 3336 1666 3390 ad
1697 3335 1993 3405 depositio-

411 3451 531 3490 rrerrr
559 3434 718 3488 unius
738 3431 1026 3502 cujuslibet
1046 3430 1342 3485 sacerdotis
1363 3445 1428 3484 ex
1463 3428 1669 3483 intimis
1692 3428 1994 3483 visceribus

409 3522 700 3593 suspirium
724 3522 977 3583 reddere,
1025 3520 1280 3575 uberibus
1322 3518 1683 3589 lacrymarum
1734 3518 1864 3572 rivis
1893 3519 1991 3572 tri-

413 3614 516 3668 stia
541 3628 638 3667 ora
671 3609 1014 3680 perfundere,
1041 3609 1328 3678 cunctique
1352 3615 1591 3662 astantes
1620 3607 1719 3676 pia:
1747 3621 1994 3676 compas-

407 3705 579 3760 sionis
608 3711 877 3774 coguntur
899 3700 1080 3755 studio
1110 3699 1418 3753 condolere.

480 3796 620 3850 Ecce
654 3809 797 3848 nunc
850 3800 960 3846 tota
1008 3778 1145 3860 pene
1192 3789 1392 3844 Christi
1441 3789 1678 3844 Ecclesia
1729 3788 1795 3841 ad
1838 3788 1996 3841 unius

408 3886 692 3943 sententiae
739 3882 1005 3937 eaicnlum
1051 3880 1431 3937 sacerdotibus
1473 3880 1801 3944 destituitur,
1854 3888 1906 3932 et
1938 3888 1995 3931 ut

411 3976 691 4035 tolerabile
717 3974 985 4037 videatur,
1018 3972 1356 4028 sacerdotum
1383 3971 1608 4041 populus
1633 3970 1685 4024 in
1710 3985 1996 4024 commune

410 4067 718 4138 deponitur,
771 4073 827 4119 et
857 4064 999 4119 risus
1031 4063 1281 4117 habetur.
1327 4062 1437 4115 Cur
1467 4077 1572 4115 non
1624 4061 1751 4115 illud
1800 4059 1993 4115 saltem

410 4156 687 4209 reducitur
708 4153 774 4205 ad
797 4151 1134 4215 memoriam,
1164 4151 1305 4219 quod
1337 4164 1433 4218 per
1449 4149 1785 4204 Ezeclrielem
1817 4150 1995 4203 divina

413 4260 513 4299 vox
542 4244 764 4307 clamat,
794 4243 980 4295 dicens
1008 4257 1020 4292 :
1077 4258 1094 4291 ι
1126 4241 1342 4303 Anima,
1374 4253 1494 4307 quae
1524 4239 1853 4307 peccaverit,
1882 4240 1995 4306 ipsa

410 4334 722 4389 morietur:
790 4340 945 4401 pater
1000 4346 1103 4384 non
1180 4329 1417 4399 portabit
1488 4328 1826 4397 iniquitatem
1878 4331 1994 4391 lilii.

412 4424 572 4498 ﬁlius
614 4438 718 4475 non
801 4421 1039 4489 portabit
1101 4419 1439 4489 iniquitatem
1504 4420 1728 4488 patris:

406 4514 538 4585 justi
594 4527 757 4579 super
812 4526 933 4564 eum
985 4510 1110 4573 erit,
1162 4517 1218 4562 et
1268 4507 1517 4577 impietas
1573 4507 1723 4577 impii
1771 4510 1874 4563 erit
1906 4528 1994 4563 su-

412 4620 509 4673 per
524 4602 683 4658 eurn?
702 4622 718 4652 ι
740 4600 955 4672 (ΕιεεΙι.
971 4600 1146 4670 xvnr.)
1160 4599 1251 4654 isti
1268 4608 1447 4653 autem
1460 4598 1995 4654 l‘raternmcalamita-

414 4695 485 4750 tis
513 4693 660 4748 avari
689 4694 792 4747 hoc
825 4700 1099 4761 satagunt,
1132 4690 1198 4743 ad
1232 4690 1335 4744 hoc
1358 4689 1660 4753 enituntur,
1692 4699 1750 4742 ut
1790 4690 1993 4753 anima,

415 4802 534 4858 qua:
561 4801 667 4840 non
698 4784 1021 4855 peccaverit,
1052 4783 1306 4836 intereat:
1340 4787 1397 4834 et
1444 4780 1605 4834 alieni
1632 4780 1890 4835 facinoris
1918 4781 1994 4833 in-

414 4890 637 4939 nocens,
668 4888 860 4943 poenas
876 4872 1139 4926 exsolvat.
1172 4870 1442 4925 Anbelant
1463 4871 1626 4935 enim,
1658 4870 1826 4925 utfilii
1853 4871 2000 4925 addi-

412 4978 608 5024 cantur
653 4967 1025 5036 iniquitatibus
1059 4975 1293 5034 patrum,
1326 4974 1377 5019 et
1419 4964 1549 5032 justi
1595 4966 2001 5035 proscribarrtur

412 5058 736 5114 criminibus
776 5056 1089 5125 impiorum,
1115 5064 1278 5123 atque
1308 5065 1367 5107 ut
1392 5053 1731 5109 manifestius
1751 5055 1999 5124 eloquar,

410 5164 529 5215 cos,
574 5148 665 5217 qui
699 5145 993 5202 Simoniaci
1027 5161 1131 5197 non
1169 5153 1316 5209 sunt,
1361 5144 1792 5198 Simoniacorum
1825 5145 2001 5212 poenis

416 5239 746 5309 adjudicant,
792 5246 846 5290 et
869 5252 967 5306 pro
998 5235 1210 5288 illorum
1235 5233 1601 5303 negotiatione
1634 5236 1999 5289 condemnant

412 5332 507 5399 qui
531 5330 883 5385 exsecrabilis
914 5327 1110 5396 trr'golii
1144 5327 1347 5380 crimen
1381 5342 1603 5394 prorsus
1637 5327 1905 5395 ignorant.

962 5416 1190 5473 CAPUT
1238 5415 1445 5469 XXVII.

419 5508 574 5572 Quod
607 5526 764 5578 usque
793 5509 860 5561 ad
891 5510 985 5561 hoc
1011 5522 1211 5576 (euripus
1253 5505 1558 5560 Simoniaca
1586 5508 1796 5560 lurrcsis
1822 5510 2001 5578 viguit.

486 5598 620 5663 Quis
650 5601 790 5653 enim
823 5600 1025 5653 nesciat
1055 5612 1223 5667 usque
1254 5598 1316 5652 ad
1342 5598 1499 5667 hujus
1533 5597 1747 5653 llerrrici
1771 5600 2004 5655 clemen-

1664 5742 1699 5755 ἣ

2095 3154 2187 3222 qui
2231 3154 2552 3209 catholicam
2602 3155 2890 3220 deserens,
2969 3157 3236 3212 haeretica:
3305 3157 3672 3214 communioni

2096 3246 2373 3301 rniscnerit
2399 3262 2480 3311 se,
2515 3248 2559 3302 si
2590 3251 2657 3301 ad
2699 3247 2994 3303 Ecclesium
3028 3265 3276 3305 reversus
3306 3249 3487 3317 fuerit,
3518 3251 3572 3304 in
3608 3265 3675 3305 eo

2094 3340 2286 3408 gradu,
2317 3353 2424 3409 quo
2460 3347 2599 3404 erat,
2623 3339 2737 3393 sine
2779 3340 3116 3408 promotione
3144 3350 3479 3409 permaneat.
3518 3361 3537 3393 ι
3573 3339 3676 3395 Ρο-

2103 3444 2293 3485 namus
2312 3429 2511 3499 itaque,
2542 3440 2602 3484 ut
2624 3428 2921 3486 Simoniaci
2954 3432 3008 3486 in
3033 3430 3182 3486 nullo
3210 3446 3240 3486 a
3269 3433 3480 3487 cteteris
3505 3432 3676 3487 barre-

2096 3520 2221 3576 ticis
2265 3521 2535 3586 differant,
2600 3530 2761 3591 atque
2786 3537 2883 3592 per
2926 3522 3325 3578 schismaticam
3353 3532 3554 3579 sectam
3604 3526 3679 3580 si-

2095 3610 2318 3675 militer,
2356 3625 2479 3664 cum
2509 3610 2590 3665 eis
2626 3611 2693 3665 ab
2718 3611 3088 3667 ecclesiastica
3129 3612 3507 3668 communione
3546 3629 3674 3683 pro-

2094 3700 2181 3755 cul
2213 3700 2495 3765 recedant;
2541 3700 2592 3753 in
2614 3701 2918 3757 sacerdotio
2944 3710 3143 3765 tamen,
3186 3702 3273 3757 vel
3301 3703 3513 3763 caeteris
3540 3718 3672 3774 gra-

2096 3789 2253 3843 dibus
2281 3789 2594 3857 quicunque
2622 3787 2735 3856 jam
2767 3791 2835 3845 ab
2858 3790 2938 3846 eis
2964 3791 3196 3860 promoti
3224 3800 3375 3857 sunt,
3404 3790 3675 3847 Leouiano

2096 3878 2462 3934 decernuntur
2490 3891 2811 3947 permanere
2839 3880 3065 3950 judicio.

2617 3990 2845 4048 CAPUT
2886 3992 3117 4049 XXVIII.

2100 4081 2202 4136 Hic
2231 4081 2506 4150 manifeste
2537 4085 2805 4153 probatur,
2835 4086 2961 4155 quia
2992 4102 3085 4155 per
3108 4088 3423 4143 simoniacos
3451 4087 3677 4156 Spiritus

2629 4160 2843 4208 sanctus
2867 4157 2994 4223 acci,
3017 4157 3145 4209 itur.

2173 4240 2281 4297 Sed
2304 4242 2501 4297 dicitur
2529 4258 2560 4298 e
2598 4244 2834 4309 diverso,
2865 4259 2992 4300 ecce
3013 4245 3076 4300 Β.
3096 4260 3229 4315 papa
3258 4246 3550 4317 Gregorius
3577 4249 3683 4303 cla.

2106 4342 2247 4387 mat:
2277 4353 2294 4384 ι
2324 4334 2381 4387 Si
2406 4336 2548 4403 quis,
2582 4336 2854 4406 inquit(n.
2876 4346 3065 4406 quaest.
3097 4338 3148 4401 1,
3184 4338 3477 4410 Quisquis),
3508 4341 3572 4393 ad
3596 4340 3683 4395 Si-

1783 4420 1991 4491 justitia
2032 4401 2073 4455 D
2108 4425 2364 4478 moniacm
2410 4425 2697 4491 bmreseos,
2728 4427 2815 4481 vel
2847 4429 3233 4498 neoplrytorum
3264 4401 3471 4485 facinus
3498 4444 3680 4485 emen-

2103 4513 2336 4565 dandum
2370 4513 2529 4567 otlicii
2573 4514 2653 4569 sui
2705 4517 3140 4573 consideratione
3181 4521 3532 4575 vehementer
3574 4538 3680 4578 non

2102 4600 2388 4664 exarserit,
2413 4616 2535 4655 cum
2564 4602 2656 4657 illo
2686 4618 2745 4659 se
2773 4619 2876 4657 non
2902 4606 3110 4661 dubitet
3130 4607 3331 4663 habere
3358 4610 3676 4678 portioned».

2104 4705 2261 4757 aquo
2304 4691 2407 4745 hoc
2436 4692 2714 4758 piaculare
2762 4693 3024 4764 flagitium
3053 4698 3284 4766 sumpsit
3311 4700 3618 4757 exordium.
3659 4723 3675 4754 ι

2104 4780 2485 4848 Concedimus,
2534 4786 2774 4854 inquam,
2810 4800 2861 4841 et
2886 4804 2921 4841 a
2951 4800 3141 4842 sancto
3184 4791 3319 4854 viro,
3351 4793 3491 4860 quod
3518 4792 3681 4857 absit,

2108 4889 2211 4926 non
2241 4874 2455 4930 diversa
2485 4877 2767 4939 sentimus,
2803 4878 3083 4944 nimirum,
3124 4890 3181 4933 ut
3223 4882 3591 4950 unusquisque
3622 4884 3687 4935 li-

2105 4964 2302 5018 delium
2334 4966 2401 5019 ad
2431 4967 2827 5021 ernendarrdurrr
2879 4970 3047 5037 pestis
3096 4973 3379 5041 utriusque
3420 4970 3682 5041 ﬂagitium

2106 5071 2202 5122 pro
2232 5055 2434 5110 viribus
2462 5067 2686 5127 satagat,
2717 5050 2878 5128 atque
2901 5070 2959 5114 ut
2982 5061 3275 5118 Simoniaci
3298 5080 3420 5118 cum
3445 5066 3656 5133 neopby

2106 5148 2176 5202 tis
2198 5149 2402 5219 pariter
2430 5149 2802 5219 deponantur,
2848 5153 2980 5207 recti
3023 5156 3290 5209 exaruitris
3328 5154 3442 5210 zelo
3475 5156 3661 5210 inarde

2108 5251 2246 5297 seat.
2280 5240 2390 5296 Nos
2418 5242 2602 5311 itaque
2636 5259 2741 5298 non
2774 5260 2872 5313 pro
2904 5245 3235 5301 SilllOlliatlS
3265 5258 3491 5311 stamus,
3549 5262 3689 5318 quos

2108 5333 2363 5387 nimirum
2394 5334 2730 5390 darunandos
2758 5352 2879 5391 esse
2906 5339 3082 5393 omnis
3109 5340 3250 5392 sacri
3290 5339 3491 5408 eloquii
3518 5349 3687 5394 testa-

2111 5437 2195 5477 tur
2226 5426 2525 5480 auctoritas
2552 5442 2565 5481 :
2593 5427 2686 5481 sed
2710 5427 2851 5481 sicut
2874 5442 2939 5482 ex
2970 5437 3281 5482 sanctorurrr
3304 5428 3524 5483 Patrum
3549 5430 3691 5483 mul-

2111 5514 2310 5568 timon
2357 5516 2637 5571 sanctione
2684 5515 3009 5586 colligimus,
3061 5516 3231 5586 gratis
3280 5533 3310 5570 a
3361 5517 3689 5573 Simoniacrs

2106 5604 2406 5669 ordinatos,
2434 5605 2553 5675 jure
2585 5606 2637 5659 in
2667 5606 2778 5663 suis
2808 5606 3089 5663 ordinibus
3124 5607 3436 5664 retinendos
3468 5620 3591 5663 esse
3618 5605 3689 5661 li-
