4018 6194
376 248 473 302 ιιι

1176 245 1415 302 OI’USC.
1462 247 1542 300 VI.
1596 213 1889 303 »ἰηλειι
1930 248 2045 315 QUI
2096 248 2370 303 DICITUR
2411 245 2894 302 GRATISSIMUS.

3535 247 3635 300 ιη

371 357 501 412 bere
544 355 881 425 proﬁtemur.
930 353 1117 425 Itaque
1142 358 1231 425 qui
1256 356 1571 427 Gregorium
1606 358 1672 412 ad
1699 373 1811 413 sua:
1836 375 1957 428 pro—
1987 378 2031 434 Α
2061 370 2259 419 vectos,
2288 338 2349 413 et
2373 372 2540 427 usque
2564 358 2628 411 ad
2650 358 2855 412 obitum
2889 357 3137 413 novimus
3163 356 3452 413 oﬁ‘erendis
3482 359 3635 415 indc-

369 446 607 502 bationis
636 447 893 501 indicium
943 447 1168 502 devocat
1195 448 1382 516 (Gneo.
1418 450 1574 505 Hom.
1608 453 1660 506 in
1699 450 1947 523 Evang.),

367 536 762 608 Cregorianum
816 552 1031 606 quoque
1086 540 1447 594 testimonium
1481 542 1766 595 admittere
1818 544 1950 596 reei—

365 642 531 699 proca
581 629 954 683 vicissitudine
1004 646 1108 685 non
1155 641 1492 697 contemnat,
1523 641 1578 688 et
1618 650 1721 688 non
1763 635 1950 703 quale-

364 738 602 792 cunque,
640 725 736 777 sed
784 741 880 793 pro
914 725 1027 793 ipsa
1058 738 1133 789 re,
1179 735 1237 779 ut
1268 726 1482 793 dicitur,
1514 728 1580 781 ad
1608 728 1786 781 vivum
1828 738 1951 781 tan-

365 823 479 883 gat,
513 830 575 867 ac
598 812 840 883 litigandi
864 815 1151 869 terminum
1186 817 1252 870 de
1274 826 1471 871 caetero
1500 820 1740 872 verbosis
1778 819 1945 887 impo-

365 912 481 958 nat.
536 905 779 974 Denique
806 906 931 960 dum
959 906 1011 961 in
1043 908 1261 962 homilia
1290 911 1524 977 quadam
1551 911 1614 963 de
1629 909 1951 965 Simoniacis

365 994 698 1062 loqueretur,
756 994 989 1061 adjecit:
1030 1015 1047 1047 ί
1083 997 1183 1064 Qui
1213 1012 1447 1067 namque
1495 1007 1622 1053 sunt
1668 998 1720 1051 in
1750 998 1950 1067 templo

366 1085 459 1139 Dei
493 1086 670 1151 hodie,
700 1088 790 1155 qui
833 1087 1108 1143 columbas
1134 1090 1392 1154 vendunt,
1426 1090 1526 1144 nisi
1550 1091 1639 1159 qui
1673 1090 1725 1144 in
1758 1090 1946 1146 Eccle-

367 1176 445 1229 sia
504 1177 738 1245 pretium
786 1178 853 1232 de
899 1178 1241 1247 impositione
1286 1197 1475 1235 manus
1513 1182 1803 1251 accipiunt,
1854 1198 1949 1251 per

365 1282 528 1334 quam
556 1266 803 1320 videlicet
823 1267 1217 1337 impositionem
1236 1268 1470 1337 Spiritus
1487 1281 1704 1325 sanctus
1735 1272 1948 1328 coalitus

369 1358 564 1411 datur?
598 1378 614 1408 ι
636 1359 773 1414 Ecce
790 1360 831 1413 si
848 1361 1020 1414 sancti
1038 1360 1196 1429 hujus
1210 1362 1306 1415 vu-i
1325 1362 1629 1416 auctoritati
1653 1362 1782 1417 ﬁdes
1796 1362 1948 1417 adhi-

362 1450 534 1503 benda
552 1451 877 1517 decernitur,
897 1467 1001 1506 non
1020 1460 1099 1507 est
1113 1468 1210 1507 cur
1226 1452 1629 1521 disceptationis
1640 1462 1949 1507 controver-

361 1541 439 1593 sia
474 1541 703 1595 ulterius
751 1543 1117 1610 protrahatur.
1160 1542 1297 1609 Quid
1328 1544 1471 1597 enim
1516 1543 1790 1612 liquidius,
1816 1543 1943 1612 quid

368 1631 629 1697 apertius.
656 1646 816 1699 quam
832 1632 975 1701 quod
993 1632 1213 1697 dicitur,
1229 1633 1353 1703 quia
1370 1633 1619 1688 videlicet
1637 1649 1827 1687 manus
1849 1633 1946 1687 im-

2055 450 2297 503 sinenter
2318 448 2599 503 sacriﬁciis
2624 448 2914 514 institisse;
2938 458 2989 502 et
3013 464 3158 503 nunc
3184 449 3465 519 perspicue
3489 448 3637 504 vide-

2057 555 2177 593 mus
2223 540 2519 608 insignibus
2554 540 2936 593 miraculorum
2982 540 3271 595 virtutibus
3303 538 3636 593 coruscare?

2054 630 2248 685 Nostra
2282 632 2478 699 quippe
2508 639 2667 684 actate
2696 630 2843 685 beati
2867 631 2987 694 viri,
3024 630 3293 697 videlicet,
3324 629 3636 684 Rondaldus

2052 722 2472 787 Camarinensis,
2503 721 2713 775 Amitns
2739 720 3175 787 Ramibonensis,
3202 720 3378 775 Guido
3404 720 3635 789 Pompo-

2054 812 2267 875 sianus,
2313 811 2597 865 Firmanus
2653 811 2981 875 Firmeusis,
3036 818 3091 865 et
3146 810 3492 881 quamplures
3546 810 3633 863 alii

2053 910 2252 955 sancta:
2277 902 2704 955 conversationis
2730 901 2910 955 studio
2944 899 3262 954 floruerunt.
3295 899 3470 968 Super
3502 914 3635 969 quo-

2054 1007 2175 1045 rum
2225 991 2475 1044 videlicet
2523 991 2827 1044 veneranda
2880 993 3143 1044 cadavera
3174 1004 3239 1043 ex
3281 988 3634 1044 sacerdotalis

2052 1080 2376 1135 auctoritate
2400 1080 2610 1134 concilii
2635 1094 2787 1133 sacra
2821 1080 3010 1133 altaria
3041 1088 3165 1135 sunt
3192 1087 3395 1145 erecta,
3429 1079 3520 1133 ubi
3549 1079 3635 1135 ni-

2052 1170 2247 1224 mirum
2273 1169 2451 1225 divina
2477 1170 2729 1240 mysteria
2754 1169 3029 1224 miraculis
3050 1170 3388 1240 exigentibus
3406 1167 3635 1227 offerun-

2050 1270 2157 1314 tur.
2194 1260 2427 1313 Evidens
2458 1276 2585 1328 ergo
2614 1259 2865 1314 clarescit
2904 1260 3159 1337 iudicium
3189 1273 3253 1313 ex
3286 1273 3473 1313 eorum
3520 1275 3635 1313 ma-

2049 1351 2208 1405 nibus
2258 1350 2579 1404 sacriﬁcium
2614 1350 2796 1403 divino
2826 1350 3138 1418 conspectui
3186 1365 3347 1418 quam
3395 1351 3634 1406 suaviter

2047 1440 2136 1501 sit,
2169 1448 2223 1494 et
2266 1449 2571 1509 acceptum,
2627 1448 2788 1508 atque
2818 1454 2913 1508 per
2944 1456 3036 1493 eos
3084 1441 3263 1494 divina
3292 1441 3626 1510 dispensatio

2047 1527 2163 1583 luce
2188 1528 2385 1583 clarius
2414 1529 2737 1593 innutescit;
2778 1529 2898 1593 quia
2935 1530 3202 1582 neminem
3244 1529 3415 1599 caligo
3441 1530 3631 1584 aliena:

2046 1620 2422 1686 perversitatis
2449 1619 2747 1683 obnubilat,
2773 1635 2933 1689 quem
2964 1619 3139 1688 fulgor
3163 1620 3392 1688 propria:
3416 1620 3632 1691 religio-

357 1721 641 1788 positione,
657 1722 747 1790 qui
763 1722 1013 1776 venditur
1030 1722 1261 1792 Spiritus
1276 1733 1513 1787 sanctus,
1530 1724 1742 1778 caelitus
1755 1724 1936 1779 daturi

2048 1707 2132 1761 nis
2159 1716 2213 1762 et
2238 1708 2533 1762 honestatis
2562 1708 2795 1762 illustrat
2821 1726 2833 1761 :
2878 1723 2978 1763 nec
3005 1717 3186 1762 reatus
3214 1709 3395 1763 obruit
3420 1726 3630 1779 promo-

426 1812 619 1880 Atque,
657 1821 716 1865 ut
748 1812 978 1881 idipsum
1011 1814 1185 1867 adhuc
1228 1815 1430 1868 arctius
1459 1814 1773 1881 inculcaret,
1829 1824 1940 1869 tar—

357 1901 673 1970 dioremque
701 1917 918 1957 sensum
966 1903 1181 1973 plenius
1224 1919 1310 1971 eo,
1345 1907 1488 1975 quod
1516 1908 1816 1974 dicebatur,
1861 1909 1942 1961 in-

358 2000 628 2054 strueret,
693 1991 834 2060 quod
887 1992 1174 2049 manifeste
1244 1997 1617 2065 praemiserat,
1682 1998 1941 2067 replicare

363 2080 520 2150 127
553 2096 660 2134 non
711 2082 903 2152 piguit,
935 2082 1151 2139 dicens:
1215 2104 1231 2137 ‹
1268 2084 1526 2141 Columba
1567 2088 1731 2158 igitur
1758 2090 1941 2144 vendi-

356 2182 463 2238 tur,
493 2174 620 2243 quia
665 2190 855 2229 manus
904 2175 1176 2245 impositio
1212 2192 1310 2247 per
1349 2194 1513 2248 quam
1544 2179 1783 2250 Spiritus
1815 2197 1939 2236 san-

356 2274 441 2319 tus
471 2267 755 2335 accipitur,
797 2268 861 2321 ad
892 2269 1124 2337 pretium
1153 2271 1445 2338 praebetur.
1485 2290 1503 2322 ι
1560 2268 1617 2326 Si
1668 2288 1797 2342 ergo
1844 2288 1940 2342 per

354 2355 496 2409 illam
530 2372 722 2411 manus
754 2358 1167 2428 impositionem,
1203 2375 1323 2428 qua:
1364 2361 1429 2414 ad
1462 2362 1693 2429 pretium
1731 2364 1940 2431 prtebe«

353 2454 461 2511 tur,
504 2446 740 2515 Spiritus
772 2458 990 2503 sanctus
1031 2448 1324 2518 accipitur;
1368 2450 1494 2519 quid
1532 2452 1709 2505 minus
1756 2466 1938 2506 sacra-

352 2538 517 2590 menti
546 2538 597 2590 in
631 2538 980 2603 Simoniacis,
1008 2554 1167 2607 quam
1200 2540 1253 2593 in
1285 2542 1521 2609 gratuito
1554 2542 1817 2610 promotis
1849 2557 1939 2597 sa-

351 2630 661 2682 cerdotibus
688 2630 978 2693 invenitur,
1010 2632 1111 2684 nisi
1157 2632 1281 2700 quia
1309 2631 1475 2697 fonte,
1510 2648 1668 2703 quem
1700 2634 1819 2689 aliis
1849 2650 1934 2690 sa-

353 2718 578 2772 lubriter
614 2717 863 2784 inﬂuunt,
892 2720 989 2788 ipsi
1020 2721 1398 2776 damnabiliter
1421 2723 1745 2793 irrigantur:
1775 2732 1829 2779 et
1855 2724 1933 2779 vi-

350 2827 601 2880 perarum
639 2827 806 2876 more,
854 2813 980 2866 dum
1010 2812 1146 2868 ﬁlios
1193 2815 1432 2883 pariunt,
1464 2815 1561 2885 ipsi
1587 2816 1935 2871 moriuntttr?

348 2902 486 2967 Quid
513 2902 657 2955 enim
692 2902 911 2967 mirum,
957 2902 1003 2957 si
1036 2902 1090 2957 in
1120 2904 1435 2958 ministeriis
1465 2904 1837 2973 spiritualibus
1865 2920 1932 2960 ex

348 2992 505 3046 malis
544 2992 945 3047 ordinatorihus
986 2992 1110 3047 boni
1154 2993 1389 3047 ministri
1424 2994 1574 3059 fiant,
1605 3010 1728 3049 cum
1776 3004 1831 3049 et
1878 2995 1931 3050 in

347 3083 700 3153 generatione
727 3083 933 3137 carnali
965 3098 1071 3138 non
1097 3083 1355 3139 dissimile
1399 3084 1529 3154 quid
1550 3099 1693 3154 εωρο
1718 3084 1932 3139 contin-
1957 3096 2003 3160 (ς

344 3172 475 3241 gat?
509 3172 729 3225 Certum
754 3187 985 3243 namque
1009 3182 1110 3239 est,
1135 3174 1275 3241 quod
1301 3173 1544 3230 videntes
1567 3173 1661 3227 ﬁlii
1683 3189 1749 3230 ex
1772 3175 1929 3231 cmcis

344 3261 685 3331 genitoribus
718 3263 998 3330 prodeant,
1054 3272 1111 3318 et
1141 3265 1438 3336 gibberosis
1466 3275 1628 3335 atque
1664 3266 1930 3323 debilibus

344 3350 555 3419 integra
591 3351 851 3405 membris
885 3351 1099 3408 soboles
1124 3365 1178 3408 et
1203 3369 1429 3425 procera
1455 3356 1732 3411 succedat.
1762 3355 1928 3412 Plane

344 3455 445 3493 nec
468 3438 641 3493 virtus
670 3440 1036 3495 ordinantium
1064 3444 1145 3498 eis
1171 3454 1459 3513 augmento
1480 3454 1582 3510 est,
1607 3446 1700 3514 qui
1728 3461 1824 3516 per
1856 3446 1930 3502 si-

344 3532 517 3585 nistra
558 3533 709 3601 gradi
750 3548 855 3587 non
898 3544 1175 3589 metuunt:
1228 3551 1329 3591 nec
1369 3552 1556 3591 rursus
1594 3553 1781 3591 eorum
1812 3554 1930 3607 pra-

345 3621 486 3675 vitas
514 3621 620 3674 illis
636 3622 817 3687 oﬁicit,
852 3624 941 3692 qui
971 3638 1067 3693 per
1095 3624 1291 3680 lineam
1315 3634 1473 3680 recta:
1500 3627 1929 3682 conversationis

344 3712 621 3767 incedunt.
653 3714 789 3780 Quid
815 3716 958 3770 enim
988 3716 1226 3772 Samueli
1257 3716 1637 3786 praeiudicasse
1653 3719 1933 3789 cognosci-

347 3814 453 3871 tur,
504 3808 627 3876 quia
676 3806 789 3862 Heli
841 3808 1138 3878 discipulus
1185 3809 1321 3865 fuit?
1352 3809 1406 3881 (1
1435 3809 1559 3881 Reg.
1593 3811 1762 3881 ιι,ιιι.)
1814 3810 1921 3864 Aut

343 3898 471 3966 quid
526 3897 729 3967 profuit
762 3899 1003 3965 Nicolao,
1042 3901 1167 3969 quia
1220 3901 1513 3970 apostolica
1572 3917 1694 3957 eum
1732 3901 1928 3956 electio

345 3989 395 4042 in
440 3991 666 4058 gradum
697 3990 923 4045 leviticae
968 3993 1452 4049 administrationis
1482 3994 1809 4064 assumpsit?
1838 3993 1928 4049 Ille

342 4081 608 4149 siquidem
639 4096 760 4136 cum
794 4082 1071 4153 Stephano
1100 4086 1258 4139 simul
1287 4087 1684 4156 impositionem
1713 4096 1929 4157 aposto-

341 4168 455 4223 licae
484 4184 678 4225 manus
726 4173 931 4242 accepit
957 4184 1010 4227 ct
1042 4175 1203 4243 periit
1233 4174 1926 4247 (Act.w,vu);istsinOphni

339 4269 392 4311 et
418 4259 654 4313 Phiuees
679 4264 948 4328 pravitate
976 4264 1250 4318 convixit:
1285 4273 1339 4319 et
1365 4265 1491 4334 quia
1516 4267 1777 4335 propheta
1819 4268 1929 4322 Deo

343 4347 515 4402 ﬁdelis
542 4359 702 4413 esset,
736 4353 943 4406 cunctis
971 4353 1223 4408 innotuit.
1255 4354 1408 4409 L'nde
1432 4370 1532 4426 par
1559 4354 1753 4421 fuerat,
1786 4368 1845 4413 ut
1867 4359 1925 4424 ii,

2045 1801 2283 1854 ventium
2320 1802 2409 1855 ubi
2441 1810 2549 1857 stat
2586 1804 2791 1871 puritas
2821 1813 2876 1858 et
2902 1805 3203 1859 innocentia
3235 1816 3626 1876 promotorum.

2114 1888 2222 1945 Sed
2283 1891 2407 1945 dum
2460 1892 2575 1947 haec
2628 1893 2917 1963 aliquando
2985 1910 3107 1950 cum
3177 1896 3440 1967 religiosis
3504 1897 3628 1967 qui-

2040 1977 2266 2033 bttsdam
2304 1981 2464 2051 128
2489 1982 2757 2052 episc0pis
2795 1998 3038 2053 agerem,
3079 1999 3206 2040 ecce
3247 2002 3388 2040 nunc
3432 1986 3485 2039 in
3515 2001 3624 2041 me-

2041 2074 2268 2127 moriam
2315 2076 2455 2129 redit
2495 2076 2637 2143 quod
2686 2074 2916 2131 Ubertus
2943 2076 3306 2132 Ariminensis
3332 2119 3346 2142 ,
3375 2092 3627 2132 reveren-

2040 2163 2297 2219 dissimus
2333 2164 2583 2220 videlicet
2607 2174 2662 2220 et
2695 2167 3110 2223 honestissimus
3135 2168 3364 2237 prmsul,
3397 2168 3579 2222 attulit
3608 2186 3621 2220 :

2044 2271 2063 2303 ι
2083 2253 2434 2322 Ᾱὶέιιυὶνοευε,
2466 2256 2660 2324 inquit,
2691 2257 3055 2325 praedecessor
3078 2274 3230 2312 meus
3254 2256 3486 2313 Ubertus
3506 2260 3624 2328 epi—

2038 2360 2235 2414 scopus
2260 2348 2312 2400 in
2344 2362 2513 2402 sacra:
2544 2348 2687 2403 sedis
2720 2350 3065 2417 acquirendae
3093 2352 3439 2415 commercio,
3492 2360 3628 2405 teste

2038 2436 2335 2504 provincia,
2369 2447 2665 2507 norgcntas
2688 2437 2966 2507 Papiensis
2994 2448 3222 2493 moneta:
3242 2438 3405 2493 libras
3428 2455 3628 2508 appen-

2039 2525 2137 2588 dit,
2165 2526 2258 2593 qui
2296 2535 2472 2580 tamen
2503 2529 2844 2595 postmodum
2893 2528 2950 2582 B.
2980 2529 3304 2593 Arduinum,
3332 2547 3428 2599 per
3463 2548 3624 2600 quem

2036 2618 2378 2687 omnipotens
2409 2627 2487 2672 tot
2526 2620 2664 2673 Deus
2693 2620 2913 2674 exhibet
2954 2622 3219 2689 stupenda
3253 2623 3535 2687 miracula,
3570 2624 3625 2677 in

2035 2710 2407 2778 presbyterum
2437 2712 2797 2777 consecravit,
2827 2728 2987 2781 quem
3019 2730 3142 2768 eum
3178 2718 3563 2786 perquisissem
3595 2732 3626 2771 e

2036 2799 2288 2869 vestigio,
2316 2810 2498 2854 utrum
2541 2801 2715 2857 beata:
2758 2805 3033 2859 memoria:
3064 2806 3143 2858 vir
3170 2807 3238 2861 ab
3262 2807 3541 2863 offerendo
3572 2810 3625 2864 in

2036 2903 2132 2942 sua
2160 2889 2532 2951 incolumitate
2561 2895 2889 2961 perstiterit,
2935 2911 3102 2965 usque
3132 2898 3198 2950 ad
3232 2898 3430 2953 ultima:
3459 2900 3625 2954 decu-

2035 2979 2268 3035 bationis
2317 2982 2599 3035 articulum
2631 2982 2906 3040 oﬁ‘erendo
2936 2987 3264 3043 salutaribus
3311 2990 3505 3044 hostiis
3540 3006 3626 3045 se-

2036 3070 2218 3125 dulum
2250 3072 2530 3128 insudasse
2558 3077 2854 3144 respondit.
2894 3096 2911 3128 ι
2941 3077 3075 3133 Cum
3106 3080 3269 3150 igitur
3296 3096 3485 3137 omnes
3536 3084 3623 3138 isti

2033 3178 2264 3232 quorum
2310 3179 2471 3233 supra
2520 3167 2904 3234 meminimus,
2947 3178 3001 3223 et
3034 3172 3337 3225 consecrati
3387 3189 3416 3226 a
3448 3173 3622 3227 Simo-

2032 3256 2203 3311 niacis
2230 3264 2567 3323 asseranlur,
2603 3267 2653 3312 et
2689 3266 2865 3313 tamen
2895 3262 3135 3330 acceptis
3166 3278 3337 3331 usque
3364 3265 3428 3316 ad
3464 3264 3621 3318 ﬁttetu

2030 3345 2354 3402 vitreoﬁiciis
2367 3358 2764 3416 permanentes,
2795 3350 2865 3403 ita
2885 3351 3066 3406 divino
3078 3353 3310 3407 examini
3326 3353 3624 3423 placuerint

2030 3445 2089 3491 ut
2124 3437 2456 3493 admirandis
2480 3453 2667 3493 eorum
2696 3440 2903 3496 meritis
2930 3442 3172 3497 miranda
3206 3446 3510 3499 testimonia
3549 3448 3622 3501 si.

2007 3544 2195 3600 gnum
2225 3530 2541 3599 perhibeant
2570 3540 2814 3587 :constat
2838 3534 3022 3602 procul
3047 3534 3229 3601 dubio,
3258 3536 3385 3605 quia
3408 3553 3624 3606 promo-

2030 3618 2219 3673 vendis
2234 3621 2503 3690 coemptio
2517 3637 2621 3677 non
2646 3622 2976 3692 przejndicat,
3000 3624 3089 3678 ubi
3112 3638 3388 3699 promotus
3404 3637 3622 3682 contra-

2031 3716 2151 3763 ctus
2170 3709 2476 3766 venalitatis
2498 3711 2744 3782 ignorat:
2772 3729 2869 3768 nec
2889 3715 3229 3772 distractoris
3245 3718 3298 3772 in
3316 3732 3439 3772 eum
3462 3720 3617 3789 culpa

2030 3800 2442 3865 transfunditur,
2477 3804 2565 3872 qui
2591 3804 2956 3861 distractionis
2990 3808 3217 3862 crimine
3245 3825 3349 3863 non
3377 3819 3610 3864 tenetur.

2100 3889 2167 3943 Et
2198 3890 2411 3958 quidem
2437 3890 2716 3947 tolerabile
2739 3892 2984 3949 fortassis
3021 3905 3295 3966 utcunque
3320 3899 3617 3965 videretur,

2030 3981 2075 4035 si
2102 3981 2355 4037 falsitatis
2385 3984 2615 4039 assertio
2650 3986 2894 4039 ordinem
2932 3990 3303 4042 tantummodo
3337 3992 3619 4058 prtesentis

2028 4075 2152 4128 vitae
2191 4072 2589 4139 confunderet,
2625 4076 2726 4129 nisi
2771 4084 2826 4130 et
2872 4077 3145 4146 prmterito
3176 4078 3372 4136 szeculo
3403 4096 3616 4135 omnem

2029 4161 2273 4217 funditus
2302 4177 2453 4232 spem
2500 4173 2662 4233 atque
2710 4168 2995 4221 materiam
3036 4167 3359 4225 Christiana:
3398 4171 3617 4240 pietatis

2029 4255 2288 4309 auferret.
2327 4255 2523 4308 Dicunt
2557 4257 2737 4322 enim,
2787 4261 2965 4327 quod,
3010 4276 3130 4329 quae
3162 4270 3291 4317 tunc
3332 4264 3619 4319 videbatur

2032 4345 2293 4409 Ecclesia,
2328 4346 2518 4400 domus
2548 4357 2667 4402 erat
2714 4349 2975 4419 simplex;
3009 4354 3151 4421 quod
3181 4354 3506 4409 credebatur
3535 4355 3619 4410 al-

340 4439 427 4508 qui
461 4453 654 4493 omnes
684 4450 914 4495 aestuant
946 4444 997 4496 in
1033 4459 1318 4499 commune
1345 4446 1637 4515 deponere,
1673 4448 1801 4502 illud
1824 4449 1929 4503 sal-

2040 4444 2181 4501 tare,
2226 4453 2394 4507 purus
2434 4438 2566 4508 lapis
2597 4450 2745 4507 erat;
2803 4444 3142 4509 sacerdotes,
3184 4453 3237 4499 et
3264 4447 3355 4515 qui
3396 4447 3620 4519 reliquis

343 4541 445 4585 tem
470 4532 768 4586 Innocentii
807 4536 1055 4603 superius
1081 4537 1387 4601 memorati,
1428 4539 1646 4608 prmlata
1676 4541 1923 4594 modera-

340 4623 501 4677 minis
523 4624 923 4691 dispensatione
954 4638 1252 4683 servarent.
1282 4629 1416 4683 Nam
1450 4649 1569 4685 cum
1598 4633 1664 4687 de
1702 4634 1805 4697 his,
1835 4635 1926 4704 qui

342 4713 409 4767 ab
434 4714 708 4769 hmreticis
752 4717 985 4771 ordinati
1035 4729 1179 4785 sunt,
1222 4721 1543 4790 disputaret,
1594 4735 1714 4793 post
1759 4726 1923 4778 multa

343 4805 641 4871 subjunxit,
679 4808 897 4862 dicens:
948 4830 964 4859 ι
1000 4809 1241 4878 Quoties,
1290 4813 1484 4882 inquit,
1521 4830 1547 4867 a
1576 4816 1800 4886 populis,
1834 4828 1927 4871 aut

343 4910 370 4948 a
400 4895 551 4949 turba
584 4908 858 4965 peccatur,
886 4902 1008 4968 quia
1043 4903 1093 4954 in
1123 4918 1311 4956 omnes
1364 4915 1584 4973 propter
1635 4905 1928 4960 multitudi-

343 5001 463 5040 nem
501 5003 608 5042 non
646 4999 824 5058 potest
866 4991 1149 5054 vindicari,
1202 4993 1427 5047 inultum
1455 4994 1591 5048 solet
1626 4997 1865 5049 transiri.
1904 5017 1920 5047 ι

908 5100 1133 5156 CAPUT
1172 5101 1361 5155 XXIX.

346 5183 497 5249 Quod
541 5188 631 5257 qui
674 5193 897 5257 promoti
949 5192 1155 5245 fuerant
1188 5211 1220 5245 α
1264 5192 1600 5260 Simoniacis,
1653 5197 1924 5251 miraculis

988 5273 1284 5315 coruscant.

411 5344 544 5401 Illud
560 5364 798 5419 quoque,
827 5352 971 5419 quod
993 5354 1239 5408 crebrius
1255 5354 1435 5408 iterari
1452 5355 1633 5410 multis
1647 5356 1927 5411 referenti-

348 5434 443 5490 bus
489 5440 670 5502 audio,
729 5441 890 5496 tacite
941 5445 1373 5511 praetereundum
1423 5462 1526 5499 non
1574 5447 1729 5501 duco.
1789 5447 1925 5512 Quid

349 5527 485 5582 enim
521 5530 662 5598 quod
696 5533 983 5588 nonnullos
1014 5537 1355 5592 venerabiles
1401 5540 1566 5602 viros,
1615 5556 1748 5609 quos
1796 5556 1926 5595 con-

350 5626 449 5671 stat
472 5620 824 5689 proculdubio
862 5639 892 5677 a
924 5623 1248 5682 Simoniacis
1295 5631 1360 5684 ad
1395 5632 1751 5686 sacerdotium
1793 5649 1918 5701 pro-

2029 4529 2395 4582 cernebantur
2414 4530 2700 4585 ordinibus
2718 4532 3023 4598 constituti,
3048 4550 3270 4604 prorsus
3294 4537 3413 4592 laici
3439 4551 3617 4606 erant,

2030 4619 2349 4687 cunctisque
2400 4620 2696 4689 spiritualis
2751 4627 3077 4679 sacramenti
3145 4628 3348 4681 viribus
3411 4630 3612 4697 alieni;

2029 4712 2170 4779 quod
2198 4727 2394 4781 corpus
2423 4723 2476 4766 et
2523 4714 2741 4781 sanguis
2781 4716 2990 4768 Domini
3036 4719 3378 4787 credebatur,
3404 4723 3613 4792 simpli-

2030 4805 2167 4858 citer
2193 4805 2346 4873 panis
2378 4814 2494 4858 erat
2539 4816 2593 4859 et
2622 4806 2839 4873 vinum;
2879 4818 3090 4863 terrena
3140 4812 3442 4867 substantia
3483 4816 3613 4870 nulli

2034 4898 2203 4951 sancti
2235 4898 2468 4967 Spiritus
2490 4900 2689 4953 virtute
2718 4899 2940 4955 suffusa.
2973 4901 3177 4957 Cuncta
3222 4919 3351 4974 ergo
3374 4904 3506 4961 falsa
3534 4907 3615 4963 fe-

2031 4988 2323 5053 rebantur,
2373 4997 2425 5041 et
2455 4988 2677 5055 frivola,
2725 4998 2780 5043 et
2809 5007 2835 5043 a
2873 4992 3195 5049 Christiana:
3229 4996 3615 5067 redemptionis

2033 5079 2259 5133 veritate
2273 5081 2489 5147 penitus
2520 5091 2747 5136 remota.
2772 5082 2926 5138 Unde
2954 5087 3321 5154 consequitur,
3351 5097 3406 5141 ut
3430 5096 3615 5157 patres

2036 5170 2226 5232 nostri,
2266 5172 2377 5225 sive
2412 5172 2524 5226 hrcc
2556 5172 2686 5225 falsa
2718 5173 2886 5228 fuisse
2917 5186 3302 5245 cognoverunt,
3331 5180 3445 5233 sive
3474 5180 3613 5234 veri-

2038 5269 2199 5315 tatem
2219 5260 2407 5325 fuisse,
2429 5263 2767 5318 mendacium
2793 5268 3217 5333 mstimaverunt,
3243 5270 3614 5326 indifferenter

2031 5368 2219 5407 omnes
2266 5355 2561 5409 inevitabili
2597 5359 2922 5412 necessitate
2963 5360 3242 5428 perierint.
3291 5361 3430 5427 Quid
3464 5365 3608 5418 enim

2029 5445 2246 5512 prodest
2285 5447 2577 5530 periculum
2639 5464 2797 5502 nosse
2834 5452 2974 5518 quod
3014 5466 3120 5503 non
3152 5453 3310 5506 datur
3338 5456 3609 5511 evadere?

2030 5537 2135 5589 Aut
2162 5538 2429 5605 quomodo
2461 5539 2635 5592 valeat
2674 5540 2794 5609 quis
2823 5542 2889 5595 ad
2917 5541 3120 5597 fontem
3166 5544 3415 5601 veritatis
3448 5547 3610 5601 attin-

2029 5646 2154 5699 gere
2178 5671 2191 5695 ,
2236 5630 2278 5684 si
2323 5647 2416 5700 per
2444 5632 2626 5686 devios
2650 5630 2927 5690 anfractus
2960 5637 3184 5706 gestiat,
3219 5638 3343 5695 licet
3370 5639 3607 5705 nescius,
