4018 6194
376 266 501 343 ita

830 264 887 318 S.
926 262 1129 319 PETRI
1172 263 1447 318 DAMIANI
1488 263 1638 319 ΟΡΡ.
1681 256 1915 320 ΤΟΞΙΗΒ
1948 265 2076 323 SEU
2117 266 2293 321 PARS
2333 268 2416 322 lll.
2458 298 2527 308 —
2555 265 2917 323 OPUSCULA
2959 269 3186 324 VARIA.

3564 276 3666 332 HL

396 381 696 440 oberrare?
745 380 904 435 Solus
947 396 1077 450 ergo
1116 378 1302 435 Simon
1333 380 1509 448 potuit
1549 379 1745 435 ﬁuenta
1776 380 1973 434 restin-
2003 387 2048 442 Λ
2080 380 2123 433 si
2148 394 2242 448 per
2263 380 2787 435 reconsccrationem
2810 379 3072 452 Spiritum
3093 362 3341 439 sanctum
3356 387 3463 441 non
3481 396 3671 447 timeat

395 489 588 547 gnere,
622 483 875 543 tanquam
910 473 1047 528 obex
1073 473 1282 527 medius
1310 472 1452 527 inter
1480 472 1682 536 Deum,
1715 483 1767 528 et
1799 475 1976 531 homi-

396 580 523 629 nes,
569 565 864 618 humanum
895 578 1064 633 genus
1106 578 1136 615 a
1165 561 1442 616 Creatoris
1482 561 1566 615 ςιιί
1595 565 1867 618 consortio
1895 581 1981 619 se-

394 656 619 726 perare?
647 654 825 717 Absit,
854 654 1025 718 absit,
1057 661 1115 708 ut
1154 653 1321 708 falsus
1351 652 1510 707 homo
1542 653 1812 708 rescindat
1835 658 1978 724 quod

393 761 554 800 verus
586 746 728 799 Deus
765 753 819 799 et
849 744 1011 799 homo
1060 744 1414 799 confmderat.
1460 742 1650 807 Absit,
1700 754 1757 799 ut
1790 760 1978 802 omnes

392 837 639 891 homines
667 837 931 901 obruere,
975 844 1028 890 et
1053 836 1229 895 divina
1262 832 1526 890 beneﬁcia
1559 834 1732 890 valeat
1760 852 1977 907 perver-

392 931 528 986 sitas
556 931 792 984 humana
826 928 1025 984 delere.

463 1020 568 1075 Sed
596 1020 743 1089 quid,
776 1034 980 1087 quaeso,
1006 1019 1247 1073 dicemus
1269 1018 1335 1073 de
1366 1018 1474 1084 his,
1502 1035 1639 1090 quos
1666 1029 1788 1090 post
1816 1035 1978 1090 nego-

391 1111 637 1167 tiationis
681 1110 927 1164 nefandae
975 1110 1394 1175 commercium,
1431 1126 1528 1181 per
1574 1112 1972 1183 quadragenos,

391 1203 478 1257 vel
525 1203 933 1271 quinquagenos
989 1216 1160 1254 annos
1229 1216 1398 1270 usque
1457 1202 1616 1257 hodie
1685 1204 1976 1273 aspicimus

390 1292 729 1362 pontiﬁcales
779 1274 976 1346 inl‘ula's
1019 1291 1307 1345 obsidere?
1348 1290 1478 1345 Nam
1510 1332 1525 1357 ,
1572 1300 1630 1345 ut
1678 1292 1744 1348 de
1787 1308 1974 1348 eorum

390 1384 877 1455 praedecessoribus
912 1392 1186 1436 taceamus
1226 1382 1337 1435 sive
1365 1382 1629 1451 proximis
1652 1423 1667 1446 ,
1700 1382 1816 1438 sive
1861 1383 1976 1438 lun-

390 1477 626 1549 ginquis,
655 1490 791 1544 quos
820 1474 965 1528 idem
1012 1472 1230 1526 aliunde
1268 1473 1414 1526 fures
1455 1473 1743 1539 exhibuit,
1787 1488 1977 1528 omnes

388 1566 479 1634 qui
506 1565 626 1619 istis
652 1561 1038 1633 obrepentibus
1068 1569 1193 1614 tunc
1221 1561 1437 1616 fuerunt
1461 1562 1691 1615 ordinati
1718 1602 1733 1628 ,
1764 1562 1973 1628 veljam

390 1664 516 1710 sunt
560 1670 627 1709 ex
676 1653 780 1707 hac
825 1653 947 1707 luce
995 1650 1257 1707 subtracti
1285 1691 1300 1716 ,
1348 1651 1430 1705 vel
1461 1651 1771 1722 caliginosa:
1813 1667 1973 1707 sene-

2080 470 2370 539 abnegare.

2151 562 2256 617 Sed
2296 563 2339 618 si
2369 578 2435 618 ex
2470 563 2690 618 decreto
2719 563 2915 620 Felicis
2943 580 3126 635 papae,
3162 567 3249 623 ubi
3298 569 3552 624 nimirum
3602 573 3669 628 de

2080 654 2430 723 rebaptizatis
2458 654 2719 724 loquitur,
2745 656 2913 710 breve
2942 656 3070 724 quid
3099 673 3371 727 apponere
3407 676 3512 716 non
3546 668 3672 733 gra-

2082 760 2294 808 vemur,
2326 743 2436 799 illic
2483 744 2768 799 manifeste
2810 760 3097 814 possumus
3140 747 3395 817 colligere
3418 751 3547 820 quid
3578 753 3669 804 de-

2080 835 2301 890 beamus
2331 835 2494 889 etiam
2528 835 2593 889 de
2623 837 3093 890 reconsecratione
3120 838 3345 892 sentire.
3380 837 3523 894 lnter
3563 842 3669 895 alia

2078 924 2345 993 siquidem
2379 925 2450 978 ita
2489 924 2841 994 prosequitur
2886 924 2985 994 (De
3025 942 3255 980 romecr.
3289 927 3414 982 dist.
3441 929 3505 995 4,
3546 946 3665 999 cap.

2081 1013 2185 1067 Eos
2216 1016 2367 1084 quos)
2395 1033 2407 1095 ς
2445 1032 2465 1064 ε
2505 1014 2631 1078 Eos,
2664 1015 2857 1083 inquit,
2884 1031 3020 1085 quos
3042 1018 3347 1088 episcopos,
3395 1023 3667 1092 presbyte-

2078 1120 2166 1158 ros
2188 1146 2201 1164 .
2230 1106 2310 1158 vel
2340 1106 2596 1159 diaconos
2620 1103 2787 1160 fuisse
2811 1108 3115 1162 constiterit
3141 1148 3157 1174 ,
3189 1118 3244 1164 et
3284 1127 3378 1164 seu
3422 1124 3670 1183 optantes

2080 1199 2305 1253 forsitan
2338 1214 2429 1253 seu
2459 1209 2677 1255 coactos
2710 1200 2911 1254 lavacri
2950 1201 3093 1255 illius
3120 1203 3264 1257 unici
3296 1203 3557 1261 claruerit
3586 1207 3663 1259 [ιτ-

2077 1283 2217 1343 cisse
2236 1289 2527 1356 jacturam,
2569 1300 2623 1345 et
2659 1291 2955 1357 Christum,
2986 1307 3145 1360 quem
3180 1310 3285 1348 non
3326 1295 3497 1350 solum
3528 1299 3670 1352 dono

2077 1380 2525 1447 regenerationis,
2559 1396 2745 1434 verum
2773 1384 2937 1435 etiam
2968 1382 3139 1451 gratia
3174 1387 3415 1456 percepti
3452 1388 3670 1445 honoris

2078 1470 2385 1535 induerant,
2408 1472 2643 1536 exuisse,
2676 1488 2798 1525 cum
2828 1482 3046 1527 constet
3066 1474 3338 1529 neminem
3373 1476 3440 1531 ad
3472 1494 3669 1532 secun-

2077 1563 2199 1616 dam
2239 1563 2554 1618 tiuctionem
2582 1563 2769 1618 venire
2795 1564 3055 1633 potuisse,
3088 1565 3188 1619 nisi
3216 1578 3275 1621 se
3306 1566 3484 1636 palam
3512 1568 3669 1625 Chri-

2077 1654 2310 1709 stianum
2338 1654 2633 1724 negaverit,
2662 1664 2717 1709 et
2737 1654 3017 1725 professus
3042 1655 3209 1711 fuerit
3230 1670 3351 1711 esse
3376 1672 3666 1728 paganum,

388 1748 550 1804 ctutis
588 1744 872 1800 obstaculo
915 1744 983 1799 ab
1012 1744 1334 1800 exercendis
1360 1741 1549 1798 olIiciis
1579 1754 1703 1799 sunt
1748 1745 1972 1810 remoti;
2008 1740 2050 1798 Β
2078 1743 2220 1812 quod
2251 1759 2373 1798 cum
2406 1745 2732 1813 generaliter
2761 1747 2831 1800 sit
2860 1745 2914 1800 in
2955 1746 3209 1801 omnibus
3250 1750 3664 1817 exsecrandum,

390 1843 531 1896 unde
580 1854 802 1895 necesse
844 1845 927 1893 est
953 1877 969 1903 ,
1012 1845 1071 1891 ut
1112 1837 1163 1891 in
1192 1851 1381 1892 eorum
1425 1836 1752 1892 dioecesibus
1792 1835 1975 1890 abhis

388 1940 566 1984 tamen
594 1927 809 1983 clericis
853 1942 1010 1983 sacra
1044 1928 1319 1996 mysteria
1368 1935 1731 1995 peraguntur,
1765 1926 1855 1995 qui
1904 1926 1974 1980 ab

389 2021 476 2082 iis,
507 2020 597 2089 qui
628 2020 804 2075 adhuc
841 2020 1062 2084 vivunt,
1096 2019 1419 2074 Simoniacis
1440 2020 1686 2074 ordinem
1718 2034 1973 2089 suscepe-

315 2135 324 2145 -
368 2122 533 2167 erunt.
567 2113 705 2179 Quid
748 2127 878 2183 ergo
902 2112 968 2166 de
999 2112 1063 2167 iis
1103 2112 1444 2167 sentiendum
1470 2113 1594 2168 est?
1623 2112 1759 2180 Quid
1801 2114 1976 2168 faten-

389 2203 555 2256 dum?
583 2202 742 2273 129
778 2201 1155 2270 Nunquidnam
1200 2200 1301 2255 sub
1346 2202 1427 2257 eis
1474 2210 1553 2255 tot
1584 2201 1753 2256 millia
1801 2202 1975 2256 homi-

390 2308 517 2345 num
559 2292 738 2360 perire
769 2292 1037 2346 credenda
1085 2299 1245 2355 sunt,
1296 2290 1389 2359 qui
1423 2291 1491 2345 ab
1539 2292 1741 2346 eisdem
1792 2306 1974 2346 sacra-

387 2382 554 2436 menti
602 2381 829 2450 gratiam
898 2395 1004 2435 non
1063 2381 1411 2446 habentibus,
1448 2396 1584 2434 vana
1646 2384 1973 2437 sacramenti

390 2471 572 2539 specie
613 2470 982 2524 deluduntur?
1023 2468 1393 2524 Dicendumne
1422 2478 1506 2525 est
1548 2470 1773 2540 populo,
1806 2480 1863 2525 ut
1894 2472 1977 2525 vel

392 2562 618 2615 aliarum
665 2561 979 2615 dimcesium
1033 2559 1343 2617 sacerdotes
1386 2561 1693 2630 acquirant,
1746 2561 1830 2615 vel
1877 2562 1975 2630 ipsi

393 2654 847 2723 transmigrantes
871 2653 939 2706 ab
969 2652 1057 2717 iis,
1080 2652 1170 2719 qui
1200 2665 1305 2704 non
1338 2665 1369 2703 a
1392 2648 1719 2705 Simoniacis
1741 2651 1976 2705 ordinati

388 2751 535 2806 sunt,
562 2749 903 2796 sacramenta
928 2739 1262 2808 percipiant?
1287 2737 1394 2792 Sed
1420 2754 1547 2793 ecce
1576 2739 1716 2793 sacri
1744 2753 1980 2794 canones

388 2835 743 2888 vehementer
768 2832 1057 2896 obsistunt,
1087 2840 1141 2884 et
1167 2832 1284 2885 sine
1310 2828 1481 2884 forma
1520 2830 1786 2901 pontiﬁcis
1820 2846 1978 2899 paro-

387 2923 634 2977 chiarnm
661 2922 884 2975 limitem
910 2921 1371 2985 transcendentes,
1411 2936 1441 2975 a
1479 2921 1858 2975 commanione
1897 2936 1981 2976 re-

390 3013 614 3082 pellunt.
647 3012 739 3067 llis
771 3012 935 3081 igitur
964 3011 1285 3080 quandoque
1310 3010 1539 3066 consulti
1566 3052 1580 3076 ,
1624 3012 1766 3081 quod
1796 3013 1978 3067 consi-

385 3079 522 3164 lium
573 3079 856 3161 dabimus?
898 3079 1103 3173 Quibus
1154 3079 1410 3159 nimirum
1437 3103 1591 3173 juxta
1634 3079 1976 3175 dispensato-
2004 3079 2048 3139 (ί

390 3202 483 3255 riae
506 3198 823 3253 assertionis
850 3196 1102 3251 inertiam
1132 3211 1230 3251 nec
1266 3196 1525 3266 indigena:
1548 3196 1757 3267 possint
1780 3205 1977 3266 myste-

390 3295 470 3348 ria
502 3307 656 3348 sacra
697 3289 939 3353 tradere,
977 3303 1075 3343 nec
1118 3287 1186 3341 ad
1230 3296 1516 3342 extraneos
1558 3287 1821 3343 canonica
1850 3302 1973 3356 per—

388 3386 638 3440 mittatur
676 3382 1004 3437 auctoritate
1053 3378 1305 3433 transire.
1349 3378 1434 3433 Ad
1477 3376 1800 3447 largissimae
1847 3391 1977 3447 ergo

386 3477 585 3531 diviuaz
611 3472 829 3544 pietatis
854 3469 1107 3540 iniuriam
1139 3466 1464 3524 inevitabilis
1492 3467 1751 3547 pereundi
1782 3481 1975 3521 neces-

385 3566 525 3620 sitas
554 3563 662 3619 illis
692 3560 988 3631 imponitur
1012 3598 1028 3625 ,
1072 3557 1270 3627 quibus
1298 3555 1552 3611 videlicet
1592 3555 1832 3624 undique
1871 3554 1979 3609 cir-

386 3655 681 3710 crnnclusis
704 3651 849 3707 nullo
868 3649 1127 3706 salutaris
1153 3646 1393 3717 coniugii
1430 3646 1682 3701 remedio
1723 3645 1978 3701 subveni-

390 3746 498 3802 tur:
534 3746 730 3802 Verum
777 3758 877 3799 nos
924 3742 1124 3798 diutius
1153 3740 1404 3813 persequi
1449 3738 1553 3794 ista
1580 3737 1974 3807 postponimus,

389 3849 448 3894 ut
477 3853 598 3909 quae
629 3836 835 3891 auditui
889 3833 1078 3890 saltem
1124 3831 1368 3903 pavenda
1421 3839 1587 3895 sunt,
1633 3829 1978 3900 intelligenda

390 3928 590 4000 potius,
623 3941 785 3997 quam
822 3924 1049 3995 legenda
1079 3937 1225 3977 sana:
1267 3920 1463 3975 mentis
1482 3919 1690 3991 judicio
1720 3917 1979 3989 relinqui-

392 4035 543 4084 mus;
587 4026 647 4071 ut
666 4017 853 4088 paucis
866 4013 1081 4069 sobrius
1100 4012 1270 4068 lector
1290 4020 1570 4082 agnoscat,
1593 4010 1858 4081 dogmatis
1879 4009 1980 4064 hu-

387 4112 474 4182 jus
513 4118 763 4165 auctores
799 4116 1014 4176 quantae
1046 4103 1499 4173 impossibilitatis
1542 4118 1695 4159 error
1721 4103 1976 4160 involvat.

967 4196 1193 4253 CAPUT
1232 4195 1402 4251 XXX.

445 4296 598 4363 Quod
625 4293 987 4362 rebaptizau'o,
1010 4299 1056 4343 et
1086 4289 1462 4344 remuneratio
1483 4303 1580 4357 par
1601 4287 1797 4342 crimen
1821 4294 1915 4341 est.

461 4388 597 4455 Quia
627 4384 814 4456 igitur,
850 4391 908 4436 ut
937 4382 1003 4436 de
1031 4379 1588 4434 reconsccrationibus
1610 4378 1976 4448 loqueremur,

394 4485 757 4551 congruenter
786 4473 1063 4536 occurrit,
1109 4478 1275 4539 atque
1304 4470 1357 4525 id
1388 4469 1560 4523 solum
1608 4470 1735 4525 huic
1776 4479 1978 4526 nostra:

394 4565 876 4627 lucubratiunculas
928 4564 1145 4617 demum
1200 4568 1408 4624 restat,
1460 4574 1622 4629 super
1668 4560 1770 4617 hoc
1813 4560 1977 4617 etiam

394 4666 674 4726 themate,
724 4658 809 4715 vel
857 4654 1132 4712 succincte
1184 4667 1284 4708 nos
1338 4659 1571 4706 tractare
1621 4666 1726 4705 non
1777 4651 1975 4721 pigeat.

392 4755 561 4811 Plane
604 4751 694 4821 qui
744 4746 889 4805 sacri
937 4744 1137 4815 eloquii
1185 4743 1349 4798 limen
1391 4741 1677 4797 consuevit
1718 4750 1976 4804 atterere,

393 4841 878 4913 rebaptizationem
928 4846 983 4891 et
1026 4833 1549 4890 reconsccrationem
1597 4831 1698 4885 sub
1737 4829 1977 4899 ejusdem

391 4932 657 4992 examinis
695 4929 882 4984 didicit
923 4928 1077 4981 lance
1110 4940 1354 4994 pensare.
1391 4922 1542 4978 Sicut
1568 4924 1715 4977 enim
1746 4920 1977 4991 rebapti-

392 5034 549 5080 zatus
569 5020 868 5083 Christum,
890 5030 1049 5085 quem
1078 5014 1345 5074 induerat,
1366 5012 1581 5066 exuisse
1602 5009 1973 5075 convincitur;

394 5121 471 5174 ita
503 5114 798 5176 nimirum,
839 5117 895 5165 et
940 5114 1355 5162 reconsccratus
1399 5103 1657 5172 Spiritum
1705 5110 1975 5166 sanctum,

393 5225 557 5282 quem
588 5212 906 5276 acceperat,
956 5201 1235 5257 evidenter
1286 5197 1550 5268 probatur
1605 5195 1890 5250 amisisse:
1922 5202 1979 5249 et

395 5318 519 5359 cum
562 5298 759 5357 summi
789 5295 954 5352 Verbi
1002 5303 1167 5364 atque
1218 5290 1481 5345 Paraeleti
1540 5306 1646 5347 una
1701 5288 1975 5353 divinitas,

395 5393 584 5450 eadem
610 5387 960 5460 proculdubio
984 5385 1237 5440 credatur
1256 5382 1511 5444 essentia,
1536 5381 1627 5451 qui
1658 5394 1823 5434 unum
1858 5395 1978 5449 per-

350 5528 353 5529 ν
397 5487 478 5541 dit
509 5482 736 5537 alterum
765 5497 871 5535 non
902 5478 1157 5541 habebit;
1195 5484 1358 5543 atque
1390 5473 1511 5527 ideo
1534 5468 1685 5526 'sicut
1712 5469 1977 5525 nefarium

396 5584 503 5639 est,
538 5575 582 5628 si
608 5574 730 5643 quis
759 5587 855 5642 per
893 5570 1235 5626 iterationem
1274 5565 1526 5636 baptismi
1560 5564 1835 5620 Christum
1862 5578 1890 5616 a
1921 5578 1979 5617 se

399 5674 692 5740 prmsumat
724 5662 1032 5732 expellere:
1065 5663 1133 5715 ita
1182 5658 1529 5715 nihilominus
1569 5656 1977 5721 exsecrandum,

2077 1835 2247 1889 multo
2281 1835 2455 1907 magis
2481 1836 2534 1890 in
2567 1837 2856 1908 episcopis,
2887 1839 3220 1910 presbyteris
3255 1849 3310 1895 et
3349 1840 3669 1897 diaconibus

2077 1920 2261 1979 auditu
2322 1926 2511 1981 saltem
2561 1927 2814 1999 dictuque
2861 1930 3122 1999 probatur
3163 1930 3515 1985 horrendum.
3560 1934 3668 1989 Sed

2078 2017 2200 2086 quia
2232 2016 2372 2072 idem
2407 2018 2665 2073 Dominus
2698 2028 2861 2090 atque
2893 2019 3144 2075 Salvator
3189 2020 3665 2090 clementissimus,

2077 2116 2133 2162 et
2176 2108 2447 2163 neminem
2497 2109 2609 2163 vult
2649 2110 2856 2178 perire,
2891 2125 3063 2180 usque
3093 2111 3159 2164 ad
3189 2112 3369 2167 exitus
3398 2112 3555 2184 130
3582 2116 3668 2170 sui

2079 2199 2241 2264 diem,
2275 2198 2327 2252 in
2362 2199 2700 2268 poenitentia,
2755 2202 2799 2255 Si
2850 2202 3211 2272 resipiscunt,
3248 2203 3435 2273 jacere
3468 2220 3667 2260 convc-

2078 2290 2210 2344 niat.
2242 2288 2353 2345 Nec
2379 2291 2611 2345 orationi
2637 2307 2743 2369 non
2778 2293 2937 2346 modo
2973 2292 3244 2358 ﬁdelium,
3276 2295 3369 2348 sed
3397 2309 3494 2349 nec
3521 2305 3669 2350 cate-

2079 2383 2471 2437 chumenorum
2502 2384 2718 2453 quidem
2750 2384 3076 2439 omnimodis
3116 2386 3380 2441 interesse
3403 2427 3419 2448 .
3470 2387 3667 2456 quibus

2077 2474 2390 2528 communio
2412 2472 2549 2527 laica
2574 2473 2626 2527 in
2651 2483 2823 2528 morte
2840 2474 3171 2530 redhibenda
3204 2484 3303 2529 est.
3339 2495 3358 2527 ι
3390 2474 3447 2529 1η
3470 2477 3667 2546 quibus

2079 2562 2322 2633 profecto
2349 2565 2532 2619 verbis
2556 2565 2684 2619 illud
2713 2574 2795 2619 est
2818 2565 3071 2621 solertius
3095 2565 3439 2632 .intuendum,
3471 2569 3592 2636 quia
3620 2569 3665 2623 si

2080 2655 2449 2724 rebaptizatus
2471 2657 2674 2712 idcirco
2705 2657 2979 2713 Christum
3004 2673 3232 2729 negasse
3268 2660 3528 2716 dicendus
3557 2670 3663 2726 est,

2079 2734 2203 2817 quia
2246 2757 2367 2816 post
2410 2756 2689 2818 acceptum
2735 2748 3064 2818 baptismum
3108 2764 3167 2804 se
3204 2752 3479 2822 negaverit
3512 2750 3665 2806 Chri-

2079 2837 2346 2902 stianum;
2381 2837 2428 2892 is
2448 2838 2632 2901 etiam,
2665 2838 2756 2906 qui
2784 2839 3243 2895 reconsccrandus
3271 2842 3511 2902 accedit,
3544 2842 3663 2896 ideo

2081 2925 2342 2996 Spiritum
2373 2935 2618 2980 sanctum
2664 2943 2890 2997 negasse
2938 2928 3313 2995 convincitur,
3367 2931 3492 3000 quia
3543 2947 3665 2986 cum

2081 3023 2203 3084 post
2226 3015 2694 3072 consecrationem
2726 3016 2988 3086 Spiritum
3019 3029 3263 3074 sanctum
3296 3035 3354 3074 se
3382 3036 3488 3074 non
3512 3036 3667 3076 acce-

2078 3106 2224 3175 pisse
2252 3111 2504 3160 testatur.

2148 3197 2581 3251 Reconsecratus
2609 3210 2739 3267 ergo
2782 3212 2810 3249 a
2843 3197 3180 3267 rebaptizato
3210 3214 3548 3270 nequaquam
3582 3201 3660 3256 di-

2076 3302 2230 3342 versa
2261 3287 2610 3343 damnatione
2635 3286 2916 3353 dividitur,
2960 3304 3083 3344 cum
3129 3289 3386 3345 nimirum
3417 3291 3535 3361 pari
3570 3293 3666 3345 im-

2080 3378 2297 3449 pietatis
2333 3378 2545 3449 piaculo
2570 3378 2832 3443 sociatur,
2856 3377 2959 3433 nisi
2980 3378 3227 3435 fortassis
3253 3390 3308 3435 et
3334 3381 3477 3436 hunc
3504 3381 3667 3436 scele.

2078 3473 2249 3527 ratius
2270 3488 2496 3542 peccare
2517 3473 2640 3543 quis
2661 3481 2871 3529 asserat
2894 3484 3116 3545 propter
3140 3476 3266 3542 hoc,
3288 3477 3430 3546 quod
3458 3476 3666 3535 Veritas

2077 3564 2207 3619 dicit
2235 3583 2247 3617 :
2280 3584 2296 3616 ι
2333 3564 2467 3631 Quia
2492 3565 2583 3634 qui
2608 3574 2795 3634 peccat
2820 3565 2871 3619 in
2897 3566 3135 3631 Patrem,
3154 3576 3209 3621 et
3234 3567 3453 3636 Filium,
3482 3571 3668 3625 remit-

2078 3654 2211 3708 titur
2244 3654 2327 3719 ei;
2377 3654 2469 3723 qui
2517 3663 2697 3708 autem
2747 3664 2938 3725 peccat
2983 3654 3037 3709 in
3096 3657 3356 3727 Spiritum
3394 3669 3664 3726 sanetum,

2077 3760 2253 3815 neque
2295 3745 2383 3801 hic
2426 3745 2756 3811 remittitur,
2793 3760 2967 3816 neque
2997 3746 3051 3801 in
3093 3746 3275 3803 futuro
3306 3748 3520 3817 (Matth.
3556 3766 3662 3814 xu;

2077 3835 2209 3890 Luc.
2238 3835 2362 3905 xu).
2399 3855 2417 3889 ι
2459 3835 2529 3890 Εῑ
2556 3850 2746 3890 revera
2784 3836 2829 3891 si
2859 3836 3250 3893 catholicorum
3284 3839 3460 3895 edicta
3490 3840 3667 3911 ponti-

2078 3927 2240 3983 ﬁcum
2286 3929 2623 3999 propensiori
2668 3927 2967 3983 subtilitate
2992 3928 3331 3995 discutimus,
3364 3932 3667 3989 invenimus

2079 4018 2316 4089 aliquam
2370 4019 2655 4079 licentiam
2717 4019 2770 4072 in
2838 4018 3266 4088 rebaptizatione
3317 4022 3664 4091 permissam,

2078 4124 2241 4180 quam
2272 4118 2421 4165 certe
2446 4109 2687 4163 videmus
2715 4109 3170 4164 reconsccrationi
3218 4109 3462 4167 funditus
3507 4112 3671 4167 dene-

2079 4204 2258 4267 gatam
2286 4196 2347 4267 (ι,
2381 4205 2573 4266 quaest.
2607 4196 2669 4261 l,
2703 4193 2856 4261 Quod
2882 4197 3134 4267 quidam;
3180 4213 3221 4263 ι,
3252 4213 3309 4269 q.
3342 4199 3405 4263 l,
3444 4197 3666 4269 Siqui).

2081 4287 2217 4341 Nam
2245 4286 2288 4341 si
2319 4301 2440 4357 qua:
2468 4286 2719 4355 superius
2744 4286 2886 4341 dicta
2916 4294 3042 4341 sunt
3076 4287 3335 4341 memoria
3362 4302 3468 4341 non
3498 4288 3669 4357 patia-

2082 4394 2205 4434 mur
2218 4378 2486 4442 excidere,
2503 4378 2983 4433 animadvertimus
2998 4394 3028 4432 a
3046 4377 3414 4444 Paulianistis,
3441 4378 3669 4449 aliisque

2082 4470 2354 4526 haereticis
2382 4469 2643 4539 Spiritum
2671 4480 2918 4525 sanctum
2949 4484 3057 4524 non
3091 4469 3448 4532 habentibus,
3490 4469 3666 4538 bapti-

2080 4569 2233 4616 zatos
2278 4560 2604 4631 rebaptizari
2656 4560 2979 4631 regulariter
3020 4569 3291 4631 oportere.
3336 4557 3439 4614 Ubi
3489 4567 3669 4615 tamen

2080 4652 2383 4722 baptismus
2415 4650 2599 4707 iterari
2627 4665 2733 4704 non
2763 4650 2983 4714 dicitur,
3014 4650 3140 4717 quia
3173 4649 3474 4717 baptismus
3505 4646 3671 4702 fuisse

2083 4743 2357 4797 immunda
2408 4742 2557 4812 prior
2604 4740 2809 4795 ablutio
2855 4755 2960 4794 non
3013 4739 3245 4793 videtur.
3281 4737 3667 4793 Reconsecrari

2083 4845 2290 4902 autem,
2318 4849 2345 4887 a
2393 4848 2719 4903 quocunque
2763 4831 3141 4887 haereticorum
3183 4844 3383 4899 genere
3427 4829 3667 4892 veniant,

2082 4942 2304 4996 prorsus
2345 4933 2653 4994 nequeunt;
2689 4924 2813 4994 quia
2846 4924 2948 4977 hoc
2985 4922 3125 4976 sacri
3166 4934 3401 4974 canones
3446 4919 3670 4973 omnino

2083 5015 2371 5085 refugiunt.
2406 5015 2750 5084 Quapropter
2777 5012 2908 5067 satis
2939 5011 3220 5075 miramur,
3267 5025 3367 5063 cur
3410 5008 3518 5062 tam
3546 5022 3671 5077 pro-

2085 5106 2289 5176 digiosa
2317 5107 2535 5176 quidam
2566 5106 2811 5160 caecitate
2838 5103 3151 5163 vesaniam,
3189 5112 3249 5156 ut
3282 5117 3311 5154 a
3341 5099 3670 5155 Simoniacis

2086 5200 2389 5263 ordinatos,
2423 5199 2599 5253 denuo
2634 5197 3033 5253 consecrandos
3058 5210 3179 5250 esse
3208 5195 3506 5248 decertent.
3535 5191 3671 5244 Illud

2086 5288 2351 5357 siquidem
2382 5285 2724 5358 pron‘iulgant
2764 5300 2926 5355 super
2975 5283 3408 5338 Simoniacorum
3450 5281 3674 5335 ordina-

2085 5383 2230 5437 tione
2258 5382 2553 5443 decretum,
2605 5380 2749 5451 quod
2788 5380 2892 5434 illis
2924 5380 3084 5434 etiam
3117 5377 3376 5432 absonum
3409 5376 3674 5446 probatur

2085 5476 2373 5539 btereticis,
2390 5476 2482 5545 qui
2508 5474 2820 5529 orthodoxa:
2842 5472 2963 5526 ﬁdei
2988 5486 3057 5526 ne
3079 5471 3427 5539 perexiguum
3452 5469 3670 5536 qualem

2089 5566 2335 5619 videntur
2363 5554 2896 5634 habereivestigium.
2933 5561 3319 5616 [hereticorum
3349 5573 3541 5627 nempe
3578 5557 3670 5611 alii

2088 5664 2246 5710 recta:
2293 5656 2415 5709 ﬁdei
2462 5666 2605 5721 sunt,
2639 5664 2693 5709 et
2732 5654 2784 5709 in
2816 5654 2929 5709 suis
2951 5652 3205 5722 gradibus
3228 5649 3551 5719 recipiendi,
3579 5647 3671 5703 alii
