4018 6194
351 441 455 499 “5

347 569 497 614 recta
535 561 644 617 fide
682 577 888 637 carent,
928 583 984 629 et
1020 574 1074 631 in
1113 593 1212 636 suo

345 647 565 705 debent.

411 738 482 794 Et
507 746 766 812 quoniam
792 764 822 805 a
853 750 1180 816 Simoniacis
1209 763 1478 825 haereseos
1502 745 1686 829 notam
1717 779 1928 849 propul-
1958 814 1960 816 τ

341 841 468 930 sare
495 846 601 886 non
631 849 952 909 possumus,
981 844 1105 913 jure
1136 853 1332 920 quibus
1357 861 1621 930 assignari
1644 867 1933 926 videantur

340 915 610 978 hzeteticis
643 931 930 998 perspicue
971 937 1362 1001 discernamus.
1410 948 1517 1004 Aut
1553 955 1695 1010 enim
1725 968 1928 1017 rectam

340 1013 501 1072 fidem
535 1020 737 1080 habere
760 1026 971 1085 dicendi
1003 1044 1150 1102 sunt,
1182 1038 1321 1095 sicut
1349 1041 1662 1115 Novatiani;
1693 1061 1783 1106 aut
1805 1069 1930 1123 per-

341 1105 479 1162 fidiae
527 1113 806 1171 erroribus
850 1117 1204 1190 detinentur,
1249 1127 1392 1186 sicut
1435 1105 1924 1206 Paulian'istzefvei

335 1195 544 1256 Ariani.
580 1203 685 1260 Sed
708 1208 755 1263 si
786 1219 949 1266 rectae
975 1213 1096 1271 ﬁdei
1125 1234 1249 1274 cum
1272 1220 1586 1284 Novatianis
1612 1243 1758 1298 sunt,
1787 1235 1927 1292 sicut

334 1301 364 1339 a
402 1286 721 1350 Novatianis
765 1300 1041 1360 venientes
1065 1306 1118 1361 in
1147 1311 1260 1366 suis
1295 1317 1680 1388 praecipiuntur
1707 1324 1926 1383 honori-

321 1918 647 1984 Simoniacis
667 1943 796 1988 sunt
812 1940 1070 2007 promoti,
1092 1918 1238 2000 nulla
1258 1962 1481 2018 possunt
1499 1918 1712 2016 ratione
1731 1918 1908 2021 denuo
1942 1968 1984 2026 Β
2013 1971 2056 2025 ri

317 2021 648 2074 consecrari.
674 2022 865 2082 Restat
897 2030 1086 2102 igitur,
1112 2046 1173 2092 ut
1198 2040 1314 2098 sive
1342 2055 1489 2103 recte
1515 2051 1763 2121 credant,
1792 2057 1908 2114 sive

314 2112 460 2201 recte
509 2122 618 2164 non
664 2115 911 2184 credant,
948 2121 1126 2180 denuo
1149 2135 1458 2191 consecrari
1499 2153 1606 2194 non
1651 2112 1902 2201 debeant.

311 2188 547 2300 Eccesse
570 2210 656 2255 est
681 2203 867 2276 itaque
892 2215 1188 2273 secundum
1215 2235 1278 2276 ea
1300 2239 1422 2294 qua:
1441 2227 1585 2284 dicta
1609 2244 1758 2300 sunt,
1791 2246 1904 2294 uta

312 2280 642 2390 Simoniacis
664 2296 922 2367 ordinati,
950 2313 1045 2360 aut
1071 2280 1341 2372 catholice
1369 2317 1618 2377 dicantur
1655 2280 1902 2397 credere,

306 2372 584 2477 et,in.suis
617 2383 850 2444 debeant
887 2391 1077 2452 oiiiciis
1117 2372 1448 2470 permanere
1455 2372 1611 2472 {aut
1652 2372 1898 2484 perfidi;

307 2465 704 2528 convincuntur
753 2478 1008 2552 obnoxii,
1061 2465 1135 2544 ει-
1171 2491 1254 2547 sic
1299 2465 1769 2575 quod'acceptum
1817 2520 1902 2566 est

305 2561 558 2657 perdant.
589 2565 788 2657 Yerum
825 2577 947 2644 quis
985 2583 1209 2649 nesciat,
1250 2561 1345 2644 eos
1385 2606 1492 2646 non
1527 2561 1697 2652 solum
1730 2598 1785 2653 in
1810 2616 1898 2657 or-

305 2645 556 2705 tliodoxaa
579 2653 704 2712 fidei
728 2661 997 2724 soliditate
1025 2645 1334 2744 persistere,
1365 2645 1459 2738 sed
1487 2645 1772 2759 plerosque
1805 2645 1899 2748 eo-

303 2752 422 2793 rum
456 2743 699 2816 insuper,
737 2752 888 2826 131
924 2769 983 2814 ut
1009 2777 1196 2822 revera
1226 2771 1524 2831 catholicos
1566 2793 1666 2847 per
1711 2785 1894 2840 omnia

299 2832 449 2934 viros
494 2849 703 2898 sancta:
746 2855 1174 2915 conversationis
1219 2865 1419 2932 studio,
1467 2879 1895 2946 cunctarumque

297 2923 561 3029 virtutum
595 2931 878 2996 honestate
900 2941 1132 3003 ﬂorere?
1156 2923 1518 3027 Consequitur
1541 2959 1724 3029 igitur,
1751 2923 1890 3020 ut.in

295 3016 536 3112 acceptis
568 3021 862 3120 honoribus
885 3032 1008 3102 jure
1051 3016 1436 3114 permaneant,
1479 3049 1532 3103 in
1561 3016 1891 3120 quibus—

295 3113 493 3158 nnrum
539 3124 661 3164 cum
705 3114 1014 3189 integritate
1055 3126 1176 3186 lidei
1227 3141 1282 3188 et
1327 3113 1670 3198 conversa-tio
1698 3155 1886 3202 sancta

290 3198 608 3303 concordat.
663 3204 964 3276 Ahjiciatur
1016 3232 1148 3289 ergo
1198 3223 1508 3296 biasphema
1569 3198 1884 3303 temeritas,

289 3300 457 3343 ausus
485 3289 704 3352 illicitus
733 3305 1058 3372 reprimatur
1079 3351 1094 3376 ,
1139 3323 1195 3368 et

290 3379 659 3477 rebaptizatae
681 3403 904 3460 exuere,
920 3412 1275 3462 exsecrentur
1295 3411 1456 3465 etiam
1476 3428 1882 3477 reconsecratoo

287 3467 402 3534 pari
436 3469 698 3540 Spiritum
727 3493 972 3542 sanctum
1005 3489 1279 3562 impietate
1309 3515 1526 3570 negare.

851 3595 1080 3656 CAPUT
1117 3603 1307 3663 XXXI.

289 3671 441 3740 Quod
467 3680 601 3736 sicut
625 3685 960 3758 rebaptizari,
989 3697 1063 3750 ita
1083 3710 1138 3787 et.
1156 3702 1325 3759 denuo
1345 3714 1644 3767 consecrari
1663 3716 1879 3787 quisque

921 3780 1027 3819 non
1051 3779 1236 3837 potest.

349 3838 484 3934 Age;
499 3842 682 3915 igitur,
716 3851 808 3920 qui
833 3861 1082 3912 astruunt
1105 3866 1502 3929 quomodolibet
1526 3886 1874 3934 consecratos

281 3931 577 3988 secundam
602 3951 796 3996 manus
827 3943 1225 4015 impositionem
1255 3951 1416 4023 posse
1441 3962 1740 4032 suscipere,
1765 3982 1872 4023 non

279 4029 372 4070 sua
403 4026 670 4092 contenti,
704 4033 980 4092 canonicae
1000 4040 1341 4098 auctoritatis
1367 4045 1419 4100 id
1449 4026 1697 4108 studeant
1721 4026 1873 4112 testi-

275 4110 477 4205 moniis
502 4117 820 4184 approbare.
859 4124 1051 4183 Dicant
1082 4129 1266 4202 itaque
1295 4136 1384 4205 qui
1417 4151 1733 4199 sanctorum

275 4205 414 4255 trum
462 4203 562 4259 ista
617 4219 1099 4285 praesumpserint,
1155 4224 1247 4293 qni
1278 4203 1469 4283 saltem
1495 4239 1864 4301 praesumenda

273 4289 641 4351 dictaverint?
671 4298 738 4354 Et
766 4318 889 4359 cum
912 4307 978 4361 ad
1001 4289 1337 4379 probationis
1357 4289 1618 4379 indicium
1642 4329 1865 4386 authen-

273 4379 357 4433 lici
373 4392 620 4441 veterum
643 4389 941 4451 defecerint
962 4402 1166 4470 apices,
1184 4411 1522 4468 necessarios
1542 4419 1862 4489 semetipsos

267 4472 385 4525 novi
430 4473 702 4544 dogmatis
757 4481 1032 4544 fateantur
1079 4505 1349 4554 auctores.
1399 4500 1554 4568 Quod
1603 4472 1860 4566 nimirum

265 4575 385 4616 cum
426 4570 712 4628 sanctione
753 4575 1038 4637 doctorum
1081 4600 1346 4657 nusquam
1392 4597 1698 4664 reperiatur
1738 4617 1859 4660 esse

265 4663 613 4724 praeceptum,
659 4662 936 4723 invenitur
959 4672 1121 4729 etiam
1152 4677 1294 4735 ultro
1333 4662 1680 4752 prohibitum.
1716 4691 1848 4748 Nam

262 4741 607 4807 beatissimus
631 4770 768 4825 papa
800 4759 1095 4831 Gregorius
1119 4768 1310 4827 Joanni
1349 4777 1602 4849 episcopo
1638 4783 1850 4841 Raven-

265 4835 401 4890 natis
423 4837 697 4910 Ecclesiae,
728 4848 869 4905 sicut
900 4856 1167 4912 neminem
1194 4835 1552 4934 rebaptizari:
1584 4871 1654 4926 ita
1678 4875 1844 4930 etiam

1173 463 1414 526 OPUSC.
1444 475 1527 530 Vl.
1566 508 1634 518 —
1667 480 1868 537 LIBFR
1906 485 2022 552 QUI
2063 488 2338 559 DlClTUR
2374 498 2857 564 CBATISSIMUS.

3528 523 3629 578 146

1247 586 1542 653 persistere
1588 594 1792 653 honore
1830 612 1935 653 non
1964 601 2014 660 Α
2111 601 2206 658 liis
2237 605 2421 677 itaque
2453 611 2633 668 verbis
2657 614 2941 673 evidenter
2967 621 3291 692 ostenditur,
3328 628 3453 698 quia
3483 632 3626 690 sicut

2035 690 2088 746 in
2117 694 2546 765 rebaptizatione
2572 702 2823 762 Christus
2853 711 3070 768 exuitur
3091 753 3108 779 ,
3154 716 3225 769 ita
3255 726 3311 772 et
3341 719 3393 774 in
3433 737 3622 780 recon-

2034 785 2339 843 secratione
2374 786 2609 859 Spiritus
2635 796 2809 851 sancti
2839 801 3010 869 gratia
3036 804 3128 872 qui
3166 806 3306 860 male
3334 822 3622 877 provectus

2031 885 2137 942 est,
2171 889 2489 936 evacuatur.
2523 884 2662 953 Quid
2691 890 2835 944 enim
2873 894 3135 967 sacrilega
3165 897 3252 954 illa
3283 907 3620 962 consecratio

2029 969 2136 1024 nisi
2165 971 2359 1043 duplex
2387 984 2470 1030 est
2498 977 2804 1049 depositio?
2848 983 2963 1051 Qua
2995 988 3250 1045 nimirum
3274 1033 3287 1055 ,
3322 995 3446 1049 dum
3478 1013 3618 1056 unus

2027 1062 2437 1119 exsecrabiiiter
2461 1080 2836 1139 consecratur,
2885 1083 3115 1146 uterque
3148 1080 3274 1150 jure
3305 1083 3612 1154 deponitur.

2029 1148 2180 1207 Unde
2211 1168 2316 1208 non
2349 1155 2624 1216 immerito
2656 1161 2708 1215 in
2737 1165 3037 1224 canonibus
3071 1173 3437 1240 apostolorum
3483 1177 3614 1248 legi-

2029 1247 2115 1294 tur
2147 1241 2363 1311 (Distin.
2400 1246 2488 1312 os,
2515 1263 2636 1321 cap.
2669 1249 2820 1307 Sicut
2854 1258 3074 1328 semel):
3106 1277 3125 1312 ι
3162 1260 3220 1316 Si
3257 1264 3377 1332 quis
3406 1241 3614 1335 episco-

2005 2156 2224 2208 secrati.
2269 2156 2428 2213 Aliud
2471 2171 2557 2216 est
2601 2163 2748 2217 enim
2794 2165 3093 2234 quemlibet
3142 2183 3237 2237 per
3285 2169 3596 2242 synodaicm

1963 2275 1966 2278 ~
2002 2245 2330 2302 sententiam
2356 2248 2411 2303 in
2443 2250 2629 2308 amissi
2664 2253 2871 2312 ordinis
2893 2257 3016 2328 jura
3047 2260 3291 2328 restitui;
3327 2261 3470 2335 aliud
3501 2276 3598 2332 per

2002 2340 2430 2398 consecrationis
2471 2346 2792 2416 mysterium
2816 2387 2832 2414 ,
2869 2351 3011 2419 quod
3042 2351 3228 2406 iterari
3257 2368 3364 2406 non
3395 2361 3594 2422 potest,

2001 2426 2239 2497 Spiritus
2261 2433 2439 2488 sancti
2459 2436 2688 2504 gratiam
2714 2441 3012 2509 promereri
3030 2455 3044 2494 :
3061 2443 3360 2511 praesertim
3392 2459 3513 2498 cum
3540 2444 3595 2498 in

1999 2531 2102 2582 eo,
2152 2519 2244 2590 qui
2299 2521 2622 2592 deponitur,
2677 2543 2982 2597 quanquam
3043 2531 3321 2600 dignitatis
3381 2532 3592 2587 utenda:

1997 2616 2190 2682 perdat
2221 2618 2587 2676 exstrinsecus
2632 2623 2992 2694 privilegium,
3045 2637 3232 2683 manet
3289 2639 3467 2684 tamen
3506 2630 3590 2685 ui-

1995 2703 2290 2763 biiominus
2319 2710 2488 2766 semel
2524 2712 2706 2784 adepti
2735 2717 2946 2774 ordinis
2975 2729 3411 2788 sacramentum;
3444 2721 3588 2777 sicut

1994 2797 2161 2856 etiam
2180 2812 2435 2858 manente
2455 2803 2511 2859 in
2533 2820 2594 2861 se
2613 2820 2956 2866 sacramento
2970 2813 3126 2883 132
3141 2815 3586 2885 regenerationis,

1993 2893 2496 2950 exeommunicatur
2509 2911 2634 2954 reus
2645 2899 3208 2971 cujuslibeteriminis,
3229 2922 3328 2962 nec
3340 2915 3587 2987 careteo—

1989 2979 2114 3038 .dem
2137 2995 2501 3055 sacramento,
2517 2989 2679 3044 etiam
2695 2992 2739 3046 si
2759 3009 3032 3064 nunquam
3051 2998 3434 3052 reconcilietur
3448 2983 3578 3054 Deo.

2543 3078 2772 3136 CAPUT
2812 3081 3027 3138 XXXII.

1985 3159 2146 3228 Quod
2176 3163 2370 3233 falsum
2390 3167 2478 3233 sit,
2508 3177 2564 3245 ut
2589 3171 3195 3245 quilibetgarS-imoniaco
3223 3190 3578 3245 consecratus,

2468 3256 2501 3292 α
2530 3239 2664 3294 laico
2695 3243 2827 3295 nihil
2855 3243 2911 3296 di
2921 3245 3086 3313 ierat.

1227 3319 1318 3386 qui
1349 3333 1578 3392 arguunt
1607 3325 1882 3385 Christum
1913 3315 1957 3374 C
2061 3322 2166 3379 Sed
2195 3326 2260 3381 de
2284 3333 2770 3388 reconsecratiOnis
2798 3334 3104 3405 impietate,
3150 3336 3273 3394 licet
3299 3355 3394 3393 nos
3420 3340 3572 3409 plura

1983 3417 2316 3488 dixerimus,
2357 3438 2424 3478 ne
2468 3433 2646 3480 tamen
2693 3428 2861 3483 resin
2908 3429 3127 3485 dubium
3165 3434 3414 3501 pendeat,
3445 3436 3488 3489 si
3519 3446 3574 3492 et

1981 3521 2258 3581 gestorum
2282 3529 2498 3584 quoque
2521 3519 2814 3574 auctoritas
2863 3535 2967 3574 non
3013 3524 3262 3586 accedat,
3297 3525 3363 3577 de
3394 3528 3569 3581 eccle-

1980 3603 2204 3658 siastica
2230 3605 2462 3661 historia
2493 3607 2714 3676 (Eussn.
2746 3609 2839 3664 lib.
2889 3627 2944 3676 x,
2997 3628 3048 3665 c.
3101 3613 3183 3682 l5)
3233 3615 3566 3682 praebeamus

1977 3695 2302 3764 exemplum,
2333 3707 2392 3750 ut
2420 3699 2664 3754 nonnihil
2696 3702 2959 3767 videatur,
2985 3715 3042 3758 nt
3072 3705 3287 3769 dicitur,
3313 3723 3568 3776 quorum-

1978 3783 2108 3838 libet
2144 3789 2484 3842 consecratio
2531 3790 2894 3846 sacerdotum.
2956 3795 3090 3848 Nam
3148 3805 3205 3848 nt
3256 3799 3444 3851 eadem
3480 3801 3568 3854 hic

1975 3875 2138 3928 verba
2173 3886 2445 3944 ponantur
2491 3897 2504 3932 :
2558 3877 2824 3952 Tempore
2869 3899 2977 3951 quo
3007 3887 3146 3952 apud
3178 3884 3560 3942 Alexandriam

1974 3963 2119 4020 Petri
2169 3967 2426 4037 martyris
2465 3968 2607 4022 diem
2653 3969 2958 4025 Alexander
3011 3975 3296 4043 episcopus
3344 3978 3559 4045 agebat,

1971 4071 2094 4110 cum
2117 4068 2237 4128 post
2256 4059 2465 4128 expleta
2487 4061 2749 4114 solemnia
2773 4075 3135 4117 conventuros
3157 4066 3222 4118 ad
3249 4068 3556 4121 convivium
3649 4083 3654 4089 '

1969 4162 2126 4202 suum
2157 4148 2388 4205 clericos
2415 4160 2790 4221 exspectaret,
2820 4152 2870 4205 in
2901 4154 3018 4208 loco
3047 4156 3181 4209 mari
3211 4157 3387 4232 vicino
3413 4159 3560 4213 videt

1965 4239 2180 4294 eminus
2209 4255 2502 4310 puerorum
2541 4252 2740 4298 coetum
2770 4260 2933 4315 super
2976 4262 3128 4302 oram
3162 4249 3325 4303 maris
3368 4248 3553 4304 indum

1967 4331 2316 4416 imitantium,
2350 4345 2411 4390 ut
2439 4336 2554 4392 fieri
2585 4337 2743 4404 solet,
2796 4341 3106 4412 episcopum
3139 4354 3301 4415 atque
3326 4360 3389 4401 ea
3433 4361 3552 4416 quae

1965 4422 2018 4476 in
2061 4408 2316 4480 Ecclesiis
2341 4426 2456 4496 geri
2498 4442 2617 4482 mos
2645 4438 2748 4484 est.
2783 4408 2888 4485 sed
2929 4408 3052 4486 eum
3103 4408 3309 4488 intentu
3342 4436 3549 4491 diutino

1961 4529 2156 4584 pueros
2180 4516 2532 4586 inspectaret,
2577 4520 2720 4574 videt
2749 4523 2817 4577 ab
2848 4523 2933 4578 his
2961 4524 3072 4594 geri
3105 4527 3350 4594 quaedam
3379 4529 3543 4583 etiam

1961 4607 2254 4662 secretiora
2290 4617 2346 4662 et
2381 4611 2632 4680 mystica.
2675 4611 3032 4670 Perturbatus
3073 4615 3218 4671 illico
3260 4619 3437 4689 vocari
3476 4622 3544 4674 ad

1958 4709 2017 4746 se
2040 4695 2270 4752 clericos
2300 4696 2476 4765 jubet,
2505 4708 2668 4770 atque
2693 4701 2772 4757 eis
2794 4704 2922 4771 quid
2951 4706 3161 4759 eminus
3188 4707 3302 4776 ipse
3332 4709 3540 4763 videret

1953 4783 2210 4838 ostendit.
2257 4785 2392 4840 Tum
2443 4789 2595 4843 abire
2638 4806 2752 4854 eos,
2803 4800 2856 4845 et
2911 4795 3332 4862 comprehensos
3384 4801 3450 4854 ad
3481 4816 3540 4856 se

1954 4874 2247 4941 perducere
2275 4890 2464 4932 omnes
2494 4894 2690 4948 pueros
2720 4880 2967 4950 imperat.
2995 4882 3237 4956 Cumque
3258 4887 3532 4959 adessent,

263 4935 358 4978 nec
383 4926 557 4994 ipsum
589 4934 768 4993 denuo
793 4948 1100 5001 consecrari
1129 4963 1318 5017 posse,
1351 4956 1436 5012 his
1469 4964 1702 5018 asseruit
1728 4981 1844 5022 ver-

261 5011 339 5113 bis
366 5016 750 5130 (faith-lib.-
781 5049 820 5130 tt
871 5037 1032 5106 epist.
1076 5011 1198 5113 cap.
1241 5011 1332 5117 52)
1365 5068 1377 5104 :
1472 5011 1840 5130 "ludentem,

262 5100 446 5205 inquit,
474 5115 620 5205 quod
643 5116 847 5188 dicitis,
895 5100 952 5180 ut
993 5128 1040 5185 is
1081 5100 1170 5202 qu'i
1217 5100 1496 5198 ordinatus
1532 5154 1616 5200 est
1643 5105 1837 5205 iterum

261 5198 554 5268 ordinetur,
586 5208 742 5266 Valde
769 5215 1056 5276 ridiculum
1099 5235 1218 5294 est,
1263 5239 1318 5285 et
1349 5233 1417 5288 ab
1448 5235 1642 5307 ingenii
1671 5244 1838 5297 vestri

261 5289 683 5403 consideratione
726 5305 942 5364 videtur
970 5324 1324 5386 extraneum,
1358 5325 1461 5380 nisi
1502 5289 1648 5385 forte
1694 5335 1836 5403 quod

261 5372 380 5487 illud
408 5387 716 5457 exemplum
746 5396 812 5449 ad
849 5401 1084 5459 medium
1117 5407 1420 5480 deducitur,
1445 5417 1511 5471 de
1533 5433 1640 5487 quo
1667 5372 1726 5476 e‘tl
1749 5423 1836 5478 ille

255 5463 515 5577 {alligatus
560 5489 680 5546 est,
729 5488 824 5577 qui
872 5491 981 5548 tale
1026 5495 1228 5568 aliquid
1277 5463 1471 5562 fecisse
1500 5463 1832 5577 pérhibetur.

258 5553 398 5612 Absit
426 5574 609 5622 autem
646 5585 677 5626 a
720 5553 1065 5640 fraternitate
1095 5553 1273 5644 vestra
1318 5593 1398 5648 sic
1437 5553 1647 5666 sapere.
1684 5603 1836 5660 Sient

256 5653 424 5741 autem
454 5652 763 5722 baptizatus
790 5672 982 5737 semel,
1011 5675 1204 5732 iterum
1232 5652 1513 5752 baptizari.
1526 5705 1629 5744 non
1654 5693 1829 5753 debet.

257 5730 268 5741 .
971 5730 981 5737 ,
1095 5730 1101 5731 ,
1235 5730 1496 5752 μνη-..η
1526 5730 1829 5753 "suae"...

256 5743 317 5826 tta
366 5753 715 5804 consecratus
755 5759 921 5813 semei
971 5763 1022 5817 in
1074 5769 1260 5826 eodem
1313 5775 1501 5832 ordine
1547 5797 1651 5835 non
1695 5785 1831 5839 valet

255 5828 435 5884 Iterum
468 5843 796 5898 consecrari.
837 5865 856 5898 ι

1950 4964 2072 5032 quis
2101 4964 2180 5018 eis
2208 4964 2395 5031 ludus,
2441 4978 2498 5022 et
2543 4971 2670 5040 quid
2713 4973 2972 5043 egissent,
3007 4976 3089 5030 vel
3115 4981 3383 5046 quomodo
3408 4998 3532 5052 per-

1951 5065 2258 5113 cunctatur.
2302 5059 2418 5127 Ilii,
2469 5073 2528 5117 ut
2573 5065 2708 5121 tales
2752 5068 2916 5124 habet
2945 5081 3097 5137 mtas,
3127 5075 3304 5142 pavidi
3332 5092 3532 5147 negare

1947 5147 2144 5214 primo,
2172 5150 2296 5205 dein
2327 5166 2438 5206 rem
2469 5165 2676 5225 gestam
2725 5173 2822 5228 per
2872 5164 3117 5218 ordinem
3165 5170 3426 5236 pandunt,
3473 5177 3529 5222 et

1945 5237 2250 5308 baptizatos
2278 5260 2308 5298 a
2344 5261 2403 5301 se
2431 5262 2551 5302 esse
2588 5252 2849 5318 quosdam
2896 5256 3314 5313 catechumenos
3355 5262 3523 5316 conii-

1945 5340 2126 5386 tentur
2147 5349 2244 5404 per
2261 5337 2643 5406 Athanasium,
2680 5344 2771 5412 qui
2811 5345 2918 5399 ludi
2953 5348 3093 5403 illius
3127 5352 3381 5419 puerulus
3406 5355 3521 5423 epi-

1942 5433 2138 5490 scopus
2167 5422 2344 5480 fuerat
2386 5427 2690 5483 simulatus.
2725 5433 2859 5488 Tum
2900 5436 2988 5490 ille
3019 5438 3303 5510 diligenter
3346 5422 3524 5514 inqui-

1944 5524 2068 5565 rens
2099 5511 2165 5566 ab
2194 5514 2280 5570 bis
2303 5517 2397 5584 qui
2426 5517 2682 5588 baptizati
2723 5523 3075 5593 dicebantur,
3127 5531 3256 5600 quid
3287 5511 3520 5590 interro-

1939 5600 2046 5666 gati
2096 5599 2316 5668 fuerint,
2349 5607 2544 5675 quidve
2576 5615 2983 5681 responderint,
3025 5599 3184 5675 simul
3226 5633 3280 5678 et
3323 5625 3392 5680 ab
3429 5644 3515 5695 eo,

1936 5689 2026 5756 qui
2057 5690 2511 5765 interrogaverat;
2557 5701 2648 5755 ubi
2697 5703 2842 5760 videt
2891 5711 3186 5772 secundum
3241 5717 3517 5790 religionis

1936 5790 2134 5836 nostra:
2165 5787 2324 5842 ritum
2356 5802 2546 5847 cuncta
2574 5805 2822 5853 eonsmre
2848 5841 2862 5865 ,
2909 5803 3204 5861 collocutus
3233 5823 3354 5864 cum
3385 5824 3512 5866 con—

1937 5871 2054 5928 :ilio
2081 5874 2420 5949 clericorum,
2451 5887 2706 5944 statuisse
2740 5893 2970 5948 traditur
3001 5894 3126 5962 iiiis,
3163 5898 3386 5967 quibus,
3418 5901 3507 5957 in-
