4018 6194
450 475 550 531 M7

448 587 617 659 tegris
669 586 1214 656 interrogationibus,
1264 599 1317 643 et
1365 588 1834 658 responsionibns,
1883 603 2020 657 aqua
2050 590 2099 648 Λ

449 676 621 732 fuerat
651 677 861 740 infusa,
897 677 1080 730 iterari
1127 679 1447 747 baptismum
1497 696 1599 732 non
1650 679 1882 744 debere,
1931 681 2026 735 sed

451 765 728 833 adimpleri
760 780 820 818 ea
859 781 978 834 quze
1022 781 1050 819 a
1087 768 1456 822 sacerdotibus
1496 783 1610 821 mos
1644 777 1757 832 est;
1785 769 2023 822 Athana-

453 856 588 909 sium
613 870 740 908 vero
769 864 929 923 atque
961 871 1074 920 eos,
1106 872 1240 924 quos
1278 857 1430 912 ludus
1469 857 1555 910 ille
1579 857 1658 910 vel
1689 858 2027 928 preglzyteros

451 943 648 998 habere
676 944 820 997 visus
854 948 1042 1006 fuerat,
1073 945 1152 997 vel
1177 947 1469 1007 ministros,
1499 947 1810 1002 convocatis
1837 961 2028 1016 paren-

448 1032 613 1098 tibus,
637 1033 736 1087 sub
764 1033 852 1087 Dei
877 1035 1235 1089 obtestatione
1263 1035 1483 1091 tradidit
1503 1035 1756 1091 Ecclesia:
1782 1039 2026 1091 nutrien-

375 1145 381 1151 ’
450 1129 567 1190 dos,
596 1137 650 1182 et
675 1128 898 1198 reliqua.
924 1130 1118 1198 quibus
1149 1129 1394 1184 videlicet
1418 1142 1670 1184 narratur
1697 1128 2027 1183 Athanasius

452 1232 638 1271 revera
666 1218 947 1287 episcopus
976 1219 1148 1273 factus
1174 1259 1186 1281 ,
1236 1219 1374 1273 sicut
1408 1236 1435 1272 a
1466 1236 1632 1289 puero
1662 1221 1832 1275 fuerat
1862 1220 2028 1275 simu-

447 1304 605 1358 latus.
631 1304 780 1370 Quod
808 1306 1058 1360 nimirum
1084 1307 1421 1375 antiquitatis
1437 1308 1740 1379 exemplum
1770 1309 2028 1364 adversus

447 1410 540 1449 eos
571 1395 829 1470 adhibere
865 1397 1172 1451 curavimus
1194 1399 1334 1465 ,Ἰιυί
1367 1399 1828 1453 consecrationem
1873 1414 1900 1452 a
1949 1400 2028 1452 Si-

449 1485 711 1540 moniacis
755 1485 948 1540 factam
996 1486 1132 1540 nihil
1170 1501 1288 1542 esse
1328 1489 1542 1557 penitus
1568 1497 1836 1555 asserunt,
1864 1498 2027 1558 atque

448 1577 516 1630 ab
546 1577 649 1630 illis
677 1580 986 1642 ordinatos,
1016 1575 1150 1632 nihil
1191 1595 1220 1632 a
1267 1579 1417 1633 laicis
1447 1580 1646 1633 distare
1676 1567 2025 1634 contendunt.

453 1666 509 1720 Si
539 1666 681 1720 enim
712 1667 1012 1736 proludium
1038 1669 1187 1735 illud,
1227 1685 1331 1739 quo
1357 1670 1602 1724 videlicet
1629 1671 1776 1740 pueri
1812 1671 2028 1742 presby-

451 1767 596 1811 teros
627 1774 683 1812 se
711 1759 1115 1825 simulaverant,
1156 1761 1235 1815 vel
1266 1761 1541 1815 ministros
1568 1803 1582 1825 ,
1632 1761 1763 1814 tanti
1815 1773 1896 1814 est
1928 1763 2024 1816 ha-

375 1881 379 1886 -
450 1847 639 1909 bitum,
669 1856 728 1901 ut
756 1863 849 1902 eos
879 1848 1164 1920 episcopus
1191 1849 1291 1903 sub
1325 1850 1418 1905 Dei
1449 1851 1807 1905 obtestatione
1835 1844 2029 1920 paren-

912 478 968 530 S.
1003 478 1203 533 PETRI
1232 477 1510 531 DAEllANl
1551 477 1696 531 UPP.
1743 473 1973 529 TOl'lUS
2007 475 2135 530 SEU
2176 473 2353 530 PARS
2393 475 2474 530 lll.
2512 508 2578 518 -—
2607 475 2968 532 OPUSCL'LA
3013 476 3242 529 VAlllA.

3603 476 3701 531 H3

2651 588 2878 644 CAPUT
2931 588 3165 644 XXXIII.

2238 681 2375 745 Quid
2405 680 2741 735 Innocentius
2785 680 2849 735 de
2885 679 3328 733 reconsecrationc
3372 691 3596 734 censent.

2196 771 2489 824 Videamus
2543 771 2705 825 etiam
2746 771 2872 840 quid
2913 771 3025 839 jam
3075 780 3403 824 memoratus
3445 769 3697 826 innocen-

2131 860 2234 913 tius
2262 875 2397 929 papa
2418 901 2432 925 ,
2461 860 2580 914 licet
2615 862 2666 913 in
2696 861 2963 924 transitu,
3017 861 3221 914 sentire
3251 861 3317 913 de
3356 875 3702 916 reconsecra-

2130 950 2272 1004 tione
2317 951 2629 1019 signaverit.
2661 951 2748 1004 Ait
2779 952 2919 1003 enim
2953 950 3004 1003 in
3057 951 3305 1014 decreto,
3344 953 3486 1020 quod
3538 951 3702 1008 Nahi-

2127 1040 2303 1094 sitano
2352 1040 2540 1094 scribit
2587 1041 2841 1110 episcopo
2874 1061 2887 1094 :
2921 1040 3198 1110 Superiori
3234 1050 3508 1111 tempore,
3543 1044 3588 1098 si
3621 1053 3700 1097 ta-

2129 1145 2250 1182 men
2306 1138 2450 1184 ret-te
2503 1131 2779 1196 recordor,
2825 1132 3047 1184 memini
3102 1140 3209 1185 tam
3239 1133 3305 1186 ad
3354 1133 3698 1188 dilectionem

2129 1229 2315 1284 tuam,
2367 1235 2529 1288 quam
2581 1221 2645 1274 ad
2696 1217 2894 1275 fratres
2951 1229 3006 1275 et
3056 1222 3402 1292 coepiscopos
3454 1232 3695 1286 nostros,

2128 1309 2323 1363 Rufum
2356 1321 2409 1363 et
2461 1319 2719 1376 etetcros,
2767 1311 3072 1378 huiusmodi
3129 1312 3338 1367 litteras
3361 1313 3428 1368 de
3488 1314 3701 1370 clericis

2128 1399 2516 1456 Nahisensibus
2562 1402 2965 1464 transmisisse.
3017 1402 3102 1456 his
3152 1401 3442 1467 videlicet,
3490 1403 3578 1472 qui
3643 1419 3705 1458 se

2128 1500 2254 1544 ante
2285 1491 2683 1545 damnationem
2717 1491 2911 1544 Βουοεὶ
2933 1532 2946 1552 ,
2997 1499 3249 1545 asserunt
3276 1490 3344 1544 ab
3369 1493 3556 1546 eodem
3589 1501 3728 1547 tam'

2129 1583 2473 1650 presbyteros
2491 1621 2504 1644 ,
2532 1594 2691 1648 quam
2719 1581 2974 1634 diaconos
2997 1580 3276 1634 ordinatos
3295 1622 3308 1644 ,
3336 1589 3392 1634 nt
3419 1581 3463 1635 si
3512 1581 3700 1637 relicto

2128 1681 2289 1740 atque
2311 1671 2566 1724 damnato
2588 1668 2704 1736 eius
2727 1685 2934 1734 errore,
2954 1669 3418 1724 vcllentEcclesiaa
3435 1672 3696 1741 copulari,

2128 1762 2358 1817 libenter
2383 1761 2770 1830 reciperentur,
2809 1777 2878 1816 ue
2909 1761 3046 1816 forte
3093 1760 3184 1830 qui
3219 1768 3402 1814 essent
3431 1761 3575 1829 digni
3611 1775 3725 1815 re-'

2129 1851 2448 1920 cuperandaa
2500 1850 2688 1904 salutis
2731 1849 2784 1904 in
2812 1849 3003 1904 eodem
3027 1865 3213 1905 errore
3239 1851 3562 1920 deperirent.
3593 1850 3702 1907 Ve-

455 1938 598 1993 tibus
614 1939 727 1992 suis
749 1937 984 1994 traderet
999 1939 1251 1994 Ecclesia:
1275 1939 1609 2004 nutriendos,
1638 1956 1734 1996 nec
1757 1941 2025 2012 integrum
2060 1924 2101 1983 Β
2133 1957 2250 1996 rum
2279 1942 2488 1995 nuncin
2506 1941 2810 1996 Ravennati
2836 1942 2968 1996 urbe
2991 1942 3118 1996 mihi
3144 1943 3457 2007 constituto,
3481 1952 3706 2014 propter

455 2028 751 2083 arbitratus
781 2029 847 2083 sit
883 2043 977 2083 eos
1006 2029 1166 2083 etiam
1212 2030 1264 2083 in
1299 2029 1542 2084 saeculari
1589 2031 1777 2086 ordine
1815 2046 2028 2100 perma-

448 2136 599 2186 nere,
649 2121 740 2190 qui
788 2136 846 2176 se
893 2135 990 2190 per
1033 2121 1364 2176 adumbrata!
1395 2121 1753 2176 simulationis
1794 2123 2027 2192 speciem

447 2213 785 2269 confixerant
827 2211 1054 2267 clericos
1110 2212 1415 2278 exstitisse;
1465 2220 1523 2266 ut
1567 2211 1640 2266 illi
1677 2211 2030 2282 perhibentur

439 2296 478 2357 ’a
523 2302 675 2357 laicis
723 2318 827 2357 non
884 2302 1125 2366 distare,
1169 2316 1313 2371 quos.
1352 2309 1566 2356 constat
1618 2315 1648 2354 a
1699 2301 2028 2370 quibuscun-

444 2407 548 2462 que
583 2392 1007 2447 consecrationis
1054 2390 1366 2463 mysterium
1410 2391 1563 2462 juxta
1605 2405 1812 2446 morem
1857 2391 2027 2446 eccle-

445 2481 720 2536 siasticum
750 2482 1094 2551 percepisse?
1123 2480 1227 2536 Sed
1259 2481 1376 2536 illos
1411 2497 1441 2535 a
1468 2481 1621 2536 laicis
1663 2482 1775 2536 sola
1806 2482 2028 2537 simula-

430 2561 519 2626 ‘tio
540 2582 803 2644 segregat,
827 2589 932 2644 quo
955 2582 1141 2643 pactos
1165 2575 1317 2635 istos,
1340 2574 1430 2642 qui
1456 2588 1642 2628 revera
1666 2575 1846 2628 omnia
1867 2589 2026 2644 regu-

445 2660 633 2718 lariter
673 2673 1017 2733 acceperunt,
1046 2665 1112 2718 ab
1146 2665 1226 2719 eis
1258 2664 1392 2718 nihil
1416 2662 1649 2728 differre,
1681 2665 1814 2718 falsa
1852 2664 2025 2718 homi-

447 2767 573 2807 num
634 2754 788 2823 133
838 2755 1051 2808 vanitas
1083 2753 1292 2822 jactat?
1324 2775 1340 2806 ‹
1379 2756 1722 2824 Qumcunque
1761 2755 1938 2820 enim,
1965 2763 2025 2807 ut

446 2843 523 2896 ait
547 2842 835 2911 Apostolus
859 2885 874 2908 ,
904 2845 1102 2912 scripta
1154 2854 1313 2909 sunt,
1355 2846 1420 2898 ad
1454 2854 1692 2900 nostram
1723 2845 2022 2900 doctrinam

447 2935 645 3002 scripta
676 2943 801 2988 sunt
831 2934 1010 3004 (Rom.
1042 2935 1153 3003 xv).
1194 2955 1212 2988 ι
1251 2934 1383 2989 Nam
1411 2944 1460 2990 et
1497 2936 1548 2989 in
1573 2934 1866 2989 Moralibus
1888 2935 2019 3000 suis,

446 3027 489 3080 si
523 3035 671 3080 recte
712 3035 898 3089 teneo,
945 3027 1138 3080 beatus
1168 3028 1435 3097 reperitur
1465 3027 1667 3082 dixisse
1695 3027 2018 3097 Gregorius,

446 3117 586 3171 inter
613 3116 718 3168 duo
750 3115 985 3184 pericula
1018 3115 1384 3171 Simoniacum
1416 3117 1768 3172 constitutum
1795 3155 1810 3180 ,
1857 3125 1919 3168 ut'
1941 3115 2020 3170 vi-

449 3207 674 3271 delicet,
705 3206 819 3260 sive
865 3220 1083 3276 gregem
1121 3205 1468 3259 commissmn
1515 3205 1762 3269 deserat,
1808 3204 1920 3258 sive
1967 3204 2018 3256 in

448 3297 590 3351 male
633 3304 856 3364 accepto
902 3295 1107 3349 honore
1154 3304 1499 3364 permaneat.
1547 3295 1750 3364 peccati
1802 3293 2023 3362 laqueos

447 3387 644 3442 evadat
670 3405 682 3440 :
709 3401 808 3440 nec
838 3385 1150 3440 utramlibet
1180 3400 1290 3439 rem
1322 3399 1576 3453 expresse
1602 3383 1880 3445 definiens,
1909 3392 2028 3434 tan-

448 3476 728 3529 tnnnnodo
759 3475 848 3530 ubi
881 3475 1099 3530 videtur
1151 3475 1363 3529 facilior
1392 3490 1554 3529 casus
1575 3515 1588 3539 ,
1617 3475 1813 3529 asserit
1855 3487 2027 3542 quan-

453 3566 630 3619 tocius
660 3563 1044 3619 enarrandum.

525 3655 581 3710 Si
613 3656 795 3725 itaque
826 3655 1202 3718 Simoniacus,
1246 3663 1303 3708 ut
1345 3655 1562 3720 dicitur,
1608 3654 1778 3710 laicus
1808 3665 1926 3719 est,
1973 3654 2026 3707 in

448 3761 575 3816 quo,
609 3763 811 3817 quaeso,
864 3747 1057 3816 inquit,
1107 3745 1401 3814 delinquit,
1456 3746 1498 3800 si
1548 3745 1898 3801 sacerdotalis
1950 3745 2030 3799 di-

451 3840 674 3910 gnitatis
706 3838 936 3894 otllcium
979 3839 1218 3894 deserit?
1280 3836 1336 3892 Si
1387 3838 1672 3892 sacerdotii
1717 3853 2029 3891 sacramen-

453 3939 566 3984 tum
622 3938 897 3998 utcunque
969 3944 1074 3983 non
1145 3928 1340 3992 habet,
1406 3936 1465 3981 ut
1519 3927 1648 3997 quid
1694 3942 1723 3981 a
1771 3926 2028 3996 pastorali

455 4016 769 4077 ministerio
791 4037 911 4076 cum
944 4020 1099 4090 culpa
1131 4020 1409 4086 dividitur,
1440 4020 1524 4074 cui
1570 4020 1782 4075 debitor
1811 4034 1908 4088 per
1939 4034 2028 4074 sa-

447 4111 712 4165 cramenti
751 4109 1026 4163 vinculum
1059 4123 1164 4162 non
1219 4109 1470 4162 tenetur?
1517 4107 1624 4161 Sed
1657 4107 1822 4161 dicite
1864 4108 2027 4171 mibi,

450 4199 676 4264 fratres,
709 4214 831 4258 cum
856 4211 988 4267 pace
1018 4205 1196 4250 vestra
1229 4195 1421 4266 loquar
1455 4211 1469 4247 :
1505 4196 1550 4249 si
1582 4195 1901 4260 Simoniaci,
1947 4197 2031 4250 vel

453 4291 520 4344 ab
551 4289 630 4343 eis
657 4287 925 4353 ordinati,
960 4301 990 4340 a
1020 4287 1206 4349 laicis,
1259 4295 1319 4340 ut
1367 4285 1613 4339 asseritis
1637 4325 1652 4349 ,
1699 4285 1832 4338 nihil
1881 4285 2031 4339 diffe-

452 4390 580 4435 runt
602 4421 620 4446 ,
648 4380 775 4453 quid
805 4388 920 4443 est,
951 4379 1092 4449 quod
1141 4378 1281 4432 sacri
1327 4392 1565 4432 canones
1601 4375 1944 4432 Simoniaeos
1978 4377 2030 4431 in

454 4473 697 4544 synodali
727 4471 960 4526 concilio
987 4461 1332 4539 deponendos
1359 4485 1480 4524 esse
1525 4469 1858 4524 decernunt?
1886 4469 2033 4526 Nun-

2128 2035 2355 2090 Bomani
2381 2034 2560 2105 populi
2593 2035 2948 2100 necessitates
2978 2034 3354 2097 creberrimas,
3381 2034 3704 2091 Germanins

2127 2123 2306 2194 quise
2337 2138 2457 2179 esse
2501 2123 2700 2178 asserit
2741 2124 3154 2193 presbyterum,
3196 2133 3358 2194 atque
3405 2124 3705 2195 Lupensius

2127 2213 2217 2281 qui
2262 2227 2320 2267 se
2349 2213 2630 2266 diaconum
2679 2212 2845 2278 dicit,
2880 2212 3172 2267 multorum
3221 2212 3408 2266 talium
3440 2215 3593 2283 quasi
3625 2214 3702 2268 le-

2125 2303 2397 2373 gationem
2424 2312 2730 2372 susceptam
2761 2318 2924 2373 prece
2947 2303 3065 2358 fusa
3094 2303 3307 2358 dolores
3335 2305 3583 2374 proprios
3604 2320 3700 2358 ex-

2124 2395 2361 2464 primere
2387 2394 2722 2464 gestiverunt
2741 2434 2756 2458 ,
2791 2401 3097 2449 asserentes
3117 2407 3176 2448 se
3194 2393 3408 2463 quidem
3434 2393 3703 2450 Ecclesias

2126 2483 2178 2538 in
2228 2483 2536 2538 dilectionis
2583 2491 2686 2538 tuae
2737 2484 3062 2539 constitutas
3104 2485 3389 2553 parochias
3437 2485 3698 2552 retinere;

2125 2575 2218 2633 sed
2267 2583 2410 2629 tuam
2456 2577 2890 2631 communionem
2938 2591 3042 2630 non
3090 2577 3332 2645 potuisse
3375 2578 3604 2640 mereri,
3636 2591 3700 2632 ea

2119 2666 2374 2720 videlicet
2421 2667 2661 2729 ratione,
2707 2667 2835 2734 quia
2885 2664 3140 2720 Rusticus
3185 2667 3401 2735 quidam
3450 2667 3699 2732 nomine,

2122 2756 2322 2808 iterata
2355 2755 2698 2808 ordinatione
2733 2753 2892 2826 134
2917 2754 3314 2825 presbyterium
3339 2753 3698 2824 suscepisset,

2122 2853 2178 2898 et
2207 2858 2311 2898 non
2340 2843 2442 2897 levi
2477 2843 2864 2913 impedimento
2889 2845 2980 2906 sit,
3005 2843 3130 2896 dum
3159 2853 3252 2897 aut
3283 2843 3355 2896 illi
3388 2842 3567 2897 dolent
3597 2843 3700 2896 bu—

2115 2932 2354 3000 jusmodi
2388 2933 2662 2986 hominem
2711 2932 2762 2986 in
2803 2932 3043 2986 Ecclesia
3076 2933 3335 2998 retineri,
3387 2941 3480 2986 aut
3511 2931 3598 2986 ille
3622 2932 3704 2987 sic

2122 3039 2352 3093 peccare
2395 3023 2594 3077 debere
2624 3023 2677 3076 in
2727 3022 2862 3077 alios
2895 3023 3211 3088 arbitratur,
3244 3021 3699 3091 quemadmodum

2121 3115 2175 3167 in
2208 3128 2266 3168 se
2290 3113 2534 3182 agnoscit
2560 3127 2680 3167 esse
2701 3122 3004 3181 peccatum.

2194 3203 2336 3258 Ecce
2359 3203 2445 3258 hic
2469 3202 2752 3257 manifeste
2772 3203 3082 3271 agnoscitur
3102 3243 3116 3268 ,
3145 3218 3306 3271 quam
3339 3201 3583 3256 habuerit
3614 3200 3701 3253 ln-

2128 3293 2410 3346 nocentius
2442 3293 2506 3346 de
2536 3293 3007 3347 reconsecrationc
3043 3292 3365 3346 sententiam
3387 3331 3400 3355 ,
3428 3305 3550 3345 cum
3583 3290 3700 3344 illos

2127 3391 2394 3451 satageret
2441 3385 2491 3436 in
2542 3384 2624 3437 sui
2675 3383 2911 3454 episcopi
2969 3382 3403 3437 communionem
3455 3381 3698 3444 restitui,

2127 3477 2217 3546 qui
2247 3478 2364 3530 zelo
2388 3476 2621 3544 justitim
2651 3476 2904 3529 dolebant
2942 3481 3377 3528 reconsecratum
3426 3473 3701 3526 hominem

2129 3566 2182 3620 in
2213 3565 2452 3620 Ecclesia
2493 3566 2712 3620 retineri
2743 3580 2758 3618 :
2794 3565 2938 3618 illum
2973 3563 3219 3633 perhibet
3255 3563 3537 3624 arbitrari,
3571 3562 3699 3631 quia

2127 3655 2268 3709 sicut
2297 3654 2582 3724 episcopus
2622 3669 2848 3724 peccare
2895 3654 3114 3708 deberet
3157 3654 3210 3706 in
3245 3653 3410 3717 alios,
3443 3653 3702 3721 quemad-

2127 3745 2348 3798 modum
2379 3754 2431 3798 et
2464 3746 2515 3798 in
2546 3760 2604 3799 se
2629 3753 2980 3814 peccaverat,
3011 3743 3101 3813 qui
3137 3758 3259 3798 eum
3305 3743 3482 3798 denuo
3512 3757 3702 3796 conse-

2129 3846 2328 3900 erarat,
2356 3835 2608 3889 familiari
2637 3835 2833 3904 quippe
2857 3836 3205 3903 reprobowm
3231 3833 3430 3898 studio,
3455 3832 3698 3901 ejusdem

2128 3928 2492 3983 damnationis
2540 3927 2762 3996 laqueo,
2789 3937 2842 3981 et
2871 3926 3008 3979 alios
3037 3925 3338 3980 conabatur
3385 3923 3658 3976 innectere
3679 3960 3696 3985 ,

2128 4032 2236 4087 quo
2257 4017 2605 4085 semetipsum
2635 4016 2843 4086 primus
2865 4031 2970 4068 non
2997 4014 3250 4068 timuerat
3281 4012 3517 4067 irretire.
3546 4009 3701 4065 Unde

2130 4106 2205 4159 illi
2234 4121 2338 4159 non
2368 4105 2638 4157 immerito
2682 4103 3087 4156 arbitrabantur
3113 4101 3415 4170 hnjusmodi
3446 4108 3700 4167 tanquam

2129 4196 2487 4251 damnabilem
2537 4210 2758 4265 prorsus
2804 4195 3113 4250 hrereticum
3147 4193 3214 4247 de
3253 4191 3492 4246 Ecclesia
3523 4187 3702 4258 repel-

2131 4288 2375 4352 lendum,
2407 4286 2495 4355 qui
2515 4326 2531 4350 ,
2561 4294 2616 4341 et
2639 4285 2740 4339 sibi
2769 4301 2874 4338 non
2907 4292 3190 4353 parceret,
3235 4293 3292 4338 et
3337 4281 3460 4336 aliis
3489 4280 3703 4350 pericu-

2129 4376 2237 4431 lum
2268 4377 2594 4446 provideret.

2200 4467 2278 4522 Ne
2322 4468 2444 4536 quis
2494 4475 2672 4520 autem
2722 4481 2819 4519 nos
2869 4464 3091 4519 involuti
3142 4462 3429 4516 voluminis
3477 4468 3701 4531 arguat,

456 4563 585 4633 quid
610 4563 655 4618 si
681 4563 850 4619 laicus
878 4561 1215 4617 sacerdotale
1238 4559 1330 4630 jus
1353 4569 1643 4628 usurpasse
1667 4561 2025 4626 convincitur,
2057 4585 2104 4643 ι)
2131 4558 2256 4611 dum
2307 4554 2593 4609 admisceri
2643 4555 2728 4608 his
2776 4554 3067 4623 prolixiora
3124 4566 3390 4606 canonum
3454 4549 3704 4603 fortassis

455 4654 698 4726 synodali
730 4663 852 4722 eget
880 4669 1040 4708 causa
1073 4662 1337 4707 conventu
1351 4693 1373 4717 .,
1406 4661 1464 4704 ut
1496 4651 1583 4705 ille
1605 4651 1918 4707 solemniter
1940 4653 2029 4706 de-

459 4745 725 4815 ponatur?
755 4743 1005 4813 Nunquid
1031 4759 1138 4799 non
1169 4744 1304 4798 satis
1332 4743 1457 4805 erit,
1486 4742 1531 4798 si
1555 4743 1762 4811 privata
1787 4742 2028 4811 qualibet

456 4835 794 4891 districtione
844 4836 1158 4906 corripitur,
1190 4844 1251 4889 ut
1296 4835 1377 4890 vel
1418 4833 1754 4904 simplicibus
1788 4835 1969 4889 verbis
1995 4849 2026 4887 a

457 4932 784 4996 praesumpta
821 4925 1128 4978 temeritate
1155 4924 1468 4994 frangatur?
1499 4922 1745 4990 Nunquid
1773 4932 1892 4991 post
1936 4923 2028 4976 de-

461 5013 784 5086 positionem
834 5012 1178 5068 Simoniacus
1233 5013 1530 5065 remedium
1560 5012 1898 5080 paenitentiae
1931 5025 2029 5081 per

464 5120 656 5161 manus
684 5103 1080 5174 impositionem
1105 5103 1413 5172 suscipere,
1438 5101 1751 5155 surcularem
1779 5102 2024 5154 militiam

466 5195 706 5265 bajulare
725 5233 740 5260 ,
769 5192 1046 5266 conjugcm
1076 5183 1292 5254 ducere,
1330 5190 1665 5260 negotiorum
1688 5191 2027 5246 commerciis

462 5298 578 5343 tuto
612 5287 813 5358 poterit
840 5284 1136 5339 inservire?
1165 5283 1297 5336 Nam
1329 5283 1376 5335 si
1415 5281 1732 5335 exercitium
1764 5281 2025 5348 perdunt,

465 5387 859 5432 sacramentum
885 5385 1061 5428 tamen
1077 5371 1434 5428 ordinationis
1453 5371 1701 5424 amittere
1728 5378 2022 5440 nequeunt.

464 5468 796 5535 itaque‘cnm
841 5468 956 5521 iure
985 5464 1165 5518 Otlll‘tia
1211 5461 1518 5518 necessario
1547 5461 1811 5516 censeatis
1850 5458 2026 5516 Simo-

467 5557 636 5611 niacis
666 5573 771 5610 non
802 5572 956 5626 posse
981 5569 1305 5625 congruere.
1337 5567 1456 5620 qua:
1477 5560 1652 5605 tamen
1678 5566 1789 5605 non
1818 5552 2025 5620 negatis

465 5644 793 5714 quibuslibet
815 5629 963 5698 laicis
992 5643 1308 5703 convenire;
1343 5639 1622 5694 fateamini
1665 5653 1886 5693 necesse
1911 5647 2023 5700 est,

468 5731 724 5783 alterutra
776 5747 802 5782 a
864 5731 1164 5799 semetipsis
1215 5730 1478 5782 varietate
1528 5727 1774 5791 differre,
1833 5717 2028 5796 quibus

468 5823 745 5897 perspicue
773 5823 962 5875 videtis
985 5822 1194 5875 diversa
1212 5829 1533 5890 competere.

2129 4646 2375 4716 exempla
2425 4645 2793 4714 conqueritur,
2857 4644 2996 4698 hanc
3045 4642 3257 4696 noverit
3301 4640 3486 4709 procul
3537 4638 3704 4692 dubio

2130 4753 2386 4801 causam;
2420 4737 2545 4805 quia
2574 4735 2828 4789 nimirum
2865 4734 2964 4786 hos
2989 4748 3110 4786 cum
3139 4732 3333 4799 quibus
3358 4728 3602 4798 agimus,
3631 4722 3706 4783 ad

2133 4826 2494 4896 inspiciendas
2539 4839 2721 4880 sacros
2764 4838 3001 4879 canones
3047 4821 3342 4891 saepissime
3391 4819 3700 4883 suadendo,

2131 4916 2216 4971 vel
2245 4916 2581 4971 exhortando
2605 4913 2932 4982 compellere
2963 4927 3068 4966 non
3117 4911 3391 4976 valemus;
3424 4921 3585 4978 atque
3615 4909 3703 4963 id-

2131 5007 2278 5060 circo
2304 5006 2393 5059 hic
2419 5003 2763 5073 apponendas
2805 5010 3116 5056 sanctorum
3149 4999 3368 5053 Patrum
3397 4996 3703 5051 sententias

2132 5097 2349 5166 dignum
2377 5095 2646 5157 ducimus,
2675 5101 2732 5146 ut
2767 5092 2851 5146 vel
2875 5098 3159 5159 excerptas
3189 5088 3432 5143 delicatis
3461 5101 3526 5140 ac
3551 5094 3702 5140 teneo

2133 5187 2208 5241 ris
2238 5202 2423 5240 eorum
2453 5184 2624 5239 oculis
2673 5196 3034 5252 Opponamus;
3067 5188 3336 5250 quatenus
3383 5181 3528 5238 dum.
3557 5174 3704 5246 quod

2133 5275 2395 5331 sentimus
2427 5274 2478 5326 in
2512 5273 2624 5330 his.
2653 5286 2773 5340 quae
2808 5286 2836 5323 a
2886 5269 3040 5327 nobis
3087 5277 3212 5323 sunt
3250 5265 3491 5335 prolata,
3522 5264 3704 5319 consi-

2134 5367 2345 5428 derant,
2363 5361 2671 5416 auctoritati
2702 5361 2889 5425 etiam,
2913 5359 2998 5412 cui
3025 5358 3325 5420 innitimur,
3353 5354 3567 5409 cedant.
3592 5352 3705 5408 Sed

2131 5462 2191 5509 ut
2218 5452 2396 5506 omnia
2428 5451 2532 5504 illis
2558 5457 2767 5504 constet
2795 5447 3083 5516 provenire
3113 5443 3336 5499 confusa
3358 5483 3373 5509 ,
3405 5443 3511 5497 hoc
3535 5441 3704 5497 etiam

2133 5544 2394 5596 adversus
2422 5553 2655 5594 canones
2680 5546 2873 5607 agunt,
2907 5535 3032 5605 quia
3064 5540 3288 5588 cunctos
3315 5530 3478 5586 simul
3501 5529 3706 5599 gradus

2133 5634 2187 5687 in
2225 5632 2687 5686 reconsecrationc
2717 5627 3036 5696 suscipiunt.
3064 5623 3216 5678 Unde
3235 5637 3363 5677 cum
3381 5622 3446 5676 de
3466 5621 3706 5689 quodam

2137 5721 2266 5774 mihi
2318 5729 2442 5772 noto
2465 5760 2480 5783 ,
2527 5719 2614 5786 qni
2667 5732 2834 5785 nuper
2859 5722 3208 5770 consecratus
3237 5711 3444 5776 fumat,
3482 5723 3707 5776 compe-

2140 5812 2328 5866 risscm
2348 5851 2362 5873 ,
2393 5810 2582 5870 fateor,
2615 5807 2870 5862 exhorrui
2907 5806 3136 5882 facinus.
3179 5803 3316 5871 Quid
3345 5799 3532 5872 plura?
3562 5797 3701 5853 Tam
