4018 6194
387 393 490 448 ιιι)

1176 386 1421 444 OPUSI].
1464 387 1550 442 \‘l.
1591 417 1662 428 -—
1701 385 1896 442 LIBER
1939 383 2054 454 QUI
2095 383 2372 441 DICITUR
2413 380 2895 440 GRATISSIMUS.

3549 384 3648 437 150

381 511 507 564 dem
534 503 762 560 conveni
790 503 1089 558 hominem.
1121 501 1395 572 Nunquid,
1425 501 1669 572 inquam,
1693 503 1804 573 jam
1841 505 1890 557 in
1919 513 1970 556 te
2001 509 2044 565 Α
2077 517 2238 566 nere,
2269 512 2326 556 ut
2347 491 2471 556 cum
2498 501 2577 556 eis
2605 500 2766 554 simul
2794 500 2956 573 etiam
2981 500 3154 554 boues
3181 515 3288 556 non
3317 500 3536 572 adjiciat
3563 519 3650 556 ιιι-ι

379 607 500 652 erat
525 593 732 664 aliquid
761 607 826 647 ex
861 592 945 646 his
965 591 1242 662 gradibus,
1272 606 1408 660 quos
1433 608 1606 662 nuper
1624 595 1691 647 ab
1711 594 1963 664 episcopo

380 684 716 756 suscepisti?
745 683 890 738 Nihil
917 699 1142 754 prorsus
1161 724 1176 749 ,
1204 684 1315 750 ait;
1348 692 1406 738 ut
1431 684 1558 752 quid
1587 685 1730 739 enim
1756 687 1964 756 accipe-

385 795 498 832 rem
521 818 536 842 ,
592 777 637 832 si
685 791 772 830 me
820 775 1024 830 habere
1073 775 1392 830 constaret?
1423 773 1490 828 Et
1519 774 1688 843 adjeci
1721 794 1734 829 :
1765 777 1906 847 Ergo
1934 792 1964 830 a

384 869 522 922 laico
553 865 692 921 nihil
726 865 987 926 distabas,
1015 864 1125 918 imo
1149 864 1322 920 laicus
1345 880 1570 934 prorsus
1591 879 1730 921 cras.
1763 865 1962 931 Etiam,

383 957 592 1026 inquit,
625 971 795 1024 purus
824 953 1064 1024 profecto
1098 955 1304 1019 laicus,
1345 965 1402 1009 ut
1442 965 1602 1024 puta,
1632 956 1724 1026 qui
1753 956 1817 1011 de
1861 957 1966 1011 cle-

383 1049 498 1102 rico
543 1046 676 1100 nihil
727 1045 1029 1098 habuerim.
1080 1043 1186 1098 Sed
1238 1046 1283 1098 si
1331 1045 1531 1111 laicus,
1565 1046 1820 1116 inquam,
1851 1048 1968 1116 ipso

381 1136 471 1189 die
499 1151 607 1204 quo
635 1135 804 1190 laicus
829 1147 934 1200 est,
961 1134 1026 1189 ad
1056 1135 1346 1190 sacerdotii
1369 1136 1491 1205 jura
1521 1139 1849 1207 proruperit,
1874 1146 1968 1193 tuo

383 1242 600 1295 quoque
622 1225 832 1296 judicio
861 1224 923 1278 tit
951 1225 1280 1295 neOpbylus,
1309 1241 1374 1280 ac
1403 1227 1630 1296 perinde
1659 1229 1846 1296 procul
1869 1229 1968 1282 du-

381 1319 473 1373 bio
501 1318 868 1386 deponendus.
899 1317 980 1369 Ad
1029 1318 1143 1370 haec
1185 1315 1272 1371 ille
1320 1316 1578 1372 confusus
1623 1319 1871 1384 erubuit,
1915 1331 1970 1374 et

383 1407 750 1461 conclusionis
801 1405 1218 1470 necessitatem,
1291 1407 1420 1475 quia
1479 1405 1809 1462 labefactare
1862 1424 1968 1463 non

381 1496 593 1564 potuit,
639 1495 867 1550 tacendo
913 1493 1168 1548 firmavit.
1197 1495 1330 1548 lllud
1358 1511 1571 1566 quoque
1618 1511 1725 1551 non
1753 1497 1972 1552 levioris

383 1587 600 1640 videtur
647 1601 770 1640 esse
817 1587 1085 1651 vesaniae,
1136 1587 1262 1654 quia
1325 1596 1793 1641 reconsecratores
1847 1587 1969 1643 novi

382 1679 606 1746 przetixa
636 1675 935 1729 canonibus
971 1674 1170 1744 jejunia
1193 1686 1411 1738 curant,
1439 1693 1544 1729 non
1575 1676 1814 1730 Sabbata
1841 1691 1974 1732 con-

382 1770 624 1824 ferendis
647 1769 823 1822 sacris
842 1767 1042 1822 officiis
1063 1768 1314 1821 dedicata
1343 1779 1698 1830 conservant;
1723 1769 1818 1822 sed
1838 1785 1972 1838 quo-

2070 594 2316 660 probarc.
2349 593 2504 648 Dicat
2529 608 2658 664 ergo
2687 569 2996 648 hominibus
3027 593 3350 660 indiscretis,
3383 596 3526 664 quod
3559 613 3652 665 pa-

2070 683 2383 738 terfamilias
2408 683 2607 738 dixisse
2631 683 2829 754 legitur
2849 683 3056 737 servis:
3087 703 3106 732 ι
3141 682 3218 736 Ne
3244 684 3401 746 forte,
3435 685 3635 753 inquit,

2067 773 2379 842 colligentes
2410 773 2651 837 zizania,
2681 771 2972 827 eradicetis
3007 771 3168 826 simul
3199 787 3321 827 cum
3365 775 3445 828 eis
3477 784 3530 828 et
3559 777 3653 828 tri-

2079 854 2241 907 ticum
2266 855 2486 915 (Matth.
2532 857 2677 922 xui).
2713 875 2732 911 ι
2763 856 3030 911 Nimirum
3077 867 3137 912 ut
3181 859 3260 912 sic
3295 858 3643 926 postmodum

2075 945 2278 999 zizania
2310 948 2374 1000 ad
2411 950 2840 1002 comburendum
2865 954 2920 1001 in
2947 948 3263 1002 fasciculum
3295 949 3642 1018 colligantur,

2074 1045 2340 1104 quatenus
2370 1039 2607 1093 triticum
2635 1039 2687 1092 in
2721 1039 2974 1094 horreum
3001 1047 3371 1106 congregetur.
3391 1037 3645 1109 Nunquid

2077 1130 2218 1184 enim
2251 1134 2436 1185 beatus
2459 1134 2736 1201 apostolus
2767 1148 2888 1187 cum
2931 1133 3194 1187 Anan‘iam
3241 1145 3295 1189 et
3323 1131 3646 1204 Sapphiram

2075 1221 2214 1290 (Act.
2238 1225 2290 1289 ν)
2309 1222 2484 1289 digna:
2507 1223 2990 1278 animadversionis
3013 1225 3278 1279 sententia
3313 1225 3562 1294 perculit,
3591 1225 3649 1280 in

2072 1311 2212 1366 filios
2228 1314 2548 1382 quoque,vel
2572 1315 2912 1370 necessarios
2930 1313 3298 1369 ulciscendum
3319 1329 3442 1370 esse
3461 1315 3652 1372 decre-

2073 1405 2174 1458 vit?
2193 1404 2246 1458 ln
2268 1408 2440 1474 ipsum
2459 1423 2678 1479 quoque
2698 1409 2976 1462 S'monem
2991 1407 3202 1462 vibrata
3225 1407 3519 1470 sententia.
3538 1422 3650 1465 non

2075 1495 2130 1550 in
2143 1511 2236 1552 eos
2252 1513 2422 1564 usque
2441 1501 2778 1568 pertransiit,
2797 1500 2888 1568 qui
2911 1499 3114 1568 aliquid
3127 1500 3369 1553 veritatis
3383 1500 3452 1554 ab
3465 1513 3531 1555 eo
3545 1513 3653 1568 ρο·-

2076 1595 2292 1642 tiierunt
2317 1588 2562 1646 fortassis
2582 1591 2936 1660 exsculpere:
2958 1606 3082 1644 nam
3104 1605 3225 1645 cum
3247 1589 3447 1644 dicitur
3471 1606 3490 1645 :
3509 1608 3529 1642 ι
3551 1588 3652 1644 Ρθα

2074 1677 2236 1734 cunia
2260 1689 2347 1734 tua
2376 1689 2550 1741 tecum
2570 1685 2642 1738 sit
2663 1685 2713 1736 in
2739 1683 3098 1752 perditionem
3121 1681 3260 1752 (Act.
3285 1681 3458 1749 vni),s
3483 1695 3654 1751 pecu-
3713 1687 3720 1694 ‘

2073 1779 2164 1816 nia
2185 1777 2308 1817 cum
2343 1764 2680 1833 negotiatore
2707 1765 3012 1832 percutitur
3046 1783 3058 1818 :
3089 1774 3144 1818 at
3178 1766 3266 1819 ubi
3301 1767 3452 1821 deest
3495 1782 3663 1836 pecu-

381 1875 600 1928 cunque
633 1874 818 1914 mense
837 1899 850 1924 ,
883 1859 966 1914 vel
996 1858 1130 1914 feria
1161 1874 1360 1913 munus
1397 1859 1972 1915 inordinam‘ordina-
2002 1847 2046 1907 Β
2077 1856 2162 1907 nia
2185 1895 2199 1916 ,
2226 1854 2506 1924 percussio
2530 1869 2632 1907 non
2665 1855 2905 1908 timetur.
2941 1855 3005 1909 Et
3049 1871 3146 1910 VOS
3191 1855 3372 1926 itaque
3391 1897 3405 1918 ,
3437 1873 3660 1913 venera-

383 1949 550 2004 tionis
585 1948 956 2004 indiﬂ'erenter
980 1956 1266 2018 usurpant,
1297 1957 1552 2018 tanquam
1575 1949 1750 2020 prima
1781 1965 1974 2006 conse-

381 2045 562 2098 cratio
591 2043 734 2098 hanc
763 2044 1016 2099 secunda:
1046 2043 1480 2100 consecrationis
1528 2043 1806 2100 licentiam
1838 2059 1974 2115 pra:-

379 2135 547 2199 beat;
599 2144 660 2188 ut
705 2135 949 2190 confusis
992 2135 1322 2202 ordinibus,
1360 2143 1548 2206 utpote
1596 2135 1756 2190 simul
1800 2136 1973 2202 datis,

380 2225 549 2278 etiam
576 2234 878 2295 temporum
909 2235 1111 2282 statuta
1145 2225 1442 2283 confundat
1469 2244 1484 2280 :
1507 2235 1563 2282 et
1589 2227 1691 2282 hoc
1713 2227 1767 2280 in
1788 2242 1974 2283 recon-

381 2315 690 2370 secratione
733 2317 792 2370 fit
835 2316 1074 2382 licitum,
1127 2318 1270 2386 quod
1313 2317 1414 2387 ipsi
1459 2317 1623 2372 etiam
1675 2316 1731 2372 in
1781 2331 1972 2373 conse-

379 2406 630 2460 cratione
660 2407 985 2462 omnimodis
1020 2417 1294 2463 testantur
1331 2409 1647 2463 absurdum.

817 2499 992 2568 135.
1025 2497 1252 2555 CAPUT
1305 2497 1544 2552 XXXIV.

383 2584 676 2656 Episcopos
702 2586 1012 2657 alloquitur,
1044 2598 1098 2642 at
1129 2605 1222 2658 per
1241 2604 1327 2642 eos
1348 2603 1568 2643 summa:
1593 2587 1703 2640 sedi
1730 2587 1972 2642 discretio

781 2689 784 2692 -
1004 2669 1339 2728 suggeratur.

461 2745 648 2812 Unde,
677 2762 862 2816 quaeso
889 2763 986 2803 vos
1006 2789 1020 2814 ,
1052 2765 1086 2802 ο
1113 2749 1188 2818 pii
1232 2749 1517 2818 pontifices
1535 2790 1550 2813 ,
1581 2749 1845 2804 adversus
1871 2749 1972 2803 iiii-

386 2835 536 2906 pinm
559 2837 750 2908 dogma
780 2839 960 2892 divino
984 2840 1155 2894 sancti
1183 2841 1282 2894 zeli
1313 2839 1528 2895 fervore
1553 2841 1886 2904 concurrite,
1915 2847 1972 2894 et

386 2931 687 2998 emergenti
735 2945 877 2986 i.ui.c
922 2931 1156 3000 primum
1205 2946 1357 2986 novae
1399 2931 1594 2988 haeresi
1645 2932 1974 2992 unanimiter

388 3021 629 3074 obiiate.
668 3040 686 3072 ι
719 3021 1050 3078 Ohstruatur
1097 3039 1159 3079 os
1207 3025 1389 3094 iniqua
1442 3025 1807 3094 loquentium,
1847 3044 1866 3077 ι
1916 3035 1970 3080 et

389 3121 742 3178 peccatorum
775 3128 965 3168 manus
993 3115 1300 3194 apostolica:
1325 3115 1445 3170 fidei
1475 3131 1579 3170 non
1617 3119 1823 3186 quatiat
1851 3115 1971 3170 fun-

2078 1945 2210 1998 biles
2237 1943 2431 1999 Patres
2451 1985 2466 2008 ,
2497 1959 2620 1998 cum
2653 1943 2970 1998 beatissimo
3005 1959 3220 2000 summo
3265 1945 3520 2016 pontiﬁce
3539 1989 3556 2012 ,
3583 1947 3663 2004 sic

2075 2043 2268 2089 cuncta
2296 2033 2398 2089 sub
2425 2032 2646 2088 discreti
2673 2032 2940 2086 examinis
2984 2032 3242 2102 :equitate
3277 2034 3574 2104 disponite,
3603 2047 3664 2091 ut

2076 2125 2328 2180 traditam
2377 2123 2509 2179 tanti
2558 2124 2795 2179 doctoris
2843 2123 3080 2194 regulam
3130 2123 3182 2178 in
3233 2133 3414 2180 vestra
3445 2140 3664 2196 quoque

2075 2215 2364 2271 vi.!eamini
2414 2230 2640 2270 censura
2689 2229 2943 2280 servare,
2993 2225 3264 2286 quatenus
3309 2217 3364 2271 in
3412 2217 3666 2274 Ecclesiae

2073 2321 2300 2376 corpore
2326 2307 2405 2360 sic
2433 2305 2672 2370 ferrum,
2719 2321 2840 2376 qua:
2885 2316 3140 2378 corrupta
3169 2317 3327 2374 sunt,
3379 2309 3619 2366 sentiant
3648 2329 3662 2364 :

2075 2408 2131 2451 ut
2161 2407 2338 2452 tamen
2384 2396 2437 2451 in
2479 2397 2682 2468 proprii
2714 2397 2916 2468 vigoris
2947 2397 3146 2454 robore
3171 2400 3386 2454 sincera
3437 2415 3666 2470 quaeque

2073 2497 2460 2557 permaneant;
2490 2487 2569 2542 sic
2597 2487 2902 2558 plectibiles
2929 2488 3230 2559 puniantur
3253 2483 3537 2546 excessus
3557 2530 3573 2555 ,
3603 2499 3666 2545 ut

2072 2579 2198 2631 dum
2228 2587 2438 2632 reatum
2477 2577 2636 2649 136
2664 2577 2928 2633 severitas
2952 2578 3140 2650 legalis
3165 2581 3534 2650 persequitur,
3566 2597 3662 2636 sua

2075 2668 2399 2724 innocentiae
2428 2667 2744 2724 immunitas
2788 2676 3128 2736 reservetur;
3161 2669 3240 2726 sic
3281 2670 3448 2726 arbor
3476 2672 3665 2727 vitiata

2072 2760 2353 2816 securibus
2373 2759 2444 2815 sit
2464 2759 2718 2827 obnoxia,
2750 2769 2809 2814 ut
2839 2759 3034 2830 planta}
3056 2762 3125 2816 ab
3151 2761 3244 2816 illa
3274 2763 3660 2833 transpositie,

2071 2850 2128 2907 in
2158 2849 2242 2906 sui
2271 2849 2669 2918 viroris'gratia
2701 2848 2960 2904 radicitus
2981 2849 3312 2906 coalescant.

2621 2959 2850 3015 CAPUT
2889 2961 3110 3016 XXXV.

2075 3053 2216 3118 Quid
2241 3053 2304 3106 de
2333 3052 2414 3106 liis
2437 3093 2452 3112 ,
2482 3052 2593 3124 qui
2615 3053 2776 3124 gratis
2808 3069 2838 3103 ιι
2870 3049 3186 3105 Simoniacis
3221 3063 3354 3124 sunt
3397 3056 3663 3124 promoti,

2467 3119 2675 3176 tandem
2702 3119 2804 3189 Leo
2846 3138 2983 3189 papa
3013 3123 3274 3178 statuerit.

391 3205 726 3258 damentnm.
773 3207 1035 3260 Servetur
1080 3207 1448 3263 ecclesiastica
1493 3209 1545 3262 in
1593 3225 1688 3264 sua
1737 3209 1973 3279 puritate
2003 3187 2050 3251 ο
2149 3211 2532 3266 Verumtamen
2559 3221 2614 3266 et
2641 3211 2742 3265 hoc
2767 3210 3003 3264 otiosum
3035 3228 3157 3267 esse
3193 3229 3298 3265 non
3347 3213 3623 3268 credimus
3649 3255 3665 3278 ,

389 3296 672 3361 doctrina,
742 3313 866 3374 nec.
905 3315 1028 3354 eam
1093 3314 1292 3354 vexare
1355 3299 1703 3370 permittatur
1759 3311 1974 3354 terrena

391 3390 720 3458 sapientium
771 3391 1076 3446 turbulenta
1143 3391 1406 3446 versutia.
1471 3392 1658 3461 Surgit
1726 3391 1977 3446 inimicus

391 3491 552 3534 noctu
635 3495 735 3549 per
799 3497 996 3551 agrum,
1059 3479 1263 3536 Christi
1318 3481 1526 3535 zizania
1573 3496 1964 3550 conspergere:

365 3561 490 3624 vos
537 3571 590 3623 in
639 3571 758 3634 die,
787 3586 894 3640 quo
941 3571 1259 3636 ambulatis,
1300 3587 1447 3625 sanze
1476 3572 1736 3625 doctrina:
1765 3571 1976 3626 sarculo

389 3661 532 3716 male
579 3671 698 3715 sata
735 3663 996 3717 radicitus
1026 3663 1323 3732 exstirpate
1371 3661 1586 3733 (Matth.
1613 3661 1753 3732 xui).
1807 3661 1976 3716 Noctu

393 3753 660 3822 Allophyli
713 3761 906 3822 puteos
957 3753 1238 3807 ruderibus
1289 3752 1540 3823 implent;
1596 3753 1648 3806 in
1694 3753 1781 3806 die
1829 3751 1979 3806 Isaac

389 3861 659 3901 evacuare
713 3846 934 3901 festinet
982 3845 1134 3916 (Gen.
1187 3845 1355 3915 xxVi).
1413 3845 1724 3900 Sacmrium
1775 3844 1977 3898 Christi

391 3947 693 3991 nocturnus
717 3936 801 3990 fur
831 3946 1004 3992 tentat
1033 3938 1365 4006 irrumpere;
1392 3937 1662 3990 excitetur
1683 3935 1860 4005 lingua
1889 3949 1978 3987 ca-

391 4044 518 4079 num
549 4026 668 4095 ejus
699 4029 993 4082 salubriter
1015 4029 1306 4082 oblatrare.
1332 4027 1484 4094 Quoi
1513 4027 1558 4080 si
1587 4043 1649 4080 ex
1675 4035 1854 4080 vestro
1877 4025 1980 4079 for-

389 4117 554 4170 tassis
601 4119 792 4171 ordine
842 4119 1124 4186 quisquam
1174 4117 1426 4186 prodeat,
1479 4115 1567 4185 qui
1613 4115 1980 4185 dogmatizare

391 4215 500 4258 tam
531 4199 772 4260 nefanda
809 4217 1127 4276 priusumat;
1166 4217 1316 4261 tanto
1361 4205 1507 4259 illum
1541 4206 1728 4261 durius
1773 4207 1980 4260 debetis

389 4310 657 4362 arguere,
691 4306 892 4362 quanto
922 4305 976 4350 ct
1008 4297 1085 4362 is,
1119 4297 1210 4365 qui
1249 4295 1505 4351 Ecclesia:
1556 4305 1700 4350 tutor
1728 4311 1848 4351 csse
1881 4297 1977 4349 dc—

387 4383 613 4447 bucrat,
644 4399 762 4436 eam
791 4385 982 4438 nititur
1009 4400 1340 4454 oppugnare.

461 4474 751 4544 Suggerite
777 4475 940 4544 igitur
973 4476 1189 4529 domino
1223 4488 1408 4530 uestro
1439 4492 1588 4545 papa:
1629 4475 1944 4529 beatissimo
1965 4515 1978 4536 ,

390 4573 668 4630 quatenus
713 4564 793 4616 sic
847 4563 900 4616 in
956 4579 1078 4618 reos
1127 4564 1362 4633 vigo'cin
1395 4564 1780 4619 ecclesiastica:
1822 4578 1976 4617 seve-

391 4652 570 4705 ritatis
613 4653 902 4716 extendat,
948 4661 1008 4706 ut
1043 4651 1196 4720 juxta
1247 4655 1660 4709 indiscretorum
1699 4653 1975 4708 hominum

395 4753 551 4807 vota,
593 4745 914 4800 innocentes
951 4741 1194 4814 quosque
1223 4747 1411 4798 eadem
1443 4745 1710 4800 sententia
1749 4763 1854 4800 non
1900 4749 1980 4800 ir-

395 4837 596 4891 volvat.
630 4835 852 4890 Videtur
874 4836 1017 4890 enim
1043 4837 1314 4889 luxuriare
1335 4835 1596 4903 judicium
1617 4879 1630 4902 ,
1660 4837 1800 4905 quod
1833 4837 1884 4891 in
1918 4837 1979 4890 li-

391 4925 590 4978 liorum
625 4940 810 4980 necem
840 4941 937 4993 pro
965 4935 1193 4994 paterno
1225 4927 1383 4980 fuerit
1414 4927 1642 4979 crimine
1667 4927 1976 4997 promulga-

395 5027 506 5068 tum
527 5056 542 5078 ,
570 5025 626 5068 et
662 5016 1002 5069 Simoniacos
1034 5016 1278 5084 quidem.
1317 5025 1368 5069 ut
1393 5014 1503 5084 jaui
1529 5027 1804 5084 cmperat,
1841 5018 1975 5071 divi-

397 5107 479 5158 nis
509 5107 786 5160 animatus
813 5107 1051 5172 viribus,
1083 5110 1352 5167 destruat;
1383 5108 1476 5161 sed
1511 5124 1613 5163 non
1645 5117 1888 5174 colentis,
1922 5123 1976 5163 ut

393 5211 582 5249 eorum
606 5197 1004 5250 ordinationem
1027 5199 1380 5252 immoderato
1401 5199 1756 5266 quorumdam
1773 5197 1978 5266 judicio

396 5289 680 5352 sabjaccre
705 5289 1006 5356 permittat.
1036 5289 1147 5341 lino
1172 5289 1262 5357 qui
1297 5289 1410 5343 vice
1451 5289 1593 5342 Petri
1623 5288 1802 5344 claves
1830 5301 1972 5343 tenet

397 5379 656 5433 Ecclesia:
700 5378 917 5450 (Matth.
971 5381 1120 5450 xu),
1177 5382 1288 5451 ipse
1339 5381 1676 5450 potissimum
1713 5383 1976 5436 adversus

394 5485 594 5523 mrum
618 5469 812 5539 dogma
842 5481 1151 5539 consurgat,
1181 5481 1234 5524 ct
1273 5473 1672 5526 introductores
1697 5473 1978 5543 pravitatis

392 5561 575 5630 dignrc
609 5563 890 5616 sentcntiae
915 5561 1174 5630 jaculatio
1200 5563 1472 5618 confodiat
1506 5579 1518 5618 :
1548 5571 1601 5619 et
1645 5565 1734 5634 qui
1766 5565 1974 5619 clavum

391 5666 612 5720 sagennc
641 5652 798 5720 regit,
823 5667 942 5721 qua:
969 5651 1328 5721 piscatoribus
1352 5662 1434 5708 cst
1463 5655 1774 5720 commissa,
1809 5655 1980 5710 malas

385 5741 572 5812 pisces
613 5759 640 5794 a
677 5743 830 5796 bonis
861 5744 1076 5798 studeat
1113 5745 1211 5798 sub
1242 5746 1342 5800 hac
1370 5745 1770 5816 dispensatione
1795 5763 1972 5802 secer-

2077 3303 2120 3357 si
2153 3303 2282 3372 quid
2306 3316 2470 3371 super
2495 3301 2600 3354 hoc
2625 3299 2844 3369 negotio
2867 3300 3008 3354 idem
3037 3301 3365 3356 venerabilis
3393 3302 3503 3356 Leo
3528 3319 3662 3373 papa

2076 3392 2358 3458 statuerit,
2390 3405 2744 3460 exponamus.
2781 3389 2916 3444 Nam
2945 3407 3066 3444 cum
3101 3405 3294 3446 omnes
3331 3391 3666 3449 Simoniaco-

2078 3500 2195 3537 rum
2224 3483 2591 3539 ordinationes
2633 3483 2906 3554 synodalis
2935 3483 3138 3551 vigoris
3185 3485 3512 3540 auctoritate
3540 3501 3660 3542 cas-

2077 3583 2281 3639 sasset,
2319 3573 2565 3643 protinus
2607 3589 2638 3626 a
2685 3573 3046 3626 Romanorum
3097 3573 3444 3631 multitudine
3477 3592 3660 3631 sacer-

2077 3667 2264 3720 dotum
2296 3679 2502 3735 magna:
2529 3663 2810 3718 seditionis
2859 3665 3120 3718 tumultus
3151 3675 3376 3721 exortus
3424 3675 3539 3730 est,
3589 3669 3660 3719 ita

2078 3767 2274 3810 utnon
2317 3755 2488 3810 solum
2533 3757 2602 3808 ab
2649 3753 2810 3823 ipsis,
2859 3755 2950 3808 sed
3001 3773 3030 3807 ιι
3083 3754 3354 3824 plerisque
3393 3755 3667 3810 diceretur

2079 3846 2377 3916 episcopis,
2405 3859 2596 3900 omnes
2645 3859 2782 3913 pene
2813 3845 3068 3898 basilicas
3096 3845 3526 3898 sacerdotalibus
3547 3845 3664 3898 om-

2079 3939 2180 3992 riis
2208 3936 2528 3998 destitutas,
2574 3942 2630 3989 et
2670 3934 2939 4004 praecipue.
2989 3935 3275 3988 missarum
3305 3935 3564 3988 solemnia
3599 3939 3667 3990 ad

2079 4027 2484 4082 subversionem
2506 4025 2830 4080 Christianae
2854 4025 3131 4094 religionis
3151 4034 3209 4079 et
3229 4026 3664 4095 desperationem

2079 4116 2320 4171 omnium
2349 4113 2772 4183 circumquaque
2804 4113 3040 4167 fidelium
3071 4113 3316 4168 funditus
3338 4115 3659 4170 omittenda.

2081 4211 2218 4278 Qud
2260 4207 2620 4280 plura?‘Post
2669 4207 2825 4276 longa
2871 4221 3006 4260 sane
3056 4207 3508 4275 disceptationum
3537 4208 3666 4262 hinc

2083 4306 2206 4358 inde
2256 4303 2526 4356 volumina
2547 4343 2561 4364 ,
2615 4301 2830 4355 tandem
2871 4307 3181 4369 suggestum
3209 4307 3328 4362 est,
3357 4301 3666 4352 reverendae

2083 4392 2362 4448 memoriae
2387 4407 2557 4462 nuper
2581 4392 2822 4462 ejusdem
2847 4390 2992 4446 sedis
3019 4390 3332 4460 episcopum
3360 4390 3666 4445 decrevisse

2085 4485 2416 4539 Clementem
2445 4501 2456 4536 :
2486 4481 2554 4537 Ut
2577 4483 2887 4551 quicunque
2913 4495 2944 4534 a
2972 4480 3284 4535 Simoniaco
3311 4489 3666 4536 consecratus

2083 4585 2259 4639 esset,
2302 4575 2355 4628 in
2387 4575 2502 4643 ipso
2529 4573 2889 4650 ordinationis
2921 4587 3034 4626 sine
3063 4579 3307 4640 tempore
3356 4585 3461 4625 non
3509 4571 3664 4639 igno-

2088 4681 2211 4719 rans
2243 4664 2610 4718 Sinioniacum
2663 4663 2747 4716 cui
2795 4677 2856 4717 se
2903 4661 3178 4716 obtulerat
3207 4677 3664 4731 promovenuum,

2085 4755 2438 4824 quadraginta
2464 4769 2608 4807 nunc
2631 4753 2838 4806 dierum
2865 4751 3242 4820 paenitentiam
3273 4760 3478 4820 ageret,
3502 4759 3556 4802 et
3585 4751 3664 4806 sic

2087 4845 2138 4898 in
2164 4843 2371 4912 accepti
2396 4841 2602 4896 ordinis
2624 4841 2799 4894 oflicio
2820 4839 3176 4893 ministraret.
3203 4840 3373 4905 Quam
3409 4839 3662 4892 nimirum

2083 4933 2403 4987 sententiam
2436 4931 2681 5000 protinus
2718 4929 3038 4984 venerabilis
3071 4930 3178 4983 Leo
3224 4939 3393 4983 ratam
3441 4943 3666 4998 percen-

2084 5024 2213 5086 suit,
2236 5034 2282 5078 ei
2311 5023 2411 5078 sub
2441 5021 2744 5092 liujnsmodi
2773 5021 3094 5090 poenitentia
3128 5037 3318 5076 omnes
3349 5021 3400 5074 in
3432 5019 3667 5087 acceptis

2081 5113 2275 5166 officiis
2302 5112 2366 5166 de
2387 5123 2586 5167 cietero
2609 5127 2961 5180 perseverare
2981 5113 3278 5166 n'iandavit.
3303 5111 3434 5164 Nam
3457 5121 3512 5164 et
3533 5126 3660 5164 non-

2088 5205 2260 5258 nullos
2291 5205 2557 5273 hodieque
2605 5205 2949 5273 conspicitis,
2979 5204 3070 5272 qui
3119 5203 3246 5256 dum
3280 5221 3308 5256 ει
3341 5203 3540 5257 talibus
3570 5217 3666 5272 per

2086 5295 2326 5348 diversos
2352 5293 2547 5361 gradus
2575 5291 2794 5346 fuerant
2836 5292 3070 5346 ordinati
3091 5333 3106 5356 ,
3133 5290 3201 5344 ab
3231 5292 3665 5346 eodemfsuinmo

2086 5383 2339 5452 pontifice
2370 5383 2435 5436 ad
2461 5381 2802 5452 episcopatus
2849 5383 3056 5449 apicem
3087 5393 3212 5436 sunt
3242 5383 3503 5450 Prnveeti.
3554 5381 3664 5435 hec

2083 5475 2136 5527 il
2175 5487 2455 5542 perperam
2478 5513 2492 5536 ,
2521 5473 2646 5540 quia
2694 5487 2814 5524 cum
2849 5473 3109 5525 canonica
3137 5471 3402 5526 decernat
3428 5475 3657 5528 auctori-

2083 5573 2166 5616 tas
2191 5563 2254 5632 (ι,
2281 5571 2468 5630 qua-st.
2491 5561 2539 5626 l,
2555 5561 2615 5616 Si
2631 5563 2744 5632 quis
2760 5561 3048 5631 episcopus)
3073 5579 3085 5615 :
3107 5581 3123 5612 i
3153 5563 3220 5618 Ut
3240 5566 3547 5634 quicunque
3569 5581 3665 5635 per

2085 5655 2367 5723 pecuniam
2400 5667 2609 5708 sacram
2639 5651 2938 5707 obtinuerit
2984 5653 3336 5722 dignitatem,
3379 5643 3662 5722 ilejieiatitr

2089 5749 2200 5816 ipse
2219 5788 2232 5812 ,
2265 5756 2318 5800 et
2348 5745 2626 5802 ordinator
2656 5744 2804 5814 ejus;
2849 5763 2870 5796 ι
2901 5753 3048 5813 patet
3093 5747 3278 5814 procul
3307 5747 3468 5801 dubio
3491 5787 3505 5811 ,
3538 5747 3662 5816 qui
