4018 6194
351 365 439 417 liii
805 364 863 420 S.
896 363 1102 419 PETRI
1137 365 1413 420 DAMIANI
1455 367 1605 423 OPP.
1648 367 1881 424 TOMUS
1920 369 2050 426 SEU
2093 369 2269 427 PARS
2310 372 2391 427 III.
2422 404 2485 414 —
2518 373 2877 431 OPUSCULA
2914 375 3141 429 νΑιιιΑ.

3504 382 3604 435 i5“).

353 473 652 529 simoniace
682 474 1014 541 ordinatum,
1037 476 1514 546 ordinatorcmquc
1544 478 1928 541 condcmnans,
1960 485 2005 539 Α
2035 479 2247 536 fuerant
2294 498 2324 536 a
2376 482 2629 538 Patribus
2676 484 2841 548 edita,
2891 485 2957 539 de
3002 484 3294 540 multorum
3345 492 3604 544 memoria

349 564 435 619 hic
463 564 708 633 protinus
730 563 918 633 judicii
952 564 1148 620 metani
1181 566 1301 628 ﬁxit
1332 583 1347 620 :
1376 583 1478 623 nec
1509 570 1792 624 sententia:
1816 569 1928 624 cal-

346 653 523 707 culum
554 654 606 707 in
637 669 760 709 eum
783 671 999 725 quoque
1018 698 1032 720 ,
1064 658 1152 726 qui
1179 658 1248 712 ab
1279 658 1591 730 hujusmodi
1621 662 1929 730 promoveri

347 745 645 811 potuisset,
692 746 953 800 extendit.
990 746 1121 800 Nam
1174 749 1217 801 si
1273 750 1497 805 canonis
1545 750 1702 819 hujus
1744 762 1931 807 auctor

352 841 669 900 provectum
715 835 1011 904 quemlibet
1041 854 1070 892 a
1103 838 1413 893 Simoniaco
1439 839 1796 907 dejiciendum
1831 844 1931 898 du-

347 930 526 985 ceret,
578 923 753 992 ipsum
807 926 1285 997 ordinatoremque
1333 929 1479 984 illius
1528 942 1757 998 notans,
1800 948 1932 987 con-

345 1021 635 1080 sequenter
663 1014 827 1067 etiam
856 1015 923 1096 de
953 1018 1065 1080 his,
1102 1020 1191 1086 qui
1242 1020 1309 1074 ab
1341 1036 1407 1075 eo
1442 1024 1748 1090 promoveri
1779 1033 1931 1093 pete-

347 1110 499 1166 rant,
530 1116 637 1155 non
686 1110 890 1158 taceret
935 1114 994 1159 ut
1037 1108 1293 1161 nimirum
1345 1110 1551 1165 diceret
1586 1127 1601 1164 :
1637 1112 1931 1179 Dejiciatur

345 1194 460 1262 ipse
486 1202 541 1246 et
567 1194 849 1249 ordinator
876 1195 1025 1264 ejus,
1059 1214 1123 1253 ac
1148 1210 1346 1269 praesto
1375 1201 1727 1273 subjungeret
1759 1218 1774 1256 :
1805 1222 1821 1255 ι
1863 1204 1931 1257 Et

343 1281 649 1352 quicunque
678 1281 846 1338 fuerit
873 1287 1160 1343 ordinatus
1204 1291 1272 1343 ab
1302 1306 1398 1357 eo;
1439 1312 1459 1343 ι
1511 1295 1654 1362 quod
1685 1294 1930 1363 proiecto

342 1371 468 1440 quia
495 1387 602 1426 non
629 1373 795 1440 dixit,
828 1390 929 1431 nec
954 1377 1112 1433 nobis
1139 1379 1305 1434 etiam
1350 1383 1686 1438 sentiendum
1714 1398 1833 1439 esse
1859 1384 1930 1439 si-

344 1465 549 1531 gnavit.

878 1557 1108 1614 CAPUT
1150 1559 1390 1618 XXXVI.
1768 1626 1773 1631 ι

345 1641 445 1697 Ubi
466 1645 749 1712 im;rerator
772 1646 819 1700 11
828 1649 1054 1703 einricus
1070 1650 1239 1719 gloria
1263 1653 1434 1723 digna:
1451 1653 1624 1709 laudis
1647 1656 1921 1710 attollitur.

412 1734 680 1790 Praeterea
711 1737 837 1792 dum
871 1742 1199 1796 venerabilis
1238 1760 1389 1813 papae
1418 1754 1571 1814 gesta
1607 1749 1923 1813 recolimns,

2033 570 2190 642 longa
2211 569 2325 639 jam
2352 572 2671 627 videbantur
2707 572 2979 627 oblivione
3005 572 3201 628 deleta.
3235 574 3340 629 Sed
3367 576 3457 632 hic
3488 586 3605 632 tan-

2032 678 2192 731 quam
2231 662 2356 718 olim
2407 663 2634 734 insignis
2661 662 2750 717 ille
2788 661 2985 731 Josias,
3020 678 3147 719 mox
3169 673 3229 718 ut
3248 664 3444 720 librum
3473 665 3607 737 legis

2033 751 2244 807 Domini
2281 752 2500 822 reperit,
2560 752 2877 806 vestimenta
2933 752 3117 819 scidit,
3149 752 3452 821 condoluit;
3482 770 3609 812 aras

2031 845 2263 910 subruit,
2293 844 2434 899 idola
2469 845 2830 900 abominanda
2875 844 3088 915 deiecit,
3139 856 3435 916 omnesque
3463 849 3609 918 prio-

2034 952 2153 990 rum
2179 952 2366 1006 regum
2396 936 2689 1006 sacrilegas
2705 937 3119 1006 superstitiones
3140 938 3335 993 evertit
3357 938 3409 1007 (I
3421 938 3461 992 γ
3480 938 3606 1010 Reg.

2031 1024 2213 1095 xxm).
2243 1024 2311 1079 Et
2336 1025 2593 1096 quoniam
2626 1026 2740 1095 ipse
2771 1025 3109 1081 anteriorum
3146 1035 3332 1084 tenere
3370 1030 3609 1099 regulam

2031 1116 2223 1181 uoluit,
2252 1125 2310 1170 ut
2362 1115 2550 1170 aeterni
2580 1115 2744 1184 Regis
2773 1124 3041 1186 praecepta
3084 1127 3349 1182 servaret,
3379 1118 3482 1173 hoc
3506 1118 3606 1174 sibi

2033 1222 2139 1262 non
2190 1207 2400 1277 ingrata
2442 1205 2625 1261 divina
2674 1207 3005 1276 dispensatio
3036 1208 3283 1272 contulit,
3313 1209 3454 1277 quod
3496 1209 3608 1279 ple-

2032 1299 2215 1367 risque
2243 1298 2622 1354 decessoribus
2648 1299 2760 1354 suis
2790 1309 3017 1355 eatenus
3067 1316 3174 1355 non
3216 1302 3518 1368 concessit;
3553 1311 3609 1357 ut

2031 1389 2279 1444 videlicet
2324 1389 2390 1444 ad
2431 1387 2552 1458 ejus
2596 1398 2783 1444 nutum
2838 1400 3023 1447 sancta
3074 1390 3316 1446 Romana
3369 1393 3608 1449 Ecclesia

2032 1494 2177 1533 nunc
2199 1479 2498 1546 ordinetur,
2529 1486 2595 1534 ac
2624 1491 2821 1550 przeter
2842 1481 2958 1551 ejus
2980 1482 3359 1537 auctoritatem
3390 1494 3609 1553 aposto-

2030 1569 2147 1625 lica:
2189 1570 2303 1625 sedi
2334 1584 2496 1626 nemo
2538 1586 2765 1642 prorsus
2792 1572 2956 1643 eligat
2993 1574 3351 1628 sacerdotem.
3380 1574 3543 1630 Plane
3562 1574 3605 1628 si

2032 1652 2199 1715 David
2252 1669 2473 1731 propter
2527 1662 2827 1717 Philisthaei
2885 1662 3101 1717 Golith
3150 1672 3423 1735 stragem,
3468 1665 3609 1734 regis

2032 1750 2197 1805 ﬁliam
2257 1751 2314 1805 in
2379 1753 2757 1821 sponsalitium
2822 1752 2926 1807 sibi
2980 1752 3249 1808 ftederare
3311 1754 3611 1824 promeruit

344 1837 739 1895 consequenter
776 1831 916 1884 ralio
945 1833 1134 1886 suadet
1155 1843 1213 1887 ut
1235 1835 1302 1889 ad
1324 1837 1775 1891 considerandum
1800 1852 1933 1906 quo-
1962 1828 2005 1885 Β
2037 1840 2086 1911 (Ι
2110 1840 2237 1911 Reg.
2269 1843 2451 1911 xvm);
2483 1842 2613 1913 quid
2653 1842 2850 1896 mirum
2872 1842 2915 1897 si
2942 1851 2996 1897 et
3023 1842 3316 1912 imperator
3347 1843 3448 1897 iste
3485 1859 3611 1898 sar.-

342 1928 448 1981 qne
462 1916 639 1985 magni
657 1915 816 1985 hujus
837 1917 1070 1974 lleinrici
1086 1921 1227 1992 regis
1240 1923 1449 1993 insigne
1468 1925 1794 1994 prteconium
1812 1925 1931 1980 ani-

346 2026 489 2062 unum
506 2011 1049 2069 transferamus.Post
1063 2016 1228 2071 Deum
1245 2017 1451 2073 scilicet
1466 2018 1580 2087 ipse
1594 2034 1689 2073 nos
1706 2034 1772 2074 ex
1786 2019 1929 2073 insa-

343 2099 542 2153 tiahilis
556 2116 653 2156 ore
664 2101 917 2157 draconis
929 2105 1150 2174 eripuit,
1173 2105 1286 2176 ipse
1321 2108 1642 2163 Simoniaca:
1661 2108 1930 2163 haereseos

345 2200 404 2242 ut
428 2177 585 2260 137
611 2208 797 2246 revera
817 2194 1127 2263 multiplicis
1150 2197 1334 2267 hydra
1356 2198 1533 2251 omnia
1548 2199 1719 2267 capita
1735 2197 1929 2252 divinae

342 2281 556 2336 virtutis
589 2298 847 2338 mucrone
879 2286 1169 2340 truncavit.
1203 2286 1303 2353 Qui
1341 2287 1592 2342 videlicet
1622 2289 1687 2341 ad
1720 2287 1927 2341 Christi

339 2371 569 2440 gloriam
600 2389 706 2427 non
740 2374 1012 2429 immerito
1042 2385 1219 2445 potest
1256 2378 1766 2447 dicere:Quotquot
1802 2390 1928 2432 an’e

340 2477 426 2525 me
454 2472 745 2527 venerunt,
780 2464 931 2520 fures
954 2464 1172 2521 fuerunt
1197 2476 1253 2521 et
1279 2467 1534 2523 latrones.
1594 2468 1729 2523 Nam
1757 2483 1929 2537 usque
1966 2461 1972 2467 ’

339 2552 405 2605 ad
426 2552 507 2606 sui
534 2562 747 2623 tempus
773 2554 982 2625 imperii
1015 2557 1358 2610 sacerdotum
1408 2556 1620 2615 falsitas
1689 2558 1927 2626 inexple-

340 2641 495 2707 biles,
544 2652 604 2696 ut
653 2644 729 2697 ita
768 2644 968 2710 fatear,
1022 2645 1347 2716 Babylonico
1386 2646 1498 2701 Beli
1527 2648 1927 2717 prmbebatim-

340 2749 574 2805 pensas:
624 2743 679 2788 at
730 2746 1016 2805 postquam
1053 2738 1160 2800 hic,
1210 2748 1433 2793 auctore
1460 2738 1595 2803 Deo,
1641 2748 1923 2808 paternum

340 2823 577 2875 obtinuit
617 2823 1003 2892 principatum,
1056 2826 1366 2881 draconteis
1403 2842 1526 2881 mox
1572 2826 1818 2882 faucibus
1843 2828 1927 2881 of-

342 2912 450 2966 fam
501 2912 624 2982 pius
674 2913 877 2982 injecit,
926 2925 981 2970 et
1009 2916 1089 2971 sic
1130 2918 1420 2973 immanem
1467 2920 1731 2983 bestiam,
1766 2920 1921 2989 quasi

343 3004 525 3059 Daniel
575 3006 712 3060 al:cr
737 3008 1017 3061 exstinxit.
1067 3008 1169 3063 Per
1209 3010 1380 3078 picem
1406 3025 1660 3080 namque,
1690 3028 1810 3081 qua:
1835 3028 1923 3065 ar-

341 3097 430 3149 det
466 3106 521 3150 et
567 3097 805 3167 stringit,
840 3114 944 3153 non
983 3100 1257 3155 immerito
1286 3111 1463 3170 potest
1491 3117 1645 3156 amor
1685 3104 1925 3172 pecunia:

342 3189 635 3260 designari.
658 3190 757 3257 Qui
790 3193 1037 3247 videlicet
1060 3193 1138 3247 sic
1161 3193 1216 3246 in
1245 3194 1457 3250 camino
1494 3196 1643 3249 avari
1690 3196 1923 3266 pectoris

341 3291 568 3346 aestuat,
612 3290 669 3336 ut
734 3284 804 3341 ab
847 3283 1219 3353 impendenda).
1265 3285 1675 3356 misericordiae,
1716 3288 1924 3357 pimque

340 3374 734 3442 eompassionis
789 3375 1039 3445 largitate
1085 3377 1437 3446 constringat.
1474 3377 1613 3444 Quid
1654 3388 1736 3432 est
1761 3379 1924 3448 igitur

340 3463 497 3517 offam
524 3465 657 3533 picis
691 3464 745 3519 in
770 3467 1025 3520 draconis
1052 3481 1148 3520 ora
1180 3465 1469 3535 projicere,
1503 3468 1607 3521 nisi
1637 3467 1921 3521 manifeste

341 3570 460 3608 cum
506 3554 669 3609 Petro
699 3556 880 3610 dicere
909 3570 923 3608 :
953 3575 974 3600 ι
1009 3556 1245 3612 Pecunia
1279 3566 1367 3610 tua
1417 3566 1595 3611 tecum
1623 3558 1693 3611 sit
1717 3558 1767 3611 in
1797 3572 1921 3627 per-

340 3647 643 3702 ditionem?
675 3666 692 3698 ι
727 3647 866 3716 (Act.
897 3647 1037 3717 vm.)
1067 3648 1217 3714 Quod
1248 3648 1490 3716 profecto
1529 3649 1781 3718 princeps
1824 3649 1923 3704 iste

340 3746 469 3791 tunc
491 3736 760 3792 veraciter
782 3737 1029 3805 protulit,
1049 3754 1169 3793 cum
1191 3739 1480 3793 cathedras
1501 3740 1919 3794 distrahentimn

340 3825 618 3881 columbas
640 3827 834 3881 evertit
859 3827 1077 3897 (Matth.
1108 3829 1246 3900 xxi),
1285 3845 1406 3883 cum
1436 3830 1728 3899 trapezitas
1755 3847 1924 3901 expu-

340 3916 425 3981 lit,
470 3934 593 3972 cum
644 3918 698 3971 in
761 3918 960 3989 templo
997 3920 1091 3975 Dei
1130 3920 1248 3976 ﬁeri
1293 3922 1481 3977 venale
1533 3924 1920 3978 commercium

344 4009 636 4063 recusavit.
664 4008 774 4065 Nec
822 4009 951 4065 illud
977 4012 1140 4066 etiam
1162 4013 1231 4068 ab
1259 4013 1363 4067 hac
1391 4013 1784 4083 signiﬁcatione
1809 4014 1920 4067 dis-

340 4112 566 4166 crepare
611 4098 849 4164 videtur,
894 4100 1040 4167 quod
1074 4100 1257 4155 Daniel
1291 4116 1412 4154 cum
1442 4102 1559 4169 pice
1600 4103 1763 4155 etiam
1809 4102 1923 4154 adi-

341 4200 483 4253 pem,
523 4194 577 4240 et
622 4187 761 4254 pilos
805 4188 1183 4252 admisenisse,
1226 4182 1573 4241 describitur.
1599 4190 1919 4251 Quidenim

342 4289 439 4343 per
466 4274 680 4344 adipem
711 4278 814 4331 nisi
854 4278 1032 4330 carnis
1061 4278 1357 4346 accipimus
1385 4262 1758 4348 voluptatem?
1782 4280 1921 4345 Quid

345 4378 440 4432 per
466 4366 621 4433 pilos,
649 4368 739 4434 qui
782 4368 1097 4435 corporibus
1121 4370 1435 4423 animalium
1457 4381 1611 4423 extra
1638 4380 1784 4435 sunt,
1817 4372 1919 4425 nisi

343 4455 584 4510 exterior
615 4457 915 4512 substantia
935 4459 1247 4527 designatur
1267 4460 1290 4511 ?

413 4544 549 4599 Cum
578 4546 697 4615 pice
724 4561 855 4617 ergo
882 4563 977 4603 rex
1015 4549 1247 4617 adipem,
1278 4548 1520 4617 pilosque
1547 4551 1883 4604 commiscuit
1905 4593 1918 4615 ,
1953 4538 1999 4593 1)

360 4645 412 4690 et
443 4638 521 4689 sic
570 4636 858 4692 draconem
894 4639 1056 4707 rupit,
1096 4639 1221 4707 quia
1252 4639 1612 4693 Simoniacum
1646 4640 1791 4693 virus
1812 4657 1925 4692 (HD-

346 4725 475 4780 nino
501 4727 800 4791 detestans,
830 4744 936 4781 non
981 4728 1153 4782 solum
1191 4728 1435 4782 avaritiae
1463 4744 1571 4782 non
1617 4729 1920 4795 succubuit,

346 4816 443 4870 sed
477 4816 544 4870 ad
575 4816 753 4872 nullas
781 4816 962 4872 carnis
1009 4816 1313 4882 illecebras,
1346 4815 1430 4871 vel
1461 4816 1752 4876 exterioris
1784 4817 1921 4872 lucri

346 4913 613 4974 quaestum
664 4906 717 4959 in
755 4906 1115 4976 dispensanda
1172 4922 1395 4976 prorsus
1438 4907 1806 4962 ecclesiastica
1841 4908 1923 4961 di—

346 4994 840 5065 gnitatesqutesivit.
871 4995 941 5051 Ut
963 4994 1080 5065 jam
1108 5004 1394 5065 perempto
1438 4997 1658 5051 draconi
1687 4998 1753 5051 de
1784 4997 1922 5050 coelo

347 5086 607 5154 projecto,
654 5095 709 5140 et
740 5086 794 5141 in
841 5086 1035 5156 abysso
1076 5100 1171 5155 per
1231 5087 1480 5156 angelum
1527 5096 1716 5141 catena
1762 5088 1923 5157 ligato

348 5174 463 5245 («tui
516 5175 770 5230 nimirum
807 5184 936 5230 ante
968 5189 1090 5229 cum
1138 5173 1400 5229 Michaele
1444 5186 1798 5246 pugnaverat,
1831 5178 1920 5245 qui

351 5267 566 5322 tertiam
604 5266 879 5323 stellarum
930 5275 1138 5336 partem
1187 5276 1309 5336 post
1355 5282 1412 5321 se
1461 5275 1700 5322 traxerat
1735 5269 1919 5337 (Apoc.

352 5356 450 5423 xu)
506 5371 628 5411 eum
672 5356 808 5412 lsaia
857 5354 1212 5426 plausibiliter
1265 5355 1581 5411 insultemns
1622 5372 1635 5409 :
1685 5377 1703 5408 ι
1732 5357 1776 5412 Ο
1816 5357 1923 5411 Ln-

352 5446 504 5511 cifer,
564 5449 654 5516 qui
699 5463 857 5504 mane
899 5447 1187 5513 orieharis,
1244 5448 1513 5517 quomodo
1565 5449 1804 5503 cecidisti
1857 5450 1923 5503 de

351 5535 509 5600 cutio,
533 5539 786 5592 corruisti
818 5538 871 5591 in
903 5547 1125 5603 terram,
1156 5539 1247 5607 qui
1288 5539 1611 5593 vnlnerahas
1649 5549 1837 5609 gentes
1859 5541 1917 5591 ἲ»

350 5625 490 5689 (ha.
539 5629 674 5697 xu.)
735 5626 918 5697 Usque
963 5630 1031 5683 ad
1078 5629 1237 5698 hujus
1282 5646 1415 5685 sane
1450 5640 1660 5699 tempus
1697 5632 1920 5700 Augusti

348 5724 545 5773 cuncta
560 5731 829 5773 canonum
848 5724 1088 5788 decreta,
1112 5737 1232 5790 qua:
1251 5737 1409 5791 super
1444 5722 1747 5791 lmjusmodi
1774 5732 1925 5791 peste

2032 1936 2177 1982 ctam
2223 1928 2543 1995 Ecclesium,
2589 1945 2710 1999 qua:
2766 1930 3020 1987 nimirum
3076 1930 3271 1985 summi
3316 1931 3476 2000 Regis
3526 1940 3611 1985 est

2036 2019 2164 2086 ﬁlia,
2197 2019 2404 2076 Simoni
2434 2022 2831 2087 haeresiarchas,
2881 2021 2973 2091 qui
3022 2022 3289 2077 veraciter
3317 2022 3609 2091 exprobrat

2032 2109 2204 2164 aciem
2231 2110 2325 2164 Dei
2350 2110 2600 2176 viventis,
2642 2112 2815 2166 victor
2834 2112 3084 2182 accepit?

2102 2201 2279 2270 Atque
2327 2212 2384 2257 ut
2437 2201 2606 2257 David
2633 2218 2700 2258 ex
2749 2204 2929 2272 aliqua
2985 2212 3137 2273 parte
3178 2218 3282 2258 non
3330 2204 3602 2259 immerito

2027 2300 2398 2361 comparetur,
2426 2292 2513 2347 ille
2551 2309 2752 2363 aquam
2778 2294 2844 2347 de
2872 2294 3108 2349 cisterna
3137 2294 3606 2361 Bethlehemitica,

2029 2394 2150 2446 quae
2196 2381 2336 2434 inter
2387 2381 2611 2436 hostiles
2665 2380 2964 2436 habebatur
3004 2396 3225 2446 cuneos,
3270 2383 3607 2452 concupivit;

2031 2468 2123 2524 sed
2163 2484 2286 2523 cum
2318 2470 2385 2525 ab
2422 2469 2849 2539 obsequentibus
2880 2470 3139 2525 militibus
3173 2470 3366 2524 fuisset
3406 2470 3604 2535 oblata,

2029 2557 2214 2612 bibere
2236 2557 2445 2624 nolens,
2466 2558 2674 2613 effudit.
2701 2559 2862 2629 138
2884 2558 3039 2615 Unde
3055 2574 3177 2613 mox
3204 2559 3462 2629 scriptum
3486 2568 3605 2614 est:

2036 2665 2054 2697 ι
2094 2645 2306 2701 Libavit
2325 2662 2443 2701 eam
2477 2647 2704 2701 Domino
2728 2648 2812 2718 (II
2842 2647 2972 2720 Reg.
3010 2650 3244 2719 χιιιι)..»
3273 2649 3329 2703 Si
3369 2650 3527 2719 igitur
3555 2650 3607 2703 in

2030 2737 2123 2791 Dei
2169 2737 2501 2792 sacriﬁcium
2542 2752 2700 2792 versa
2752 2745 2835 2792 est
2885 2753 3024 2807 aqua
3076 2748 3406 2809 contempta,
3446 2754 3607 2809 quam

2030 2828 2320 2897 pretiosius
2347 2828 2457 2883 Deo
2485 2844 2682 2883 munus
2708 2828 2872 2884 fuisse
2893 2831 3221 2885 credendum
3242 2840 3344 2896 est,
3379 2832 3608 2900 pecunia

2031 2925 2297 2991 recusata.
2328 2916 2419 2971 Ille
2441 2917 2695 2971 nimirum
2724 2933 2920 2987 aquam
2946 2918 3219 2974 fundendo
3249 2920 3474 2984 libavit;
3508 2921 3610 2974 iste

2029 3008 2381 3063 nihilominus
2406 3023 2571 3063 suave
2600 3009 2710 3063 Deo
2734 3009 3063 3065 sacrificium
3087 3010 3304 3074 obtulit,
3345 3011 3472 3063 dum
3503 3024 3608 3063 non

2029 3111 2251 3167 aquam,
2304 3098 2398 3151 sed
2428 3112 2621 3151 aurum
2652 3112 2751 3167 pro
2790 3098 2908 3168 ejus
2936 3114 3123 3153 amore
3168 3098 3510 3167 contempsit.
3546 3097 3611 3151 Et

1951 3180 1995 3241 C
2025 3189 2155 3258 quia
2208 3203 2317 3242 non
2371 3188 2682 3251 defuerunt,
2732 3188 2825 3259 qui
2863 3188 3136 3257 regalibus
3190 3188 3339 3243 soliis
3377 3188 3607 3257 praediti,

2026 3280 2378 3333 commissum
2426 3278 2665 3347 regimen
2718 3278 3101 3333 administrare
3131 3294 3189 3333 se
3219 3292 3376 3348 posse
3403 3279 3611 3333 dillide—

2026 3377 2168 3434 rent,
2221 3369 2266 3424 si
2314 3368 2675 3424 Ecclesiarum
2729 3362 3374 3439 venalitatibus'publica
3415 3369 3607 3422 :eraria

2026 3475 2136 3512 non
2166 3467 2457 3528 augerent;
2489 3473 2619 3513 ecce
2645 3458 2989 3527 omnipotens
3021 3458 3184 3524 Deus,
3237 3459 3289 3513 iu
3313 3459 3468 3527 cujus
3498 3474 3610 3512 ma-

2026 3566 2099 3607 nu
2124 3558 2209 3605 est
2244 3551 2471 3605 victoria
2510 3549 2983 3619 triumphantium,
3005 3557 3217 3619 sceptra
3244 3549 3607 3618 regnantium,

2025 3642 2229 3708 absque
2280 3637 2440 3707 hujus
2485 3638 2859 3708 acquisitionis
2913 3638 3214 3693 inhonesta:
3277 3637 3560 3707 stipendiis
3591 3685 3607 3711 ,

2025 3732 2167 3787 ﬁdeli
2196 3730 2400 3786 famulo
2427 3746 2525 3785 suo
2540 3730 2844 3800 plerasque
2875 3731 3122 3785 nationes
3177 3739 3396 3785 exteras
3426 3730 3609 3784 subdi-

2023 3821 2126 3886 dit,
2171 3820 2511 3891 tyrannicam
2567 3819 2972 3875 adversantium
3024 3818 3304 3873 feritatem
3362 3818 3464 3872 sub
3492 3817 3608 3885 ejus

2024 3913 2229 3968 ditione
2259 3912 2585 3983 perdomuit,
2617 3913 3083 3982 superborumque
3133 3912 3367 3966 hostium
3399 3921 3607 3965 tumen-

2026 4005 2158 4059 tium
2205 4003 2307 4059 sibi
2351 4004 2484 4058 eolla
2521 4004 2848 4069 substravit;
2894 4002 3158 4058 barbaras
3209 4002 3480 4057 debellare
3510 4018 3606 4072 per

2025 4095 2311 4151 circuitum
2343 4105 2555 4165 gentes,
2586 4104 2641 4148 et
2668 4093 2898 4150 rebelles
2930 4093 3221 4148 inﬁdeliter
3241 4090 3604 4160 subiectorum

2025 4186 2171 4241 dedit
2197 4186 2410 4239 calcare
2433 4185 2695 4240 cervices.
2731 4184 2801 4239 Ut
2830 4184 3034 4254 liquido
3055 4193 3256 4253 pateat,
3281 4184 3408 4252 quia
3435 4184 3607 4238 vieto-

2026 4276 2105 4330 ria
2135 4275 2202 4329 de
2245 4274 2385 4329 caelo
2410 4284 2519 4340 est,
2548 4283 2604 4329 et
2642 4290 2747 4328 non
2778 4274 3040 4343 probatur
3068 4290 3134 4329 ex
3169 4275 3438 4328 donativis
3477 4290 3607 4342 pen-

2026 4367 2153 4418 dere
2202 4366 2467 4433 pecuniae,
2524 4365 2617 4418 sed
2663 4380 2731 4418 ex
2778 4378 3028 4432 superna:
3063 4363 3251 4431 gratia:
3280 4363 3608 4417 descendere

2026 4454 2287 4522 largitate.

2102 4545 2325 4598 Videtur
2348 4544 2528 4611 itaque
2559 4544 2852 4612 imperator
2884 4543 2983 4596 iste
3027 4541 3381 4597 Constantino
3407 4541 3604 4596 Cresari

2027 4636 2291 4686 adversus
2340 4633 2620 4687 catholicae
2650 4634 2838 4687 hostes
2880 4631 3137 4686 Ecclesiae
3170 4645 3273 4684 non
3316 4644 3604 4707 suppurent

2025 4724 2325 4779 obtinuisse
2370 4723 2671 4778 victoriam.
2736 4723 2827 4778 Ille
2878 4722 3132 4775 nimirum
3186 4721 3401 4775 Arianae
3443 4729 3606 4775 secta:

2026 4818 2219 4886 dogma
2240 4814 2552 4869 orthodoxa:
2573 4813 2694 4867 ﬁdei
2721 4812 2890 4868 armis
2920 4811 3127 4865 attrivit
3152 4828 3166 4876 ;
3198 4811 3303 4865 iste
3329 4810 3602 4864 Siinouia-

2025 4923 2103 4963 ea:
2128 4908 2397 4963 haereseos
2439 4916 2618 4976 pestes
2652 4908 2937 4960 avaritiam
2978 4905 3239 4960 calcando
3266 4905 3481 4959 delevit.
3512 4904 3607 4959 Ille

2026 4998 2151 5053 ﬁdei
2173 5008 2541 5068 propugnator
2579 4997 2791 5051 obstitit
2814 5012 2882 5049 ne
2909 4995 3074 5049 Arius
3104 4995 3362 5049 unitatem
3390 4994 3604 5048 scinde-

2025 5097 2145 5154 ret;
2204 5089 2292 5157 hic
2340 5087 2791 5155 concupiscentiae
2832 5085 3199 5153 triumphator
3244 5082 3484 5139 occurrit
3536 5096 3608 5136 ne

2026 5179 2210 5234 Simon
2240 5179 2293 5233 in
2324 5178 2566 5232 Ecclesia
2599 5176 2918 5247 pestilentiae
2944 5176 3258 5229 cathedram
3280 5174 3602 5242 possideret.

2026 5267 2298 5323 Desudent
2337 5266 2424 5320 alii
2461 5267 2760 5335 triumphos
2792 5280 2977 5335 regum
3017 5264 3155 5335 style
3184 5263 3424 5318 historia:
3453 5274 3607 5316 texe-

2006 5366 2126 5424 re;
2161 5357 2401 5427 msignes
2421 5356 2694 5411 bellorum
2717 5354 2919 5418 titulos,
2948 5363 3002 5408 et
3039 5368 3228 5408 eorum
3261 5351 3422 5405 fortia
3451 5360 3601 5420 gesta

2025 5448 2311 5517 praeconiis
2367 5448 2649 5517 exquisita:
2697 5446 2870 5500 laudis
2924 5442 3148 5510 efferre;
3214 5443 3344 5496 mihi
3393 5442 3605 5493 videtur

2030 5538 2252 5592 victoria
2298 5539 2423 5601 ista,
2471 5552 2631 5605 quam
2660 5552 2818 5603 supra
2854 5535 3216 5596 meminimus,
3249 5532 3405 5598 longe
3444 5531 3601 5585 nobi-

2026 5630 2148 5695 lior,
2200 5638 2254 5684 et
2292 5628 2788 5696 incomparabiliter
2833 5627 3119 5695 gloriosior
3159 5644 3172 5678 :
3221 5625 3310 5679 ubi
3345 5623 3598 5676 nimirum

2028 5736 2132 5775 non
2169 5720 2434 5773 humanus
2463 5717 2681 5786 sanguis
2707 5715 3021 5781 elIunditur,
3066 5730 3173 5771 non
3210 5714 3438 5768 militum
3466 5729 3594 5767 ιιιυιι
