4018 6194
301 377 399 433 153

1108 383 1348 440 OPUSC.
1394 385 1474 438 VI.
1502 416 1571 424 ——
1601 385 1802 440 LIBER
1839 384 1957 452 QUI
1992 385 2267 443 DICITUR
2310 388 2798 449 GRATISSIMUS.

3472 397 3577 452 154

295 493 472 547 titudo
523 492 809 559 minuitur,
849 500 943 551 sed
975 497 1155 552 omnis
1197 498 1442 552 Ecclesia
1479 498 1744 553 catholica
1790 503 1959 568 ρει-Λ
1990 500 2077 555 tiae
2129 517 2237 581 non
2282 504 2586 574 assurgitis,
2621 516 2678 562 et
2732 507 2875 563 inter
2928 508 3197 574 homines,
3247 513 3391 582 quod
3447 527 3576 569 con-

296 581 529 636 Romani
548 582 682 639 ﬁnes
706 584 916 654 imperii
945 586 1369 657 circumquaque
1395 587 1590 643 diffusa
1606 589 1673 643 de
1703 590 1891 644 vincu-

298 672 362 726 lis
385 674 626 744 antiquze
656 675 1024 732 damnationis
1077 676 1226 732 velut
1256 691 1322 731 ex
1355 678 1625 733 horrendo
1676 694 1739 733 ac
1765 694 1891 748 pro-

296 762 623 818 fundissimo
672 780 898 821 carcere
925 767 1220 834 liberatur;
1258 778 1317 821 ut
1354 784 1451 838 per
1478 771 1778 841 Augustum
1806 770 1891 826 di-

296 854 504 908 vinitus
556 864 765 925 erepta,
813 857 983 912 libera
1038 858 1150 913 Deo
1194 860 1365 929 possit
1420 876 1552 915 voce
1603 871 1826 917 cantare
1868 877 1884 916 :

303 962 321 995 ι
353 946 637 1014 Dirupisti,
662 947 934 1016 inquiens.
971 948 1217 1013 Domine,
1246 950 1463 1006 vincula
1496 966 1649 1017 mea,
1676 952 1769 1007 tibi
1798 966 1885 1008 sa-

297 1034 557 1089 criﬁcabo
584 1035 819 1091 hostiam
864 1036 1039 1091 laudis
1072 1036 1247 1109 (Psal.
1313 1041 1456 1109 cxv).
1487 1058 1506 1091 ι

822 1169 1051 1226 CAPUT
1090 1171 1355 1227 XXXVII.

586 1281 857 1337 lure/titur
897 1284 1122 1354 scriptor
1152 1287 1207 1339 in
1239 1286 1601 1349 .Simaniaros.

367 1394 581 1461 Queror
632 1395 918 1450 adversum
977 1411 1090 1461 vos,
1148 1398 1463 1463 Simoniaci,
1520 1398 1611 1466 qui
1664 1413 1882 1467 gravem

298 1484 458 1538 nobis
497 1483 924 1540 elucubrationis
967 1486 1129 1556 hujus
1158 1487 1461 1542 molestiam
1494 1488 1770 1543 intulistis.
1817 1489 1886 1543 Et

295 1573 518 1643 quidem
540 1574 725 1630 nostra
751 1575 1115 1641 defendimus,
1148 1579 1242 1633 sed
1282 1579 1355 1632 ita
1387 1580 1672 1645 duntaxat,
1700 1588 1759 1633 ut
1786 1596 1883 1635 vos

222 1706 229 1712 .
295 1672 563 1735 perpetuo
594 1665 1048 1733 condemnemus;
1078 1668 1158 1723 sic
1186 1685 1271 1734 ea,
1309 1686 1430 1740 quae
1470 1686 1568 1741 per
1593 1686 1689 1726 vos
1714 1686 1887 1741 agun-

298 1763 411 1819 tur,
462 1754 823 1820 admittimus,
853 1764 914 1810 ut
956 1772 1054 1812 vos
1083 1759 1495 1827 abominabiles,
1534 1760 1885 1832 omniumque

1990 593 2221 648 scientia
2253 602 2391 650 teste
2420 597 2773 653 commissum
2814 606 2916 664 est,
2947 616 3052 655 non
3093 602 3301 657 celatis.

2064 681 2212 739 Sane
2248 685 2293 739 si
2320 701 2461 740 nunc
2492 686 2683 753 etiam,
2711 689 2851 744 sicut
2896 689 3117 745 Patrum
3145 701 3372 747 testatur
3396 702 3579 748 aucto-

1991 775 2126 831 ritas
2148 777 2187 845 (ι
2217 817 2232 842 ,
2259 793 2314 847 q.
2341 778 2395 841 1,
2424 777 2779 851 Quicunque),
2809 782 3115 839 benedictio
3156 785 3311 839 vobis
3333 786 3386 839 in
3413 785 3580 840 male-

1990 868 2280 923 dictionem
2330 870 2583 936 vertitur,
2616 887 2739 926 cum
2771 874 3017 928 benedici
3049 874 3345 929 sacerdotis
3370 890 3466 929 ore
3497 875 3579 927 vi-

1990 961 2221 1025 demini;
2254 961 2384 1030 quid
2434 962 2589 1017 vobis
2636 973 2766 1018 tunc
2802 966 2912 1029 liet,
2963 982 3085 1020 cum
3118 967 3229 1035 ipsa
3258 982 3362 1019 vox
3393 966 3571 1020 divina

1987 1063 2085 1103 vos
2105 1050 2419 1104 maledictos
2448 1052 2699 1120 appellat.
2730 1062 2787 1108 et
2816 1057 3101 1123 reprobat;
3148 1065 3204 1109 et
3226 1071 3257 1109 a
3282 1064 3575 1124 conspectu

1944 1204 1949 1207 _
1988 1153 2088 1192 suo
2127 1154 2221 1194 vos
2261 1139 2460 1206 judicis
2500 1141 2656 1196 furor
2685 1142 2895 1211 abjicit,
2941 1155 2996 1200 et
3040 1146 3340 1200 tortoribus
3379 1146 3580 1200 tradit?

1988 1226 2139 1282 Tunc
2161 1227 2404 1297 profecto
2440 1230 2684 1296 discetis,
2718 1235 2906 1301 quanti
2948 1243 3159 1290 constet
3196 1235 3455 1289 transacti
3482 1235 3581 1289 ho-

1987 1317 2136 1371 noris
2160 1333 2345 1373 amara
2382 1322 2671 1390 coemptio,
2702 1338 2822 1377 cum
2846 1323 2955 1392 jam
2986 1341 3213 1381 necesse
3241 1326 3365 1390 erit,
3400 1334 3459 1379 ut
3481 1342 3577 1381 vos

1988 1417 2224 1463 tartarus
2264 1410 2474 1466 inﬁnite
2520 1423 2712 1481 patens
2738 1416 3048 1480 absorbeat,
3075 1428 3129 1471 et
3167 1418 3427 1487 gehennae
3455 1434 3579 1470 cru-

1987 1501 2122 1556 delis
2149 1502 2253 1556 olla
2282 1504 2589 1558 concludat.
2624 1505 2776 1561 Tunc
2810 1521 2933 1560 ossa
2970 1516 3144 1561 vestra
3188 1508 3433 1561 medullis
3456 1508 3574 1575 pin~

1986 1592 2180 1663 guihus
2230 1594 2474 1662 irrigata,
2514 1596 2792 1664 crepitans
2843 1597 3191 1666 stridensque
3239 1595 3452 1651 ﬁamma
3485 1597 3581 1650 de-

1985 1692 2203 1753 pascet;
2249 1692 2379 1737 tunc
2405 1684 2545 1738 edax
2574 1686 2888 1741 incendium
2939 1687 3083 1740 velut
3111 1694 3365 1741 eructans
3394 1688 3461 1741 de
3481 1686 3579 1741 cli-

1985 1772 2130 1829 bano
2170 1788 2268 1843 per
2292 1791 2388 1831 ora
2414 1775 2587 1839 vobis,
2623 1789 2721 1845 per
2742 1775 2951 1840 oculos,
2993 1790 3089 1843 per
3110 1790 3290 1839 aures,
3325 1784 3380 1830 et
3414 1791 3577 1831 nares

296 1844 638 1934 perditorum
666 1847 929 1903 extremis
956 1848 1150 1919 dignos
1195 1849 1475 1920 suppliciis
1526 1851 1880 1907 arbitremur.
1912 1864 1960 1924 Β
1987 1865 2280 1934 vaporibus
2331 1874 2583 1920 emeram
2626 1844 2742 1919 non
2785 1865 3018 1920 desinet.
3080 1865 3191 1931 Sic,
3225 1865 3305 1920 sic
3359 1865 3579 1934 dignum

297 1932 565 1990 Nimirum
592 1934 759 1992 ludas
792 1936 1077 1993 Dominum
1105 1954 1299 2010 purum
1325 1940 1599 1996 hominem
1636 1944 1886 2009 credens,

295 2025 542 2079 vendidit
565 2025 782 2097 (Matth.
807 2042 931 2082 xxvr
958 2027 1012 2099 .);
1039 2030 1133 2086 sed
1166 2045 1291 2085 mox
1317 2030 1554 2100 pretium
1582 2033 1886 2102 sanguinis,

297 2117 458 2184 digna
486 2116 745 2186 luiturus,
768 2118 984 2187 abjecit.
1017 2119 1128 2176 Vos
1152 2129 1334 2176 autem
1357 2121 1490 2176 nihil
1519 2122 1586 2177 de
1607 2122 1889 2179 divinitate

295 2209 470 2263 sancti
506 2209 746 2278 Spiritus
770 2210 1126 2280 ambigentes,
1166 2211 1553 2266 commercium
1583 2210 1661 2265 illi
1685 2211 1890 2266 venali-

296 2300 429 2354 tatis
460 2300 760 2366 ascribitis,
792 2309 848 2356 et
882 2302 1177 2371 perpetrati
1219 2302 1489 2373 sacrilegii
1542 2303 1887 2358 commodum

294 2390 622 2458 possidetis;
654 2390 858 2461 quique
906 2391 1132 2447 fueratis
1162 2392 1365 2448 ultione
1393 2393 1683 2462 plecteudi,
1719 2393 1888 2448 scele-

298 2496 359 2534 ra
394 2485 687 2536 commissa
734 2481 1044 2536 lucramini.
1097 2483 1306 2550 Quibus
1353 2498 1485 2553 ergo
1536 2498 1634 2538 vos
1692 2483 1888 2539 merito

296 2569 753 2637 coinparaverim,
802 2570 895 2639 qui
941 2569 1122 2623 divina
1163 2586 1412 2636 munera,
1440 2586 1548 2625 non
1590 2570 1761 2635 vobis,
1793 2571 1889 2626 sed

303 2656 427 2710 aliis
456 2657 689 2723 habetis;
721 2670 775 2711 et
800 2657 1039 2727 quasillis
1061 2660 1128 2713 ad
1142 2658 1335 2714 salutis
1349 2660 1670 2728 proveniunt
1694 2675 1887 2715 cumu-

299 2745 434 2808 lum,
483 2745 647 2816 139
686 2747 838 2801 vobis
883 2747 935 2800 in
974 2747 1238 2817 judicium
1268 2748 1738 2820 perditioncmque
1774 2765 1892 2805 ver-

298 2836 743 2892 tunturUudzeis
785 2837 945 2906 plane
985 2853 1083 2893 vos
1107 2838 1313 2894 similes
1347 2840 1527 2905 video,
1558 2841 1649 2911 qui
1682 2841 1890 2896 medul—

294 2928 424 2981 litus
450 2926 645 2981 divinaa
674 2926 809 2998 legis
844 2927 1036 2998 ignari,
1068 2928 1270 2983 Christi
1300 2928 1546 2984 ﬁdelibus
1575 2945 1674 3000 per
1699 2930 1886 2985 orbem

296 3016 501 3085 ubique
551 3014 679 3070 facti
703 3025 830 3070 sunt
868 3016 1163 3071 scriniarii.
1196 3016 1375 3086 Apum
1419 3032 1634 3087 quoque
1661 3016 1889 3073 formam

295 3106 685 3175 propemodum
711 3116 896 3163 tenere
923 3108 1205 3175 videmini,
1231 3124 1352 3178 qua:
1375 3109 1500 3165 dum
1528 3109 1890 3166 obdulcandis

296 3195 548 3249 faucibus
605 3196 884 3251 hominum
938 3195 1216 3252 elaborata
1278 3197 1436 3252 mella
1492 3198 1886 3266 transmittunt,
1918 3203 1963 3265 ο

297 3284 428 3354 ipsae
451 3299 574 3339 mox
602 3286 857 3355 periturae
901 3285 1061 3342 famis
1087 3287 1268 3357 inopia
1296 3288 1706 3343 contabescunt.

368 3375 613 3444 Denique
653 3378 990 3446 perpendite,
1018 3378 1261 3434 infelices
1282 3387 1337 3433 et
1360 3378 1561 3443 miseri,
1592 3394 1756 3449 quam
1783 3377 1888 3432 im-

297 3467 620 3522 manissimo
660 3468 978 3536 perditionis
1001 3469 1262 3524 barathro
1308 3470 1428 3524 sitis
1460 3470 1725 3535 immersi,
1755 3485 1890 3539 quo-

300 3574 421 3612 rum
474 3573 583 3613 non
628 3558 802 3613 solum
832 3558 994 3625 mala,
1027 3559 1165 3613 mala
1213 3570 1375 3625 sunt;
1419 3560 1513 3615 sed
1553 3560 1667 3629 ipsa
1725 3559 1890 3615 etiam

299 3649 441 3703 bona
483 3664 513 3702 a
551 3649 704 3705 vobis
730 3649 873 3706 facta
903 3660 1033 3706 sunt
1060 3650 1198 3706 mala
1227 3670 1239 3705 :
1272 3653 1469 3721 quibus
1492 3652 1751 3707 nimirum
1797 3652 1892 3706 be-

300 3737 540 3793 nedictio
566 3737 619 3791 in
652 3737 1112 3806 maledictionem,
1165 3739 1494 3796 charismata
1525 3740 1579 3795 in
1616 3740 1888 3803 luercsim,

299 3836 645 3882 sacramenta
691 3829 747 3883 in
793 3829 1157 3901 sacrilegium,
1188 3830 1365 3885 honor
1392 3831 1447 3884 in
1480 3831 1887 3895 contumeliam,

301 3920 584 3986 provectio
635 3934 791 3973 versa
812 3929 896 3976 est
936 3922 988 3974 in
1010 3922 1253 3987 ruinam.
1286 3920 1403 3976 Huc
1424 3918 1654 3986 accedit,
1679 3921 1805 3990 quia
1837 3930 1892 3975 et

300 4009 368 4062 de
427 4016 508 4063 tot
556 4008 839 4065 animabus
885 4010 1016 4067 estis
1068 4013 1355 4067 reddendae
1401 4010 1602 4067 rationi
1649 4011 1889 4077 obnoxii,

303 4102 450 4171 quod
500 4116 643 4156 nunc
694 4103 953 4158 videmini
984 4102 1234 4159 ﬁdelibus
1262 4119 1384 4159 esse
1410 4103 1640 4173 pmlati.
1676 4102 1892 4159 Alﬁuite

301 4206 449 4246 nunc
491 4191 722 4259 divitiis,
767 4194 1149 4263 constipamini
1184 4204 1546 4250 tumescentes
1588 4194 1893 4263 obsequen-

303 4283 440 4336 tium
470 4282 865 4352 cuneis,.prope
894 4292 999 4348 est,
1030 4284 1338 4339 utvideatis
1357 4298 1546 4339 omnes
1578 4283 1890 4355 angelorum

304 4372 585 4428 exercitus
607 4372 893 4428 adversum
920 4388 1016 4428 vos
1062 4374 1412 4429 vehementer
1450 4374 1641 4439 iratos,
1672 4381 1892 4443 aposto—

304 4461 409 4526 los,
439 4471 732 4532 martyres,
778 4462 1129 4534 omniumque
1175 4473 1482 4520 sanctorum
1510 4464 1726 4536 agmina
1765 4478 1893 4517 con-

309 4563 390 4608 tra
446 4568 547 4608 vos
590 4554 909 4610 terribiliter
959 4556 1262 4625 insurgere,
1309 4564 1362 4610 et
1417 4556 1470 4611 in
1527 4554 1893 4610 damnationis
1924 4544 1971 4602 Ι)

308 4651 505 4697 vestrae.
553 4642 880 4698 sententiam
923 4645 1177 4700 concordi
1222 4645 1379 4699 simul
1426 4660 1491 4701 ac
1515 4645 1665 4715 parili
1687 4643 1892 4712 judicio

310 4734 624 4788 convenire.
678 4734 828 4788 lllmn
876 4736 1073 4806 quippe
1124 4736 1335 4791 habetis
1389 4736 1675 4801 offensum,
1729 4747 1893 4805 atque

314 4822 433 4876 ideo
484 4832 877 4893 consequenter
909 4824 1188 4890 infestum,
1243 4825 1398 4893 cujus
1442 4824 1669 4880 offensio
1717 4840 1894 4895 neque

313 4914 401 4968 hic
442 4914 762 4980 remittitur,
803 4931 979 4986 neque
1031 4916 1084 4970 in
1133 4916 1334 4971 futuro.
1369 4916 1707 4973 Immanitate
1731 4931 1894 4985 porro

313 5007 546 5070 cmenti,
578 5022 644 5061 ac
688 5008 1097 5063 sceleratissimi
1134 5008 1381 5064 criminis
1422 5009 1586 5064 vestri
1618 5007 1895 5061 adulteros

313 5097 555 5163 vincitis,
606 5100 908 5155 homicidas
954 5099 1235 5165 exceditis,
1261 5110 1529 5170 raptores,
1577 5100 1893 5170 sacrilegos,

316 5187 575 5252 incestos,
606 5189 906 5257 parricidas
934 5200 1095 5259 atque
1114 5192 1354 5245 omnium
1391 5207 1526 5260 pene
1550 5207 1763 5245 reorum
1796 5191 1885 5245 ﬁa-

316 5278 444 5347 gitia
478 5278 769 5345 superatis.
798 5278 992 5332 Adhuc
1016 5294 1204 5347 parum
1227 5289 1309 5333 est
1342 5297 1356 5332 :
1386 5296 1509 5333 nam
1535 5281 1580 5334 si
1608 5296 1693 5334 res
1716 5281 1895 5352 digna,

316 5380 374 5422 ut
402 5380 508 5432 est,
536 5370 942 5424 existimatione
972 5371 1343 5438 perpenditur,
1377 5371 1491 5437 ipsa
1520 5369 1743 5424 Iudaica
1772 5386 1893 5439 per-

319 5452 475 5520 lidia,
515 5459 804 5527 omnisque
847 5473 1075 5528 prorsus
1117 5460 1367 5513 hmrct‘ca
1417 5458 1658 5527 pravitas
1706 5460 1899 5513 vestris

316 5549 637 5603 excessibus
667 5564 769 5603 non
814 5558 1077 5617 aequatur.
1108 5548 1241 5603 Orta
1270 5559 1351 5602 est
1382 5549 1534 5611 vobis
1560 5564 1664 5601 nox
1701 5549 1753 5602 in
1782 5563 1898 5602 mc-

319 5637 475 5705 ridie,
510 5648 808 5710 tempestas
848 5642 899 5695 in
945 5644 1255 5707 serenitate,
1286 5642 1344 5696 ﬁt
1380 5644 1534 5697 vobis
1571 5643 1767 5697 cadum
1797 5643 1902 5695 fcr-

320 5747 489 5795 reum,
517 5740 573 5787 ct
594 5740 735 5787 terra
757 5748 942 5800 aenea;
971 5734 1098 5805 quia
1127 5744 1183 5790 et
1211 5735 1278 5790 ad
1301 5749 1530 5804 superna
1555 5734 1694 5789 mole
1712 5734 1899 5803 nequi-

1990 1954 2093 2009 erit
2118 1953 2253 2023 jam,
2283 1964 2341 2010 ut
2370 1971 2493 2011 cum
2518 1952 2610 2011 illo
2640 1956 2776 2011 duce
2798 1965 2999 2021 vestio,
3032 1956 3397 2012 hzeresiarcha
3426 1958 3579 2011 vide-

1989 2044 2118 2099 lieet
2163 2044 2407 2111 Simone,
2464 2045 2810 2115 participium
2861 2046 3169 2100 sortiamini
3222 2063 3237 2099 :
3285 2056 3342 2100 et
3383 2048 3581 2115 quibus

1990 2152 2096 2191 non
2129 2136 2422 2193 sulIecerat
2446 2138 2730 2208 paradisus
2760 2139 2928 2208 gratis
2957 2154 2986 2192 a
3014 2139 3231 2193 Christo
3262 2137 3579 2208 promissus.

1990 2228 2289 2283 satisfaciat
2327 2227 2573 2284 infernus
2618 2243 2649 2282 a
2689 2228 2907 2283 diabolo
2942 2229 3169 2298 pecunia
3209 2236 3577 2297 comparatus.

1988 2317 2308 2386 Quanquam
2347 2326 2402 2372 et
2424 2318 2539 2387 ipso
2588 2318 2755 2372 vestri
2809 2320 3015 2372 erroris
3059 2326 3303 2384 auctore,
3330 2326 3385 2371 et
3416 2318 3582 2385 pesti-

1990 2405 2149 2461 lentis
2175 2407 2448 2461 cathedra:
2495 2407 2726 2475 praeside
2768 2422 2865 2462 vos
2900 2424 3004 2461 non
3031 2408 3326 2477 incongrue
3355 2408 3578 2462 damna-

1989 2497 2210 2553 biliores
2256 2498 2555 2569 intelligam
2586 2516 2600 2552 :
2627 2508 2688 2553 ut
2732 2513 2855 2553 eum
2904 2500 3153 2554 videlicet
3184 2501 3344 2569 digne
3377 2515 3579 2568 praece-

1990 2588 2130 2644 datis
2159 2590 2212 2644 in
2261 2605 2445 2658 pmna,
2489 2606 2650 2659 quem
2682 2591 2934 2660 nequiter
2964 2592 3279 2646 excessistis
3309 2592 3360 2645 in
3398 2591 3575 2660 culpa.

1989 2677 2081 2733 llle
2111 2678 2376 2748 siquidem
2419 2678 2641 2734 caeleste
2666 2694 2861 2734 munus
2882 2682 3147 2734 duntaxat
3174 2695 3359 2734 emere
3387 2680 3579 2745 voluit,

1991 2769 2084 2824 sed
2121 2770 2230 2824 voti
2279 2784 2502 2839 compos
2550 2770 2616 2824 ad
2644 2769 2892 2825 effectum
2925 2769 3277 2825 fulminanda:
3324 2772 3580 2841 concupi-

1991 2860 2213 2913 scentia:
2236 2875 2342 2913 non
2367 2860 2645 2930 pervenit;
2678 2875 2776 2915 vos
2802 2869 2982 2915 autem
3007 2869 3063 2915 et
3090 2860 3335 2915 voluistis
3358 2860 3583 2932 lmet

1991 2948 2332 3015 confecistis;
2383 2952 2711 3016 accessistis,
2742 2961 2801 3007 et
2847 2953 3170 3022 irrepsistis.
3217 2952 3437 3007 Structa
3495 2962 3579 3007 est

1991 3039 2218 3105 fabrica,
2280 3041 2482 3111 prodiit
2536 3051 2591 3096 et
2629 3051 2864 3097 moneta.
2922 3042 3017 3096 llle
3071 3042 3307 3111 denique
3350 3043 3479 3096 dum
3520 3058 3581 3097 se

1994 3136 2162 3189 Deum
2212 3134 2451 3199 simulat,
2506 3134 2662 3189 canis
2722 3134 3062 3197 ostenditur;
3132 3134 3258 3188 dum
3316 3134 3578 3195 elevatur,

1994 3224 2271 3288 obruitur;
2306 3224 2432 3277 dum
2457 3224 2725 3277 scandere
2745 3223 2944 3278 omium
2969 3224 3197 3285 videtur,
3232 3224 3284 3277 in
3319 3232 3578 3277 tartarum

1992 3316 2209 3369 labitur.
2242 3314 2654 3382 Consequenter
2697 3324 2753 3369 et
2794 3329 2890 3368 vos
2917 3314 3044 3367 dum
3073 3313 3254 3382 petitis
3294 3313 3422 3374 alta,
3450 3328 3578 3367 cor-

1992 3405 2184 3469 ruitis;
2217 3405 2341 3459 dum
2371 3404 2609 3473 aequales
2647 3404 2815 3457 videri
2847 3404 3059 3458 caeteris
3091 3402 3399 3457 hominibus
3443 3417 3578 3457 con-

1992 3498 2126 3551 tenti
2166 3511 2273 3550 non
2301 3496 2452 3559 estis,
2490 3495 2676 3549 divino
2706 3494 2863 3549 simul
2883 3503 2936 3546 et
2962 3494 3196 3548 humano
3221 3493 3456 3561 despecti
3485 3494 3575 3561 jn-

1992 3586 2155 3649 dicio,
2185 3585 2251 3639 ad
2284 3585 2688 3639 immundorum
2732 3599 2927 3638 canum
2977 3584 3387 3638 similitudinem
3424 3584 3577 3639 festi-

1993 3675 2157 3729 natis.
2190 3676 2386 3729 Verum
2436 3690 2535 3729 nos
2566 3690 2737 3745 nugas
2780 3675 3027 3739 terimus,
3058 3675 3103 3728 si
3143 3690 3265 3729 ossa
3308 3675 3458 3730 arida
3511 3676 3579 3729 ad

1992 3766 2158 3819 vitam
2192 3765 2448 3819 reducere
2473 3766 2839 3833 corripiendo,
2876 3766 3031 3834 quasi
3068 3766 3413 3821 vaticinando
3462 3776 3579 3821 len-

1996 3866 2199 3919 tentus;
2227 3857 2565 3911 solummodo
2595 3859 2862 3910 orandum
2893 3866 2996 3921 est,
3030 3868 3089 3911 ut
3117 3859 3322 3912 honore
3369 3861 3581 3927 deposi-

1995 3955 2072 4012 to,
2099 3962 2291 4000 carnes
2326 3960 2628 4014 nervosque
2681 3946 2989 4008 reiuduan-t,
3018 3956 3074 3999 et
3099 3947 3179 4000 sic
3207 3962 3303 4014 per
3339 3946 3577 4002 aﬁlalum

1994 4037 2165 4092 sancti
2202 4036 2436 4105 Spiritus
2467 4038 2645 4090 denuo
2681 4036 3028 4090 reviviscant.
3067 4038 3171 4091 Sed
3198 4039 3310 4105 jam
3357 4052 3580 4091 emenso

1995 4128 2199 4197 pelago,
2223 4126 2434 4180 clavum
2466 4126 2816 4193 stringentes,
2855 4124 2971 4180 vela
3013 4126 3382 4181 submittimus
3412 4142 3427 4191 ;
3452 4128 3579 4194 quia

1993 4219 2129 4273 duce
2188 4218 2407 4273 Christo
2476 4218 2628 4273 littus
2693 4216 3037 4289 aspicientes,
3115 4219 3294 4288 portui
3362 4219 3561 4290 propin

1992 4324 2244 4379 quantus.

2505 4397 2736 4453 CAPUT
2774 4397 3065 4453 XXXVIII.

1999 4486 2097 4541 Ubi
2128 4489 2183 4541 in
2212 4488 2560 4543 Ravennatem
2602 4490 2902 4612 pontiﬁzem
2937 4493 3136 4558 peracti
3171 4487 3340 4562 ope'ris
3374 4510 3593 4548 summa:

2604 4577 2731 4612 conc
2756 4577 2786 4612 u
2832 4570 2956 4612 nar.

2604 4570 2956 4613 concluditur.

2071 4646 2347 4702 Postremo
2368 4649 2435 4701 ad
2465 4658 2535 4713 te,
2565 4648 2816 4702 lleinrice
2842 4651 3161 4706 venerabilis
3191 4661 3368 4720 pater,
3400 4654 3595 4725 redeo,

1998 4749 2098 4795 eta
2135 4754 2243 4809 quo
2266 4740 2428 4808 carpi,
2451 4739 2562 4809 jam
2595 4739 2646 4792 in
2672 4740 2839 4807 ipsius
2863 4742 3105 4810 opusculi
3137 4743 3282 4796 calce
3312 4759 3534 4798 recurro
3566 4763 3587 4798 τ

1998 4843 2106 4881 non
2142 4827 2251 4891 hic,
2292 4842 2493 4895 quzcso,
2544 4826 2876 4881 elucubratas
2907 4829 3156 4883 dictionis
3195 4830 3469 4898 phalerata
3501 4833 3597 4885 di-

1999 4918 2265 4972 scutiatur
2314 4916 2613 4983 urbanitas,
2640 4933 2745 4972 non
2797 4928 3065 4974 accurata:
3115 4920 3416 4977 dicacitatis
3442 4923 3599 4977 acri-

2001 5007 2179 5061 monia
2231 5005 2559 5075 requiratur,
2608 5006 2701 5060 sed
2760 5007 2905 5061 rudis
2935 5008 3273 5078 simplicitas,
3320 5021 3373 5066 et
3401 5027 3585 5065 sermo

2001 5099 2380 5170 pauperculus,
2429 5097 2521 5167 qui
2573 5098 2659 5152 vix
2704 5106 2869 5169 queat
2897 5100 3171 5169 explicare
3206 5102 3347 5169 quod
3394 5102 3595 5157 sentit..

2000 5190 2263 5262 Proposui
2318 5189 2461 5245 enim
2501 5191 2677 5245 serias
2708 5192 2991 5259 quasdam,
3030 5208 3095 5246 ac
3134 5193 3468 5247 necessarias
3499 5207 3599 5245 res

2002 5281 2229 5334 fratrum
2286 5294 2528 5333 meorum
2592 5281 2849 5334 cordibus
2920 5282 3093 5351 magis
3156 5281 3357 5334 utiliter
3418 5298 3583 5350 quam

2002 5370 2303 5425 luculenter
2348 5384 2641 5437 exponere,
2692 5386 2790 5423 nec
2822 5371 3107 5424 verborum
3157 5371 3394 5424 inanium
3438 5373 3599 5425 leno-r

2004 5461 2164 5515 ciniis
2214 5460 2424 5514 aurium
2458 5459 2726 5514 illeeebris
2769 5461 3065 5514 deservire.
3122 5461 3235 5515 Non
3263 5464 3404 5519 enim
3438 5467 3599 5534 igno~

2008 5550 2143 5602 ratis
2190 5548 2314 5616 quia
2365 5548 2708 5601 vivacitatem
2750 5549 3138 5604 sententiarum
3183 5567 3361 5606 sermo
3401 5569 3466 5607 ex
3500 5557 3584 5607 in-

2005 5639 2212 5694 dustria
2256 5638 2436 5693 cultus
2485 5648 2728 5703 evacuat,
2758 5650 2815 5694 et
2863 5641 3131 5697 dictorum
3177 5644 3283 5699 vim
3334 5646 3589 5715 splendor

2006 5731 2314 5786 elaturatus
2348 5740 2588 5784 einervat.
2646 5731 2725 5786 Illi
2761 5748 2893 5787 sane.
2932 5734 3301 5804 granditer-uis
3341 5748 3392 5790 ct
3431 5738 3593 5791 truti~
