4018 6194
361 386 463 441 155

820 384 876 437 S.
909 383 1111 438 PETRI
1154 384 1431 437 DAMIANI
1467 383 1617 438 OPP.
1654 381 1889 439 Τοιιυε
1927 382 1958 438 S

2097 383 2270 439 PARS
2312 383 2395 437 111.
2424 415 2474 424 -
2517 382 2878 439 OPUSCUL:\
2920 381 3147 437 νΑιιιΑ.

3518 387 3619 441 156

360 510 501 563 natis
532 506 710 560 verbis
744 506 1059 570 inserviant,
1091 508 1182 576 qui
1215 506 1537 561 favorabiles
1582 506 1803 576 plausus
1840 505 1939 559 bo-
1971 517 2015 570 Α
2046 507 2327 560 εριιιθηιίίιι
2355 514 2498 560 totus
2520 504 2677 582 simul
2705 504 3109 558 ecclesiasticus
3139 508 3274 559 ordo
3296 519 3615 574 corruet-et;

361 611 564 650 mtuum
594 596 851 664 aucupari
884 596 1181 649 deleniﬁca:
1222 595 1511 649 locutionis
1544 609 1756 649 ammna
1807 611 1937 664 qua-

363 691 483 741 dam
516 695 801 739 venustate
835 688 1115 741 desudaul.
1169 686 1275 743 Nos
1302 688 1501 751 autem;
1527 688 1623 756 qui
1661 686 1817 741 nudis
1848 703 1939 756 pe-

364 778 517 830 dibus
566 777 647 830 ire
690 776 1052 845 praecipimur,
1080 779 1382 832 cothurnati
1424 779 1660 833 scribere
1702 793 1808 831 non
1852 778 1940 831 dc-

363 867 589 933 betnns;
644 869 839 935 quibus
913 885 1139 922 censura
1198 870 1588 925 taciturnitatis
1662 871 1934 929 indicitur,

366 956 688 1010 luxuriantis
711 958 1031 1024 eloquentia:
1056 959 1317 1014 laciniosa
1342 960 1622 1029 prolixitas
1645 975 1941 1029 congruere

369 1060 471 1097 non
504 1046 735 1098 videtur.
765 1047 1127 1116 Quapropter,
1181 1050 1521 1110 cbarissime,
1558 1051 1672 1104 haec
1703 1051 1902 1104 rustica
1922 1088 1938 1113 ,

366 1145 418 1186 et
448 1136 563 1187 rudi
587 1136 727 1205 stylo
749 1139 1047 1205 composita
1073 1140 1177 1193 tuis
1200 1141 1450 1194 manibus
1469 1139 1658 1203 offero,
1683 1149 1940 1209 tanquam

364 1226 617 1278 videlicet
651 1227 773 1280 vilia
803 1242 996 1294 poma;
1055 1230 1180 1295 quia
1217 1237 1391 1283 tamen
1436 1245 1528 1284 rus
1559 1230 1780 1283 meliora
1833 1245 1939 1283 non

367 1314 567 1375 attulit,
622 1329 687 1367 ne
734 1315 1020 1382 despicias,
1053 1332 1257 1385 quaeso.
1286 1318 1451 1371 Plane
1498 1319 1648 1386 quia,
1680 1327 1738 1370 ut
1766 1318 1835 1370 ita
1862 1316 1939 1369 lo-

368 1418 521 1470 quar,
548 1405 687 1459 unde
710 1420 879 1475 genus
903 1409 1027 1460 duxi
1057 1408 1132 1477 (6)
1154 1450 1168 1473 ,
1199 1425 1469 1463 summum
1501 1410 1821 1463 conscendis
1845 1410 1941 1462 ho-

366 1508 575 1558 norem,
599 1502 650 1547 te
672 1496 1007 1562 potissimum
1028 1497 1184 1566 elegi,
1210 1500 1294 1551 cui
1317 1500 1419 1553 hoc
1437 1499 1813 1553 munusculum
1835 1508 1945 1551 tra-

368 1583 579 1646 derem,
604 1592 664 1636 et
707 1594 764 1637 ut
787 1600 971 1637 revera
1005 1588 1219 1653 proprio
1250 1588 1451 1655 pastori
1488 1588 1741 1656 perexilis
1764 1587 1946 1640 ovicu-

368 1672 416 1725 la
451 1674 684 1726 fructum
719 1690 822 1727 non
868 1678 1091 1738 ventris,
1120 1679 1213 1730 sed
1240 1679 1437 1731 mentis
1462 1678 1730 1731 afferrent.

438 1760 573 1813 Novi
603 1763 855 1829 denique,
879 1767 1004 1833 quia
1040 1766 1278 1819 Ecclesia
1308 1778 1488 1821 vestra
1532 1767 1600 1820 ad
1627 1766 1798 1821 instar
1822 1781 1945 1835 apo-

2046 612 2145 651 nec
2174 612 2271 665 pro
2296 596 2617 650 remissione
2666 595 2969 650 clementia:
3011 594 3319 650 Simoniaca
3351 599 3517 667 pestis
3564 601 3618 653 in

2045 688 2390 741 conferendis
2418 688 2682 741 honorum
2717 688 2974 755 gradibus
3019 688 3126 740 vim
3166 688 3373 741 roboris
3413 690 3620 744 obtine-

2045 788 2147 844 ret,
2179 779 2573 848 dispensatorio
2603 779 2836 847 quodam
2859 777 3023 847 jure;
3077 787 3244 846 utque
3268 786 3355 831 est
3388 780 3439 830 in
3487 795 3620 847 prm-

2047 872 2221 926 leritis
2254 881 2449 935 ratum,
2475 870 2541 923 de
2572 871 2766 922 futuris
2788 869 2859 923 sit
2885 869 3107 921 omnino
3134 869 3483 937 prohibitum.
3517 870 3621 924 Nos

2047 964 2227 1032 itaque
2272 977 2377 1015 non
2414 960 2660 1029 proprias
2684 959 3031 1027 allegationes
3067 958 3422 1026 pervicaciter
3446 968 3620 1011 astru-

2045 1064 2220 1117 entes,
2258 1053 2352 1107 sed
2392 1052 2738 1123 synodalibus
2765 1049 2999 1104 decretis
3023 1049 3303 1101 humiliter
3339 1050 3618 1117 obtelnpe-

2044 1152 2249 1205 rantes,
2277 1141 2587 1209 apostolica:
2609 1140 2754 1193 sedis
2780 1139 3041 1200 edit-tum,
3076 1138 3156 1190 vel
3182 1138 3322 1206 quod
3349 1139 3463 1206 jam
3497 1155 3620 1207 pro-

2047 1234 2342 1302 mulgatum
2370 1241 2472 1293 est,
2498 1232 2777 1299 sequimur
2805 1247 2818 1295 ;
2859 1229 2943 1282 vel
2968 1229 3011 1281 si
3051 1229 3180 1297 quid
3220 1228 3395 1282 adhuc
3424 1228 3615 1281 elima-

2050 1326 2156 1376 tius
2184 1333 2346 1389 atque
2376 1321 2646 1374 salubrius
2696 1321 2747 1373 in
2791 1330 3063 1388 posterum
3112 1319 3457 1371 statuendum
3507 1328 3620 1381 est,

2046 1415 2409 1481 obedientiam
2441 1414 2781 1482 proﬁtemur.
2814 1412 2883 1467 Ut
2914 1410 3053 1464 sicut
3080 1426 3108 1462 a
3140 1410 3315 1463 beatis
3364 1410 3622 1477 apostolis

2049 1507 2336 1574 Eva'gelio
2386 1514 2743 1567 coruscante,
2803 1503 3076 1557 nascentis
3133 1501 3253 1554 ﬁdei
3313 1502 3621 1580 rudimenta

2049 1599 2451 1667 percepimus;
2526 1597 2597 1649 ita
2659 1595 2913 1661 deinceps
2979 1592 3046 1645 ab
3119 1593 3431 1658 apostolicis
3493 1592 3624 1645 viris

2052 1688 2300 1739 traditam
2350 1699 2565 1738 omnem
2625 1682 2887 1744 vivendi,
2942 1681 3022 1733 vel
3078 1680 3342 1733 sentiendi
3389 1680 3623 1746 regulam

2053 1792 2350 1833 teneamus.

368 1851 543 1904 stoliei
584 1862 805 1906 senatus
846 1864 1091 1909 nontam
1138 1872 1450 1923 numeroso,
1481 1873 1642 1927 quam
1684 1872 1945 1911 veneran-

2119 1870 2288 1922 Porro
2314 1875 2494 1920 autem
2520 1865 2806 1918 Ravennas
2829 1863 2917 1917 ille
2942 1863 3251 1932 episcopus,
3301 1860 3387 1914 cui
3417 1859 3629 1914 libellus

369 1942 437 1995 do
458 1956 521 1994 ac
550 1943 776 2012 mystico
798 1954 1106 1998 sanctorum
1139 1947 1515 2016 episcOporum
1543 1946 1707 2015 pollet
1753 1955 1945 2002 ornata

368 2034 633 2102 collegio;
675 2051 906 2104 quorum
958 2038 1210 2092 videlicet
1254 2039 1437 2093 studio
1477 2038 1546 2092 ita
1574 2046 1777 2092 rectam
1819 2052 1948 2106 apo-

369 2125 577 2179 stolicae
600 2126 907 2181 traditionis
935 2126 1130 2180 lineam
1156 2137 1360 2189 servat,
1386 2129 1466 2183 sic
1496 2128 1548 2182 in
1578 2127 1815 2196 puritate
1840 2128 1949 2183 sin-

372 2216 671 2270 cerissimae
720 2216 845 2271 ﬁdei
910 2218 1257 2273 intmobiliter
1309 2227 1648 2288 perseverat,
1689 2226 1747 2271 ιιι
1805 2218 1949 2271 omni

373 2307 629 2361 hreretica
702 2307 970 2376 pravitate
1038 2320 1276 2371 remota,
1333 2324 1524 2379 novam
1586 2308 1769 2371 illam,
1832 2323 1951 2376 qua:

369 2396 470 2450 sub
508 2397 768 2465 apostolis
812 2398 1024 2461 fuerat,
1070 2399 1332 2468 hodieque
1372 2406 1723 2469 repraesentet
1763 2399 1951 2453 Eccle-

375 2486 534 2549 siam,
565 2486 679 2540 sive
733 2487 897 2541 etiam
943 2489 1121 2541 sedem
1174 2487 1296 2542 ﬁdei
1330 2488 1498 2557 ipsam
1546 2487 1792 2543 videatur
1827 2503 1954 2556 ger-

374 2576 581 2628 minare
608 2574 860 2629 Nicaaam.
902 2576 976 2629 Ex
1010 2578 1093 2631 his
1136 2578 1337 2646 itaque,
1368 2594 1503 2647 quos
1543 2579 1720 2632 visum
1770 2577 1955 2642 fuerit,

372 2665 636 2720 sanctitas
688 2676 872 2720 vestra
926 2667 1249 2730 consciscat,
1298 2676 1500 2721 etcum
1531 2668 1610 2721 eis
1657 2667 1814 2721 simul
1855 2668 1958 2721 hoc

372 2769 508 2822 opus
571 2767 843 2825 utcunque
899 2758 1178 2811 catholicae
1246 2757 1367 2811 ﬁdei
1440 2772 1691 2826 sameque
1754 2757 1959 2811 doctri-

377 2860 457 2898 nae
483 2857 776 2915 congruat,
830 2848 1059 2901 solerter
1104 2849 1341 2916 indaget,
1394 2848 1688 2917 prudenter
1748 2848 1958 2901 exami—

378 2945 488 2989 net.
538 2938 690 3003 Quod
731 2938 777 2992 si
845 2938 982 2993 liber
1020 2940 1108 2993 hic
1171 2939 1455 2993 venialiter
1513 2937 1958 3007 reprehensibilis

383 3026 538 3097 141
594 3028 904 3093 invenitur,
962 3038 1144 3084 vestra
1194 3044 1317 3084 eum
1364 3029 1649 3099 prudentia
1696 3029 1960 3099 corrigat,

377 3129 437 3171 et
468 3120 547 3171 sic
585 3120 747 3173 etiam
778 3121 1094 3175 beatissimo
1117 3136 1289 3191 papze,
1313 3122 1358 3175 si
1390 3138 1485 3191 per
1512 3138 1607 3176 vos
1652 3122 1956 3186 transierit,

2050 1961 2140 2015 hic
2181 1958 2444 2028 principio
2496 1956 2695 2010 missus
2750 1964 2875 2016 est,
2908 1954 3035 2022 quia
3091 1968 3263 2020 nuper
3292 1960 3571 2020 promotus
3605 1990 3621 2014 ,

2052 2056 2214 2115 atque
2240 2046 2359 2099 ideo
2392 2044 2522 2097 mihi
2545 2052 2664 2100 erat
2694 2043 3034 2112 incognitus,
3078 2041 3483 2110 Scripturarum
3535 2041 3631 2094 ha-

2053 2142 2182 2195 bere
2207 2139 2485 2193 scientiam
2515 2138 2803 2207 putabatur
2829 2154 2844 2203 ;
2874 2137 2967 2190 sed
2997 2136 3251 2204 quoniam
3283 2135 3350 2187 ab
3387 2150 3452 2187 eo
3472 2148 3635 2201 super

2056 2233 2155 2287 hac
2179 2231 2478 2300 qnzestione
2504 2243 2572 2282 ne
2620 2236 2840 2281 tenuem
2871 2226 3091 2295 quidem
3144 2225 3433 2279 scintillam
3480 2223 3631 2277 solu-

2056 2321 2218 2375 tionis
2243 2318 2559 2387 exsculpere
2581 2318 2748 2386 potui,
2779 2316 3103 2370 auctoritate
3126 2314 3269 2367 sedis
3316 2311 3628 2380 apostolicae

2059 2425 2144 2464 me
2189 2417 2504 2464 contentum
2544 2422 2669 2463 esse
2709 2406 2959 2462 decrevi:
2995 2414 3055 2458 ut
3099 2406 3228 2473 quid
3278 2405 3326 2458 ei
3361 2402 3635 2473 synodalia

2060 2500 2219 2555 fuerit
2245 2515 2475 2555 censura
2502 2498 2806 2569 praeﬁxum,
2846 2498 2952 2552 hoc
2991 2496 3123 2549 mihi
3156 2493 3344 2564 procul
3374 2493 3535 2547 dubio
3561 2493 3632 2545 sit

2059 2592 2449 2655 autbenticum,
2474 2590 2579 2644 hoc
2602 2596 2752 2643 certe
2771 2587 3048 2643 canonica:
3069 2586 3316 2640 videatur
3342 2584 3635 2638 auctorita-
3702 2578 3705 2579 ⁷

2062 2684 2132 2737 tis
2156 2682 2340 2753 vigore
2375 2680 2689 2737 subnixum.
3006 2724 3009 2727 λ
3090 2688 3099 2695 ’

2591 2880 2748 2953 142
2789 2878 3101 2936 scuoua.

2142 3014 2159 3046 ι
2204 2995 2473 3050 Caeterum
2497 3002 2553 3048 et
2601 2994 2715 3062 ipse
2759 2993 2999 3063 pontifex
3048 2992 3460 3061 delinquentes,
3512 3004 3633 3043 cum

2066 3082 2227 3119 causa
2252 3063 2574 3127 dictaverit,
2622 3063 2819 3118 forensi
2852 3064 2967 3133 lege
2992 3074 3234 3117 coerceat
3264 3078 3278 3126 ;
3312 3071 3366 3133 et
3394 3076 3485 3114 rex
3514 3075 3634 3110 cum

2068 3137 2181 3189 suis
2211 3134 2481 3203 episcopis
2508 3148 2670 3201 super
2699 3131 3000 3186 animarum
3033 3141 3173 3185 statu
3220 3131 3424 3203 prolata
3450 3144 3632 3203 sacro-

379 3218 439 3262 ut
466 3206 608 3263 ruina
632 3211 909 3280 dispersit,
935 3212 1223 3276 ostendat;
1259 3221 1318 3265 ut
1343 3213 1486 3281 quod
1508 3226 1572 3266 ex
1603 3212 1811 3281 opiﬁcis
1843 3213 1958 3266 ine-
1988 3196 2032 3255 C
2068 3222 2184 3259 rum
2201 3196 2804 3281 canongiptattétgritate
2818 3205 3072 3281 decernat
3094 3196 3633 3281 tantitanti/nou.

378 3308 472 3370 pta
504 3305 894 3368 compositione
925 3305 1244 3373 despicitttr,
1278 3306 1408 3358 tanti
1455 3305 1658 3359 laboris
1701 3304 1962 3373 obsequio

381 3394 809 3447 connuendetur.
844 3394 914 3447 At
936 3396 1003 3457 si,
1033 3397 1176 3463 quod
1208 3410 1314 3450 non
1346 3396 1643 3459 credimus,
1675 3395 1752 3448 sic
1776 3395 1955 3449 liturzte

385 3496 772 3550 usquequaque
801 3484 1049 3538 videatur
1070 3485 1356 3550 obnoxius,
1383 3496 1441 3538 ιιι
1464 3485 1661 3553 corrigi
1707 3493 1963 3552 nequeat,

384 3581 675 3641 antequam
720 3575 771 3628 in
808 3576 1075 3645 publicam
1129 3577 1377 3631 notitiam
1423 3576 1727 3645 proferatur
1754 3615 1769 3639 ,
1826 3576 1963 3629 edax

387 3680 509 3717 emn
540 3664 753 3719 ﬂamma
780 3677 1083 3723 consumat.
1120 3667 1187 3723 Ut
1217 3668 1346 3722 illud
1388 3668 1477 3722 hic
1511 3683 1617 3721 non
1668 3667 1965 3735 incongrue

386 3759 556 3823 possit
586 3759 781 3825 aptari.
816 3759 1027 3813 habetis
1054 3761 1258 3821 Aaron,
1306 3770 1361 3812 et
1404 3759 1515 3812 llnr
1548 3759 1823 3813 vobiscum
1853 3798 1868 3821 ,
1919 3757 1964 3811 si

388 3846 514 3912 quid
544 3855 726 3900 natum
760 3847 918 3904 fuerit
947 3851 1282 3917 quaestionis,
1312 3849 1558 3904 referetis
1585 3850 1651 3903 ad
1696 3864 1810 3902 eos.
1850 3847 1964 3900 Non

388 3935 529 3990 enim
570 3938 701 3991 ntihi
756 3939 978 4007 pudoris
1039 3950 1124 3995 est
1174 3940 1492 3996 oblitterare
1546 3940 1688 4009 quod
1738 3938 1961 3999 scribo,

385 4025 515 4079 dium
566 4043 669 4083 non
718 4031 1036 4086 erubescam
1075 4031 1243 4086 libere
1294 4030 1540 4086 conﬁteri
1578 4030 1721 4098 quod
1764 4028 1967 4090 credo;

390 4126 449 4171 ut
481 4120 571 4188 qui
602 4130 755 4174 notat
782 4122 1074 4189 elinguem,
1107 4124 1278 4191 possit
1306 4138 1663 4191 compensare
1690 4121 1926 4173 lidelem.

722 4210 803 4263 St
834 4229 1019 4265 nomen
1065 4213 1276 4265 Domini
1307 4214 1651 4267 benedictum.

919 4324 1147 4378 CAPUT
1192 4324 1435 4379 XXXIX.

678 4407 952 4479 Supeiiori
984 4412 1249 4483 Opusculo
1269 4414 1685 4484 superadditum.

466 4492 735 4554 Libellum
763 4503 907 4557 hunc
932 4522 1031 4567 ego
1073 4507 1222 4559 rudis
1265 4516 1321 4560 et
1367 4507 1652 4576 imperitus
1691 4510 1792 4561 sub
1830 4522 1966 4575 qua-
1999 4542 2045 4599 ι)

392 4588 521 4641 dam
548 4591 877 4660 scrupulose
905 4594 1275 4663 ambiguitatis
1300 4597 1654 4666 suspensione
1682 4597 1968 4665 descripsi,

394 4686 561 4747 atque
580 4690 639 4735 ut
660 4683 710 4735 in
734 4683 881 4738 calce
902 4687 1251 4754 conspicitur,
1278 4687 1616 4742 auctoritatis
1641 4686 1970 4757 apostolicae.

392 4766 665 4838 Tempore
687 4782 867 4827 autem
898 4774 1095 4830 Nicolai
1131 4776 1207 4847 (7)
1238 4778 1563 4832 venerabilis
1586 4792 1758 4847 papre,
1787 4792 1975 4830 rursus

397 4858 519 4913 inec
545 4863 770 4927 quaestio
802 4875 941 4919 mota
972 4876 1075 4931 est,
1108 4882 1173 4922 ac
1196 4868 1400 4922 diutius
1441 4867 1699 4920 ventilata
1731 4883 1745 4931 ;
1789 4881 1974 4919 verum

396 4956 523 5017 post
550 4949 809 5016 plurimos
836 4956 1194 5008 certaminum
1225 4955 1441 5021 fluctus,
1494 4964 1614 5026 post
1665 4955 1973 5008 nutantium

401 5038 635 5108 denique
670 5044 1025 5110 quzestionnm
1064 5047 1314 5115 perplexa
1352 5064 1412 5101 ac
1442 5049 1657 5101 sinuosa
1684 5046 1975 5108 volumina,

406 5128 474 5181 ad
525 5129 666 5185 hunc
707 5133 920 5187 tandem
968 5133 1240 5200 judicialis
1289 5136 1571 5189 sententiae
1623 5135 1850 5187 limitem
1895 5150 1981 5187 res

405 5218 654 5285 expedita
703 5223 982 5289 pervenit;
1015 5235 1069 5275 ut
1108 5224 1370 5277 hactenus
1417 5239 1446 5275 a
1488 5222 1817 5276 Simoniacis
1861 5238 1983 5289 gra-

410 5306 549 5360 tuito
586 5312 887 5363 consecrati
911 5352 923 5370 .
958 5311 1009 5364 iu
1043 5312 1249 5380 adepta:
1280 5310 1560 5379 dignitatis
1608 5310 1814 5363 honore
1858 5325 1979 5378 pcr-

404 5398 706 5465 sisterent;
742 5403 969 5455 necdum
996 5418 1121 5455 vero
1149 5401 1422 5469 promoti,
1465 5401 1532 5454 ab
1579 5400 1686 5453 illis
1727 5400 1791 5451 ad
1836 5400 1981 5452 ordi—

405 5502 533 5542 nem
575 5493 795 5558 provehi
823 5493 888 5547 de
916 5502 1113 5547 czetero
1134 5492 1405 5546 licentiam
1430 5506 1533 5544 non
1565 5490 1845 5543 haberent.
1873 5487 1982 5542 llac

406 5578 621 5633 scilicet
648 5582 1080 5637 consideratione
1102 5590 1336 5645 servata,
1363 5589 1419 5633 ut
1442 5596 1541 5634 nec
1571 5593 1669 5648 pro
1696 5577 1984 5631 severitate

480 5670 561 5741 (6)
612 5672 922 5727 Ravennam
976 5676 1150 5728 natale
1181 5676 1377 5737 solum,
1406 5672 1656 5740 intelligit
1682 5669 1738 5723 S.
1772 5670 1978 5722 doctor.

2067 3292 2117 3343 p.
2150 3291 2229 3335 In,
2257 3274 2341 3327 tit.
2365 3274 2456 3335 20,
2478 3274 2673 3345 cap.7,
2698 3287 2910 3345 paragr.
2940 3272 3014 3342 l.)
3050 3292 3067 3322 ι
3094 3269 3205 3325 Hoc
3237 3272 3287 3345 in
3314 3271 3429 3345 loco
3452 3269 3503 3319 in
3527 3282 3638 3345 nta-

2067 3338 2359 3412 nnscriptis
2391 3338 2669 3396 codicibus
2698 3338 3044 3412 librariorum
3091 3340 3281 3412 procul
3304 3338 3465 3412 dubio
3490 3338 3636 3389 osci-

2066 3407 2528 3467 tantia'mendum
2573 3412 2855 3480 irrepsisse
2893 3407 3111 3464 omnino
3159 3407 3485 3480 credendum
3533 3415 3635 3457 est.

2065 3481 2508 3553 Quandoquidem
2532 3494 2657 3553 cum
2683 3476 2853 3553 sancti
2885 3480 3120 3553 doctoris
3169 3476 3434 3553 sententia
3472 3482 3634 3553 esset,

2066 3547 2187 3605 cium
2234 3547 2429 3605 summi
2478 3550 2786 3615 pontiﬁcis,
2820 3559 2929 3604 tum
2976 3551 3117 3618 regis
3166 3548 3251 3601 vel
3298 3547 3640 3612 imperatoris

2068 3636 2263 3674 tnunus
2297 3620 2441 3673 circa
2472 3619 2785 3686 populorum
2814 3620 3048 3691 regimen
3083 3618 3390 3691 ostendere,
3422 3630 3527 3667 non
3556 3622 3641 3691 est

2068 3691 2385 3759 putandum,
2416 3701 2479 3740 ea
2530 3685 2649 3756 qua:
2705 3697 2829 3742 sunt
2867 3685 3137 3759 pontificis
3184 3685 3638 3759 att_ribttere_regi

2069 3752 2300 3813 voluisse
2330 3773 2345 3821 ;
2371 3770 2489 3826 cum
2519 3752 2691 3811 ainhze
2742 3752 3037 3826 potestates
3082 3757 3204 3825 jure
3241 3755 3423 3808 divino
3466 3752 3533 3804 ah
3561 3752 3639 3803 in-

2067 3830 2241 3882 vicem
2270 3825 2696 3895 sintgdistinctze,
2745 3825 2804 3881 ut
2846 3835 2996 3895 patet
3031 3840 3100 3879 ex
3130 3840 3176 3879 c.
3225 3826 3531 3895 Duo_sunt,
3583 3828 3643 3895 et

2068 3899 2308 3974 distinct.
2335 3893 2439 3974 96,,
2479 3896 2694 3974 cap.__Si
2724 3890 3023 3974 imperator,
3060 3904 3115 3947 et
3149 3909 3279 3974 cap,
3321 3890 3641 3974 Solit¢,nde

2072 3967 2363 4036 majoritat.
2393 3972 2448 4016 et
2475 3959 2722 4019 obedien.
2750 3964 3113 4036 Quamobrem
3147 3959 3237 4036 ubi
3267 3962 3321 4015 in
3354 3970 3504 4014 textu
3538 3959 3639 4012 Da-

2070 4032 2234 4092 ntiani
2265 4036 2484 4096 dicitur,
2508 4043 2561 4086 et
2588 4050 2681 4088 rex
2705 4050 2825 4101 cum
2850 4035 2961 4088 suis
2982 4032 3273 4101 episcopis,
3296 4041 3423 4101 etc.ﬁ,
3452 4043 3641 4101 neces-

2071 4108 2218 4161 sario
2240 4103 2521 4174 legendum
2544 4113 2662 4168 est;
2692 4100 2769 4173 (el
2787 4096 3029 4171 pontifei
3048 4096 3183 4157 cum'
3194 4102 3305 4155 suis
3328 4096 3641 4220 episcopjg)

2071 4185 2129 4220 ut
2162 4176 2333 4220 cuivis
2370 4182 2621 4220 constare.
2649 4181 2825 4220 notest
2869 4172 3239 4220 antecedentia
3279 4186 3401 4220 cum
3455 4183 3515 4220 su
3558 4182 3641 4219 se-

2069 4185 2129 4229 ut
2162 4172 2333 4229 cuivis
2370 4182 2621 4227 constare
2649 4172 2825 4243 petest
2869 4172 3240 4243 antecedentia
3279 4186 3401 4224 cum
3455 4172 3641 4243 subse-

2070 4246 2355 4314 quentibus
2385 4252 2635 4314 accurate
2651 4237 2979 4314 conferenti.
3008 4241 3111 4314 sed
3159 4251 3212 4293 et
3238 4250 3440 4314 textum
3486 4237 3642 4290 modo

2072 4310 2290 4366 allatum
2329 4320 2408 4379 (ut
2430 4310 2628 4379 aliquid
2660 4310 2889 4379 amplius
2916 4311 3001 4364 hic
3034 4310 3296 4379 dicamus)
3325 4317 3639 4379 corruptum

2072 4383 2236 4435 fuisse
2266 4375 2421 4436 exeo
2462 4375 2798 4449 potissimum
2849 4388 3109 4449 apparet,
3160 4375 3301 4448 quod
3329 4378 3481 4449 idem
3531 4375 3645 4443 ipse

2074 4451 2363 4530 Damianus
2384 4446 2663 4530 postquam
2686 4466 2747 4529 ea
2772 4446 3081 4530 protulisset
3101 4446 3284 4512 verba,
3310 4446 3377 4500 de
3401 4447 3644 4500 Romano

2073 4520 2324 4589 pontiﬁce
2350 4525 2529 4594 statim
2581 4519 2811 4586 subjecit
2836 4537 2855 4594 :_
2883 4519 2971 4572 [lle
3024 4529 3274 4594 tanquam
3304 4530 3506 4594 parens
3527 4528 3645 4594 _pa-

2074 4586 2227 4643 terno
2250 4589 2603 4658 semperjure
2642 4590 2989 4656 prseemineat
3019 4588 3183 4658 ,iste
3239 4586 3424 4658 velut__
3450 4586 3643 4635 unicus

2071 4676 2134 4713 ac
2159 4653 2445 4729 singularis
2482 4653 2707 4713 filius'in
2750 4659 2950 4712 amoris
2995 4657 3134 4709 illius
3178 4653 3513 4723 amplexibus
3559 4667 3645 4705 re-

2110 4729 2333 4782 uiescat.

2110 4746 2333 4782 utescat.

2071 4746 2103 4797 q
2151 4816 2168 4847 ι
2208 4796 2315 4850 Nisi
2346 4800 2488 4853 enim
2521 4808 2667 4851 certa
2720 4797 2851 4851 ﬁdes
2897 4797 3162 4859 haberet,
3204 4808 3325 4847 cum
3376 4791 3647 4860 baptismo

2080 4869 2359 4920 Dominum
2406 4869 2564 4922 simul
2595 4879 2648 4921 et
2702 4867 3057 4920 sacerdotium
3105 4864 3446 4930 suscepisse,
3486 4880 3502 4911 ι
3540 4870 3645 4913 etc.

2082 4938 2343 5002 Quoniam
2367 4939 2729 4991 certissimum
2760 4947 2841 4987 est
2879 4935 3240 4987 sacerdotium
3292 4933 3509 4986 Christo
3532 4969 3546 4991 ,
3591 4940 3649 4981 ut

2090 5007 2288 5059 homini
2318 5008 2627 5068 convenire,
2658 5018 2712 5057 ct
2742 5006 2812 5057 illi
2843 5005 3020 5057 omnia
3045 5004 3279 5064 dona,et
3320 5002 3649 5054 charismata

2089 5078 2139 5128 in
2175 5079 2389 5129 instanti
2424 5076 2635 5128 unionis
2676 5073 3021 5143 hypostaticze
3060 5073 3253 5143 collata
3304 5071 3467 5143 fuisse.
3493 5108 3509 5131 ,
3542 5083 3649 5143 non

2090 5158 2263 5213 potest
2310 5146 2603 5215 sustineri,
2648 5136 2788 5211 quod
2839 5142 3136 5215 Dauni-anus
3171 5142 3272 5194 hoc
3318 5140 3435 5215 loco
3485 5136 3653 5215 refert

2087 5210 2359 5266 Christum
2388 5214 2440 5267 in
2467 5210 2732 5281 baptismo
2760 5212 3091 5265 sacerdotem
3115 5210 3525 5281 factumfuisse,
3550 5210 3653 5257 nisi

2090 5283 2228 5335 forte
2256 5280 2551 5352 intelligere
2594 5281 2864 5352 voluerit,
2898 5281 3096 5352 Christi
3150 5280 3507 5352 sacerdotium
3546 5289 3653 5327 nott

2090 5351 2302 5419 quidem
2336 5353 2386 5404 in
2413 5347 2677 5419 baptismo
2697 5350 2968 5412 collatum,
2997 5350 3090 5403 sed
3120 5350 3313 5419 aliquo
3340 5347 3495 5419 modo
3550 5359 3653 5394 ma-

2090 5416 2328 5473 nifesmri
2363 5416 2588 5488 cmpisse
2614 5437 2627 5483 ;
2658 5421 2797 5473 sicut
2827 5420 3057 5487 theologi
3103 5419 3261 5471 verba
3287 5418 3373 5468 illa
3396 5416 3653 5480 interprco

2093 5501 2271 5542 tantur
2295 5508 2306 5541 :
2344 5490 2432 5559 (Et
2459 5489 2615 5543 Jesus
2640 5488 2953 5559 proficiebat
2978 5488 3341 5559 sapiettlia,_et
3367 5494 3526 5538 :ctatc
3551 5520 3566 5543 ,
3604 5488 3653 5559 cf

2095 5560 2269 5629 gratia
2294 5548 2435 5629 apud
2465 5548 2652 5623 Deum,
2681 5569 2736 5613 et
2764 5558 3010 5613 homines
3039 5548 3193 5628 (Luc.
3220 5554 3305 5627 tt])
3330 5572 3345 5620 ;
3381 5569 3486 5607 nou
3510 5548 3653 5618 quod

479 5735 563 5811 (7)
588 5741 788 5798 Leonis
806 5744 877 5803 ιχ
905 5744 1056 5812 cujus
1086 5735 1392 5814 epistolam,
1426 5735 1864 5797 manu'cxaratos
1886 5738 2054 5794 secuti
2087 5738 2319 5802 codices,
2351 5738 2402 5792 itt
2424 5737 2668 5806 opusculi
2701 5737 2964 5807 principio
2992 5735 3297 5805 posuimus.
