4018 6194
350 377 453 434 159

812 372 869 426 S.
898 370 1099 427 PETRI
1139 367 1423 425 DAMIANI
1459 367 1612 424 OPP.
1640 367 1878 426 TOMUS
1916 370 2046 428 SEU
2085 370 2265 428 PARS
2301 369 2385 426 Ill.
2416 370 2868 429 —0PUSCULA
2903 372 3132 429 VARIA.

3513 378 3615 434 {60

349 504 578 563 gutn,_c.
627 487 682 540 4.
711 486 777 540 Ει
800 484 1029 539 fortasse
1073 484 1176 563 h_o_c
1227 483 1401 563 ipsum
1454 479 1641 563 Patres
1687 497 1928 563 sensere,
1955 490 2003 545 Α
2032 484 2101 563 ad
2124 484 2418 539 Ecclesiam
2441 483 2764 563 catholicam
2786 484 3075 563 redeuntes
3095 486 3404 563 baptizandi
3433 502 3612 547 erant.

349 549 605 632 quoniam
641 571 705 609 ex
756 569 943 609 eorum
996 552 1177 607 verbis
1210 549 1346 604 nihil
1377 549 1608 671 amplius
1638 550 1928 621 coHigitur,

349 644 509 671 annm
540 626 682 671 nnml
724 624 838 671 Heli
869 624 937 671 ob
974 638 1077 671 non
1122 623 1397 671 increpata
1430 619 1461 671 fi
1489 635 1662 671 torum
1704 619 1928 671 ﬂagitia-

349 619 510 700 rinam
540 626 682 700 quod
724 624 838 678 Heli
869 624 937 677 ob
974 638 1077 700 non
1122 623 1397 690 increpata
1430 619 1662 675 filiorum
1704 619 1929 692 ﬂagitia,

350 693 415 756 eo
449 693 638 751 mortis
666 709 862 763 genere
896 693 1079 763 periit.

425 786 447 818 ε
476 758 963 818 Animadvertimus
1001 777 1030 814 a
1074 760 1455 822 Paulianistis,
1503 758 1733 829 aliisque
1762 761 1933 815 haere-

350 837 474 891 ticis
525 834 800 902 Spiritum
832 840 1077 902 sanctum
1108 847 1236 902 non
1258 829 1932 902 habentibus_h_aptizatos

349 898 611 973 baptizari
659 901 996 973 regulariter.
1029 901 1241 973 rQuod
1288 898 1837 973 asserit_146’_hoc
1876 901 1929 956 in

351 968 468 1029 loco
517 968 746 1027 sanctus
801 973 1010 1033 doctor,
1064 971 1368 1039 baptizatos
1415 984 1442 1022 a
1480 968 1827 1025 Paul—ia’ttistis
1880 980 1937 1027 et

349 1042 779 1111 Cataphrygibus
809 1042 1060 1111 (quorum
1113 1040 1314 1111 mentio
1354 1042 1412 1092 lit
1456 1039 1508 1092 in
1552 1039 1689 1111 ο.βὶ
1733 1041 1860 1111 quis
1892 1056 1931 1111 ι,

390 1150 407 1167 .
456 1109 508 1172 ll
542 1109 684 1166 st‘ad
720 1110 1013 1165 Ecelesiam
1043 1110 1348 1172 rediissem,
1382 1124 1447 1161 ex
1479 1109 1690 1162 concilii
1730 1109 1933 1166 Nicatni

390 1150 407 1167 ο
456 1131 508 1182 1)
542 1131 584 1166 Si
619 1131 684 1165 at]
720 1131 1013 1165 LCClcSIalll
1043 1131 1348 1172 τειιιιδδεηι,
1382 1131 1447 1161 cx
1479 1131 1690 1162 CUIICIIII
1730 1131 1933 1166 ηιωειιι

350 1131 568 1237 ﬂecrelo
622 1196 806 1235 verum
856 1189 937 1233 est
964 1220 977 1237 .
1019 1179 1271 1247 quoniam
1306 1193 1479 1245 neque
1510 1176 1786 1233 Christum
1816 1195 1935 1234 cre-

349 1252 549 1306 debant
569 1266 688 1305 esse
715 1250 1010 1311 hominem,
1036 1264 1209 1317 neque
1232 1248 1494 1316 Spiritum
1517 1259 1765 1317 sanctum
1796 1264 1929 1303 con-

350 1320 670 1384 fitebantur;
724 1334 788 1373 ac
835 1319 1062 1386 proinde
1112 1316 1233 1373 eum
1282 1332 1471 1386 eorum
1521 1316 1820 1385 baptismus
1870 1319 1923 1372 in

349 1390 566 1445 nomine
597 1397 799 1447 sanctae
837 1385 1134 1444 Trinitatis
1185 1402 1291 1442 non
1331 1385 1697 1453 conferretur,
1730 1388 1924 1443 merito

362 1598 747 1624 μ-

2034 553 2149 626 _Nou
2182 562 2359 626 tamen
2391 552 2718 626 generaliter
2742 552 3183 626 censendumesi
3213 557 3518 626 baptizatos
3547 563 3617 616 ab

2035 623 2308 677 itaareticis
2355 623 2768 692 rebaptizaudos
2796 637 2934 688 esse,
2966 634 3024 677 ut
3066 623 3475 682 Donatistarum
3504 630 3617 685 ha:-

2035 694 2191 757 resis,
2236 702 2422 746 contra
2454 708 2613 761 quam
2647 702 2865 747 sanctus
2896 694 3231 760 Augustines
3275 705 3493 752 strenue
3523 700 3617 753 de-

2034 762 2285 825 certavit,
2311 762 2474 830 impie
2494 760 2810 815 afﬁrmabat.
2834 762 3006 816 Porro
3028 780 3191 832 quam
3220 781 3342 819 vera
3369 769 3613 823 doctrina

2039 832 2111 885 sit
2132 832 2199 887 ab
2227 832 2495 904 luereticis
2518 832 2680 904 etiam
2713 832 3017 904 baptizatos
3047 836 3098 888 iu
3132 834 3302 888 forma
3339 835 3615 904 Ecclesiae,

2040 916 2145 954 non
2202 915 2321 956 esse
2378 901 2830 968 rebaptizandos,
2897 902 3175 958 evidenter
3240 901 3617 962 demonstrant

2040 970 2346 1025 scholastici
2378 971 2429 1023 in
2457 972 2489 1023 4
2529 978 2668 1025 sent.
2697 972 2823 1025 dist.
2852 972 2886 1024 4
2913 1013 2927 1036 ,
2960 983 3154 1039 qua-st.
3201 975 3371 1039 unic.,
3403 984 3457 1029 et
3487 991 3614 1029 san-

2038 1050 2159 1094 ctus
2187 1040 2382 1095 Thom.
2404 1050 2554 1163 Xart.
2590 1056 2672 1106 ιιι,
2705 1050 2899 1110 quaest.
2932 1040 3022 1107 66,
3051 1054 3156 1096 art.
3178 1043 3231 1106 9,
3264 1053 3423 1113 atque
3451 1048 3616 1101 etiam

2041 1109 2095 1162 in
2134 1126 2253 1163 can.
2307 1110 2373 1163 de
2456 1110 2620 1163 rianis
2647 1149 2660 1163 .
2700 1125 2819 1163 can.
2866 1112 2941 1163 Ab
2970 1114 3219 1163 antiaua.
3256 1113 3331 1163 De
3369 1129 3614 1163 censear.

2041 1109 2095 1182 in
2134 1126 2253 1178 cap.
2307 1110 2373 1165 de
2404 1109 2620 1163 Arianis
2647 1149 2660 1173 ,
2700 1109 2819 1179 cap.
2866 1112 2941 1164 Ab
2970 1114 3219 1182 antiqua,
3256 1109 3614 1170 De'consecr.

2040 1180 2165 1234 dist.
2201 1182 2253 1243 4,
2285 1194 2447 1247 quam
2490 1181 2813 1234 sententiam
2843 1180 3171 1236 cardinalem
3218 1193 3463 1238 nostrum
3501 1200 3617 1239 am-

2039 1250 2315 1372 plejfjatum
2360 1262 2574 1318 quoque
2603 1248 2790 1309 fuisse.
2816 1265 2880 1304 ex
2908 1250 3024 1320 ejus
3048 1253 3227 1307 verbis
3253 1253 3618 1308 certissimum

2041 1334 2099 1372 re
2182 1329 2309 1372 lllll‘.

2041 1329 2309 1373 redditur.

2385 1386 2465 1443 Sit
2497 1402 2681 1441 nomen
2712 1388 2923 1443 Domini
2953 1391 3296 1447 benedictum.

928 1754 1283 1829 “7m
1364 1772 2211 1890 OPUSCULUM
2301 1772 3055 1941 SEPTIMUM

782 2011 1067 2074 LIBER
1112 2009 1904 2084 GOMORRHIANUS,
1950 2011 2068 2071 AD
2115 2009 2489 2071 LEONEM
2537 2013 2637 2073 IX
2679 2014 2895 2078 ROM.
2943 2018 3198 2081 PONT.

348 2354 744 2411 Ancuusurml.
778 2386 846 2393 —
875 2353 1175 2430 Νρίῖιηίιηψ
1208 2364 1260 2409 et
1293 2352 1610 2430 detestabile
1651 2352 1857 2430 crimen
1880 2393 1895 2415 ,
1944 2352 1996 2405 in
2039 2354 2182 2422 quod
2218 2354 2328 2430 Deo
2373 2354 2533 2408 dicati
2564 2354 2645 2408 sui
2680 2354 3403 2430 temporisprolabebantur,
3435 2361 3620 2430 deplo-

426 2437 539 2490 rat;
589 2440 790 2491 eosque
830 2434 1016 2492 utpote
1048 2425 1294 2493 indignos
1337 2442 1365 2477 a
1418 2424 1591 2477 sacris
1640 2422 1924 2476 ordinibus
1984 2424 2339 2476 removendos
2404 2440 2524 2478 esse
2581 2422 2884 2490 contendit;

2935 2425 3275 2497 Leoncmque
3313 2425 3619 2500 pontificem

423 2494 730 2547 Romanum
760 2495 1032 2564 implorat,
1065 2503 1118 2547 ut
1154 2504 1260 2547 tam
1294 2494 1434 2548 fiede
1462 2502 1749 2563 peccantes
1775 2507 1871 2546 sua
1896 2493 2220 2546 auctoritate
2249 2503 2521 2547 coerceat.

776 2667 1022 2723 LEUNlS
1060 2667 1130 2723 ix
1170 2664 1534 2732 EPISTOLA,

529 2762 647 2829 Qua
690 2763 775 2814 hic
802 2762 972 2814 sancti
1012 2761 1108 2813 viri
1139 2759 1343 2812 libellus
1389 2760 1750 2826 conﬁrmatur.

422 2850 531 2905 Leo
562 2853 881 2920 cpiscopus,
924 2866 1113 2904 servus
1152 2864 1429 2905 servorum
1472 2848 1596 2911 Dei,
1638 2846 1836 2902 dilecto
1878 2846 1932 2901 in

351 2941 565 2996 Christo
582 2941 690 2995 lilio
708 2940 889 2994 Pereo
914 2941 1176 3007 eremitaz,
1201 2947 1415 2994 agtcrnae
1436 2936 1781 2993 beatitudinis
1805 2952 1936 3008 gau-

350 3032 517 3086 dium.

421 3121 500 3174 Ad
533 3120 870 3190 splendidum
892 3122 1114 3177 nitentis
1150 3122 1422 3192 pudicitiae
1452 3130 1659 3183 torum,
1701 3118 1776 3174 fili
1806 3120 1936 3175 cha—

350 3212 607 3279 rissime,
675 3213 764 3281 pio
817 3213 1115 3278 certamine
1170 3213 1523 3267 intentionem
1584 3220 1687 3265 tua:
1738 3212 1936 3266 mentis

352 3305 682 3370 pervenisse,
716 3305 949 3370 libellus,
974 3320 1132 3374 quem
1157 3313 1347 3360 contra
1378 3304 1787 3374 quadrimodam
1820 3319 1937 3358 car-

347 3396 488 3449 nalis
515 3397 854 3467 contagionis
881 3396 1248 3467 pollutionem,
1278 3396 1507 3451 honesto
1536 3396 1749 3465 quidem
1772 3395 1933 3466 stylo,

349 3487 442 3537 sel
478 3486 768 3541 honestiori
809 3487 1016 3541 ratione
1043 3486 1281 3551 edidisti,
1313 3487 1616 3541 manifestis
1641 3486 1934 3541 docmnen-

348 3575 421 3628 tis
445 3576 804 3630 commendat.
822 3576 1094 3646 Subegisti
1118 3577 1383 3646 siquidem
1401 3593 1461 3631 ea
1472 3578 1583 3632 rnis
1606 3578 1933 3641 barbariem,

346 3668 440 3734 qui
473 3668 551 3721 sic
579 3669 798 3723 erexisti
826 3668 1109 3723 brachium
1152 3670 1371 3739 spiritus
1397 3672 1654 3728 adversus
1701 3673 1938 3727 libidinis
1999 3719 2008 3728 .

346 3756 784 3811 obscaenitatem.
819 3756 1161 3812 Exsecrabile
1192 3759 1409 3826 quidem
1437 3760 1648 3825 vitium,
1674 3760 1938 3831 longeque

345 3859 460 3908 cht
477 3858 643 3913 egans
667 3845 734 3899 ab
754 3855 977 3905 auctore
1001 3846 1282 3911 virtutum,
1316 3848 1406 3916 qui
1433 3863 1555 3902 cum
1586 3850 1656 3903 sit
1680 3850 1932 3914 mundus,

353 3932 488 3985 nihil
516 3934 756 3989 admittit
799 3934 1164 4003 immundum;
1218 3949 1316 3991 nec
1364 3936 1432 3990 de
1472 3946 1619 3991 sorte
1662 3937 1780 4007 ejus
1816 3953 1936 3993 esse

347 4024 581 4091 poterit,
627 4023 722 4093 qui
764 4024 1000 4079 sordidis
1049 4025 1315 4081 illecebris
1366 4026 1683 4093 subiacebit.
1737 4028 1932 4084 Clerici

349 4128 507 4175 vero,
540 4116 604 4167 de
640 4130 870 4182 quorum
903 4114 1014 4168 vita
1045 4116 1395 4185 spurcissima
1430 4115 1679 4171 ﬂebiliter
1707 4118 1936 4186 pariter-

348 4218 453 4271 que
484 4203 878 4257 rationabiliter
904 4212 993 4257 tua
1024 4207 1306 4273 prudentia
1356 4207 1677 4275 disputavit,
1708 4221 1855 4270 vere,
1881 4217 1937 4262 et

343 4293 572 4347 omnino
597 4308 724 4347 vere
753 4295 819 4347 ad
854 4293 1147 4366 funiculum
1181 4296 1513 4371 hzereditatis
1541 4296 1658 4365 ejus
1686 4313 1791 4351 non
1818 4313 1935 4367 per-

342 4382 547 4445 tinent,
595 4381 659 4435 de
704 4397 812 4450 quo
852 4382 951 4451 ipsi
1005 4382 1339 4451 voluptuosis
1383 4400 1443 4438 se
1487 4385 1935 4443 oblectationibus

342 4470 708 4534 submovent;
734 4470 823 4537 qtti
844 4470 887 4523 si
910 4470 1103 4537 pudice
1125 4481 1600 4536 conversarenmr,
1624 4488 1728 4527 non
1759 4473 1931 4529 solum

344 4558 608 4627 templum
649 4558 738 4612 Dei
790 4568 1069 4624 sanctum,
1124 4561 1218 4615 sed
1266 4561 1440 4630 ipsum
1484 4563 1645 4616 etiam
1679 4573 1929 4619 sanctua-

346 4648 491 4700 rium
537 4646 886 4702 dicerentur:
916 4648 981 4702 irr
1017 4664 1124 4718 quo
1154 4650 1311 4705 niveo
1343 4651 1577 4706 candore
1607 4654 1932 4723 conspicuus

350 4736 441 4791 ille
477 4737 569 4792 Dei
618 4737 801 4808 Agnus
850 4738 1201 4805 immolatur,
1243 4755 1339 4813 per
1367 4755 1526 4809 quem
1576 4741 1720 4797 fmda
1768 4742 1932 4800 totius

346 4825 501 4882 orbis
542 4826 659 4881 lues
705 4827 936 4882 lavatur.
983 4827 1143 4883 Tales
1170 4829 1427 4884 nimirum
1458 4830 1645 4885 clerici
1676 4832 1777 4886 etsi
1823 4847 1929 4887 non

347 4917 639 4970 verborum
672 4957 687 4981 ,
736 4926 913 4971 tamen
961 4933 1185 4986 operum
1230 4920 1536 4975 testimonio
1585 4920 1928 4991 proﬁtentur,

342 5006 477 5074 quia
510 5022 613 5061 non
646 5010 902 5070 existunt.
933 5010 1075 5079 quod
1122 5020 1429 5066 censentur.
1459 5011 1574 5078 Quo
1598 5014 1741 5067 enim
1772 5014 1931 5069 modo

340 5096 581 5151 clericus
609 5102 779 5166 posit
807 5082 926 5153 esse
949 5138 967 5163 ,
1013 5099 1094 5154 vel
1127 5101 1430 5165 nominari,
1472 5102 1561 5171 qui
1594 5104 1814 5171 proprio
1845 5118 1932 5157 ar-

344 5186 516 5239 bitrio
559 5202 663 5241 non
718 5188 907 5242 metuit
934 5203 992 5243 se
1040 5189 1360 5258 inquinare?
1386 5191 1462 5245 De
1502 5192 1769 5259 qualibus,
1800 5193 1931 5263 quia

344 5289 542 5333 sancto
571 5280 753 5335 furore
792 5289 1103 5349 permotus,
1142 5297 1262 5350 qua:
1309 5282 1407 5336 tibi
1437 5282 1759 5338 videbantur
1796 5284 1929 5339 scri-

346 5384 572 5439 pseras;
602 5380 834 5443 oportet,
850 5372 990 5427 sicut
1018 5372 1312 5438 desideras,
1329 5373 1672 5443 apostolicam
1689 5384 1925 5427 nostram

349 5458 759 5526 interponamus
807 5461 1205 5527 auctoritatem,
1260 5472 1523 5532 quatenus
1555 5463 1925 5531 scrupulosam

349 5546 655 5618 legentibus
684 5551 990 5607 auferamus
1031 5552 1392 5616 dubietatem;
1422 5560 1481 5606 et
1519 5560 1731 5605 constet
1757 5552 1928 5606 omni-

351 5634 455 5690 bus
481 5647 688 5693 certum
725 5648 910 5695 nostro
928 5639 1133 5708 judicio
1155 5642 1417 5710 placuisse
1445 5656 1774 5711 quaecunque
1802 5656 1932 5696 con-

353 5730 493 5785 tinet
520 5730 632 5798 ipse
658 5730 866 5787 libellus
888 5732 1150 5787 diabolico
1173 5733 1279 5802 igni
1304 5733 1446 5788 velut
1467 5748 1603 5803 aqua
1630 5734 1923 5803 oppositus.

1958 2665 2007 2725 Β
2035 2662 2201 2731 Igitur
2229 2680 2297 2719 ne
2339 2680 2573 2722 caenosas
2607 2669 2846 2726 libidinis
2888 2671 3144 2741 impunita
3187 2671 3400 2726 licentia
3432 2689 3621 2742 perva-

2041 2762 2227 2821 getur,
2278 2769 2497 2811 necesse
2541 2766 2625 2811 est
2676 2760 2985 2828 apostolica:
3033 2762 3334 2816 severitatis
3383 2778 3619 2833 congrua

2037 2845 2457 2911 reprehensione
2512 2846 2786 2902 refellatur
2813 2890 2827 2913 ,
2859 2859 2913 2904 et
2959 2858 3138 2905 tamen
3185 2851 3404 2922 aliquod
3445 2864 3619 2910 tenta-

2038 2944 2278 2988 mentum
2308 2935 2363 2989 in
2390 2937 2709 2992 austeritate
2738 2948 2988 3007 ponatur.

2108 3025 2247 3080 Ecce
2276 3041 2462 3080 omnes
2490 3027 2587 3095 illi,
2621 3029 2709 3097 qui
2742 3030 2933 3097 quavis
2964 3041 3193 3099 quatuor
3221 3046 3476 3100 generum
3502 3048 3622 3102 qua:

2036 3118 2179 3173 dicta
2211 3128 2359 3181 sunt,
2392 3118 2639 3174 foeditate
2669 3122 3004 3191 polluuntur,
3035 3132 3319 3193 prospecta
3354 3124 3624 3193 aequitatis

2037 3222 2287 3272 censura,
2319 3209 2385 3262 ab
2415 3210 2664 3264 omnibus
2687 3209 3046 3266 immaculata:
3070 3211 3323 3266 Ecclesiae
3343 3212 3619 3279 gradibus,

2040 3306 2149 3352 tam
2178 3314 2455 3353 sacrorum
2483 3314 2749 3356 canonum
2796 3316 2958 3371 quam
2991 3310 3177 3356 nostro
3214 3302 3417 3371 judicio
3447 3301 3625 3369 depel-

2039 3390 2243 3444 luntur.
2274 3390 2379 3445 Sed
2417 3407 2514 3446 nos
2541 3391 2829 3447 humanius
2857 3403 3097 3463 agentes,
3124 3408 3239 3457 eos,
3269 3394 3357 3461 qui
3392 3393 3475 3447 vel
3501 3408 3625 3462 pro.

2038 3483 2171 3550 priis
2202 3481 2472 3547 manibus,
2516 3483 2599 3537 vel
2638 3484 2864 3538 invicem
2897 3484 3036 3538 inter
3066 3500 3123 3538 se
3161 3491 3387 3553 egerunt
3417 3498 3621 3547 semen,

2040 3573 2122 3628 vel
2151 3575 2312 3627 etiam
2340 3574 2429 3643 qui
2454 3575 2593 3628 inter
2618 3574 2819 3629 femora
2852 3575 3228 3645 profuderunt,
3252 3585 3305 3630 et
3329 3591 3434 3630 non
3466 3574 3624 3643 longo

2040 3679 2159 3725 usu,
2189 3679 2287 3718 nec
2314 3680 2435 3719 cum
2463 3665 2728 3734 pluribus,
2762 3665 2806 3719 si
2844 3665 3172 3734 voluptatem
3207 3663 3622 3726 refrenaveriut,

2040 3762 2096 3809 et
2121 3755 2277 3824 digna
2302 3755 2633 3823 ptenitudine
2665 3755 2925 3824 probrosa
2953 3756 3241 3810 commissa
3268 3754 3466 3809 luerint
3484 3794 3499 3819 ,
3529 3754 3624 3807 atl-

2042 3845 2179 3898 mitti
2206 3846 2271 3899 ad
2294 3848 2510 3901 eosdem
2541 3846 2759 3916 gradus,
2787 3847 2839 3900 in
2869 3848 3064 3915 quibus
3088 3848 3139 3901 in
3174 3846 3381 3903 scelere
3403 3862 3623 3903 manen-

2045 3928 2162 3997 tes'.
2195 3952 2298 3990 non
2338 3945 2720 4007 permanentes
2760 3936 3009 4002 fuerant,
3046 3937 3239 3992 divina:
3286 3939 3620 3995 miserationi

2041 4028 2230 4081 confisi
2258 4068 2272 4093 ,
2296 4026 2543 4081 volumus
2568 4067 2582 4092 ,
2610 4034 2772 4096 atque
2797 4026 2959 4083 etiam
2984 4025 3267 4095 jubemus;
3299 4027 3476 4080 ablata
3504 4027 3624 4081 aliis

2037 4134 2133 4188 spe
2164 4119 2596 4190 recuperationis
2642 4118 2727 4173 sui
2777 4119 2983 4174 ordinis
3010 4159 3025 4184 ,
3071 4119 3163 4189 qui
3209 4118 3291 4174 vel
3323 4134 3418 4187 per
3464 4118 3621 4188 longa

2036 4216 2277 4276 tempora
2325 4223 2509 4263 secum
2533 4248 2547 4274 ,
2578 4207 2692 4262 sive
2721 4222 2844 4262 cum
2891 4208 3010 4261 aliis
3057 4208 3140 4262 vel
3184 4222 3305 4262 cum
3336 4207 3579 4277 pluribus
3602 4249 3618 4273 ,

2034 4298 2183 4352 brevi
2223 4298 2348 4352 licet
2391 4308 2632 4369 tempore
2658 4338 2673 4364 ,
2699 4298 2941 4367 quolibet
2981 4297 3209 4352 duorum
3241 4296 3500 4352 foeditatis
3530 4311 3621 4367 ge-

2035 4401 2186 4452 nere,
2218 4403 2336 4457 quae
2360 4389 2726 4457 descripseras
2756 4388 3006 4443 maculati
3034 4405 3048 4441 :
3078 4387 3185 4452 vel,
3209 4389 3352 4456 quod
3382 4399 3465 4441 est
3494 4387 3624 4441 hor-

2036 4478 2262 4533 rendum
2327 4478 2471 4532 dictu
2521 4486 2575 4539 et
2622 4478 2850 4543 auditu,
2902 4479 2954 4531 in
2994 4486 3141 4548 terga
3189 4477 3423 4547 prolapsi
3474 4487 3620 4533 sunt.

2034 4565 2234 4620 Contra
2264 4566 2405 4636 quod
2455 4574 2699 4622 nostrum
2745 4567 3053 4637 apostolica:
3100 4566 3393 4620 sanctionis
3434 4567 3624 4620 decre-

2035 4663 2167 4717 tum,
2224 4655 2269 4709 si
2318 4655 2439 4723 quis
2481 4669 2644 4709 ausus
2677 4654 2840 4709 fuerit
2866 4654 2950 4708 vel
2976 4654 3221 4723 judicare
3265 4653 3349 4708 vel
3400 4652 3625 4716 latrare,

2035 4742 2244 4797 ordinis
2270 4742 2350 4797 sui
2389 4758 2448 4797 se
2482 4743 2696 4797 noverit
2730 4742 2968 4811 periculo
2998 4756 3175 4810 agere.
3208 4740 3309 4806 Qui
3338 4740 3480 4794 enim
3514 4753 3620 4793 non

2034 4836 2225 4905 pnngit
2252 4834 2465 4898 vitium,
2493 4835 2587 4889 sed
2618 4833 2821 4903 palpet,
2856 4848 2979 4901 cum
3003 4847 3067 4887 eo
3092 4832 3182 4900 qui
3216 4832 3347 4886 vitio
3369 4832 3620 4895 moritur,

2042 4927 2154 4995 ipse
2182 4940 2396 4995 quoque
2427 4924 2614 4978 mortis
2645 4939 2768 4977 reus
2798 4923 2993 4976 merito
3010 4920 3299 4987 judicatur.
3330 4920 3457 4983 Sed,
3488 4935 3521 4974 ο
3547 4916 3619 4972 ῆιί

2034 5016 2374 5080 charissime,
2426 5013 2860 5068 inenarrabiliter
2906 5012 3145 5082 gaudeo,
3192 5011 3317 5080 quia
3371 5008 3621 5079 exemplo

2034 5118 2138 5161 tua?
2169 5106 2600 5162 conversationis
2628 5104 2871 5168 instruis,
2897 5103 3157 5172 quidquid
3186 5102 3421 5157 oratoria
3446 5101 3611 5154 facua-

2035 5210 2143 5253 tate
2165 5198 2414 5253 docuisti.
2439 5196 2566 5250 Plus
2589 5204 2670 5250 est
2686 5196 2834 5249 enim
2855 5208 3018 5263 opere
3043 5193 3257 5255 docere,
3282 5206 3442 5261 quam
3466 5204 3617 5244 voce.

2034 5288 2371 5356 Quapropter
2398 5294 2617 5339 auctore
2648 5285 2758 5337 Deo
2801 5283 3034 5352 palmam
3061 5280 3333 5335 obtinebis
3359 5278 3616 5343 victorite,

2030 5388 2237 5449 etcum
2268 5376 2375 5430 Deo
2401 5416 2415 5441 ,
2444 5384 2504 5429 et
2549 5374 2783 5444 Virginis
2828 5371 2966 5425 Filio
2988 5412 3003 5435 ,
3035 5370 3302 5425 laetaberis
3332 5370 3382 5421 in
3413 5367 3621 5422 caelesti

2036 5467 2311 5521 mansione
2335 5474 2410 5520 tot
2434 5465 2771 5519 mercedibus
2790 5463 3118 5527 cumulatus,
3146 5468 3278 5531 quot
3299 5460 3497 5528 ereptis
3522 5472 3619 5526 per

2038 5564 2089 5608 te
2130 5569 2159 5606 a
2206 5553 2401 5608 diaboli
2433 5552 2638 5623 laqueis
2680 5552 2849 5608 fueris
2884 5552 3221 5617 constipatus
3259 5556 3315 5604 et
3353 5549 3624 5617 quodamg

2036 5649 2194 5703 modo
2236 5654 2545 5702 coronatus.
