4018 6194
380 292 470 345 Nil

958 400 1345 457 PREFATIO.

448 494 608 568 149
658 492 980 549 Beatissimo
1029 505 1181 562 papa:
1226 489 1413 555 Lsom,
1469 489 1685 547 Penus
1738 489 1959 547 ultimus

366 587 763 639 monachorum
834 596 1048 649 servus,
1121 582 1313 638 debitae
1380 583 1749 639 venerationis
1795 583 1955 640 obse-

369 676 585 745 quium.
1486 686 1493 691 “

444 767 711 831 Quoniam
749 763 1040 834 apostolica
1092 763 1247 819 sedes
1298 764 1538 819 omnium
1591 764 1955 820 Ecclesiarum

365 868 547 910 mater
605 871 727 911 esse
781 873 847 910 ex
892 856 1012 925 ipso
1045 854 1301 911 Veritatis
1344 871 1441 911 ore
1477 858 1842 927 cognoscitur,
1876 856 1957 911 di-

365 963 536 1018 gnum
570 957 675 1011 est,
704 958 763 1001 ut
793 948 837 1001 si
869 946 996 1017 quid
1020 947 1227 1015 uspiam
1264 946 1620 1002 dubitationis
1648 948 1952 1012 emerserit,

364 1041 513 1109 quod
539 1040 603 1092 ad
633 1039 938 1092 animarum
968 1039 1219 1092 videatur
1237 1039 1513 1107 pertinere
1560 1039 1861 1109 negotium,
1885 1039 1953 1093 ad

366 1132 566 1201 ipsam,
599 1130 742 1184 velut
772 1132 837 1184 ad
863 1131 1205 1203 magistram,
1232 1139 1285 1184 et
1316 1131 1713 1199 quodammodo
1747 1128 1951 1184 fontem

364 1222 607 1277 caelestis
631 1221 910 1291 sapientia:
956 1229 1291 1285 recurratur,
1338 1228 1606 1289 quatenus
1632 1234 1699 1273 ex
1731 1219 1821 1273 illo
1848 1235 1953 1274 uno

363 1315 545 1383 capite
593 1314 975 1368 ecclesiastica:
1013 1314 1310 1382 disciplina:
1360 1312 1537 1366 lumen
1574 1313 1817 1381 prodeat,
1846 1326 1953 1381 quo

361 1403 628 1457 discussis
680 1404 1091 1474 ambiguitatum
1131 1402 1390 1466 tenebris,
1422 1412 1592 1456 totum
1620 1416 1817 1471 corpus
1852 1403 1951 1457 Eo-

361 1495 548 1549 clesia:
574 1495 859 1564 perspicuo
882 1495 1128 1550 veritatis
1151 1495 1325 1549 nitore
1357 1493 1638 1549 clarescat.
1668 1493 1948 1560 Quoddam

362 1595 550 1638 autem
580 1584 871 1639 nefandum
906 1593 960 1639 et
1002 1585 1419 1656 ignominiosum
1450 1583 1605 1639 valde
1653 1584 1841 1638 vitium
1893 1584 1947 1637 in

358 1676 569 1731 nostris
598 1676 839 1746 partibus
868 1676 1106 1740 inolevit,
1133 1676 1219 1730 cui
1252 1676 1354 1731 nisi
1391 1676 1650 1730 districta:
1707 1676 1947 1729 animad-

1335 288 1577 346 OPUSC.
1614 288 1723 344 VII.
1754 320 1824 331 —
1851 289 2053 345 LIBER
2096 288 2674 346 GOMORRIIIANUS.

3547 298 3650 354 I62

1982 413 2030 471 Α
2059 415 2183 455 nem
2235 401 2464 471 perdere
2519 402 2875 457 vehementer
2919 404 3365 474 perhorrescunt.
3417 411 3648 476 Quidam

2060 506 2297 561 namque
2344 500 2585 547 rectores
2613 492 2984 549 Ecclesiarum
3016 496 3161 550 circa
3193 498 3296 552 hoc
3317 499 3507 555 vitium
3544 502 3648 557 hu-

2060 582 2332 638 maniores
2379 582 2607 638 forsitan
2658 600 2819 656 quam
2864 587 3134 655 expediat,
3188 590 3434 645 absolute
3463 594 3651 649 decero

2057 682 2193 727 nunt
2220 684 2442 744 propter
2478 684 2587 730 tres
2614 675 2732 729 illos
2763 678 2981 747 gradus,
3031 679 3121 747 qui
3152 681 3400 749 superius
3427 698 3647 740 enume-

2056 765 2161 819 rati
2188 774 2338 831 sunt,
2390 767 2661 822 neminem
2726 783 2755 822 a
2786 783 2885 823 suo
2913 768 3104 825 ordine
3160 772 3357 829 debere
3407 776 3643 845 deponi:

2057 856 2156 911 hos
2185 867 2364 913 autem
2387 858 2726 915 solummodo
2755 876 2862 915 non
2894 862 3133 916 abnuunt
3170 864 3478 935 degradari,
3506 884 3646 935 quos

2057 946 2246 1002 ultimo
2276 956 2398 1002 actu
2443 950 2703 1005 cecidisse
2755 951 3082 1005 constiterit.
3114 952 3265 1008 Unde
3318 955 3395 1020 fit,
3448 966 3508 1010 ut
3549 960 3640 1027 qui

2053 1054 2176 1093 cum
2205 1050 2353 1105 octo,
2385 1040 2469 1095 vel
2502 1044 2667 1096 etiam
2716 1044 2901 1098 decem
2953 1043 3078 1100 aliis
3126 1060 3279 1115 teque
3325 1049 3560 1102 sordidis
3589 1052 3640 1104 in

2036 1128 2194 1184 hanc
2220 1131 2511 1198 nequitiam
2543 1131 2726 1201 lapsus
2747 1146 2867 1187 esse
2896 1135 3264 1202 cognoscitur,
3290 1136 3641 1193 nihilominus

2054 1220 2107 1273 in
2138 1235 2236 1275 suo
2262 1223 2453 1275 ordine
2478 1238 2796 1291 permanere
2814 1224 3077 1277 videatur.
3106 1225 3235 1291 Quae
3258 1227 3444 1295 procul
3476 1230 3640 1282 dubio

2054 1310 2215 1381 impia
2267 1312 2441 1382 pietas
2476 1330 2581 1367 non
2618 1314 2811 1368 vulnus
2843 1324 3108 1385 amputat,
3136 1316 3227 1371 sed
3257 1326 3315 1371 ut
3357 1331 3636 1389 augeatur,

2051 1399 2293 1456 fomitem
2330 1403 2740 1469 subministrat;
2773 1420 2878 1459 non
2928 1407 3223 1475 perpetrati
3271 1408 3441 1463 illiciti
3482 1420 3637 1464 actus

2048 1491 2300 1559 prohibet
2329 1493 2764 1558 amaritudinem,
2802 1494 2896 1549 sed
2947 1497 3294 1564 perpetrandi
3322 1498 3503 1567 potius
3536 1502 3635 1553 tri—

2048 1579 2165 1634 buit
2188 1580 2517 1636 libertatem.
2570 1582 2817 1638 Carnaiis
2845 1585 3044 1653 quippe
3088 1586 3379 1655 cujuslibet
3426 1591 3637 1645 ordinis

2049 1672 2212 1726 homo
2235 1674 2406 1742 magis
2433 1671 2709 1738 formidat,
2732 1682 2785 1728 et
2806 1675 3117 1743 expavescit
3143 1676 3200 1729 in
3225 1687 3513 1747 conspectu
3542 1680 3637 1734 ho-

358 1768 632 1822 versiouis
684 1783 875 1821 manus
927 1769 1249 1837 quantocius
1284 1766 1505 1837 .obviet,
1577 1775 1786 1820 certum
1837 1773 1943 1831 est,
1977 1762 2253 1843 Bminum
2285 1762 2511 1830 despici,
2540 1779 2704 1834 quam
2760 1764 2814 1819 in
2865 1765 3084 1835 superni
3139 1765 3348 1823 Judicis
3383 1771 3639 1826 examine

358 1857 507 1926 quod
536 1856 698 1911 divini
742 1856 943 1910 furoris
980 1856 1189 1924 gladius
1237 1857 1288 1910 in
1323 1855 1609 1909 multorum
1648 1856 1945 1925 perniciem

358 1947 673 2002 immaniter
697 1954 1040 2017 grassaturas
1067 1945 1355 2015 impendet.
1392 1944 1537 1999 Heu!
1564 1943 1944 2013 pudetdicere,

358 2038 524 2106 pudet
558 2046 666 2090 tam
698 2046 850 2106 turpe
878 2036 1140 2106 ﬂagitium
1168 2036 1340 2091 sacris
1389 2035 1611 2089 auribus
1658 2035 1941 2099 intimare;

356 2127 456 2180 sed
493 2126 538 2179 si
572 2128 816 2181 medicus
841 2127 1027 2180 horret
1048 2126 1194 2180 virus
1215 2126 1512 2196 plagarum,
1566 2125 1689 2195 quis
1734 2125 1947 2181 curabit

360 2220 622 2273 adhibere
652 2219 994 2274 camerium?
1042 2219 1098 2273 Si
1145 2219 1211 2282 is,
1243 2218 1335 2288 qui
1360 2226 1648 2273 curaturus
1673 2226 1775 2283 est,
1808 2232 1932 2273 nau-

362 2318 503 2375 seat,
536 2311 657 2378 quis
714 2311 780 2363 ad
822 2310 1206 2364 incolumitatis
1241 2317 1440 2363 statum
1487 2318 1706 2378 pectora
1740 2316 1943 2379 aegrota

358 2400 627 2453 reducat?
657 2400 857 2453 Vitium
884 2400 1048 2470 igitur
1075 2406 1261 2454 contra
1295 2408 1542 2453 naturam
1573 2399 1718 2453 velut
1747 2414 1945 2456 cancer

357 2493 431 2544 ita
466 2491 653 2559 serpit,
684 2505 742 2546 ut
765 2508 1043 2547 sacrorum
1084 2493 1360 2546 hominum
1392 2492 1636 2545 ordinem
1666 2492 1896 2561 attingat
1923 2508 1938 2557 ;

355 2590 413 2634 et
436 2580 707 2633 interdum
745 2590 805 2633 ut
850 2590 1074 2635 cruenta
1121 2582 1290 2636 bestia
1348 2582 1490 2635 inter
1535 2581 1677 2635 ovile
1736 2581 1942 2636 Christi

357 2689 480 2728 cum
522 2682 685 2727 tanta:
714 2673 981 2729 libertatis
1003 2675 1155 2728 saevit
1182 2673 1425 2737 audacia,
1456 2683 1509 2726 ut
1534 2672 1942 2742 quampluribus

356 2763 527 2818 multo
548 2763 820 2818 salubrius
851 2763 1011 2818 fuerit
1039 2764 1093 2818 in
1119 2763 1401 2818 mundana:
1432 2764 1634 2817 militiae
1686 2763 1818 2833 jugo
1849 2766 1942 2819 de-

355 2852 543 2921 primi,
575 2868 735 2921 quam
766 2853 868 2907 sub
912 2852 1188 2925 religionis
1237 2854 1461 2908 obtentu
1495 2862 1603 2906 tam
1636 2852 1804 2907 libere
1832 2852 1939 2907 fer-

358 2958 452 2996 reo
475 2943 585 3011 juri
617 2943 896 2998 diabolicae
940 2943 1240 3015 tyrannidis
1289 2944 1611 3013 mancipari,
1640 2944 1940 3014 przesertim

357 3051 479 3089 cum
511 3036 744 3090 aliorum
783 3037 1077 3101 seandalo;
1108 3051 1231 3091 cum
1288 3036 1503 3092 Veritas
1555 3038 1741 3092 dicat:
1779 3055 1797 3089 ι
1834 3037 1938 3106 Qui

2048 1852 2439 1916 condemnari;
2469 1869 2532 1909 ac
2562 1870 2657 1925 per
2711 1855 2814 1910 hoc
2867 1857 3073 1910 mavult
3128 1857 3422 1925 quamlibet
3452 1860 3636 1914 distri-

2047 1950 2167 2006 ctae,
2191 1943 2487 2011 quamlibet
2511 1946 2768 2000 animosa:
2798 1947 3133 2015 paenitentia:
3181 1949 3453 2005 sustinere
3485 1951 3635 2006 labo-

2048 2044 2185 2096 rem,
2214 2047 2377 2102 quam
2425 2035 2505 2088 sui
2552 2035 2750 2104 gradus
2772 2035 3025 2105 periculo
3071 2037 3351 2108 subjacere
3385 2051 3478 2095 :et
3506 2044 3634 2096 dum
3675 2069 3683 2080 -

2045 2133 2143 2189 per
2169 2120 2519 2177 iudiscretam
2556 2123 2939 2179 discretionem
2975 2141 3083 2181 non
3130 2128 3282 2183 timet
3311 2137 3511 2186 statum
3548 2136 3632 2187 sui

2044 2209 2269 2264 honoris
2297 2212 2571 2277 amittere,
2604 2213 2863 2268 incitatur
2889 2223 2945 2270 et
2971 2216 3251 2286 inexperta
3280 2234 3633 2289 praesumere,

2043 2307 2099 2354 et
2122 2299 2175 2353 in
2199 2300 2284 2355 bis
2308 2316 2427 2371 qua:
2450 2302 2615 2357 invite
2630 2305 2995 2373 praesumpsit,
3029 2306 3233 2362 diutius
3267 2323 3590 2377 permanere
3614 2329 3629 2377 ;

2044 2400 2231 2461 atque,
2269 2402 2331 2448 ut
2377 2394 2451 2448 ita
2498 2395 2750 2461 dixerim,
2805 2398 2931 2452 dum
2988 2398 3097 2454 illic
3158 2414 3266 2455 non
3296 2401 3508 2467 feritur,
3539 2406 3629 2458 ubi

2044 2482 2225 2538 acrius
2256 2483 2417 2546 dolet,
2449 2484 2501 2537 in
2533 2499 2618 2549 eo,
2647 2487 2700 2539 in
2754 2503 2863 2556 quo
2914 2492 3082 2543 semel
3135 2492 3364 2557 corruit,
3397 2508 3631 2549 cmnosm

2042 2570 2417 2627 obsccenitatis
2446 2574 2731 2629 volutabro
2756 2577 2991 2632 molliter
3011 2579 3181 2649 jacet.

2665 2685 2892 2742 CAPUT
2917 2687 3003 2742 III.

2044 2771 2198 2838 Quod
2226 2774 2403 2858 usibus
2427 2776 2775 2857 immunditia:
2803 2778 2991 2858 dediti,
3022 2797 3115 2858 nec
3144 2784 3214 2836 ad
3241 2785 3475 2841 ordinem
3499 2806 3620 2858 pro-

2236 2846 2373 2905 vehi,
2398 2861 2489 2898 nec
2511 2848 2788 2914 persistere
2810 2849 3028 2903 debeant
3042 2851 3162 2920 jam
3183 2859 3428 2923 promoti.

2119 2934 2249 3001 Sed,
2277 2945 2339 2990 ut
2367 2936 2524 2991 nobis
2550 2937 2780 3001 videtur,
2817 2939 2971 2996 valde
3018 2955 3404 3013 praaposterum
3432 2958 3537 3014 est,
3569 2961 3631 3006 ut

2040 3026 2563 3082 consuetudinaliter
2596 3027 2702 3084 hac
2744 3030 3030 3100 purulenta
3070 3036 3389 3106 contagione
3417 3038 3627 3108 fmdati,

355 3126 803 3180 scandalizaverit
826 3142 990 3180 unum
1045 3141 1108 3181 ex
1138 3126 1223 3181 his
1251 3124 1484 3197 pusillis,
1525 3127 1742 3197 expedit
1779 3128 1832 3182 ei
1876 3137 1935 3182 ut

2044 3114 2125 3168 vel
2146 3115 2215 3169 ad
2240 3115 2485 3171 ordinem
2522 3113 2766 3187 provehi,
2822 3118 2904 3174 vel
2942 3121 2994 3175 in
3018 3125 3185 3193 gradu
3218 3128 3515 3196 persistere
3538 3147 3631 3186 au-

355 3216 722 3284 suspeudatur
753 3215 892 3269 mola
924 3216 1160 3270 asinaria
1206 3216 1258 3271 in
1298 3214 1438 3270 collo
1480 3216 1618 3286 ejus,
1648 3224 1701 3270 et
1728 3216 1937 3271 demer-

355 3312 513 3372 gatur
543 3304 597 3357 in
624 3303 951 3374 profundum
1000 3304 1167 3359 maris
1219 3304 1434 3375 (Matth.
1470 3306 1648 3375 xvut).
1683 3324 1701 3356 ι
1737 3305 1802 3359 Et
1832 3306 1937 3361 nisi

356 3396 683 3464 quantocius
713 3396 855 3451 sedis
886 3396 1195 3465 apostolicae
1218 3398 1371 3466 vigor
1396 3407 1674 3461 occurrat,
1707 3414 1813 3452 non
1855 3405 1939 3453 est

356 3486 598 3550 dubium,
626 3489 755 3555 quin
800 3484 1057 3541 effrenata
1108 3488 1346 3557 nequitia
1378 3502 1499 3542 cum
1552 3490 1802 3560 restringi
1848 3504 1931 3543 vo-

355 3575 537 3644 luerit,
566 3592 594 3630 a
620 3592 812 3631 cursus
833 3577 916 3632 sui
944 3578 1144 3648 impetu
1176 3579 1441 3633 desistere
1468 3588 1722 3648 nequeat.

865 3665 1096 3722 CAPUT
1134 3666 1427 3723 PRIMUM.

497 3754 578 3808 De
614 3755 914 3809 diversitate
965 3757 1291 3825 peccantium
1319 3766 1503 3811 contra
1526 3772 1792 3812 naturain.

430 3847 500 3902 Ut
525 3856 705 3901 autem
749 3862 837 3901 res
864 3846 1017 3901 vobis
1067 3856 1180 3901 tota
1218 3861 1316 3917 per
1349 3847 1598 3903 ordinem
1630 3857 1835 3918 pateat,
1865 3866 1935 3905 ex

360 3938 515 4005 hujus
562 3939 815 4008 nequitiae
854 3938 1059 3994 scelere
1109 3953 1342 4009 quatuor
1371 3940 1720 3995 diversitates
1769 3939 1930 3996 fiunt.

357 4024 457 4083 Alii
482 4029 748 4101 siquidem
775 4044 986 4093 secum,
1022 4028 1112 4083 alii
1131 4029 1358 4084 aliorum
1385 4030 1655 4096 manibus,
1681 4028 1770 4085 alii
1795 4031 1938 4087 inter

356 4118 587 4182 femora,
617 4119 707 4173 alii
741 4119 973 4189 denique
1001 4128 1375 4174 consummato
1413 4128 1536 4173 actu
1567 4128 1756 4175 contra
1779 4132 1935 4177 natu-

359 4222 471 4261 ram
500 4207 821 4277 delinquunt
849 4225 864 4271 ;
893 4217 949 4263 et
974 4208 1028 4263 in
1075 4208 1158 4263 bis
1190 4209 1264 4264 ita
1311 4225 1410 4280 per
1457 4212 1656 4281 gradus
1686 4213 1939 4267 ascendi-

358 4309 462 4367 tur,
488 4310 803 4369 utquzeque
858 4300 1159 4370 posteriora
1212 4299 1639 4371 prmeedentibus
1685 4302 1933 4370 graviora

352 4390 687 4459 judicentur.
752 4387 922 4458 Major
949 4389 1214 4459 siquidem
1263 4389 1582 4459 ptenitentia
1630 4388 1736 4445 illis
1764 4389 1935 4461 impo-

2036 3204 2201 3260 deant
2242 3204 2357 3273 jam
2405 3209 2658 3276 promoti.
2694 3209 2829 3277 Quia
2860 3218 2916 3266 et
2952 3213 3149 3269 rationi
3178 3220 3536 3285 contrarium,
3574 3233 3629 3279 et

2037 3298 2315 3353 canonicis
2356 3298 2579 3355 Patrum
2606 3303 2983 3360 sanctionibus
3012 3308 3282 3375 probatur
3311 3312 3622 3369 adversum.

2037 3383 2151 3441 IIoe
2176 3398 2355 3443 autem
2385 3404 2492 3445 non
2524 3392 2593 3447 ad
2619 3394 2723 3449 hoc
2764 3408 2973 3459 assero,
3000 3405 3059 3451 ut
3084 3397 3136 3451 in
3184 3400 3481 3470 majestatis
3528 3421 3621 3462 ve-

2036 3484 2165 3531 strze
2191 3480 2479 3546 praesentia
2528 3481 2820 3537 definitiva:
2859 3486 3143 3541 sententiae
3163 3487 3428 3544 calculum
3450 3494 3627 3562 profe-

2042 3584 2179 3633 ram,
2212 3570 2305 3624 sed
2357 3580 2416 3625 ut
2473 3575 3005 3644 proprizeopinionis
3026 3576 3319 3637 arbitrium
3369 3588 3623 3654 mundam.

2040 3656 2152 3713 Hoc
2172 3674 2364 3731 nempe
2392 3660 2653 3731 ﬂagitium
2708 3665 2853 3722 inter
2872 3678 3069 3722 caetera
3100 3670 3329 3727 crimina
3387 3688 3492 3730 non
3520 3676 3622 3730 im-

2037 3748 2235 3803 merito
2282 3751 2637 3808 deterrimum
2690 3756 2967 3822 creditur;
3000 3758 3436 3830 quandoquidem
3496 3765 3625 3820 illud

2035 3838 2379 3908 omnipotens
2407 3841 2549 3898 Deus
2568 3859 2783 3915 semper
2820 3862 2930 3902 uno
2960 3848 3120 3904 modo
3141 3864 3365 3909 exosum
3399 3854 3622 3910 habuis-

2035 3939 2094 3980 se
2130 3925 2345 3998 legitur,
2387 3941 2585 3986 etcum
2630 3934 2854 4003 reliquis
2883 3936 3030 3992 vitiis
3059 3940 3287 3994 necdum
3319 3957 3416 4010 per
3443 3943 3623 4012 legale

2033 4027 2364 4088 praeceptum
2400 4020 2553 4076 frena
2584 4034 2863 4093 posuerat,
2898 4025 3013 4095 jam
3042 4029 3145 4085 hoc
3170 4030 3434 4088 districta:
3463 4034 3622 4091 ultio-

2034 4112 2121 4167 nis
2155 4112 2628 4171 animadversione
2676 4118 2993 4175 damnabat.
3049 4120 3203 4187 Nam,
3237 4134 3294 4187 ut
3325 4132 3620 4193 taceamus,

2035 4204 2179 4273 quod
2212 4204 2502 4260 Sodomam
2533 4215 2590 4261 et
2608 4206 2969 4265 Gomorrham
3001 4208 3154 4282 (Gen.
3183 4214 3345 4286 tux),
3383 4216 3517 4273 duas
3545 4220 3623 4273 vi-

2035 4294 2228 4349 delicet
2258 4296 2505 4365 egregias
2527 4297 2798 4363 civitates,
2822 4314 3119 4370 omnesque
3157 4301 3415 4360 finitimas
3444 4308 3620 4378 regio-

2034 4400 2153 4449 nes,
2180 4386 2346 4442 misso
2378 4387 2592 4444 cmlitus
2620 4389 2879 4459 sulphure
2905 4400 2962 4447 et
2989 4392 3110 4461 igne
3140 4394 3438 4461 subvertit;
3467 4397 3620 4455 Onan

353 4482 499 4534 uitur
523 4480 619 4550 qui
648 4495 770 4535 cum
806 4480 926 4536 aliis
946 4482 1168 4547 cadunt,
1200 4496 1363 4549 quam
1388 4480 1454 4535 iis
1475 4482 1567 4551 qui
1608 4495 1705 4551 per
1741 4492 1936 4538 semet.
1964 4469 2014 4529 D
2039 4472 2189 4528 Iudae
2217 4475 2382 4529 filium
2430 4488 2652 4547 propter
2687 4479 2789 4534 hoc
2818 4480 3080 4537 nefarium
3124 4484 3303 4540 scelus
3332 4486 3621 4545 immatura

351 4573 497 4642 ipsos
577 4573 935 4638 sordescunt;
993 4582 1048 4628 et
1114 4572 1411 4628 districtius
1463 4570 1778 4641 iudicantur
1840 4575 1932 4645 qui

312 4684 317 4688 ’
353 4679 532 4723 actum
563 4676 966 4731 consummant,
996 4682 1158 4737 quam
1191 4667 1225 4721 ii
1252 4668 1340 4736 qui
1374 4667 1514 4721 inter
1545 4665 1749 4723 femora
1784 4669 1931 4722 coin-

354 4761 667 4829 quinantur.
728 4758 836 4813 Hos
895 4759 1079 4827 itaque
1130 4759 1422 4813 corruendi
1487 4760 1690 4830 gradus
1734 4760 1931 4813 artifex

354 4850 550 4905 diaboli
599 4849 934 4904 machinatio
982 4848 1207 4918 reperit,
1253 4857 1310 4901 ut
1357 4860 1466 4917 quo
1496 4846 1658 4902 altius
1704 4862 1799 4916 per
1836 4862 1931 4903 eos

352 4943 685 5006 ascenditur,
718 4941 1102 5011 ecproclivius
1134 4938 1317 4995 infelix
1351 4939 1528 4993 anima
1554 4940 1618 4993 ad
1661 4940 1937 5009 gehenna-

358 5033 422 5089 lis
442 5033 683 5090 barathri
718 5031 981 5101 profunda
1013 5039 1308 5101 mergatur.
1381 5028 1386 5033 ’

890 5142 1048 5212 150
1083 5139 1309 5195 CAPUT
1340 5138 1402 5192 ιι.

357 5236 507 5301 Quod
550 5236 855 5289 inordinata
908 5245 1166 5288 rectorum
1224 5233 1390 5301 pietas
1421 5232 1596 5301 lapsos
1655 5230 1718 5284 ab
1750 5231 1936 5285 ordine

924 5321 1025 5359 non
1052 5310 1361 5372 compescat.

422 5395 595 5464 Ilujus
624 5412 756 5451 sane
810 5395 1129 5466 perditionis
1151 5393 1369 5448 obnoxii
1400 5408 1538 5465 saepe
1568 5394 1827 5463 largiente
1860 5394 1934 5447 di-

357 5486 474 5538 vina
499 5487 788 5541 clementia
827 5486 1170 5555 resipiscunt,
1202 5493 1364 5553 atque
1392 5486 1456 5539 ad
1503 5483 1928 5540 satisfactionem

355 5576 593 5637 veniunt,
620 5587 675 5630 et
725 5576 1057 5644 pomitentize
1118 5576 1335 5643 quidem
1388 5578 1597 5644 pondus
1635 5574 1931 5644 quamlibet

360 5679 515 5733 grave
538 5666 732 5721 devote
770 5666 1093 5736 suscipiunt,
1142 5664 1579 5721 ecclesiasticum
1611 5681 1739 5720 vero
1782 5666 1931 5721 ordi-

2039 4573 2212 4620 morte
2239 4570 2525 4635 percussit,
2551 4578 2686 4624 teste
2705 4569 3009 4640 Scriptura,
3041 4588 3160 4641 quae
3176 4574 3345 4630 dicit:
3376 4594 3396 4629 ι
3431 4575 3622 4635 Sciens

2037 4653 2189 4710 Onan
2224 4671 2330 4711 non
2355 4659 2456 4712 sibi
2488 4660 2636 4714 nasci
2662 4660 2821 4725 filios,
2859 4662 3126 4718 introiens
3154 4666 3220 4718 ad
3249 4681 3472 4722 uxorem
3506 4668 3622 4727 fra-

2038 4746 2136 4837 tris
2158 4747 2239 4837 sui
2268 4766 2283 4813 ,
2317 4762 2500 4804 semen
2534 4751 2791 4807 fundebat
2821 4753 2871 4806 iu
2900 4762 3128 4819 terram,
3158 4770 3228 4810 ne
3270 4756 3428 4813 liberi
3462 4760 3618 4837 151

2034 4832 2222 4890 fratris
2268 4837 2485 4891 nomine
2523 4848 2878 4894 nascerentur
2925 4858 2939 4894 :
2999 4850 3055 4895 et
3096 4842 3302 4898 idcirco
3355 4832 3623 4913 percussit

2036 4938 2159 4980 eum
2211 4924 2491 4993 Dominus,
2533 4943 2599 4984 eo
2650 4930 2793 4998 quod
2830 4944 2946 4985 rem
3000 4909 3621 4997 detestabilemdaceret

2039 5016 2193 5089 (Gen.
2228 5018 2479 5089 xxxviii).
2512 5039 2531 5071 ι
2567 5019 2623 5073 In
2655 5018 2770 5091 lege
2800 5036 3017 5090 quoque
3037 5022 3275 5079 dicitur:
3308 5043 3332 5076 ιι
3368 5024 3471 5092 Qui
3494 5027 3622 5083 dor-

2038 5111 2219 5166 mierlt
2247 5126 2369 5166 cum
2407 5112 2648 5168 masculo
2678 5114 2820 5168 coitu
2868 5114 3121 5177 femineo,
3153 5127 3382 5187 uterque
3410 5119 3618 5187 operati

2038 5214 2165 5258 sunt
2190 5203 2362 5268 nefas,
2397 5214 2570 5261 morte
2597 5206 2931 5273 moriantur;
2962 5208 3185 5278 sanguis
3206 5222 3398 5262 eorum
3428 5208 3499 5263 sit
3528 5224 3614 5268 su~

2035 5311 2134 5365 per
2160 5311 2253 5351 eos
2275 5295 2459 5368 (Leuit.
2486 5298 2599 5369 xx).
2638 5316 2658 5350 ι

2107 5388 2259 5455 Quod
2289 5399 2465 5442 autem
2496 5391 2562 5443 ad
2591 5389 3019 5444 ecclesiasticum
3042 5382 3285 5443 ordinem
3312 5393 3615 5455 promoveri

2038 5498 2142 5537 non
2171 5483 2382 5547 debeat,
2413 5484 2503 5552 qui
2555 5484 2606 5537 in
2660 5484 2787 5538 illud
2845 5485 3050 5537 crimen
3095 5483 3276 5553 lapsus
3322 5493 3424 5549 est,
3470 5489 3617 5556 quod

2036 5582 2190 5628 vetus
2240 5574 2323 5629 lex
2378 5575 2621 5643 praecipit
2670 5584 2842 5628 morte
2870 5574 3134 5640 danmari,
3165 5585 3398 5630 testatur
3423 5577 3614 5632 beatus

2035 5682 2171 5737 papa
2193 5668 2487 5738 Gregorius
2505 5669 2522 5736 (
2540 5669 2631 5723 lib.
2649 5684 2704 5733 x,
2726 5668 2883 5737 epist.
2904 5669 3013 5740 I5),
3031 5670 3120 5742 qui
3147 5672 3198 5725 in
3231 5671 3344 5726 suis
3369 5671 3614 5742 epistolis
