4018 6194
421 229 524 312 163
880 253 938 309 S.
964 251 1166 309 PETRI
1199 251 1483 308 DAMIANI
1520 250 1669 307 OPP.
1704 249 1938 306 TOMUS
1976 249 2105 306 SEU
2149 251 2327 306 PARS
2369 253 2540 306 ll|.—
2579 251 2942 308 OPUSCUIA
2987 247 3216 306 VARIA.
3583 256 3686 311 164

419 374 644 428 Passivo
673 375 924 440 episcopo
953 369 1162 432 scribit,
1195 368 1385 423 dicens
1415 384 1428 420 :
1461 385 1482 418 ε
1518 366 1661 421 Bene
1707 365 1856 420 novit
1894 363 2003 418 ἶνα·
2031 367 2078 424 Α
2107 365 2540 433 qualemcunque
2599 366 2760 420 habet
2824 364 3218 427 htereditatem,
3271 377 3378 433 qua
3429 379 3689 434 prmsum-

419 464 648 520 ternitas
671 475 874 526 vestra,
901 479 1062 533 quam
1107 462 1270 530 longo
1318 470 1560 529 tempore
1589 459 1876 528 Aprutium
1903 472 1999 527 pa-
2104 453 2308 521 ptione,
2335 461 2456 524 ‘qtto
2479 455 2770 510 temerario
2793 454 2936 509 fastu
2963 454 3014 508 in
3057 453 3315 516 Ecclesia,
3347 469 3467 523 quae
3493 457 3690 510 nihilo-

417 559 605 615 storali
659 555 1022 612 sollicitudine
1051 555 1122 610 sit
1151 555 1471 610 destitutum
1502 570 1517 607 :
1543 553 1632 607 ubi
1660 554 1750 607 diu
1798 552 2001 622 quasi-

2103 542 2283 597 minus
2309 552 2393 597 est
2420 557 2645 612 regnum
2685 543 2800 610 Dei,
2828 543 3070 598 obtineat
3099 543 3318 612 insuper
3338 544 3689 614 dignitatem?

420 653 612 713 vimus,
640 648 729 717 qui
780 647 1018 701 ordinari
1052 647 1347 712 debuisset,
1376 656 1430 702 et
1459 661 1798 716 nequaquam
1829 646 2004 714 potui-

2102 632 2350 703 Nunquid
2377 634 2466 704 qui
2485 634 2723 688 divinam
2745 634 2916 704 legem
2943 633 2997 688 in
3023 632 3230 689 facinus
3270 637 3514 691 cadendo
3537 646 3687 707 post-

419 760 538 797 mns
592 741 864 805 invenire;
897 741 990 795 sed
1047 741 1174 810 quia
1226 741 1568 811 lmportunus
1607 740 1735 794 mihi
1782 740 1894 794 suis
1947 741 1999 793 in

2101 725 2312 792 posuit,
2364 725 2704 781 ascendendo
2748 725 2910 781 etiam
2949 725 3017 780 ad
3046 723 3428 780 ecclesiastica:
3457 727 3687 798 dignita-

418 824 676 895 mmq'bus.
711 834 762 886 in
814 832 1127 900 psaimodim
1177 834 1378 897 studio.
1410 833 1463 886 in
1509 847 1692 888 amore
1738 833 2001 887 οηιίηηίε
2102 815 2172 870 tis
2220 815 2452 869 ollicium
2498 825 2848 874 contemnere
2894 831 2998 872 non
3035 816 3293 871 timebit?
3330 817 3399 872 Et
3427 819 3559 873 nihil
3584 821 3686 875 sibi

415 925 568 977 valde
612 925 881 988 laudatur,
919 932 974 977 et
1024 924 1328 993 religiosam
1373 925 1537 976 vitam
1585 938 1742 992 agere
1771 923 1997 986 dicitur;
2101 915 2364 970 νθδθΐνίην
2396 907 2522 975 "lllia
2580 907 2748 961 Deum
2777 915 3127 961 contemnere
3189 907 3242 961 i"
3289 909 3539 964 omnibus
3580 926 3686 966 ηοη

416 1014 560 1066 hunc
589 1011 836 1065 volumus
864 1022 924 1065 ut
963 1011 1278 1065 fraternitas
1311 1020 1507 1065 vestra
1542 1012 1607 1064 ad
1637 1025 1696 1065 se
1730 1010 2001 1065 faciatvc-
2103 994 2376 1051 ίυηηίάδῑο

414 1104 554 1165 nire,
595 1111 649 1156 et
678 1102 741 1155 de
765 1102 942 1155 anima
973 1117 1067 1154 sua
1103 1102 1411 1162 admoneat,
1447 1109 1719 1169 quatenus
1759 1101 1812 1154 in
1843 1101 2000 1155 bonis
2169 1085 2275 1140 Sed
2304 1087 2406 1140 illis
2430 1087 2673 1156 Prorccl0
2699 1088 2816 1142 hinc
2848 1093 2934 1142 ιει
2959 1089 3269 1158 sileain“er
3306 1099 3388 1144 θδι
3412 1091 3632 1158 indic”.
3655 1107 3689 1150 ³

414 1194 607 1248 studiis
632 1202 840 1248 crescat
868 1209 881 1245 :
911 1201 963 1246 et
987 1193 1030 1246 si
1049 1191 1191 1245 nulla
1225 1192 1272 1244 ei
1299 1191 1550 1254 crimina,
1583 1205 1703 1260 qua:
1747 1205 1842 1259 per
1867 1189 2000 1260 legis

2101 1177 2295 1247 quibus
2345 1179 2553 1233 exstitit
2606 1179 2828 1244 violata,
2864 1189 3001 1234 teste
3053 1179 3355 1250 Paulo,qui
3391 1183 3459 1237 ad
3507 1183 3688 1241 Timo-

411 1299 583 1338 sacrze
624 1282 862 1352 regulam
913 1290 1087 1335 morte
1118 1282 1345 1335 multata
1390 1289 1536 1344 sunt,
1563 1280 1814 1344 obviant;
1873 1291 1999 1335 tunc
2101 1269 2284 1320 meum
2335 1269 2598 1334 scribellsr
2624 1269 2740 1324 θίῐε
2775 1289 2793 1320 ⁴
2825 1269 2980 1325 δυειο
3010 1271 3092 1324 ιθκ
3122 1287 3227 1326 ηοη
3256 1282 3339 1328 θεῖ
3369 1275 3562 1344 Poma.
3592 1277 3688 1332 sed

409 1372 743 1426 ordinandus
773 1380 878 1434 est,
932 1379 990 1424 ut
1033 1371 1115 1424 vel
1147 1370 1466 1430 monachus,
1494 1368 1629 1422 vela
1663 1370 1816 1423 vobis
1867 1369 1996 1423 sub-

2101 1358 2330 1428 injustis,
2357 1361 2535 1430 impiis
2562 1369 2614 1416 et
2663 1363 3067 1431 peccatoribus,
3113 1366 3392 1422 sceleratis
3417 1378 3472 1423 et
3499 1379 3688 1424 conta-

410 1461 825 1526 diaconustiat;
857 1469 913 1514 et
954 1469 1076 1528 post
1107 1460 1440 1528 aliquantum
1497 1459 1775 1529 temporis,
1818 1461 1861 1514 si
1891 1460 2000 1515 Deo
2099 1451 2347 1518 minatis,
2393 1454 2674 1521 patricidis
2721 1463 2778 1510 et
2829 1456 3148 1520 matricidis,
3185 1459 3490 1525 homicidis,
3521 1460 3690 1516 forni-

408 1552 696 1619 placuerit,
731 1552 844 1620 ipse
879 1551 944 1604 ad
977 1551 1302 1618 pastoralem
1339 1566 1526 1605 curam
1554 1551 1748 1606 debeat
1783 1567 1998 1621 promo-
2097 1543 2285 1609 απῖίε»
2329 1552 2385 1598 ει
2437 1545 2800 1600 ηιθεουιοτυηι
2855 1549 3322 1614 οοιιουῙὶίῑοῖῖδυδ.
3376 1552 3682 1623 plagiariiS.

407 1643 540 1695 veri,
596 1661 614 1692 ι
651 1641 789 1694 Ecce
825 1640 911 1694 hic
936 1650 1123 1708 aperte
1161 1640 1452 1709 colligitur.
1493 1641 1620 1710 quia
1642 1641 1885 1709 quisquis
1913 1643 1998 1696 vir
2031 1707 2061 1710 _
2099 1633 2471 1699 mendacibus,
2499 1633 2754 1704 periuris,
2783 1646 2838 1690 ΕΙ.
2861 1637 2906 1691 Si
2929 1638 3057 1708 quid
3079 1638 3226 1693 aliud
3255 1655 3400 1693 sanae
3429 1643 3687 1697 doctrinm

405 1747 528 1786 cum
574 1732 693 1788 viro
741 1707 983 1795 labitur,
1019 1731 1164 1801 quod
1213 1707 1465 1784 nimirum
1496 1707 1692 1794 scelus,
1732 1707 1797 1784 ut
1834 1747 1994 1800 supra
2029 1707 2069 1763 Β
2098 1721 2417 1777 adversam?
2439 1723 2490 1794 (Ῐ
2525 1723 2662 1778 Τίηιο
2691 1726 2758 1795 IL
2791 1744 2811 1779 ³
2839 1727 2971 1780 Dum
3002 1728 3164 1797 igitur
3186 1729 3690 1786 lllHSCIllOI‘llmcon-

407 1821 713 1886 docuimus,
757 1837 854 1890 per
882 1830 1108 1876 vetustae
1131 1820 1264 1889 legis
1288 1821 1614 1876 sententiam
1646 1830 1822 1874 morte
1857 1821 1998 1875 mul-
2095 1807 2454 1872 CUbilOl‘ibuso
2487 1819 2544 1862 ιιι
2600 1821 2878 1866 ostensum
2904 1823 3007 1878 εει,
3047 1814 3132 1869 [ex
3165 1815 3254 1870 illa
3284 1816 3358 1871 εῖι
3394 1819 3591 1886 Ροδίῑδυ
3623 1833 3682 1875 ιιι

405 1918 570 1971 tatur,
597 1912 810 1966 etiamsi
848 1911 1088 1966 honestis
1136 1911 1377 1966 moribus
1421 1911 1639 1980 polleat,
1683 1912 1726 1966 si
1758 1911 1992 1980 psalmo-

2098 1911 2284 1952 sacros
2331 1901 2553 1954 ordines
2597 1909 2866 1958 temerare
2916 1920 3025 1959 non
3077 1908 3330 1972 audeant,
3376 1923 3407 1962 a
3469 1911 3685 1980 quibus,

407 1999 510 2052 dia:
542 1999 722 2052 studio
756 1999 982 2062 ferveat,
1013 1999 1058 2053 si
1113 2000 1166 2053 in
1199 2014 1382 2054 amore
1413 1999 1676 2054 orationis
1708 2000 1993 2067 enitescat,

2101 2003 2247 2058 rogo,
2287 1989 2372 2043 lex
2414 1990 2515 2044 ista
2544 1992 2873 2058 servabitur,
2898 1994 2943 2048 si
2972 1994 3040 2050 ab
3069 1995 3150 2049 his
3173 1998 3461 2068 praecipue,
3491 2001 3688 2069 quibus

356 2109 358 2111 ›
401 2098 461 2142 ει
489 2091 708 2146 omnino
736 2092 1042 2161 religiosam
1068 2091 1232 2145 vitam
1263 2091 1364 2146 sub
1389 2092 1704 2162 approbata,
1727 2091 1886 2147 famas,
1919 2102 1996 2148 te-
2097 2079 2297 2136 indicta
2325 2091 2428 2145 est,
2466 2087 2882 2140 contemnatur?
2909 2087 2973 2140 Et
2999 2089 3043 2141 si
3072 2087 3302 2143 fortasse
3325 2106 3554 2159 persona
3585 2093 3692 2146 uti-

400 2179 660 2234 stimonio
689 2181 851 2236 ducat
878 2199 892 2246 ;
924 2191 1104 2236 reatus
1150 2182 1368 2252 quidem
1411 2182 1804 2252 indulgentiam
1836 2186 1987 2256 plene

2096 2171 2160 2227 lis
2185 2173 2403 2238 dicitur,
2421 2171 2625 2241 iustum
2655 2186 2758 2240 est,
2790 2185 2847 2230 ut
2880 2193 2987 2247 quo
3012 2180 3325 2248 prudentius
3348 2183 3683 2250 ingeniorum

398 2277 580 2338 potest
640 2271 909 2340 accipere,
958 2273 1026 2326 ad
1078 2273 1510 2328 ecclesiasticum
1557 2289 1690 2330 vero
1743 2276 1993 2332 ordine“)
2094 2263 2288 2316 studiis
2311 2263 2479 2334 viget,
2515 2279 2581 2319 eo
2621 2267 2833 2321 CﬂlllillS
2871 2269 3195 2323 authentica:
3215 2271 3513 2325 sanctionis
3534 2287 3687 2326 man-

404 2372 750 2428 nequaquam
777 2363 1114 2430 permittitur
1150 2363 1416 2431 aspirare.
1442 2363 1578 2418 Nam
1633 2381 1755 2420 cum
1800 2368 1866 2421 de
1905 2366 1991 2422 illo

2094 2353 2219 2407 data
2252 2364 2560 2409 conservet.
2593 2354 2971 2427 Unusquisque
2999 2361 3139 2412 enim
3164 2376 3269 2428 quo
3299 2361 3495 2417 melius
3519 2365 3679 2432 sapit,

402 2450 699 2503 venerabili
744 2451 880 2514 vim,
935 2452 1188 2507 videlicet
1231 2452 1567 2522 [mpm-iuno,
1621 2455 1711 2523 qui
1761 2456 1993 2524 primum
2093 2458 2158 2498 eo
2186 2444 2426 2500 deterius
2474 2446 2756 2516 delinquit.
2813 2449 2948 2515 Quia
2981 2439 3364 2504 inevitabiliier
3393 2454 3685 2509 morabitur

401 2547 552 2592 tanto
603 2539 815 2595 fervore
863 2541 1036 2596 laudis
1072 2541 1352 2606 attollitur,
1386 2551 1462 2597 tot
1487 2543 1771 2614 religiosae,
1807 2554 1863 2598 et
1899 2545 1995 2598 ho-
2094 2537 2417 2622 supplicium
2449 2539 2536 2608 qui
2575 2540 2900 2608 prudenter,
2928 2542 2970 2594 si
3008 2542 3283 2602 voluisset.
3313 2544 3489 2611 potuit
3518 2545 3685 2597 evita-

411 2640 580 2686 nestze
602 2631 722 2686 vitae
751 2632 937 2688 infulis
966 2633 1272 2699 redimitur,
1309 2643 1389 2689 tot
1424 2637 1680 2690 virtutum
1711 2637 1994 2705 praeconiis

2095 2641 2153 2680 re
2172 2635 2474 2695 peccatum.
2501 2627 2636 2682 Nam
2671 2641 2729 2684 ut
2781 2631 2973 2685 beatus
3005 2633 3079 2685 ait
3103 2632 3335 2686 Jacobus
3368 2651 3380 2685 :
3421 2654 3439 2684 ι
3477 2632 3681 2689 ὃίίειιῐί

397 2719 719 2785 decoratur;
755 2731 936 2776 tamen
979 2725 1319 2792 postmodum
1344 2724 1545 2778 dicitur
1579 2741 1592 2778 :
1631 2742 1649 2774 ι
1681 2726 1739 2778 Si
1773 2725 1915 2778 nulla
1942 2724 1991 2779 ei
2094 2715 2317 2783 bonum.
2347 2726 2403 2771 ει
2435 2733 2541 2772 ιιοη
2570 2718 2814 2785 facienti,
2845 2731 3126 2790 peccatum
3157 2730 3234 2775 est
3261 2721 3333 2774 illi
3360 2721 3500 2792 (Jac.
3526 2723 3626 2792 tv).
3655 2741 3675 2775 ι

401 2810 654 2875 crimina,
689 2827 810 2880 qua:
863 2827 962 2882 per
998 2827 1168 2868 sacrm
1213 2814 1349 2882 legis
1383 2814 1624 2883 regulam
1656 2825 1830 2870 morte
1859 2816 1994 2869 mul-
2097 2805 2163 2860 Et
2186 2807 2400 2864 Veritas
2427 2809 2562 2864 dicit
2594 2828 2607 2863 :
2646 2830 2663 2863 t
2694 2811 2790 2865 Cui
2815 2811 2932 2880 plus
2960 2813 3338 2877 committitur,
3381 2813 3499 2884 plus
3528 2816 3595 2869 ab
3615 2830 3682 2870 eo

399 2907 510 2970 tata
543 2909 689 2964 sunt,
734 2899 1012 2968 objiciant,
1068 2913 1194 2959 tunc
1240 2904 1573 2959 ordinandus
1617 2914 1719 2961 est.
1755 2925 1776 2958 ο
1837 2905 1994 2962 Patet
2095 2897 2426 2966 requiratur.
2464 2917 2484 2950 ι
2518 2898 2653 2954 Nam
2680 2901 2724 2956 si
2758 2902 2810 2955 in
2838 2902 3051 2957 erudito
3076 2902 3317 2972 quolibet
3344 2904 3460 2958 viro
3503 2904 3680 2959 eccle-

395 2988 662 3056 prorecto,
713 2993 838 3060 quia
883 3007 1042 3061 quem
1077 2994 1298 3066 dignum
1330 3005 1506 3052 morte
1542 2997 1749 3053 crimen
1781 2997 1990 3067 alijeee-
2018 3049 2058 3067 Α
2095 2987 2336 3044 siasticaa
2356 2988 2656 3061 disciplina:
2699 2993 2833 3063 ordo
2883 2992 3252 3060 confunditur,
3284 2995 3479 3049 mirum
3516 2996 3558 3049 si
3610 2997 3679 3050 ab

397 3086 506 3142 rat,
538 3049 794 3148 quaelibet
819 3049 1073 3152 religiosa
1101 3049 1212 3139 vita
1233 3085 1570 3155 subsequens
1591 3088 1659 3141 ad
1690 3049 1982 3158 suscipien-

2092 3080 2373 3151 ignorante
2399 3091 2667 3137 servatur.
2698 3056 2755 3138 Si
2787 3084 2931 3140 enim
2987 3087 3194 3154 peritus
3217 3087 3446 3156 quisque
3475 3087 3678 3142 inordi-

395 3165 524 3220 dum
553 3167 909 3226 ecclesiastici
942 3172 1142 3241 gradus
1159 3173 1403 3230 ordinem
1429 3191 1536 3231 non
1567 3175 1846 3233 reformat.
1878 3177 1990 3234 Nec
2088 3178 2215 3224 late
2256 3169 2326 3224 ad
2374 3172 2620 3226 ordinem
2651 3173 2885 3237 ducitur.
2932 3175 3145 3230 videtur
3175 3177 3572 3245 quodammodo
3619 3193 3680 3232 se

395 3255 544 3311 valet
578 3258 646 3311 ad
675 3259 1030 3316 obtinendum
1055 3261 1279 3319 honoris
1303 3263 1521 3320 culmen
1552 3280 1863 3335 assurgere,
1893 3268 1987 3336 qui
2087 3260 2458 3329 sequentibus,
2489 3269 2565 3328 et,
2618 3271 2676 3316 ut
2705 3262 2779 3318 ita
2811 3264 3009 3330 dicam,
3034 3263 3450 3333 simplicioribus
3477 3267 3679 3322 erroris

391 3345 446 3399 in
481 3348 730 3403 mortalis
773 3349 944 3421 culpae
989 3352 1313 3408 barathrum
1364 3369 1474 3409 non
1515 3355 1814 3427 ambigitur
1847 3357 1988 3412 ceci-
2085 3347 2333 3402 semitam
2383 3357 2654 3416 sternere.
2685 3365 2848 3421 quam
2894 3351 3010 3422 ipse
3037 3364 3442 3422 assressusest.
3474 3355 3679 3409 tumido

388 3436 553 3492 disse.
593 3437 739 3494 Luce
768 3453 900 3511 ergo
925 3441 1125 3499 clarius
1144 3453 1382 3508 constat,
1403 3447 1531 3515 quia
1557 3447 1868 3518 quicunque
1897 3449 1983 3503 di-
2084 3441 2351 3511 superbiae
2373 3442 2509 3512 pede
2546 3441 2763 3498 calcare
2788 3461 2801 3498 :
2833 3455 2889 3498 et
2906 3459 3015 3499 non
3039 3444 3211 3500 solum
3227 3445 3549 3515 iudicandus
3570 3453 3675 3511 est,

387 3534 478 3579 cto
509 3527 669 3582 modo
699 3527 884 3598 lapsus
936 3545 1058 3586 esse
1109 3532 1474 3599 convincitur,
1496 3535 1640 3602 quod
1675 3535 1793 3590 sine
1822 3535 1986 3592 dubio
2085 3535 2210 3603 quia
2233 3535 2508 3605 peccavit;
2542 3536 2639 3591 sed
2666 3537 2832 3592 etiam
2871 3537 2997 3608 quia
3027 3539 3261 3610 propria:
3301 3539 3678 3609 praesumptio-

391 3613 624 3669 mortale
647 3616 853 3671 crimen
883 3629 989 3683 est,
1023 3620 1248 3675 omnino
1271 3630 1463 3676 contra
1503 3636 1674 3678 sacrae
1700 3623 1832 3694 legis
1860 3639 1986 3678 nor-
2085 3622 2171 3677 nis
2194 3624 2440 3694 exemplo
2462 3625 2529 3679 ad
2573 3624 2971 3683 aemulationem
2991 3627 3250 3698 peccandi
3272 3636 3329 3683 et
3365 3625 3502 3682 alios
3539 3627 3674 3684 invi-

396 3718 564 3769 mam,
592 3705 818 3761 omnino
851 3718 1040 3762 contra
1061 3708 1261 3764 divinae
1281 3710 1623 3766 auctoritatis
1651 3705 1892 3778 regulam
1916 3710 1983 3766 ad
2085 3714 2242 3768 tavit.

391 3793 827 3852 ecclesiasticum
855 3798 1102 3854 ordinem
1123 3809 1498 3870 promovetur.
2721 3809 2952 3866 CAPUT
2986 3807 3047 3864 ν.

1007 3889 1240 3946 CAPUT
1265 3891 1352 3946 lV.
2085 3893 2260 3970 Quod
2284 3895 2338 3970 in
2371 3897 2643 3970 reprobum
2693 3915 2902 3952 tensum
2949 3898 3084 3970 lapsi
3111 3909 3254 3962 sunt,
3285 3899 3377 3970 qui
3430 3908 3545 3967 post
3574 3900 3670 3953 hoc

383 3973 443 4030 Si
469 3977 819 4035 ecclesiastica
846 3983 1122 4064 necessitas
1143 3994 1351 4064 poscat,
1361 3995 1554 4064 .utrum
1570 3986 1763 4042 talibus
1777 3989 1874 4042 hoc
1895 3988 1970 4058 of-

1953 3988 1982 4032 ;
2212 3964 2390 4018 vitium
2418 3964 2608 4021 habere
2637 3985 2848 4021 sacrum
2877 3964 3114 4022 ordinem
3145 3964 3540 4038 concupiscunt.

839 4052 1020 4119 ﬁcium
1043 4052 1292 4124 peragere
1333 4055 1510 4110 liceat.
1929 4052 1939 4058 ’
2011 4052 2029 4064 “
2153 4054 2286 4122 Quis
2316 4057 2460 4111 enim
2511 4059 2672 4112 surda
2725 4074 2858 4114 aure
2910 4068 3216 4127 praetereat,
3248 4059 3356 4113 imo
3402 4059 3526 4129 quis
3554 4073 3664 4114 non

453 4135 560 4192 Sed
591 4137 827 4195 fortasse
858 4143 1076 4209 dicitur,
1105 4146 1402 4200 necessitas
1427 4148 1695 4214 imminet,
1725 4163 1978 4218 persona,
2082 4145 2392 4200 ηὶεάιιιὶὶιιιε
2423 4148 2826 4214 οοηῑτθπιίεοοῑ»
2854 4148 2996 4217 (ιυοά
3038 4149 3105 4203 de
3139 4147 3334 4203 ῑθιίὺυε
3357 4148 3663 4218 Αροεῑοῐυεν

381 4241 504 4294 quae
526 4241 742 4283 sacrum
791 4231 846 4287 in
889 4232 1130 4288 Ecclesia
1173 4235 1409 4292 omcium
1439 4249 1686 4306 peragat,
1715 4242 1894 4307 deest;
1925 4253 1981 4296 et
2081 4234 2229 4288 velut
2277 4235 2404 4288 tuba
2462 4237 2772 4301 vehemens,
2823 4239 3051 4304 intonat,
3098 4239 3328 4294 dicens:
3368 4257 3386 4290 ‹
3425 4238 3670 4293 Tradidit

380 4332 624 4387 congrue
651 4322 940 4384 sententia,
966 4339 1085 4392 qua:
1110 4327 1259 4392 prius
1290 4327 1470 4382 divina
1492 4329 1706 4398 iustitia
1738 4331 1976 4386 dictante
2005 4395 2035 4398 λ
2081 4325 2202 4380 illos
2232 4325 2374 4380 Deus
2405 4327 2456 4380 in
2501 4326 2769 4382 desideria
2821 4329 3001 4384 cordis
3045 4345 3259 4392 eorum,
3290 4330 3344 4384 in
3377 4330 3669 4384 imn‘undi—

380 4410 739 4478 depromitur,
783 4413 966 4468 oblata
1016 4431 1196 4470 rerum
1253 4395 1574 4475 necessitate
1605 4421 1862 4476 moUitur.
1891 4423 1974 4479 Ad
2003 4395 2052 4454 D
2081 4417 2229 4480 liam.
2263 4427 2324 4472 ut
2348 4419 2689 4476 contumeliis
2724 4421 2959 4475 alliciant
2989 4437 3218 4491 corpora
3257 4438 3354 4476 sua
3389 4423 3442 4476 in
3470 4430 3668 4476 semel-

378 4504 496 4558 haec
521 4519 620 4574 ego
661 4507 1046 4576 compendiose
1088 4509 1392 4578 respondeo
1423 4529 1435 4564 :
1471 4511 1720 4580 Nunquid
1784 4522 1837 4568 ct
1880 4530 1973 4568 ne-
2074 4505 2215 4576 ipsis
2243 4506 2417 4572 (Rom.
2454 4509 2515 4578 ι).
2556 4529 2573 4560 ι
2608 4511 2671 4563 Et
2700 4511 2858 4580 paulo
2884 4521 3005 4580 post
3048 4530 3061 4566 :
3116 4530 3134 4562 ς
3169 4511 3460 4581 Propterea
3503 4511 3669 4566 tradi-

384 4597 626 4652 nessitas
684 4613 791 4653 non
866 4597 1205 4667 incubuerat,
1263 4617 1386 4657 cum
1434 4604 1757 4673 pontificalis
1815 4605 1971 4660 sedes
2077 4595 2156 4650 ἀίῑ
2200 4596 2318 4651 ίΠοε
2373 4597 2515 4652 θυαε
2561 4599 2612 4653 in
2665 4603 2918 4669 Ρθεεῖοηθ
2961 4602 3286 4670 ἱειιυητῑηεεθ-
3332 4599 3466 4655 Νιῐη
3507 4600 3666 4655 femi“

384 4698 602 4759 paslore
632 4690 907 4746 vacabat?
963 4693 1046 4746 An
1096 4709 1194 4764 pro
1241 4695 1475 4750 utilitate
1524 4696 1683 4752 unius
1736 4697 1968 4752 hominis
2075 4704 2158 4742 nil}
2200 4704 2386 4742 eorum
2441 4691 2863 4745 immutaverunt
2911 4691 3208 4745 naturalem
3261 4707 3416 4745 usum
3460 4691 3511 4744 in
3541 4706 3663 4745 eum

381 4793 614 4833 censura
664 4779 956 4847 dolebitur,
986 4797 1107 4852 quae
1138 4783 1190 4836 in
1221 4783 1572 4840 destitutione
1604 4785 1762 4840 unius
1786 4785 1966 4855 populi
2074 4781 2360 4848 usum,qui
2389 4790 2674 4834 estcontra
2700 4791 2982 4847 naturam;
3013 4782 3262 4838 similiter
3283 4792 3462 4836 autem
3485 4790 3665 4835 etma.

381 4867 542 4936 152
580 4869 900 4926 inconcussa
923 4872 1208 4926 servatur?
1239 4873 1305 4927 Et
1343 4889 1462 4943 quae
1503 4890 1610 4928 non
1651 4875 1878 4929 solvitur
1900 4876 1967 4928 ad
2069 4871 2224 4937 sculi,
2264 4870 2420 4940 153
2448 4870 2633 4924 relicto
2664 4871 2891 4924 naturali
2926 4888 3024 4926 usu
3063 4872 3303 4935 feminaa,
3334 4874 3665 4925 exarserunt

377 4955 678 5025 profectum
706 4959 1006 5013 innumera!
1035 4961 1414 5026 multitudinis,
1437 4964 1722 5018 violabitur
1747 4966 1817 5020 ob
1840 4981 1966 5034 per-
2069 4961 2124 5014 in
2151 4959 2435 5014 desideriis
2464 4960 2578 5013 suis
2621 4960 2674 5013 in
2713 4961 2938 5013 invicem
2968 5001 2982 5025 ,
3034 4957 3256 5014 masc-aii
3304 4959 3358 5013 in
3391 4958 3661 5013 masculos

375 5058 525 5097 sonte
550 5045 895 5099 commodum
927 5045 1254 5116 singularis?
1294 5051 1397 5103 Sed
1442 5049 1556 5117 jam
1587 5053 1701 5121 ipse
1755 5069 1970 5124 quoque
2070 5050 2453 5119 turpitudinem
2490 5058 2777 5118 operantcs
2802 5068 2814 5102 :
2842 5059 2895 5103 et
2937 5049 3262 5114 mercedem,
3309 5063 3472 5116 quam
3497 5061 3662 5115 opor-

377 5135 707 5204 pradicator
727 5138 979 5207 egregius
1016 5141 1243 5194 accedat
1277 5143 1342 5196 ad
1375 5143 1632 5209 uiedium,
1664 5154 1718 5199 et
1745 5147 1968 5214 quidue
2068 5140 2192 5204 ltlil,
2217 5140 2421 5194 erroris
2449 5139 2564 5201 sui,
2597 5140 2648 5191 in
2681 5141 3001 5209 semetipsos
3048 5140 3369 5209 recipientes
3398 5157 3410 5192 :
3439 5147 3493 5192 et
3520 5139 3661 5192 sicut

375 5227 480 5283 hoc
509 5230 639 5284 vitio
669 5230 869 5284 sentiat
894 5233 1212 5298 expressius
1243 5234 1568 5290 innotescat.
1618 5234 1709 5288 Ait
1739 5238 1881 5290 enim
1912 5238 1964 5292 in
2065 5245 2172 5283 ιιοη
2209 5231 2572 5299 probaverunt
2612 5231 2811 5283 habere
2858 5230 3024 5284 Deum
3075 5233 3126 5284 in
3177 5230 3388 5294 nolilia.
3442 5227 3663 5283 tradidil

375 5317 612 5387 Epistola
647 5321 716 5374 ad
770 5320 1067 5391 Ephesios:
1099 5340 1117 5372 ι
1164 5322 1277 5378 Hoc
1327 5334 1505 5379 autem
1543 5326 1736 5380 scitote
1766 5327 1964 5381 intelli-
2067 5321 2190 5375 illos
2220 5322 2361 5375 Deus
2390 5322 2441 5374 in
2477 5321 2763 5390 reprobum
2797 5337 3032 5386 sensum,
3085 5332 3144 5376 ut
3173 5321 3374 5376 faciant
3405 5335 3524 5389 qua:
3551 5333 3660 5374 non

376 5417 584 5476 gentes,
616 5411 758 5478 quod
804 5413 982 5470 omnis
1027 5413 1342 5480 fornicator,
1389 5424 1482 5470 aut
1515 5416 1844 5480 immundus,
1869 5427 1963 5472 aut
2067 5415 2396 5470 conveniunt
2419 5412 2626 5484 (Ibid.).
2659 5433 2676 5464 ι
2710 5414 2848 5481 Quid
2895 5424 2977 5468 est
3006 5416 3149 5468 enim
3191 5415 3336 5483 quod
3382 5421 3504 5484 post
3551 5421 3658 5466 tam

374 5513 590 5564 avarus,
617 5517 722 5556 non
769 5504 932 5561 habet
963 5507 1338 5561 haereditatem
1375 5507 1428 5561 in
1462 5523 1626 5578 regno
1655 5508 1854 5563 Christi
1906 5519 1959 5564 et
2063 5520 2280 5575 gravem
2333 5504 2539 5574 lapsum
2577 5513 2854 5573 tantopere
2886 5504 3273 5559 sublimitatem
3303 5502 3655 5559 ecclesiastiCE

377 5589 468 5647 Dei
491 5589 706 5660 (Ep/tes.
741 5597 816 5666 v).
863 5614 880 5648 ι
940 5596 996 5652 Si
1029 5613 1159 5667 ergo
1192 5598 1502 5654 immundus
1557 5599 1613 5654 in
1662 5599 1799 5654 cmlo
1857 5617 1960 5656 nec
2062 5598 2270 5653 ordinis
2297 5597 2587 5652 ambiunt?
2619 5596 2756 5663 Quid
2783 5597 3110 5666 opinandum
3147 5603 3250 5660 est,
3279 5595 3406 5665 quid
3431 5592 3656 5648 creden~
