4018 6194
342 269 451 324 165

1307 266 1549 324 OPUSC.
1585 267 1692 322 VII.
1729 299 1799 308 ——
1826 268 2027 324 LIBER
2065 268 2639 331 CO)lORRlll.\-NUS.

3524 289 3626 343 166

338 382 474 436 dum
514 387 618 436 est.
655 377 758 432 nisi
788 377 932 447 quod
973 390 1068 432 eos
1098 377 1240 430 Deus
1282 377 1336 430 in
1388 379 1678 448 reprobum
1723 395 1941 436 sensum
1973 397 2016 451 Α
2047 382 2228 450 ptione
2255 381 2504 438 frustrari
2527 369 2987 460 cogunturpotius
3010 392 3061 447 in
3084 395 3338 450 exteriori
3364 401 3626 459 vestibulo

339 474 574 528 tradidit
599 472 618 524 ?
650 471 760 526 Nec
787 486 875 534 ea,
899 484 1020 540 quae
1048 469 1153 524 illis
1185 471 1487 524 necessaria
1525 482 1672 534 sunt,
1700 473 1938 542 peccatis

336 563 702 633 exigentibus,
733 562 919 616 videre
949 561 1240 630 permittit.
1283 560 1415 626 Quia
1440 562 1582 614 enim
1614 563 1717 616 illis
1741 564 1939 617 occidit

338 656 448 719 sol,
487 655 575 709 ille
603 653 830 714 scilicet,
863 651 954 721 qui
1003 651 1247 705 ascendit
1277 665 1439 720 super
1482 667 1733 707 occasum
1761 651 1934 722 (Psal.

337 747 540 811 um),
572 743 790 798 amissis
824 742 1170 796 interioribus
1208 741 1395 803 oculis,
1445 759 1546 798 nec
1592 746 1938 799 considerare

338 835 636 905 praevalent
667 834 812 902 quod
842 831 1026 902 gravia
1076 831 1184 886 sint
1215 830 1378 895 mala,
1407 846 1526 898 qua}
1556 847 1653 899 per
1700 833 1923 885 immuin

338 928 530 982 ditiam
559 934 972 995 perpetraruut;
1006 939 1176 992 neque
1195 939 1354 992 quam
1379 926 1617 978 deterius
1643 925 1818 979 adhuc
1840 926 1934 991 sit,

339 1021 485 1090 quod
515 1029 703 1073 contra
731 1018 1060 1071 voluntatem
1090 1016 1180 1069 Dei
1233 1016 1535 1071 inordinate
1570 1016 1768 1072 habere
1808 1034 1937 1071 con-

340 1110 629 1179 cupiscunt
653 1124 668 1173 ;
702 1118 756 1162 et
785 1107 888 1159 hoc
912 1121 978 1160 ex
1009 1105 1205 1159 divina:
1219 1105 1443 1174 justitiae
1471 1107 1650 1176 regula
1679 1118 1936 1161 consueto

341 1215 498 1254 more
528 1197 794 1267 procedit,
829 1205 887 1250 ut
913 1197 966 1250 hi
1000 1197 1090 1266 qui
1132 1211 1193 1250 se
1235 1197 1336 1250 hac
1368 1197 1733 1266 perditissima
1778 1199 1937 1253 sorde

339 1289 771 1354 commaculant,
801 1289 959 1359 digna
982 1288 1212 1358 perculsi
1237 1288 1702 1344 animadversione
1723 1289 1933 1358 judicii,

341 1381 605 1437 tenebras
631 1380 892 1434 caecitatis
932 1379 1230 1433 incurrant.
1280 1379 1433 1432 Sicut
1470 1378 1536 1433 de
1565 1379 1804 1448 antiquis
1834 1380 1937 1434 illis

341 1476 506 1546 hujus
529 1475 788 1532 fceditatis
817 1473 1128 1527 auctoribus
1151 1472 1382 1542 legitur:
1414 1491 1431 1523 ι
1473 1471 1605 1527 Cum
1624 1472 1771 1540 justo
1798 1473 1932 1527 Loth

339 1568 452 1621 vim
484 1564 961 1620 vehementissime
1007 1563 1268 1621 facerent.
1294 1563 1520 1634 jamque
1551 1579 1716 1634 prepe
1757 1574 1937 1620 essent

339 1664 400 1710 ut
425 1655 776 1725 effringerent
807 1652 971 1706 fores.
1006 1652 1070 1706 Et
1099 1667 1247 1716 ecce,
1289 1653 1460 1723 inquit
1491 1651 1767 1722 Scriptura
1788 1694 1802 1718 ,
1833 1655 1936 1709 mi-

2041 488 2342 528 remancre.
2393 475 2457 529 Et
2517 476 2748 532 frontem
2795 481 3010 550 quidem
3074 495 3296 554 possunt
3353 489 3404 542 in
3457 507 3626 546 sacra:

2041 561 2334 632 Scriptum
2356 580 2488 619 saxa
2526 583 2826 636 percutere,
2867 572 2958 626 sed
2985 589 3084 642 per
3108 575 3305 632 divina:
3333 583 3626 636 auctorita-

2043 655 2110 706 tis
2137 654 2340 709 aditum
2382 671 2718 728 nequaquam
2764 664 3417 734 permittunturintrare;
3464 681 3626 740 atque

2040 745 2165 799 dum
2211 748 2455 817 ingredi,
2513 767 2620 819 quo
2669 768 2774 807 non
2830 756 3100 820 sinuntur,
3142 766 3442 827 attentant,
3491 765 3626 817 nihil

2038 833 2179 887 aliud
2208 835 2435 901 faciunt,
2467 855 2626 907 quam
2654 841 2926 897 obtectum
2952 844 3212 914 parietem
3244 849 3478 904 inaniter
3505 854 3622 920 pal-

2040 937 2190 993 pant.
2217 927 2423 994 Quibus
2452 947 2555 984 nou
2602 931 2871 988 immerito
2902 938 3170 1006 congruit,
3203 942 3342 1009 quod
3376 956 3473 1008 per
3502 958 3624 1012 pro-

2040 1019 2255 1084 phetam
2285 1020 2518 1073 dicitur:
2550 1040 2567 1070 ‹
2605 1021 2756 1076 Sicut
2804 1025 2856 1076 iu
2907 1036 3065 1080 nocte
3116 1029 3187 1082 ita
3230 1031 3520 1101 palpabunt
3569 1034 3622 1087 in

2042 1107 2266 1160 meridie
2288 1108 2406 1177 (Job
2430 1108 2502 1178 v).
2539 1130 2556 1161 ι
2593 1110 2762 1179 thui
2799 1115 2926 1166 recti
2955 1115 3134 1170 aditus
3161 1117 3318 1172 limen
3344 1130 3623 1177 transcen-

2039 1201 2164 1251 dere
2179 1211 2441 1267 ucqucuut
2455 1239 2469 1263 ,
2487 1205 2810 1269 pererraudo
2827 1205 2876 1256 in
2891 1207 3172 1260 circuitum
3189 1209 3393 1264 insania
3412 1221 3622 1266 rotante

2040 1287 2343 1342 volvuntur.
2373 1291 2444 1343 De
2471 1293 2665 1359 quibus
2694 1308 2787 1359 per
2809 1293 2878 1347 Ps
2899 1295 3149 1350 lmiszam
3174 1300 3402 1353 dicitur:
3432 1319 3449 1352 ‹
3484 1301 3624 1358 Deus

2041 1393 2210 1442 meus,
2226 1394 2365 1447 pone
2396 1379 2514 1435 illos
2539 1391 2596 1435 ut
2636 1396 2805 1437 rotam
2831 1382 3003 1454 (Psal.
3026 1390 3272 1457 ,Lxxxu).
3305 1410 3322 1442 ι
3353 1391 3418 1444 Et
3452 1394 3576 1446 item
3604 1411 3619 1446 :

2045 1484 2062 1517 ι
2095 1466 2152 1521 In
2195 1467 2423 1523 circuitu
2469 1469 2618 1539 impii
2660 1473 2938 1527 ambulant
2974 1474 3147 1544 (l’sal.
3192 1479 3286 1548 XI).
3327 1499 3344 1529 ι
3398 1480 3472 1533 De
3504 1485 3622 1550 qui-

2039 1554 2142 1608 bus
2171 1556 2334 1610 etiam
2368 1555 2588 1622 Paulus,
2617 1575 2740 1613 cum
2768 1563 3018 1629 superius
3055 1576 3348 1618 memo:ata
3376 1568 3622 1636 loquere-

2043 1654 2147 1711 tur,
2169 1646 2328 1715 paulo
2351 1657 2472 1715 post
2493 1649 2695 1713 subdit,
2729 1649 2950 1704 dicens:
2984 1668 3004 1702 ι
3039 1652 3140 1718 Qui
3167 1653 3290 1708 talia
3321 1668 3504 1725 agunt,
3537 1660 3621 1714 di-

337 1752 534 1798 serunt
577 1759 792 1796 manum
829 1741 927 1795 viri
957 1783 970 1804 ,
1001 1749 1055 1796 et
1095 1742 1510 1796 introduxerunt
1553 1743 1620 1796 ad
1669 1757 1728 1797 se
1771 1742 1928 1807 Loth,
1966 1745 2008 1801 Β
2037 1737 2126 1805 sui
2151 1745 2279 1792 ευηι
2305 1745 2500 1803 morte.
2533 1753 2637 1794 non
2661 1740 2832 1793 solum
2868 1742 2957 1810 qui
3001 1742 3088 1796 illa
3131 1742 3353 1811 faciunt,
3394 1747 3486 1801 sed
3528 1750 3620 1817 qui

336 1837 760 1904 clauseruntque
781 1834 1004 1899 ostium,
1026 1837 1080 1889 et
1102 1849 1218 1899 eos,
1248 1834 1336 1904 qui
1365 1833 1498 1890 foris
1524 1842 1682 1888 erant
1704 1849 1926 1903 percus-

336 1939 530 1984 serunt
559 1927 801 1983 caecitate
831 1943 858 1980 a
887 1926 1109 1981 minimo
1139 1941 1312 1996 usque
1333 1927 1402 1983 ad
1427 1926 1739 1990 maximum,
1773 1926 1844 1979 ita
1870 1935 1928 1980 ut

334 2024 538 2076 ostium
571 2015 814 2074 invenire
842 2034 947 2074 non
979 2027 1198 2089 possent
1220 2016 1371 2089 (Gen.
1401 2018 1532 2084 xix).
1579 2018 1804 2071 Constat
1834 2034 1929 2071 au-

340 2123 474 2177 tem,
501 2112 628 2180 quia
672 2125 771 2180 per
815 2109 936 2162 illos
979 2109 1114 2163 duos
1164 2107 1408 2176 angelos,
1455 2109 1545 2176 qui
1585 2109 1650 2162 ad
1683 2108 1741 2160 Β.
1789 2106 1926 2162 Loth

335 2203 555 2256 venisse
593 2201 864 2271 leguntur,
893 2215 1122 2269 persona
1152 2198 1352 2265 Patris,
1380 2208 1435 2252 et
1461 2199 1580 2252 Filii
1608 2214 1712 2252 non
1743 2199 1927 2253 incon-

338 2309 473 2364 grue
503 2293 836 2362 designatur.
866 2291 1018 2358 Quod
1049 2306 1146 2360 per
1169 2290 1271 2345 hoc
1296 2291 1573 2345 evidenter
1603 2290 1924 2355 ostenditur,

337 2385 483 2453 quod
513 2383 581 2437 ad
610 2397 706 2438 eos
738 2383 850 2451 ipse
877 2381 1017 2435 Loth
1044 2381 1290 2449 loquens,
1325 2380 1453 2435 dicit
1481 2398 1495 2433 :
1529 2399 1545 2432 ι
1583 2380 1796 2447 Qua-so,
1824 2379 1928 2433 Do-

338 2477 488 2530 mine
521 2474 630 2538 mi,
670 2474 794 2544 quia
843 2473 1046 2528 invenit
1085 2487 1273 2526 servus
1319 2480 1440 2526 tuus
1470 2470 1700 2541 gratiam
1744 2484 1925 2525 coram

342 2580 417 2632 te,
445 2582 502 2622 et
529 2567 881 2638 magnificasti
910 2564 1336 2620 misericordiam
1366 2572 1535 2626 tuam,
1564 2577 1722 2631 quam
1752 2560 1926 2614 fecisti

339 2675 555 2714 mecum
584 2698 599 2723 ,
648 2666 708 2712 ut
751 2656 990 2713 salvares
1035 2655 1267 2708 animam
1321 2667 1494 2706 meam
1526 2651 1735 2721 (Ibid).
1773 2671 1790 2702 ι
1827 2651 1926 2717 Qui

338 2751 484 2805 enim
533 2749 611 2803 sic
658 2747 867 2801 duobus
921 2746 1072 2814 quasi
1115 2743 1206 2798 uni
1253 2741 1599 2810 singulariter
1647 2739 1924 2810 loquitur,

337 2852 549 2898 certum
576 2849 662 2896 est
689 2839 817 2928 quia
851 2839 902 2893 in
942 2837 1150 2892 duabus
1179 2834 1426 2906 personis
1469 2848 1629 2887 unam
1673 2834 1930 2888 substan-

343 2938 474 2992 tiam
509 2945 819 2989 veneratur.

408 3026 705 3082 Sodomita:
747 3039 877 3095 ergo
905 3025 972 3078 ad
1002 3023 1224 3094 angelos
1261 3030 1526 3076 conantur
1567 3020 1830 3076 violenter
1857 3020 1933 3076 ir-

2029 1828 2376 1882 eonsentiunt
2409 1828 2733 1885 facientibus
2758 1830 2936 1902 (Rom.
2967 1832 3028 1903 ι).
3067 1853 3086 1885 ι

2099 1919 2264 1976 Plane
2296 1921 2390 1990 qui
2427 1921 2496 1976 ad
2533 1930 2641 1976 tam
2687 1923 2926 1978 terribile
2951 1925 3263 1994 apostolica:
3288 1927 3611 1986 invectionis

2029 2012 2230 2066 tonitru
2251 2027 2358 2067 non
2379 2014 2789 2084 expergiscitur,
2815 2015 2901 2070 hic
2923 2016 3163 2086 projecto
3185 2034 3291 2074 non
3317 2021 3513 2077 dormi.
3530 2041 3616 2089 ns,

2027 2105 2122 2158 sed
2141 2114 2385 2160 mortuus
2409 2121 2648 2179 congrue
2655 2107 2950 2176 jndicatur.
2971 2110 3172 2166 Etcum
3197 2113 3486 2183 Apostolus
3510 2133 3617 2172 non

2027 2194 2091 2246 de
2113 2192 2313 2250 Iudaeis
2359 2205 2633 2267 utcunque
2677 2198 2945 2266 fidelibus,
2977 2202 3070 2256 sed
3103 2203 3170 2258 de
3214 2189 3527 2275 genti-libus,
3561 2220 3618 2263 et

2028 2283 2195 2338 Deum
2222 2286 2592 2355 ignorantibus
2620 2299 2770 2345 tanto
2789 2291 2971 2345 studio
2995 2294 3321 2348 sententiam
3352 2296 3612 2354 districta:

2026 2373 2512 2432 animadversionis
2538 2391 2865 2448 exaggeret;
2896 2382 3043 2448 quid,
3078 2398 3206 2453 rogo
3229 2423 3244 2449 ,
3277 2385 3522 2453 dixisset,
3567 2391 3614 2446 si

2029 2464 2138 2518 tale
2185 2464 2288 2520 hoe
2336 2465 2531 2521 vulnus
2576 2467 2631 2521 in
2686 2469 2799 2536 ipso
2843 2484 3073 2538 corpore
3117 2483 3320 2528 sancta:
3363 2476 3619 2534 Ecclesia:

2030 2558 2196 2614 fetere
2223 2561 2608 2630 conspiceret?
2635 2563 2842 2617 Przeser
2869 2565 2938 2618 im
2966 2566 3088 2632 quis
3115 2566 3291 2632 dolor,
3319 2569 3441 2650 quis
3467 2586 3613 2624 com-

2030 2651 2296 2719 passionis
2329 2651 2492 2707 ardor
2536 2653 2681 2722 pium
2735 2653 2876 2707 is.ud
2923 2665 3109 2724 pactus
3158 2659 3519 2725 accenderet,
3569 2662 3616 2715 si

2033 2741 2168 2796 hanc
2207 2744 2624 2813 peremptoriam
2652 2755 2858 2811 pestem
2887 2748 3124 2815 grassari
3155 2759 3206 2801 et
3239 2751 3292 2802 in
3322 2765 3480 2805 sacro
3523 2767 3622 2805 or-

2029 2831 2155 2886 dine
2169 2832 2496 2888 didicisset?
2527 2833 2765 2888 Audiant
2791 2834 3005 2891 desides
3033 2837 3352 2893 clericorum
3374 2881 3388 2906 ,
3435 2856 3616 2897 sacer-

2030 2923 2324 2994 dotumque
2351 2934 2630 2990 rectores;
2663 2927 2916 2992 audiant,
2946 2938 3000 2982 et
3041 2930 3165 2985 licet
3211 2932 3276 2986 de
3306 2948 3403 2988 suo
3442 2935 3618 2988 securi

2030 3011 2163 3078 siut,
2203 3012 2364 3068 alieni
2408 3023 2592 3068 reatus
2632 3029 2692 3068 se
2728 3030 2849 3070 esse
2889 3017 3177 3088 partit-ipes
3217 3021 3620 3089 pertimescant.

338 3130 615 3186 nunpere,
641 3130 762 3170 cum
794 3113 1050 3168 immundi
1097 3111 1343 3166 homines
1392 3111 1459 3164 ad
1508 3111 1677 3164 Deum
1722 3118 1933 3164 tentant
1959 3105 2002 3166 C
2034 3102 2111 3156 111i
2149 3103 2427 3170 nimirum,
2445 3106 2548 3174 equi
2577 3107 2643 3160 ad
2670 3107 2989 3178 corrigenda
3020 3108 3358 3167 subditorum
3397 3123 3618 3182 peccata

338 3223 437 3278 per
463 3206 606 3262 sacri
632 3204 838 3260 ordinis
861 3203 1034 3259 otiicia
1059 3203 1440 3273 propinquare.
1471 3200 1578 3256 Sed
1609 3200 1662 3255 bi
1687 3200 1930 3271 profecto

338 3300 584 3353 caecitate
606 3295 1002 3367 percutiuntur,
1043 3292 1169 3363 quia
1197 3291 1347 3361 justo
1378 3291 1472 3345 Dei
1512 3288 1721 3358 judicio
1764 3289 1820 3343 ia
1853 3297 1930 3344 te—

340 3391 540 3443 nebras
562 3387 849 3442 interiores
872 3383 1107 3450 cadunt;
1142 3383 1214 3438 ita
1246 3391 1426 3437 utnec
1455 3381 1654 3437 ostium
1683 3380 1930 3436 invenire

339 3479 692 3549 praevaleant,
732 3477 858 3546 quia
899 3491 929 3529 a
981 3473 1092 3530 Deo
1135 3473 1410 3544 peccando
1453 3471 1637 3536 divisi,
1673 3472 1816 3526 unde
1862 3471 1930 3527 ad

339 3591 461 3629 eum
501 3581 850 3629 revertuntur
882 3570 1148 3642 ignorant.
1181 3568 1282 3636 Qui
1309 3567 1454 3622 enim
1492 3581 1597 3620 non
1623 3580 1721 3636 per
1747 3565 1928 3620 humi-

342 3666 532 3729 litatis,
559 3665 654 3720 sed
689 3678 784 3734 per
812 3661 1158 3730 arrogantiae,
1198 3667 1255 3715 et
1300 3659 1524 3714 tumoris
1554 3656 1833 3712 anfractus
1862 3658 1930 3712 ad

344 3759 510 3812 Deum
551 3756 811 3811 accedere
837 3755 1097 3827 gestiunt,
1143 3763 1292 3824 patet
1325 3753 1586 3821 profecto,
1617 3752 1741 3822 quia
1791 3751 1932 3807 unde

343 3847 696 3917 ingressionis
726 3845 902 3900 aditus
925 3851 1106 3914 pateat
1133 3859 1237 3899 non
1269 3851 1568 3913 agnoscunt
1593 3858 1608 3908 ;
1651 3841 1732 3895 vel
1763 3842 1930 3897 etiam

343 3939 461 4008 quia
490 3938 690 3992 ostium
714 3937 963 3990 Christus
987 3943 1090 3996 est.
1123 3934 1260 3988 sicut
1292 3933 1404 4001 ipse
1426 3931 1592 3985 dicit:
1624 3951 1640 3980 ι
1673 3930 1784 4001 Ego
1809 3946 1928 3984 sum

342 4031 537 4084 ostium
562 4026 747 4098 (Joan.
780 4026 860 4097 Χ).
893 4046 912 4079 ›
957 4025 1058 4092 Qui
1095 4024 1364 4079 Christum
1403 4022 1638 4091 peccatis
1664 4022 1932 4092 exigenti-

341 4119 748 4188 busamittunt,
794 4114 950 4184 quasi
983 4115 1185 4167 int-are
1215 4111 1518 4166 caelestium
1547 4111 1748 4165 civium
1777 4108 1930 4164 habi-

344 4210 577 4264 taculum
607 4225 710 4262 non
746 4208 976 4277 possint,
1005 4207 1203 4260 ostium
1235 4220 1342 4259 non
1380 4203 1677 4258 inveniunt.

413 4299 468 4353 lu
506 4301 798 4370 reprobum
827 4314 956 4368 ergo
980 4312 1196 4352 sensum
1245 4296 1425 4351 traditi
1455 4303 1599 4359 sunt,
1641 4294 1768 4363 quia
1801 4293 1928 4346 dum

347 4404 524 4448 reatus
555 4392 634 4446 sui
661 4391 867 4461 pondus
898 4391 949 4442 in
982 4387 1211 4458 propria!
1234 4386 1426 4442 mentis
1453 4395 1651 4440 statera
1677 4398 1781 4438 non
1815 4391 1926 4436 tru-

344 4485 542 4545 tinant,
571 4482 944 4551 gravissimam
975 4479 1176 4548 plumbi
1209 4492 1462 4539 massam,
1496 4490 1778 4545 pinnarum
1811 4475 1928 4528 ina-

344 4574 488 4626 nium
513 4572 788 4624 levitatem
816 4563 1026 4640 putant:
1054 4567 1205 4635 Quod
1227 4582 1354 4636 ergo
1378 4566 1483 4620 illic
1505 4566 1730 4619 dicitur:
1753 4583 1770 4615 ι
1800 4564 1919 4618 Pcr-

342 4669 626 4716 cussernnt
649 4675 742 4713 eos
804 4659 892 4728 qui
922 4657 1052 4712 foris
1085 4664 1240 4712 erant
1265 4656 1507 4711 caecitate
1536 4653 1687 4726 (Ceu.
1724 4655 1868 4723 xix);
1903 4674 1920 4705 ι

343 4751 443 4805 hoc
472 4749 766 4818 Apostolus
791 4747 1076 4803 manifeste
1105 4747 1365 4812 declarat,
1391 4761 1513 4800 cum
1546 4746 1675 4800 dicit
1701 4763 1712 4798 :
1742 4765 1760 4797 ‹
1795 4744 1923 4798 Tra-

343 4840 476 4893 didit
502 4855 598 4894 eos
627 4839 766 4893 Deus
796 4839 848 4892 in
888 4837 1174 4907 reprobum
1204 4850 1420 4891 sensum
1447 4850 1464 4901 ;
1501 4852 1520 4884 ι
1549 4843 1603 4890 et
1630 4836 1771 4905 quod
1817 4835 1926 4888 il.ic

344 4931 722 5001 suhjungitur:
757 4947 774 4980 ι
819 4927 890 4984 Ut
931 4926 1127 4982 ostium
1181 4925 1424 4980 invenire
1466 4938 1570 4978 non
1617 4932 1872 4992 possent;
1903 4942 1920 4974 ι

342 5021 444 5078 hoc
468 5021 634 5076 etiam
664 5028 909 5090 patenter
929 5019 1182 5086 exponit,
1227 5033 1349 5070 cum
1394 5016 1469 5070 ait
1504 5033 1517 5068 :
1549 5032 1568 5066 ι
1618 5012 1689 5068 Ut
1729 5013 1931 5094 faciant

342 5130 459 5184 qua:
480 5129 587 5169 non
610 5112 960 5168 conveniunt.
997 5131 1014 5162 ι
1046 5111 1125 5164 Ac
1151 5112 1196 5164 si
1227 5111 1470 5165 diceret:
1500 5118 1560 5164 ut
1583 5109 1786 5164 intrare
1813 5118 1931 5164 ten-

342 5213 475 5271 tent,
503 5204 646 5258 unde
684 5217 788 5256 non
817 5201 1030 5256 debent.
1068 5200 1228 5274 154
1253 5201 1352 5267 Qui
1383 5201 1526 5256 enim
1571 5201 1820 5271 indignus
1845 5216 1932 5254 or-

341 5295 462 5350 dine
507 5295 576 5349 ad
617 5294 762 5349 sacri
809 5293 999 5348 altaris
1042 5292 1275 5347 oilicium
1317 5300 1544 5346 conatur
1587 5292 1927 5362 irrumpere,

343 5386 466 5455 quid
495 5383 642 5440 aliud
669 5398 833 5455 quam
864 5383 1054 5438 relicto
1075 5383 1255 5452 jauua:
1297 5381 1499 5447 limine,
1528 5395 1626 5450 per
1652 5379 1933 5434 immeabi-

344 5479 448 5535 lem
475 5478 704 5549 parietis
746 5477 956 5532 obicem
1007 5476 1196 5530 nititur
1231 5475 1500 5529 introire?
1525 5473 1592 5528 Et
1624 5473 1746 5542 quia
1797 5471 1933 5526 liber

345 5569 570 5641 pedibus
598 5584 705 5623 non
737 5576 885 5636 patet
915 5567 1208 5636 ingressus,
1239 5567 1294 5620 hi
1334 5565 1466 5622 tales
1497 5565 1621 5621 dum
1648 5564 1752 5618 sibi
1777 5579 1935 5633 spon-

348 5662 472 5718 dent
519 5659 587 5716 ad
630 5658 930 5713 sacrarium
971 5673 1130 5728 posse
1169 5657 1499 5728 pertingere,
1531 5647 1626 5712 sita
1674 5669 1933 5725 praesum-

2033 3194 2346 3261 eonnivent,
2371 3204 2425 3250 et
2445 3194 2844 3252 inconsiderato
2871 3199 3086 3254 silentio
3107 3202 3338 3257 subditis
3357 3209 3614 3272 peccandi

2032 3283 2304 3340 licentiam
2338 3287 2602 3356 praebent.
2645 3287 2915 3355 Audiant,
2962 3291 3205 3360 inquam,
3249 3302 3302 3347 et
3331 3295 3623 3362 prudenter

2032 3375 2358 3446 intelligant,
2379 3376 2504 3450 quia
2529 3391 2720 3432 omnes
2739 3378 3082 3435 uniformiter
3102 3381 3248 3452 digni
3271 3392 3396 3437 sunt
3415 3394 3618 3450 morte;

2030 3465 2284 3521 videlicet
2310 3479 2414 3519 non
2442 3465 2614 3520 solum
2646 3467 2742 3537 qui
2767 3465 2856 3522 illa
2887 3466 3114 3538 faciunt,
3141 3474 3236 3527 sed
3275 3479 3329 3527 et
3371 3473 3462 3544 qui
3494 3488 3622 3527 Cun-

2032 3555 2278 3612 sentiunt
2306 3555 2646 3611 facientibus.

2649 3669 2882 3728 CAPUT
2918 3671 3006 3728 Vl.

2037 3763 2112 3819 De
2133 3762 2495 3835 spiritualibus
2535 3763 2771 3833 patribus
2809 3766 2897 3886 q‘ui
2927 3779 3046 3819 cum
3091 3763 3217 3833 [iliis
3250 3767 3359 3822 suis
3387 3769 3624 3839 coinqui-

2730 3849 2834 3886 nau
2861 3850 2944 3886 ur.

2730 3849 2944 3887 nuntur.

2106 3923 2236 3989 Sed,
2251 3939 2283 3978 ο
2300 3923 2474 3978 scelus
2492 3924 2794 3978 inauditum
2815 3925 2828 3977 !
2855 3939 2889 3978 o
2905 3924 3114 3978 facinus
3135 3935 3246 3980 toto
3261 3927 3620 3998 lacrymarum

2033 4013 2182 4069 fonte
2227 4013 2554 4084 lugendum!
2591 4015 2648 4067 Si
2691 4013 2746 4067 bi
2796 4024 2970 4068 morte
3013 4014 3280 4082 plectenti
3329 4027 3493 4082 sunt,
3531 4021 3621 4087 qui

2033 4105 2470 4160 facientibusista
2494 4105 2860 4170 consentiunt,
2889 4106 3033 4174 quod
3057 4106 3276 4176 dignum
3300 4107 3404 4162 illis
3426 4112 3622 4178 poterit

2033 4195 2331 4265 excogitari
2346 4194 2688 4265 supplicium,
2712 4195 2940 4264 quicum
2956 4199 3068 4250 suis
3081 4197 3450 4267 spiritualibus
3490 4202 3613 4255 filiis

2032 4285 2149 4340 inec
2163 4285 2299 4340 mala
2315 4295 2554 4339 extrema
2571 4286 2917 4340 damnatione
2933 4287 3202 4356 punienda
3220 4291 3568 4346 committunt
3593 4293 3615 4346 ‘i

2033 4373 2165 4441 Quis
2186 4372 2299 4442 jam
2345 4373 2398 4428 in
2429 4373 2682 4444 gregibus
2729 4375 2952 4444 reperiri
3003 4376 3178 4430 valeat
3214 4376 3447 4446 fructus,
3493 4397 3618 4435 eum

2034 4481 2218 4539 pastor
2243 4469 2294 4523 in
2318 4478 2561 4523 ventrem
2589 4469 2785 4523 diaboli
2819 4480 2927 4523 tam
2955 4470 3220 4540 profunda
3261 4471 3333 4525 sit
3369 4475 3621 4542 ιιι·ωυὶρὶ-

2037 4561 2240 4616 tatione
2263 4560 2576 4615 demersus?
2598 4560 2729 4626 Quis
2744 4561 2855 4630 jam
2883 4562 2983 4614 sub
3003 4562 3120 4629 ejus
3139 4562 3367 4630 imperio
3382 4575 3620 4628 maneat,

2035 4666 2196 4720 quem
2223 4660 2332 4704 tam
2375 4651 2642 4705 hostiliter
2680 4666 2708 4702 a
2738 4651 2850 4704 Deo
2881 4658 3200 4705 extraneum
3236 4668 3341 4706 non
3370 4653 3624 4724 ignorat?

2035 4745 2136 4811 Qui
2186 4745 2251 4798 de
2283 4745 2581 4813 ptrnitente
2613 4741 2743 4796 facit
2771 4740 3041 4810 pellicem,
3087 4751 3140 4794 et
3171 4756 3330 4810 quem
3362 4746 3620 4813 Spiritua-

2037 4835 2157 4888 liter
2188 4832 2298 4887 Deo
2322 4839 2582 4902 genuerat
2629 4831 2818 4892 filimn,
2849 4828 3028 4883 ferreo
3069 4830 3347 4884 diabolica:
3375 4835 3620 4901 tyranni-

2033 4923 2115 4977 dis
2142 4920 2366 4990 imperio
2399 4933 2498 4988 per
2537 4933 2646 4972 suae
2678 4917 2856 4972 carnis
2907 4918 3305 4973 immuudltiam
3331 4920 3621 4992 subjungat

2033 5011 2290 5067 servum?
2338 5008 2394 5063 Si
2443 5007 2720 5062 mulierem
2769 5007 2890 5077 quis
2938 5008 3120 5073 violat,
3163 5025 3323 5088 quam
3355 5012 3422 5065 de
3465 5026 3621 5066 sacro

2036 5105 2181 5158 fonte
2213 5101 2428 5166 levavit,
2456 5099 2694 5168 nunquid
2727 5113 2832 5153 non
2859 5097 3061 5169 absque
3106 5099 3216 5154 ullo
3263 5102 3620 5156 cunctationis

2035 5191 2315 5252 obstaculo
2364 5193 2742 5248 communione
2789 5193 3084 5262 privandus
3129 5208 3249 5249 esse
3290 5193 3618 5259 deterttitttt‘,

2041 5283 2197 5354 155
2228 5294 2283 5338 et
2313 5296 2598 5337 sacrorum
2647 5297 2874 5336 censura
2908 5297 3171 5336 canonum
3212 5297 3308 5352 per
3353 5281 3636 5351 publicam.

2036 5373 2412 5445 pwnitentiam
2443 5371 2678 5425 transire
2691 5368 2878 5437 jubetu
2889 5387 2911 5423 r
2923 5370 2945 5423 ?
2959 5369 3228 5438 Scriptum
3253 5385 3489 5440 namque
3503 5381 3616 5427 est:

2037 5465 2170 5532 Quia
2199 5461 2372 5532 major
2398 5473 2480 5517 est
2508 5462 2786 5530 generatio
2815 5459 3130 5528 spiritualis,
3178 5475 3336 5529 quam
3365 5461 3618 5517 carnalis.

2108 5555 2362 5624 Sequitur
2387 5567 2518 5622 ergo
2541 5592 2556 5616 ,
2605 5561 2662 5605 ut
2687 5551 2872 5605 eadem
2912 5552 3178 5604 sententia
3209 5550 3366 5622 digne
3398 5553 3622 5608 feriatur

2038 5656 2089 5699 ct
2119 5645 2211 5714 qui
2259 5643 2530 5699 carnalem
2575 5641 2737 5695 filiam
2770 5641 3021 5710 perdidit,
3067 5650 3121 5696 et
3164 5643 3254 5712 qui
3287 5644 3620 5714 spiritualeu:
