4018 6194
375 255 476 309 1137

837 242 896 298 S.
932 239 1135 295 PETRI
1171 234 1449 291 D.\.\ll.\Nl
1490 231 1639 288 OI’P.
1684 223 1919 283 TOMUS
1958 220 2085 276 SEU
2128 216 2305 271 PARS
2341 213 2428 267 lll.
2458 243 2524 250 —
2557 208 2917 265 Ol’USCULA
2967 204 3198 261 VARIA.

3549 203 3649 258 168

375 366 641 435 sacrilega
687 358 1063 417 commistione
1110 350 1352 422 corrupit
1380 366 1393 415 ;
1444 348 1544 402 nisi
1590 344 1727 398 forte
1768 340 1822 395 in
1871 338 1972 391 hoc
1999 339 2044 397 Α
2077 330 2290 393 metuit,
2319 340 2441 381 cum
2469 338 2535 377 eo
2556 320 2737 386 simul,
2767 320 2856 389 qni
2886 319 3149 387 sequitur,
3173 315 3454 386 praesentis
3483 315 3652 371 ruina:

378 460 661 525 utriusque
745 449 989 506 criminis
1067 442 1304 514 qualitas
1357 440 1758 501 discernatur,
1827 428 1971 499 quod

383 520 632 615 uterque,
685 541 810 595 licet
860 538 1187 597 incestuose,
1228 528 1544 586 naturaliter
1585 536 1797 585 tamen,
1844 520 1970 588 quia

382 609 538 690 cum-
582 630 804 685 muliere
877 623 1160 695 peccavit;
1205 620 1293 674 ille
1368 625 1566 670 .autem
1628 609 1968 678 sacrilegium

383 722 652 778 commisit
702 719 754 773 in
820 716 1025 776 ﬁlium,
1090 713 1330 766 incestus
1385 707 1590 761 crimen
1639 701 1867 757 incurrit
1918 699 1970 752 in

385 811 701 871 masculum,
735 815 939 861 natura:
959 803 1080 872 jura
1104 800 1365 856 dissolvit.
1394 798 1479 862 Et,
1507 803 1564 849 ut
1590 792 1969 851 mihividetnr,

385 900 716 957 tolerabilius
739 906 821 952 est
846 911 968 950 cum
994 892 1213 964 pecude,
1246 904 1405 959 quam
1439 901 1560 940 cum
1588 884 1703 936 viro
1735 882 1787 935 in
1814 880 1972 933 luxu—

389 997 481 1049 riae
508 993 767 1060 ﬂagitium
811 989 937 1043 labi.
969 987 1181 1053 Quanto
1228 982 1475 1036 videlicet
1511 973 1974 1042 leviusjudicatur

389 1086 685 1156 quemlibet
716 1082 886 1137 solum
915 1078 1112 1149 perire,
1157 1089 1316 1143 quam
1343 1085 1523 1125 secum
1555 1080 1767 1136 quoque
1811 1062 1971 1117 alium

395 1152 463 1229 ad
511 1174 763 1227 interitus
787 1166 1079 1239 perniciem
1133 1154 1735 1217 traliere.'Miserabilis
1777 1152 1974 1220 quippe

391 1265 630 1319 conditio
655 1272 757 1327 est,
789 1261 876 1314 ubi
907 1262 984 1314 sic
1028 1257 1185 1310 unius
1217 1255 1368 1308 ruina
1412 1251 1607 1320 pcinlet
1654 1263 1719 1322 ex
1768 1247 1972 1308 altero;

393 1367 450 1409 ut
480 1356 603 1408 dum
633 1368 771 1405 unus
799 1351 1183 1421 exstinguitur,
1216 1346 1351 1399 alter
1378 1344 1431 1397 in
1467 1350 1692 1396 murtem
1724 1355 1976 1394 necessa-

396 1445 479 1499 rio
503 1445 883 1512 subsequatur.

997 1564 1227 1621 CAPUT
1274 1562 1381 1619 γυ.

2074 422 2286 477 foveam
2315 435 2421 474 non
2449 417 2647 474 evadit.

2656 502 2889 558 CAPUT
2929 498 3064 555 Vlll.

2074 601 2226 667 Quod
2263 601 2396 653 sicut
2454 595 2741 665 sacrilegus
2777 593 2998 667 uirginis
3038 590 3300 667 violator,
3333 590 3409 643 ita
3447 606 3650 667 quoque

2176 669 2274 738 ﬁlii
2303 667 2597 738 spiritualis
2624 661 2932 736 prostitutor
2947 664 3073 733 jure
3101 661 3165 715 sit
3190 661 3548 730 deponendus.

2152 782 2255 837 Sed
2273 782 2385 851 jam
2426 791 2477 835 te
2499 794 2594 834 ore
2616 778 2682 831 ad
2712 792 2790 838 os,
2821 775 3066 845 quisquis
3092 789 3173 839 es,
3199 772 3438 828 carnalis
3462 772 3651 840 homo,

2071 873 2352 928 cnnvenio.
2383 868 2760 939 Nunquidnam
2789 866 2908 919 ideo
2937 862 3314 934 spiritualibus
3350 861 3485 917 viris
3515 876 3653 916 eon—

2073 966 2214 1021 ﬁteri
2246 964 2537 1021 commissa
2581 961 2852 1015 detrectas
2879 974 2893 1023 ;
2929 959 3053 1027 quia
3081 965 3136 1011 et
3185 954 3255 1009 ab
3285 954 3659 1009 ecclesiastico

2073 1060 2241 1131 gradu
2266 1072 2480 1117 cessare
2510 1052 2813 1109 formidas?
2844 1051 2952 1105 Sed
2997 1058 3204 1119 quanto
3245 1047 3516 1103 salubrius
3544 1037 3675 1131 erat;

2074 1154 2127 1208 in
2158 1158 2449 1220 conspectu
2475 1145 2755 1201 hominum
2792 1141 3144 1212 temporalem
3172 1140 3378 1210 perpeti
3402 1140 3673 1193 verecnnf

2076 1250 2241 1310 diam,
2271 1258 2432 1315 quam
2482 1250 2607 1294 ante
2643 1236 2877 1292 tribunal
2910 1233 3128 1305 superni
3162 1231 3369 1287 Judicis
3396 1241 3657 1286 aeternam

2077 1336 2256 1392 subire
2278 1327 2569 1387 vindictam
2593 1328 2616 1381 ?
2646 1326 2786 1381 Dicis
2811 1325 3039 1379 forsitan
3064 1322 3196 1377 mihi
3225 1339 3239 1375 :
3269 1320 3327 1377 Si
3373 1321 3666 1375 solummo-

2080 1426 2147 1480 do
2177 1424 2318 1477 inter
2348 1420 2553 1475 femora
2584 1416 2666 1472 vir
2694 1429 2815 1469 cum
2844 1413 2959 1467 viro
2980 1409 3663 1479 ceciderit,poenitentiam

2085 1514 2306 1585 quidem
2333 1518 2479 1581 aget,
2521 1506 2615 1563 sed
2643 1506 2743 1575 piae
2762 1482 3123 1558 humanitatis
3146 1500 3345 1554 intuitu
3395 1497 3671 1551 irrevoca-

2086 1606 2265 1661 biliter
2289 1617 2317 1655 a
2352 1615 2449 1656 suo
2474 1598 2641 1671 gradu
2665 1594 2827 1664 dejici
2859 1609 2965 1648 non
3009 1592 3189 1646 debet.
3218 1589 3412 1656 Quaero
3440 1590 3537 1643 abs
3571 1599 3620 1643 te
3652 1607 3665 1642 :

402 1680 948 1751 θείίίί⁸νθυίθί⁸ίίθη²ν
974 1694 1092 1766 ετυη
1117 1675 1453 1766 τιέξίρτξξίαρδί
1477 1683 1617 1737 wn"
1643 1689 1739 1726 ⁸⁸⁸⁸
1760 1672 1982 1725 "imm"
2015 1679 2058 1737 Β
2088 1697 2145 1751 Si
2188 1694 2312 1765 quis
2353 1689 2616 1761 sacrilege
2671 1702 2794 1742 cum
2840 1683 3048 1766 virgine
3088 1680 3421 1751 periclitatus
3467 1680 3670 1745 fuerit,

1027 1748 1360 1815 conﬁtentur.

476 1864 543 1919 Ut
564 1873 744 1918 autem
770 1860 1049 1916 diabolicae
1075 1856 1492 1913 machinationis
1534 1860 1850 1925 argumenta
1880 1868 1987 1905 non

405 1959 641 2022 lateant,
693 1956 787 2011 sed
837 1971 957 2025 qua:
1009 1954 1063 2008 in
1124 1953 1340 2008 ofﬁcina
1399 1950 1599 2005 veteris
1642 1950 1861 2005 malitia:
1902 1963 1989 2002 se-

408 2059 562 2104 creto
583 2044 936 2109 fabricantur,
956 2045 1007 2098 in
1031 2045 1203 2097 lucem
1219 2057 1304 2096 me
1320 2040 1647 2111 pallilicanle
1661 2039 1986 2110 procedant;

407 2141 538 2195 illud
568 2139 887 2193 absconsum
925 2136 989 2190 iri
1023 2150 1129 2189 non
1174 2133 1372 2204 patior,
1401 2132 1545 2201 quod
1588 2131 1804 2200 quidam
1834 2128 1992 2194 hujus

409 2243 615 2285 veneno
641 2225 885 2281 criminis
917 2224 1121 2290 satiati,
1163 2222 1290 2276 dum
1322 2221 1476 2290 quasi
1507 2221 1590 2275 ad‘
1618 2234 1713 2273 cor
1743 2218 1991 2279 redeunt.

406 2332 477 2371 ne
502 2325 684 2372 reatus
716 2316 781 2368 ad
812 2315 1040 2368 aliorum
1085 2311 1333 2366 notitiam
1360 2308 1606 2379 prodeat,
1656 2309 1795 2363 inter
1821 2323 1879 2361 se
1908 2306 1992 2361 in-

406 2410 583 2463 vicem
609 2407 972 2462 conﬁtentur:
1003 2414 1058 2459 et
1082 2403 1209 2457 dum
1238 2402 1514 2456 hominum
1560 2399 1755 2454 faciem
1796 2399 1993 2453 erube-

408 2511 586 2563 scunt,
611 2498 703 2569 qui
730 2507 909 2553 reatus
925 2505 1175 2551 auctores
1198 2494 1457 2555 existunt,
1483 2492 1581 2562 ipsi
1598 2490 1808 2559 jndiees
1828 2489 1994 2544 ﬁunt;

410 2601 467 2644 et
494 2590 843 2643 indiscretam
887 2585 1293 2655 indulgentiam,
1327 2597 1489 2651 quam
1521 2580 1621 2634 sibi
1651 2579 1879 2648 quisque
1922 2576 1999 2630 af-

414 2679 582 2733 fectat
618 2676 873 2744 impendi,
901 2676 1131 2745 gaudeat
1172 2674 1326 2726 alteri
1358 2671 1557 2725 vicaria
1603 2670 2000 2738 permutatione

415 2766 617 2834 largiri.
669 2765 822 2819 Unde
868 2764 948 2825 ﬁt,
979 2774 1037 2816 ut
1073 2771 1128 2815 et
1160 2775 1475 2827 magnorum
1514 2758 1800 2813 criminum
1828 2757 2002 2825 poeni-

417 2865 593 2909 tentes
619 2853 748 2916 sint,
775 2858 831 2906 ct
859 2860 1037 2904 tamen
1073 2865 1172 2904 nec
1200 2863 1296 2903 ora
1344 2847 1551 2918 jejunio
1589 2846 1857 2917 palleant,
1902 2860 2003 2899 nec

417 2958 643 3012 corpora
693 2942 867 2996 macie
919 2941 1342 3005 contabescant;
1393 2947 1447 2994 et
1485 2940 1611 2992 dum
1656 2937 1799 2991 nullo
1846 2937 2003 2992 modo

2091 1784 2332 1856 nunquid
2363 1783 2416 1837 in
2449 1795 2547 1836 suo
2590 1775 2759 1850 gradu
2791 1783 2883 1832 tuo
2917 1771 3121 1843 judicio
3150 1770 3537 1841 permanebit?
3564 1766 3673 1824 Sed

2091 1893 2200 1931 non
2248 1884 2332 1930 est
2378 1872 2711 1942 ambiguum,
2743 1867 2873 1939 quin
2922 1864 3225 1933 hujusmodi
3257 1877 3483 1918 censeas
3512 1862 3675 1930 depo-

2092 1970 2368 2033 nendum;
2398 1977 2739 2032 consequens
2769 1960 2934 2029 igitur
2985 1964 3108 2020 est,
3145 1964 3206 2010 ut
3231 1955 3372 2024 quod
3406 1956 3473 2009 de
3518 1967 3674 2008 saera

2094 2057 2304 2126 virgine
2354 2044 2751 2109 rationabiliter
2799 2046 3040 2111 asseris,
3091 2045 3160 2100 de
3219 2043 3328 2099 ﬁlio
3401 2040 3670 2113 spirituali

2094 2150 2256 2206 etiam
2293 2144 2680 2201 inevitabiliter
2706 2137 2970 2203 fatearis;
3004 2152 3067 2192 ac
3105 2151 3202 2207 per
3244 2135 3347 2189 hoc
3372 2174 3388 2199 ,
3433 2131 3576 2203 quod
3610 2129 3679 2187 de

2096 2240 2467 2312 spiritualibus
2500 2235 2746 2307 patribus
2777 2232 2978 2287 videris
3020 2242 3265 2284 asserere
3289 2267 3304 2292 ,
3331 2225 3562 2296 idipsum
3599 2231 3675 2287 te,

2096 2344 2322 2386 necesse
2349 2336 2473 2391 est,
2522 2326 2588 2380 de
2620 2321 2834 2378 clericis
2878 2318 3125 2374 deﬁnire.
3184 2315 3296 2370 llac
3346 2323 3525 2368 tamen
3552 2352 3568 2378 ,
3620 2320 3680 2366 ut

2099 2423 2300 2477 dictum
2329 2427 2432 2484 est,
2460 2415 2774 2471 diversitate
2801 2417 3018 2467 servata
3048 2449 3063 2473 ,
3092 2407 3219 2476 quia
3256 2405 3357 2460 hoc
3381 2411 3529 2458 tanto
3558 2416 3682 2471 per-

2103 2514 2353 2585 penditur
2375 2523 2497 2565 esse
2522 2505 2780 2568 deterius,
2809 2510 3013 2572 quanto
3059 2512 3158 2569 per
3203 2497 3541 2552 identitatem
3593 2507 3680 2549 se-

2101 2619 2265 2659 xuum
2293 2611 2500 2655 naturae
2531 2597 2791 2667 probatur
2840 2592 3128 2648 adversum
3153 2631 3166 2655 ,
3201 2599 3257 2645 et
3288 2596 3399 2643 tum
3444 2588 3496 2641 in
3534 2585 3679 2655 judi-

2101 2694 2289 2753 candis
2318 2688 2628 2746 excessibus
2664 2685 2785 2754 jure
2813 2682 2880 2739 ad
2926 2674 3291 2752 delinquentis
3333 2693 3546 2747 semper
3594 2691 3677 2731 re-

2110 2790 2366 2841 curratur
2391 2778 2700 2846 arbitrium,
2747 2775 2840 2846 qui
2886 2772 3183 2829 masculina
3224 2770 3428 2825 femora
3469 2766 3684 2837 polluit,

2105 2876 2149 2930 si
2176 2882 2370 2929 natura
2397 2870 2758 2942 permitteret,
2782 2864 3040 2937 quidquid
3067 2863 3119 2917 in
3151 2860 3463 2915 mulieribus
3483 2858 3687 2928 agitur.

2108 2978 2278 3023 totum
2323 2968 2374 3020 in
2404 2963 2641 3019 masculo
2673 2976 2770 3030 per
2821 2956 3098 3013 effrenata:
3133 2952 3371 3008 libidinis
3417 2949 3685 3004 insaniam

418 3042 609 3131 venter
638 3032 707 3086 ab
730 3031 1083 3131 immoderata
1125 3029 1501 3084 alimentorum
1532 3028 1878 3097 perceptione
1921 3042 1998 3080 re-
2030 3017 2075 3080 C
2489 3017 2616 3108 fecit
2637 3017 2781 3122 ηλιοά
2808 3048 2980 3120 pomi,
3009 3065 3023 3101 ε
3052 3046 3121 3100 ad
3160 3046 3276 3099 hac
3301 3055 3472 3112 usque
3491 3054 3688 3110 ρεηδ-

419 3125 742 3193 stringitur,
792 3123 846 3176 in
899 3121 1145 3177 ardorem
1193 3129 1466 3175 consueta:
1514 3120 1749 3174 libidinis
1794 3119 2006 3173 animus

422 3220 655 3288 turpiter
705 3213 1090 3269 inflammatur.
1138 3212 1256 3279 Quo
1322 3212 1403 3278 ﬁt,
1454 3221 1514 3266 ut
1566 3212 1658 3281 qui
1718 3211 2005 3267 commissa

422 3311 653 3365 necdum
684 3306 923 3370 fleverat,
958 3306 1132 3359 adhuc
1159 3304 1398 3358 deterius
1426 3303 1652 3372 lugenda
1685 3303 2004 3357 committat.

497 3401 604 3454 Sed
627 3399 1101 3467 legispraeceptum
1122 3403 1228 3457 est,
1246 3404 1304 3447 ut
1322 3411 1442 3450 cum
1474 3395 1756 3464 qnislepra
1788 3393 2009 3464 perfun—

427 3491 610 3551 ditur,
656 3485 1026 3542 sacerdotibus
1076 3485 1394 3539 ostendatur
1434 3501 1449 3547 ;
1501 3494 1627 3538 tunc
1671 3493 1849 3539 autem
1903 3497 2011 3540 non

433 3578 806 3634 sacerdotibus
860 3576 952 3629 sed
1012 3574 1223 3644 lcproso
1277 3575 1452 3642 potius
1507 3575 1838 3639 ostenditur,
1891 3588 2013 3628 cum

428 3671 738 3726 immundus
764 3666 1041 3721 immundo
1056 3676 1332 3737 peractam
1354 3681 1690 3720 communem
1718 3666 2012 3735 nequitiam

433 3761 740 3816 conﬁtetur.
768 3758 876 3812 Sed
890 3773 1014 3812 cuin
1029 3756 1301 3812 confessio
1324 3758 1507 3833 utique
1528 3758 1896 3812 manifestatio
1922 3758 2012 3824 sit,

431 3853 582 3922 quid,
633 3850 882 3913 obsecro,
925 3848 1268 3913 manifestat,
1316 3847 1409 3917 qui
1457 3848 1694 3902 audienti
1740 3848 2015 3919 cognitum
2076 3890 2077 3893 η

434 3954 640 4005 narrat,
673 3948 767 3994 aut
792 3954 901 4009 quo
926 3947 1087 4008 pacto
1112 3936 1382 3993 confessio
1412 3938 1499 3991 illa
1527 3938 1752 3994 dicenda
1780 3948 1884 4005 est,
1924 3938 2015 3993 ubi

434 4034 570 4088 nihil
593 4052 621 4087 a
643 4033 939 4087 conﬁtente
966 4029 1366 4093 manifestatur,
1393 4029 1495 4083 nisi
1522 4030 1665 4099 quod
1690 4027 2017 4099 jampridem

436 4128 504 4180 ab
552 4126 803 4179 audiente
861 4121 1259 4191 cognoscitur?
1308 4120 1376 4174 Et
1421 4121 1513 4199 qui
1573 4120 1757 4174 sociali
1807 4120 2019 4173 vinculo

436 4225 673 4286 peracta:
699 4212 1000 4281 iniquitatis
1045 4210 1385 4280 astringitur,
1417 4224 1523 4279 qua
1565 4210 1704 4279 lege,
1752 4224 1859 4277 quo
1896 4209 2019 4276 jure

437 4306 664 4361 alterum
693 4303 889 4372 poterit
916 4301 1088 4368 ligare
1111 4299 1194 4354 vel
1214 4300 1463 4354 solvere?
1488 4298 1708 4354 Frustra
1731 4298 1875 4355 enim
1900 4299 2021 4369 quis

442 4398 608 4451 alium
639 4396 851 4449 solvere
876 4392 1087 4455 nititur,
1114 4391 1207 4459 qui
1235 4399 1290 4444 et
1330 4390 1442 4460 ipse
1486 4389 1714 4444 vinculis
1758 4392 2019 4445 irretitur.
2052 4382 2100 4439 Ι)

442 4488 509 4543 Et
539 4488 629 4556 qui
656 4500 800 4539 caeco
845 4482 959 4536 vult
1004 4482 1119 4535 ﬁeri
1166 4482 1273 4535 dux
1306 4481 1533 4545 itineris,
1574 4496 1797 4537 necesse
1834 4492 1917 4537 est
1966 4491 2025 4536 ut

443 4582 560 4651 ipse
591 4579 788 4641 videat,
840 4590 907 4630 ne
943 4574 1188 4644 sequenti
1236 4588 1296 4627 se
1351 4583 1542 4627 auctor
1587 4573 2026 4643 praecipitationis

448 4672 563 4735 fiat,
593 4671 733 4725 sicut
762 4682 891 4723 voce
920 4664 1175 4722 Veritatis
1201 4664 1417 4728 dicitur,
1446 4662 1533 4717 ubi
1564 4664 1637 4717 ait
1662 4681 1675 4717 :
1708 4680 1725 4713 ι
1763 4663 1821 4718 Si
1850 4677 2027 4717 caecus

446 4778 647 4818 caecum
672 4762 905 4825 duxerit,
924 4760 1087 4815 ambo
1109 4758 1162 4812 in
1177 4756 1384 4812 foveam
1400 4755 1601 4811 cadunt
1620 4755 1832 4828 (Matth.
1851 4756 1973 4827 xv);
2003 4776 2022 4809 ι

446 4863 502 4909 et
529 4856 768 4908 iterum:
810 4870 828 4903 ι
867 4850 1030 4905 Vides
1078 4848 1342 4904 festucam
1389 4849 1442 4903 in
1489 4848 1645 4903 oculo
1691 4848 1874 4902 fratris
1930 4847 2025 4912 tui,

449 4946 658 5000 trabem
686 4950 885 5005 autem,
918 4956 1035 5011 quae
1064 4940 1119 4994 in
1149 4939 1309 4994 oculo
1341 4948 1431 4993 tuo
1456 4947 1559 5004 est,
1590 4954 1696 4995 non
1720 4940 2030 4995 consideras

451 5040 667 5114 (Matth.
709 5038 805 5108 vn)
833 5055 845 5090 :
870 5035 1157 5106 Hypocrita
1184 5074 1199 5100 ,
1241 5033 1380 5102 ejice
1426 5035 1657 5103 primum
1716 5034 1921 5089 trabem
1967 5034 2033 5088 de

440 5131 606 5202 poculo
637 5138 728 5184 tuo
754 5138 809 5183 et
840 5138 966 5181 tunc
995 5126 1307 5197 perspicies,
1352 5133 1411 5178 ut
1436 5125 1635 5180 educas
1676 5123 1938 5181 festucam
1966 5123 2035 5178 de

451 5220 610 5275 oculo
642 5218 825 5273 fratris
853 5216 967 5286 ωε(
1027 5213 1146 5271 Ibid
1183 5214 1224 5285 ).
1262 5233 1281 5267 ι

527 5328 686 5400 156
735 5329 830 5383 His
857 5326 1182 5398 evangelicis
1212 5326 1534 5381 testimoniis
1558 5323 1899 5395 apertissime
1939 5323 2034 5378 de-

455 5421 712 5485 claratur,
744 5422 871 5491 quia
897 5421 988 5490 qui
1014 5420 1256 5489 ejusdem
1287 5426 1466 5472 reatus
1492 5417 1725 5470 tenebris
1750 5417 2030 5483 premitur,

444 5510 657 5564 frustra
682 5512 844 5565 alium
872 5512 937 5564 ad
961 5510 1135 5563 lumen
1156 5508 1487 5578 paenitentiae
1513 5520 1765 5559 revocare
1786 5517 2030 5570 conatur;

458 5612 512 5658 et
533 5602 656 5656 dum
689 5617 848 5672 supra
878 5602 1019 5657 vires
1049 5614 1175 5655 suas
1212 5599 1375 5652 alium
1431 5596 1662 5651 errando
1699 5596 1873 5666 perire
1925 5614 2031 5651 non

2106 3149 2260 3203 niens
2290 3161 2410 3217 quae
2459 3151 2650 3199 natura
2706 3138 2950 3210 negarit,
2983 3144 3037 3191 et
3082 3134 3193 3189 illic
3234 3134 3437 3187 invitus
3483 3138 3688 3184 metam

2107 3236 2353 3294 criminis
2379 3233 2515 3297 fixit,
2551 3232 2639 3286 ubi
2686 3239 2894 3285 natura:
2922 3226 3227 3281 necessitas
3269 3220 3685 3277 intransmeabi~

2109 3328 2213 3384 lem
2246 3325 2519 3381 facultatis
2544 3320 2831 3377 terminum
2860 3316 3163 3373 collocavit.
3191 3315 3324 3381 Quia
3350 3328 3479 3382 ergo
3500 3313 3671 3366 eaden

2109 3419 2197 3473 lex
2231 3426 2315 3473 est
2363 3415 2645 3481 utriusque
2691 3426 2856 3465 sexus
2903 3407 3034 3463 viris
3077 3406 3251 3462 sacris
3279 3446 3293 3471 ,
3340 3414 3396 3458 et
3434 3402 3689 3463 clericis,

2114 3507 2493 3564 concludamus
2523 3516 2741 3557 necesse
2764 3510 2867 3565 est,
2896 3508 2955 3554 ut
2981 3498 3121 3553 sicut
3144 3495 3370 3565 virginis
3395 3493 3691 3563 sacrilegus

2113 3600 2345 3654 violator
2371 3596 2496 3665 jure
2537 3593 2860 3664 deponitur,
2915 3592 2988 3645 ita
3039 3591 3202 3644 etiam
3251 3588 3345 3641 lilii
3399 3584 3691 3656 spiritualis

2113 3691 2432 3762 prostitutor
2475 3687 2651 3743 modis
2692 3685 2943 3743 omnibus
2982 3699 3013 3739 a
3063 3696 3161 3737 suo
3220 3680 3566 3735 nihilominus
3608 3691 3673 3731 ar

2115 3789 2307 3838 ceatur
2331 3778 2530 3836 oﬁicio.

2727 3864 2955 3921 CAPUT
2993 3860 3086 3919 1X.

2122 3962 2276 4030 Quod
2311 3960 2544 4032 ejusdem
2558 3958 2803 4039 lcriminis
2832 3973 2951 4036 reus
2968 3955 3076 4039 ἑῇ,
3105 3953 3276 4039 coqui
3302 3968 3421 4006 cum
3471 3948 3695 4015 carnalz,

2491 4029 2569 4085 vel
2603 4026 2928 4097 baptismatis
2957 4025 3071 4094 ﬁlia
3103 4024 3321 4077 labitur.

2192 4149 2259 4202 Et
2295 4156 2353 4201 ut
2382 4147 2448 4201 ad
2479 4159 2682 4204 sacros,
2717 4143 2768 4197 id
2800 4150 2918 4205 est.
2961 4138 3328 4195 exsecrabiles
3354 4136 3507 4193 confe
3520 4150 3692 4190 ssores

2054 4268 2067 4285 ι
2123 4240 2297 4294 adhuc
2324 4253 2382 4292 se
2410 4233 2791 4304 disputationis
2815 4247 2996 4288 sermo
3030 4238 3376 4299 retorqueat:
3410 4229 3455 4283 si
3478 4228 3678 4298 qnilibe

2125 4326 2420 4383 canonicos
2466 4324 2749 4394 presbyter
2781 4337 2903 4376 cum
2945 4320 3172 4375 muliere
3208 4318 3421 4383 cecidit,
3473 4318 3556 4372 cui
3589 4331 3676 4387 po:

2127 4418 2364 4473 nitentia:
2384 4415 2643 4484 judicium
2674 4412 2755 4467 vel
2792 4410 2959 4467 semel
2987 4410 3198 4473 indixit,
3231 4424 3262 4462 a
3309 4409 3525 4462 nomine
3550 4421 3678 4476 pror

2127 4528 2220 4567 sus
2245 4508 2555 4581 ambigitur,
2581 4506 2708 4576 quin
2736 4504 3012 4577 synodalis
3032 4517 3261 4558 censura
3282 4500 3476 4570 judicii
3510 4501 3675 4569 degra

2128 4605 2286 4660 detur
2319 4618 2333 4667 ;
2364 4602 2407 4656 si
2451 4607 2630 4654 autem
2677 4597 2962 4668 religiosus
3006 4611 3129 4651 cum
3181 4594 3433 4663 religioso
3480 4589 3680 4645 labitur

2129 4694 2213 4749 cui
2241 4691 2491 4748 videlicet
2522 4688 2607 4743 vel
2634 4688 2688 4742 in
2721 4687 2897 4741 danda
2926 4684 3246 4755 poenitentia
3263 4682 3427 4753 judex
3474 4678 3683 4736 exstitit

2130 4782 2215 4837 vel
2276 4783 2331 4836 in
2396 4779 2709 4849 accipiendo
2761 4775 3035 4845 judicatus
3092 4770 3239 4838 fuit,
3292 4772 3531 4840 nunquid
3597 4783 3704 4825 nor.

2132 4872 2370 4927 dictante
2390 4869 2600 4938 justitia
2622 4869 2703 4923 sui
2727 4868 2935 4921 ordinis
2961 4867 3164 4921 honore
3187 4864 3427 4919 carebit?
3452 4863 3528 4916 lta
3555 4878 3703 4915 nam-

2134 4976 2239 5029 que
2268 4959 2479 5028 vulgata
2518 4956 2907 5011 consuetudine
2935 4954 3134 5012 dicitur
3163 4953 3304 5007 ﬁlius
3356 4951 3705 5022 pmnitentize,

2140 5050 2295 5120 157
2330 5050 2471 5103 sicut
2523 5046 2666 5101 ﬁlius
2716 5045 2987 5115 baptismi.
3018 5044 3170 5100 Unde
3222 5053 3276 5097 et
3321 5043 3388 5096 de
3428 5042 3489 5095 Β.
3525 5041 3707 5094 Marco

2136 5138 2469 5210 evangelista
2518 5136 2712 5208 legitur
2746 5156 2757 5191 :
2792 5154 2810 5187 ι
2845 5135 2979 5202 Quia
3017 5133 3158 5188 Petri
3189 5140 3273 5189 est
3301 5132 3355 5186 in
3386 5130 3710 5199 baptismate

2138 5226 2300 5283 ﬁlius.
2338 5244 2355 5275 ι
2401 5226 2465 5281 Ει
2512 5227 2760 5296 egregius
2800 5223 3122 5291 prmdirator
3144 5220 3278 5276 dicit
3313 5237 3327 5275 :
3375 5237 3395 5271 ι
3424 5218 3542 5273 Non
3564 5220 3712 5275 enim

2141 5320 2289 5373 misit
2314 5336 2400 5373 me
2433 5319 2681 5373 Christus
2718 5317 2995 5388 baptizare
3020 5355 3035 5378 ,
3085 5315 3178 5368 sed
3226 5312 3599 5381 evangelizare
3643 5309 3712 5380 (Ι

2142 5407 2262 5462 Cor.
2293 5410 2388 5472 1);»
2415 5408 2529 5475 ipse
2557 5407 2681 5461 item
2715 5408 2882 5461 dicit:
2914 5425 2931 5457 ‹
2954 5404 3085 5472 Quae
3115 5414 3201 5459 est
3227 5406 3370 5457 enim
3401 5403 3568 5472 gloria
3595 5416 3710 5454 mea

2138 5510 2262 5553 ante
2306 5498 2626 5553 Dominum?
2672 5513 2850 5553 nonne
2879 5498 3008 5552 vos?
3049 5497 3103 5550 in
3153 5497 3367 5552 Christo
3411 5498 3553 5552 enim
3586 5495 3711 5550 Jesu

2138 5608 2233 5663 per
2249 5590 2593 5662 Evangelium
2617 5593 2824 5662 egolvos
2846 5590 3001 5659 genui
3019 5587 3204 5659 (LCor.
3221 5594 3313 5650 tv).
3332 5610 3347 5641 ι
3370 5590 3711 5659 Rursumque
