4018 6194
324 334 432 389 ΐδθ

1275 329 1518 387 causa.
1552 331 1658 394 vn.
1688 363 1758 376 ο..
1782 333 1982 391 LIBER
2019 303 2591 395 contemnimus;

3481 330 3581 384 I70

322 448 394 499 ad
415 444 634 501 Galatas
659 444 738 506 ait
771 459 785 498 :
816 462 836 496 ι
869 443 1045 500 Filioli
1075 413 1205 510 mei,
1228 461 1366 515 quos
1411 446 1606 502 iterum
1637 449 1901 518 parturio,
1929 455 1978 512 Α
2007 441 2314 513 redeamus,
2341 447 2543 504 dicitur
2577 463 2591 498 :
2621 445 2756 513 Quia
2798 443 3083 516 presbyter
3109 457 3212 498 non
3242 441 3449 520 prolato
3473 460 3584 500 mo-

321 535 498 589 donec
525 534 790 590 formetur
812 533 1065 590 Christus
1092 534 1145 589 in
1173 536 1326 592 vobis
1353 533 1494 604 (Gal.
1520 534 1616 604 iv).
1647 556 1666 594 ι
1697 535 1754 593 Si
1774 552 1907 608 ergo

321 623 414 678 ille
441 624 648 693 genuit,
681 623 770 678 ille
801 625 1074 692 parturiit,
1108 627 1201 695 qui
1233 642 1338 681 non
1373 635 1460 682 est
1485 627 1682 686 missus
1732 629 1908 698 bapti-

319 732 383 768 za
394 730 469 778 re,
500 715 592 770 sed
619 715 1015 786 evangelizare,
1039 732 1103 772 ac
1132 733 1230 788 per
1251 719 1354 780 hoc
1379 719 1754 788 paenitentiam
1782 735 1906 790 pro.

317 820 543 870 rec-are,
563 821 802 877 congrue
827 808 1028 862 dicitur
1053 818 1108 870 et
1151 809 1240 872 ilic
1268 810 1430 877 filius,
1467 812 1559 881 qui
1585 813 1819 883 accipit;
1850 822 1906 868 et

319 898 408 951 ille
456 906 633 966 pater,
676 899 772 967 qui
820 901 1194 968 paenitentiam
1247 903 1493 973 imponit.
1527 902 1647 957 Jam
1697 919 1828 975 ergo
1856 905 1905 961 si

318 990 569 1057 superius
598 990 744 1043 dicta
795 991 1068 1044 subtiliter
1111 993 1486 1056 attenduntur,
1540 995 1905 1052 luee.clarius

316 1088 553 1144 constat,
588 1081 712 1148 quia
739 1077 982 1147 ejusdem
1011 1081 1256 1145 criminis
1287 1098 1413 1139 reus
1441 1093 1545 1148 est,
1577 1095 1632 1139 et
1661 1087 1750 1155 qui
1775 1102 1901 1142 cum

315 1170 546 1234 carnali,
595 1171 677 1224 vel
723 1170 1066 1242 baptismatis
1116 1172 1225 1232 ﬁlia
1259 1173 1589 1242 fornicatur;
1629 1178 1779 1243 etis,
1809 1178 1902 1248 qui

313 1261 568 1316 cunnililio
598 1262 932 1332 pmuitcatiae
963 1265 1350 1334 turpitudinem
1373 1277 1651 1336 operatur.
1679 1269 1900 1324 Etsicut

314 1350 380 1414 is,
415 1351 509 1420 qui
554 1367 676 1406 cum
702 1367 768 1406 ea
796 1352 981 1422 lapsus
1007 1363 1110 1418 est,
1161 1369 1326 1424 quam
1371 1356 1665 1411 carnaliter
1692 1357 1901 1427 genuit,

314 1441 394 1494 vel
422 1441 682 1510 quamde
730 1442 1002 1511 baptismo
1031 1445 1294 1514 suscepit,
1326 1445 1410 1499 vel
1437 1447 1526 1500 cui
1565 1449 1901 1516 paenitentia!

306 1527 570 1597 judicium
601 1531 814 1599 posuit;
849 1531 922 1586 ita
943 1532 1111 1586 etiam
1145 1533 1238 1601 qui
1269 1549 1393 1588 cum
1424 1533 1537 1589 filio
1563 1536 1900 1604 pmnitcntirc

310 1635 408 1690 per
459 1620 858 1674 immunditiam
912 1620 1136 1687 labitur,
1161 1621 1371 1692 justum
1419 1632 1505 1678 est
1548 1625 1619 1678 ab
1647 1639 1714 1678 eo
1742 1626 1902 1696 cujus

309 1709 723 1765 administrator
747 1721 833 1766 est
855 1713 1051 1767 ordine
1076 1713 1405 1774 omnimodis
1429 1727 1763 1786 segregetur.

943 1823 1171 1880 CAPUT
1207 1825 1277 1880 Χ.

311 1912 386 1966 De
407 1913 1066 1989 apocryphiseanonibus,
1105 1916 1158 1968 in
1185 1916 1387 1989 quibus
1417 1917 1712 1989 quicunque
1734 1921 1894 1989 conﬁ-

705 1984 860 2049 dunt,
897 1985 1108 2038 aniniuo
1158 1984 1512 2055 decipiuntur.

378 2070 487 2126 Sed
539 2073 796 2140 quoniam
851 2072 1097 2142 quaedam
1130 2075 1321 2130 naeniae
1373 2077 1548 2132 sacris
1594 2079 1898 2136 canombus

313 2165 666 2232 reperiuntur
693 2163 960 2225 admistaa,
978 2165 1031 2217 in
1054 2165 1250 2234 quibus
1273 2166 1468 2236 perditi
1490 2166 1738 2224 homines
1758 2183 1897 2224 vana

307 2256 733 2325 praesumptione
762 2256 1062 2321 confidunt,
1110 2272 1175 2311 ex
1207 2258 1338 2327 ipsis
1363 2258 1573 2329 aliquas
1599 2260 1690 2315 hie
1725 2275 1894 2330 appo-

304 2345 510 2405 nimus,
562 2352 622 2398 ut
652 2360 757 2399 non
788 2344 964 2408 solum
991 2361 1106 2410 eas,
1158 2347 1254 2402 sed
1277 2355 1334 2401 et
1378 2362 1568 2405 omnes
1612 2349 1748 2404 alias
1793 2351 1893 2405 sibi

302 2435 514 2491 similes
573 2437 829 2506 scriptas,
865 2436 1177 2507 ubicunque
1208 2447 1437 2508 repertae
1483 2437 1704 2505 fuerint,
1733 2440 1897 2496 falsas

300 2538 357 2581 et
385 2528 614 2582 omnino
645 2528 986 2599 apocryphas
1035 2529 1240 2598 liquido
1262 2529 1719 2584 demonstremus.
1754 2531 1894 2586 Dici-

301 2626 394 2670 tur
420 2617 566 2671 enim
596 2617 736 2671 inter
757 2627 949 2673 caetera
977 2636 990 2671 :
1016 2617 1306 2689 Presbyter
1329 2634 1435 2677 non
1464 2619 1674 2688 prolato
1697 2636 1889 2676 mona-

299 2706 388 2760 chi
422 2715 569 2769 voto,
601 2723 724 2761 cum
753 2707 955 2777 puella,
991 2709 1072 2764 vel
1125 2711 1412 2765 meretrice
1439 2725 1690 2781 peccans,
1722 2727 1894 2766 annos

297 2795 461 2860 duos,
493 2805 552 2850 et
601 2796 775 2850 tribus
804 2796 1257 2866 quadragesimis,
1302 2798 1560 2862 secunda,
1593 2809 1808 2868 quarta,
1837 2809 1895 2856 et

297 2894 456 2940 sexta
485 2885 622 2940 feria
650 2897 706 2941 et
729 2885 974 2941 Sahbato
1001 2902 1217 2958 semper
1241 2903 1366 2943 cum
1387 2890 1534 2944 sicco
1557 2905 1695 2959 pane
1716 2891 1890 2959 paeni-

299 2987 449 3044 teat;
482 2979 532 3034 si
552 2993 676 3033 eum
706 2977 903 3033 ancilla
937 2979 1052 3043 Dei,
1083 2988 1176 3033 aut
1206 2979 1467 3044 masculo,
1497 2981 1728 3034 addatur
1748 2978 1892 3049 jeju-

296 3067 474 3130 nium,
508 3067 562 3122 id
583 3075 688 3131 est,
714 3069 957 3137 quinque
990 3084 1186 3132 annos,
1217 3069 1260 3122 si
1295 3069 1346 3122 in
1373 3069 1766 3124 consuetudine
1781 3080 1888 3126 est.

2011 538 2168 596 nachi
2200 546 2346 602 voto,
2377 552 2499 600 cum
2540 536 2742 606 puella,
2771 534 2853 594 vel
2894 533 3179 592 meretrice
3203 547 3454 604 peccans,
3488 550 3586 589 an-

1977 645 2107 703 .nos
2153 629 2289 688 duos
2327 627 2608 698 paniteat.
2663 626 2728 691 Et
2775 625 2896 694 quis
2945 634 3052 678 tam
3103 624 3292 688 hebes,
3320 626 3442 694 quis
3475 637 3584 680 tam

2008 717 2231 778 insanus
2253 715 2480 786 reperiri
2511 714 2713 783 valeat,
2742 714 2836 784 qui
2865 713 3092 773 duorum
3124 729 3388 768 annorum
3412 714 3584 782 poeni-

2008 809 2255 875 tentiam,
2311 808 2651 878 deprehenso
2716 807 2768 862 in
2831 805 3190 871 fornicatione
3245 807 3582 878 presbytero,

2008 898 2260 956 idoneam
2309 897 2540 954 credat?
2591 897 2647 958 Si
2704 896 2826 966 quis
2868 896 3012 952 enim
3053 895 3586 965 quantulamcunque

2005 988 2291 1048 scientiam
2348 987 2623 1051 canonica:
2676 986 3015 1046 auctoritatis
3071 985 3155 1040 vel
3209 995 3585 1047 summotenus

2003 1079 2208 1150 attigit,
2233 1087 2296 1134 ut
2345 1071 2913 1144 districtiora'judicia
2954 1085 3247 1144 taceamus,
3279 1077 3404 1150 quia
3432 1075 3584 1150 lapso

2005 1170 2060 1230 in
2091 1167 2446 1231 fornicatione
2499 1168 2840 1241 presbytero,
2869 1166 3062 1224 saltem
3091 1167 3277 1224 decem
3314 1183 3581 1228 annorum

2001 1258 2320 1328 penitentia
2350 1258 2694 1324 decernatur.
2723 1267 2970 1330 patenter
3007 1259 3276 1327 agnoscit.
3328 1258 3452 1317 Haec
3481 1275 3583 1316 au—

2003 1360 2111 1410 tem
2161 1349 2389 1410 duorum
2431 1364 2694 1408 annorum
2741 1351 2807 1404 de
2855 1348 3215 1414 fornicatione
3265 1349 3581 1420 poenitentia

2003 1456 2108 1498 non
2139 1439 2298 1498 modo
2338 1454 2443 1498 non
2475 1439 2837 1506 sacerdotum,
2880 1439 2975 1494 sed
3010 1453 3110 1498 uec
3155 1437 3415 1500 laicorutn
3458 1453 3581 1494 esse

2001 1531 2368 1600 perpenditur,
2415 1530 2612 1600 quibus
2654 1529 2909 1592 nimirum
2948 1544 3014 1583 ex
3053 1529 3154 1583 hac
3205 1529 3358 1590 ruina
3398 1529 3466 1585 ad
3497 1543 3582 1586 sa-

2002 1621 2365 1682 tisfactionem
2381 1619 2742 1684 currentibus,
2761 1619 3052 1680 triennium
3060 1617 3304 1686 iudicatu
3313 1633 3357 1672 r.
3377 1617 3579 1674 Deinde

2000 1710 2214 1770 additur
2242 1727 2256 1762 :
2284 1707 2341 1771 Si
2369 1724 2492 1771 eum
2519 1708 2713 1773 ancilla
2756 1709 2869 1774 Dei,
2909 1716 3004 1762 aut
3033 1707 3292 1771 masculo,
3320 1707 3575 1768 subaudi-

1931 1793 1975 1851 Β
2004 1810 2092 1858 tur
2119 1801 2420 1872 presbyter,
2455 1801 2781 1870 peccaverit,
2813 1800 3042 1862 addatur
3080 1798 3370 1868 jejunium,
3399 1798 3575 1864 idest,

1995 1893 2236 1962 quinque
2264 1907 2554 1957 arium-um,
2582 1892 2626 1951 si
2661 1892 2712 1952 in
2751 1892 3138 1952 consuetudine
3165 1899 3248 1950 est
3278 1909 3291 1952 ;
3326 1890 3579 1955 similiter

1997 1985 2232 2050 diaconi,
2255 1985 2299 2040 si
2321 1985 2568 2044 monachi
2601 1999 2707 2043 non
2729 1993 2879 2047 sunt,
2911 1984 3120 2043 duobus
3157 1984 3335 2049 annis,
3363 1984 3580 2044 sicutct

1996 2076 2249 2132 monachi
2279 2076 2373 2146 qni
2411 2075 2529 2131 sine
2557 2075 2726 2145 gradu
2774 2082 2919 2141 sunt,
2962 2073 3278 2144 pmniteant.
3314 2071 3497 2134 Unnm-
3521 2073 3576 2128 in

1995 2168 2171 2239 capite
2199 2164 2358 2237 hujus
2378 2167 2669 2225 insensatac
2695 2165 2996 2230 sententiae,
3017 2181 3178 2236 quam
3205 2180 3436 2236 expono.
3459 2166 3542 2222 ala
3559 2193 3576 2206 -

1995 2260 2164 2314 criter
2189 2259 2366 2322 video,
2412 2257 2646 2313 libenter
2692 2257 2948 2322 attendo;
2979 2257 3235 2316 nimirum
3277 2258 3419 2326 quod
3443 2257 3580 2313 dici-

1995 2359 2083 2403 tur
2114 2366 2128 2402 :
2154 2350 2211 2404 Si
2236 2365 2361 2403 cum
2385 2348 2578 2404 ancilla
2607 2348 2722 2410 Dei,
2751 2357 2847 2404 aut
2872 2362 2995 2404 eum
3045 2347 3308 2404 masculo.
3343 2348 3502 2416 Ecce,
3541 2363 3582 2404 o

1994 2437 2134 2492 bone
2161 2437 2246 2490 vir
2265 2435 2563 2501 Sodomita,
2595 2436 2652 2500 in
2678 2437 2791 2506 ipsa
2825 2445 2914 2495 tua
2955 2439 3245 2504 scriptura,
3273 2452 3433 2506 quam
3459 2437 3574 2493 siu-

1992 2528 2254 2599 gulariter
2280 2528 2476 2598 diligis,
2521 2543 2684 2597 quam
2714 2527 2990 2584 inhianter
3015 2526 3380 2594 amplecteris,
3411 2543 3574 2597 quam

1995 2617 2088 2674 tibi
2119 2616 2263 2672 velut
2285 2616 2535 2686 clypeum
2581 2614 2917 2678 defensionis
2957 2615 3208 2684 opponis,
3235 2623 3423 2684 aperte
3444 2629 3579 2669 eon-

1993 2707 2220 2770 sideras,
2243 2706 2369 2776 quia
2396 2706 2510 2762 sive
2532 2719 2654 2765 cum
2701 2703 2894 2765 ancilla
2937 2703 3032 2766 Dei
3077 2703 3200 2773 quis
3230 2713 3439 2773 peccet.
3461 2705 3577 2768 sive

1991 2812 2116 2852 cum
2165 2795 2424 2860 plusculo,
2475 2794 2610 2858 nihil
2641 2792 2849 2859 dimi“;
2877 2792 2971 2854 sed
3015 2791 3221 2862 aequale
3269 2801 3572 2862 peccawm,

1993 2903 2092 2956 par
2118 2887 2429 2942 decernitur
2455 2900 2580 2941 esse
2627 2884 2910 2954 judicium,
2952 2882 3072 2948 Jan:
3120 2883 3254 2938 nihil
3301 2893 3384 2948 est
3435 2883 3577 2938 unde

1995 2992 2204 3034 mecum
2227 2975 2544 3047 conﬂigere.
2569 2974 2704 3036 nihil
2725 2975 2868 3037 unde
2893 2989 2926 3032 ιι
2953 2973 3091 3036 uncis
3107 2972 3230 3042 iure
3251 2974 3425 3043 possis
3447 2973 3575 3028 θηλε-

1994 3068 2302 3138 sationibus
2330 3067 2641 3130 dissentire.

298 3157 572 3212 Similiter
599 3157 838 3223 diaconi,
865 3159 910 3214 si
939 3159 1192 3213 monachi
1223 3175 1328 3212 non
1354 3167 1503 3224 sunt,
1520 3161 1655 3216 duos
1677 3176 1886 3229 annos;
1915 3151 1962 3212 C
2063 3157 2171 3214 Sed
2200 3158 2323 3228 quis
2347 3165 2458 3216 tam
2490 3171 2688 3218 vesane
2716 3155 2968 3225 desipiat.
3006 3155 3129 3225 quis
3159 3165 3266 3212 tam
3295 3153 3574 3224 profundat!

295 3247 443 3301 sicut
488 3257 546 3302 et
600 3248 875 3312 monachi,
906 3249 998 3317 qui
1029 3248 1148 3302 sine
1193 3249 1364 3318 gradu
1399 3258 1544 3304 sunt.
1571 3249 1744 3305 Paulo
1766 3261 1890 3322 post

296 3336 552 3391 subditur
577 3354 589 3390 :
612 3335 856 3392 Clericus
877 3353 998 3392 cum
1025 3338 1202 3407 puella
1227 3339 1274 3392 si
1308 3339 1426 3396 sine
1455 3349 1580 3395 voto
1609 3341 1886 3406 monachi,

297 3423 604 3480 fornicatus
633 3425 818 3490 fuerit,
851 3427 1137 3482 dimidium
1161 3442 1364 3481 annum
1397 3429 1690 3497 poeniteat;
1718 3430 1764 3483 si
1790 3444 1886 3484 ca-

298 3517 550 3578 nonicus,
584 3517 868 3582 similiter;
903 3519 948 3572 si
977 3519 1315 3588 frequenter,
1366 3519 1504 3574 duos
1536 3534 1726 3574 annos.
1755 3520 1888 3575 Item

298 3607 342 3660 si
373 3607 500 3675 quis
529 3609 862 3675 peccaverit,
903 3608 1046 3662 sicut
1091 3608 1406 3673 Sodomitas,
1437 3609 1659 3678 quidam
1703 3611 1893 3667 dicunt

296 3697 487 3752 decem
514 3711 688 3753 annos
718 3697 1054 3766 poenitentiae
1083 3715 1099 3752 :
1136 3697 1229 3768 qui
1283 3697 1338 3753 in
1365 3699 1759 3755 consuetudine
1787 3701 1886 3755 ha-

301 3787 408 3851 bet,
437 3787 673 3857 amplius
701 3788 865 3858 plecti
894 3788 1085 3853 debet;
1121 3790 1164 3843 si
1210 3797 1294 3844 est
1321 3788 1594 3859 ingradu,
1623 3791 1889 3860 degrade-

301 3886 412 3941 tur,
455 3887 513 3933 et
539 3879 683 3934 sicut
711 3878 887 3940 laicus
911 3879 1196 3948 pauitant.
1241 3881 1358 3941 Vir,
1391 3881 1484 3950 qui
1505 3881 1654 3936 inter
1685 3881 1888 3936 femora

301 3967 605 4024 fornicatus
632 3969 816 4036 fuerit,
846 3983 956 4024 uno
986 3985 1129 4023 anno
1161 3969 1456 4039 pmniteat;
1505 3971 1553 4024 si
1581 3971 1889 4034 iteraverit,

299 4059 511 4116 duobus
539 4060 726 4125 annis;
761 4059 806 4115 si
831 4068 1017 4114 autem
1047 4060 1100 4118 in
1153 4042 1305 4132 terga
1357 4061 1658 4117 fornicatus
1704 4062 1886 4128 fuerit,

300 4157 409 4204 tres
432 4164 606 4204 annos
632 4150 929 4218 pmnitcat;
963 4150 1011 4205 si
1041 4167 1200 4221 puer,
1234 4153 1371 4207 duos
1395 4168 1569 4208 annos
1591 4154 1886 4223 paniteat;

297 4240 344 4294 si
364 4255 491 4296 cum
523 4241 730 4310 pecude
758 4239 920 4304 fuerit
945 4240 1246 4298 fornicatus
1286 4243 1381 4298 vel
1395 4244 1665 4315 jumento,
1694 4245 1889 4306 decem

297 4345 470 4385 annos
496 4331 782 4399 poeniteat.
826 4331 983 4398 Item,
1034 4333 1318 4404 episcopus
1364 4349 1487 4389 cum
1544 4335 1892 4407 quadrupede

298 4435 556 4488 peccans,
586 4421 774 4477 decem
799 4437 973 4478 annos
997 4424 1284 4492 poeniteat,
1311 4433 1365 4480 et
1384 4426 1608 4496 gradum
1632 4427 1884 4492 amittat;

1990 3251 2241 3314 tenebras
2265 3248 2526 3306 caecitatis
2547 3248 2815 3314 incurrat.
2844 3256 2904 3306 ut
2941 3247 3009 3302 de
3048 3247 3202 3316 lapsu
3228 3261 3351 3300 cum
3374 3245 3572 3306 ancilla

1989 3341 2109 3406 Dei,
2130 3342 2237 3396 hec
2259 3352 2368 3403 est,
2388 3338 2808 3404 sanctimoniali,
2830 3337 2914 3396 vel
2935 3339 3272 3410 presbytero,
3296 3340 3567 3408 quinque;

1990 3432 2074 3487 vel
2095 3432 2345 3495 diacono,
2376 3431 2492 3492 sive
2513 3430 2801 3495 mortaeho,
2831 3429 3059 3485 duorum
3105 3445 3369 3488 annorum
3394 3430 3568 3499 impo-

1989 3526 2222 3580 nendam
2243 3523 2624 3593 pmniteutiam
2650 3521 2907 3577 censeat?
2951 3520 3140 3576 Nonne
3173 3522 3291 3575 haec
3317 3529 3402 3576 est
3434 3520 3568 3577 insiv

1989 3614 2186 3668 diatrix
2218 3611 2486 3672 tendiatla
2533 3610 2910 3681 pereuntium?
2937 3608 3127 3666 Nonne
3153 3609 3241 3664 hic
3273 3617 3572 3675 estqerran-

1990 3703 2125 3764 tium
2167 3701 2391 3771 laqueus
2429 3699 2771 3762 animarum?
2799 3698 2931 3754 Illud
2960 3709 3142 3764 autem
3168 3700 3290 3768 quis
3333 3716 3439 3756 uou
3470 3716 3570 3770 po.-

1991 3791 2121 3847 terit
2149 3791 2481 3860 improbare,
2537 3789 2682 3858 quod
2722 3789 2922 3844 dicitur
2951 3806 2964 3842 :
2996 3788 3132 3856 Quia
3173 3790 3405 3850 clericus
3445 3805 3570 3846 eum

1989 3880 2165 3952 puclJa
2201 3879 2246 3933 si
2281 3879 2402 3943 sine
2447 3886 2572 3932 voto
2601 3877 2850 3932 monachi
2875 3876 3176 3934 fornicatus
3195 3876 3380 3942 fuerit.
3408 3879 3569 3936 dimi-

1989 3971 2137 4031 dium
2166 3983 2366 4022 annum
2394 3967 2691 4037 pmuiteat?
2719 3967 2786 4022 Et
2807 3968 2936 4037 quis
2975 3968 3048 4022 ita
3076 3983 3246 4022 sacrae
3272 3968 3570 4037 Scriptura:

1989 4063 2213 4124 scientia
2243 4062 2459 4132 polleat,
2483 4061 2609 4130 quis
2633 4061 2708 4115 ita
2739 4061 2824 4114 vel
2858 4061 2910 4114 in
2941 4059 3236 4121 dialecticae
3258 4059 3570 4114 subtilitatis

1989 4151 2238 4206 acumine
2289 4159 2704 4220 argumentosus
2753 4150 2981 4212 existat,
3039 4157 3099 4202 ut
3156 4155 3265 4210 tam
3325 4163 3392 4202 ex
3455 4148 3571 4220 lege

1989 4243 2185 4313 legem,
2214 4251 2324 4300 tam
2347 4241 2696 4297 laudabiliter
2713 4240 3044 4302 detestanda:
3069 4239 3407 4296 auctoritatis
3421 4239 3570 4308 judi-

1989 4335 2164 4390 cabile
2214 4336 2584 4406 praeiudicium
2635 4335 3000 4394 condemnare
3045 4335 3371 4405 praesumat?
3420 4335 3572 4391 Unde

1992 4426 2134 4482 laico
2177 4427 2470 4482 triennium
2521 4427 2702 4492 datur,
2743 4426 2867 4482 inde
2903 4424 3136 4482 clericus
3182 4426 3406 4484 dimidio
3429 4441 3572 4481 anno

299 4510 586 4580 presbyter
610 4512 882 4581 quinque;
913 4490 1176 4570 diaconus
1226 4523 1368 4581 tres;
1387 4490 1632 4572 vclerieus
1656 4490 1762 4572 duo
1787 4535 1800 4571 :
1830 4527 1887 4572 et
1921 4490 1969 4549 θ
1994 4518 2256 4588 paenitere
2281 4517 2624 4588 praecipitur?
2666 4490 2819 4573 Beati
2850 4533 2983 4588 ergo
3031 4517 3236 4579 clerici,
3269 4518 3358 4587 qui
3404 4516 3572 4572 forni-

300 4599 467 4653 nmlta
499 4599 603 4652 alia
633 4602 913 4668 mendosa,
938 4611 1100 4671 atque
1129 4604 1396 4673 sacrilega
1420 4605 1655 4658 versutia
1686 4605 1883 4660 diaboli

298 4692 474 4746 sacris
522 4690 825 4746 canonibus
881 4694 1228 4762 reperiuntur
1277 4693 1505 4758 inserta,
1561 4709 1684 4764 qua:
1729 4694 1886 4750 nobis

301 4781 476 4852 magis
505 4780 638 4838 libet
684 4780 1000 4847 obliterare,
1049 4797 1212 4851 quam
1240 4783 1517 4848 scribere;
1549 4783 1724 4854 magis
1751 4799 1877 4840 conv

298 4885 522 4938 spuere,
547 4885 713 4940 quam
739 4880 848 4928 tam
873 4885 1010 4928 vana
1038 4871 1270 4929 ludibria
1291 4872 1567 4928 schedulis
1591 4871 1884 4928 inculcare.

298 4960 439 5018 Ecce
479 4962 566 5018 his
613 4961 986 5021 deliramentis
1020 4963 1269 5020 carnales
1299 4952 1548 5020 homines
1587 4964 1883 5029 confidunt,

299 5052 385 5108 his
429 5052 584 5108 velut
635 5054 969 5109 somniorum
1021 5054 1286 5124 portentis
1340 5055 1500 5110 fidem
1555 5055 1882 5123 attribuunt,

303 5141 467 5213 158
493 5154 551 5198 et
584 5159 734 5200 vanae
779 5159 838 5199 se
869 5145 985 5215 spei
1033 5147 1327 5200 securitate
1357 5147 1636 5202 deludunt.
1669 5146 1778 5202 Sed
1803 5149 1885 5202 vi-

301 5236 548 5297 deamus,
577 5235 625 5290 si
649 5237 923 5292 canonica:
959 5239 1274 5293 auctoritati
1316 5240 1418 5295 ista
1445 5241 1798 5304 conveniant;
1826 5250 1885 5295 et

303 5333 484 5380 utrum
533 5328 760 5382 tenenda
812 5329 942 5392 sint,
973 5345 1042 5384 an
1092 5331 1336 5397 vitanda,
1369 5347 1482 5387 non
1524 5341 1638 5386 tam
1681 5333 1882 5398 verbis,

301 5427 466 5482 quain
499 5417 661 5472 rebus
679 5420 1062 5475 attestantibus
1085 5421 1446 5478 innotescant.

908 5509 1135 5566 CAPUT
1190 5509 1279 5572 XI.

412 5593 713 5650 Probabilis
736 5599 1026 5667 "probatio
1054 5600 1476 5671 aupradiclorunt
1495 5615 1776 5660 canonum.

375 5685 565 5757 Igitur,
592 5697 652 5742 ut
683 5690 750 5742 ad
795 5690 1122 5760 principium
1168 5692 1328 5761 hujus
1382 5692 1608 5762 captiosi
1657 5691 1882 5763 capituli

671 5781 942 5842 Ρηιιοι.
994 5785 1236 5846 CXLV.

1991 4613 2208 4668 cantur,
2231 4605 2633 4660 Sodomitarum
2667 4605 2712 4659 si
2743 4605 2971 4660 arbitrio
2993 4605 3306 4674 iudicentur
3333 4623 3348 4658 :
3379 4608 3569 4661 eadem

1989 4697 2190 4767 quippe
2206 4711 2456 4752 mensura
2475 4712 2578 4766 qua
2602 4695 2897 4750 metiuntur
2919 4695 3062 4760 aliis,
3088 4697 3323 4750 remetiri
3347 4699 3572 4766 cupiunt

1990 4788 2361 4859 sibimetipsis.
2391 4787 2538 4842 Satis
2569 4787 2672 4840 iste
2713 4795 2905 4841 auctor
2931 4787 3134 4842 erroris
3169 4788 3236 4841 ad
3282 4787 3569 4842 lucrandas

1991 4877 2206 4933 diabolo
2255 4878 2465 4932 animas
2507 4876 2697 4930 avidus
2724 4876 2953 4941 exstitit,
2985 4877 3075 4947 qui
3102 4878 3227 4932 dum
3275 4878 3570 4934 monachos

1988 4969 2215 5039 perdere
2246 4967 2468 5032 studuit,
2493 4981 2666 5035 usque
2699 4967 2859 5038 159
2879 4967 2947 5021 ad
2975 4969 3217 5023 ordinem
3239 4969 3562 5024 clericorum

1987 5061 2192 5132 dogma
2235 5074 2346 5115 suae
2400 5058 2773 5128 perversitatis
2825 5061 3094 5123 extendit;
3150 5069 3205 5114 et
3261 5061 3565 5115 animarum

1985 5149 2272 5214 homicida,
2301 5149 2429 5204 dum
2455 5149 2568 5203 sola
2591 5149 2976 5204 monachorum
3015 5158 3187 5204 morte
3227 5150 3564 5204 stomachum

1985 5258 2098 5298 suae
2121 5241 2342 5296 malitia:
2367 5241 2650 5312 gulatenus
2679 5241 2898 5311 explere
2923 5257 3029 5295 non
3063 5242 3258 5312 potuit,
3279 5241 3482 5298 satiare
3506 5260 3568 5300 se

1985 5333 2070 5389 vel
2097 5350 2165 5389 ex
2192 5334 2299 5390 alio
2325 5334 2518 5390 ordine
2539 5333 2867 5402 concupivit.

2061 5421 2177 5478 Iam
2202 5437 2330 5479 vero
2349 5422 2491 5493 quod
2513 5423 2780 5493 sequitur,
2804 5421 3116 5476 videamus:
3145 5421 3205 5477 Si
3232 5422 3355 5492 quis
3373 5438 3567 5494 pecca-

1991 5515 2133 5570 verit
2159 5515 2299 5571 sicut
2331 5514 2648 5578 Sodomitaa,
2676 5514 2894 5584 quidam
2939 5513 3124 5566 decem
3165 5528 3335 5568 annos
3382 5515 3567 5570 dicunt
3601 5530 3612 5536 ‘

1990 5605 2350 5674 poenitentiae;
2400 5605 2491 5674 qui
2551 5605 2605 5658 in
2658 5602 3050 5660 consuetudine
3103 5604 3286 5670 habet,
3337 5605 3566 5674 amplius

1991 5694 2150 5764 plecti
2173 5694 2358 5759 debet;
2383 5694 2428 5749 si
2452 5694 2504 5748 in
2530 5694 2702 5764 gradu
2723 5701 2825 5758 est,
2853 5692 3198 5762 degradetur,
3216 5701 3272 5748 et
3298 5694 3439 5749 sicut
3459 5694 3563 5748 lai-

3047 5784 3088 5843 6
