  <div class='ocr_page' id='page_1' title='image "/cluster/home/n/w/nwhite01/storage/ocr_20150623/145/hvd.32044048207542/093.png"; bbox 0 0 3996 6184; ppageno 0'>
   <div class='ocr_carea' id='block_1_1' title="bbox 404 336 494 416">
    <p class='ocr_par' dir='ltr' id='par_1_1' title="bbox 404 336 494 416">
     <span class='ocr_line' id='line_1_1' title="bbox 404 336 494 416; baseline -0.011 0"><span class='ocrx_word' id='word_1_1' title='bbox 404 336 494 416; x_wconf 77' lang='lat' dir='ltr'><strong>m</strong></span> 
     </span>
    </p>
   </div>
   <div class='ocr_carea' id='block_1_2' title="bbox 858 341 3199 408">
    <p class='ocr_par' dir='ltr' id='par_1_2' title="bbox 858 341 3199 408">
     <span class='ocr_line' id='line_1_2' title="bbox 858 341 3199 408; baseline -0.005 -1"><span class='ocrx_word' id='word_1_2' title='bbox 858 353 914 408; x_wconf 88' lang='lat' dir='ltr'><strong>S.</strong></span> <span class='ocrx_word' id='word_1_3' title='bbox 951 350 1149 405; x_wconf 76' lang='lat' dir='ltr'><strong>PETRI</strong></span> <span class='ocrx_word' id='word_1_4' title='bbox 1189 346 1471 402; x_wconf 73' lang='lat' dir='ltr'><strong>DAMIANI</strong></span> <span class='ocrx_word' id='word_1_5' title='bbox 1512 344 1661 400; x_wconf 86' lang='lat' dir='ltr'><strong>OPP.</strong></span> <span class='ocrx_word' id='word_1_6' title='bbox 1695 342 1931 399; x_wconf 81' lang='lat' dir='ltr'><strong>TOMUS</strong></span> <span class='ocrx_word' id='word_1_7' title='bbox 1971 341 2101 397; x_wconf 85' lang='lat' dir='ltr'><strong>SEU</strong></span> <span class='ocrx_word' id='word_1_8' title='bbox 2143 341 2322 396; x_wconf 77' lang='lat' dir='ltr'><strong>PARS</strong></span> <span class='ocrx_word' id='word_1_9' title='bbox 2362 342 2444 395; x_wconf 89' lang='lat' dir='ltr'><strong>Ill.</strong></span> <span class='ocrx_word' id='word_1_10' title='bbox 2477 371 2545 381; x_wconf 60' lang='grc' dir='ltr'><strong><em>η-</em></strong></span> <span class='ocrx_word' id='word_1_11' title='bbox 2570 341 2930 396; x_wconf 82' lang='lat' dir='ltr'><strong>OPUSCULA</strong></span> <span class='ocrx_word' id='word_1_12' title='bbox 2973 341 3199 397; x_wconf 67' lang='lat' dir='ltr'><strong>VARIA.</strong></span> 
     </span>
    </p>
   </div>
   <div class='ocr_carea' id='block_1_3' title="bbox 3544 351 3645 404">
    <p class='ocr_par' dir='ltr' id='par_1_3' title="bbox 3544 351 3645 404">
     <span class='ocr_line' id='line_1_3' title="bbox 3544 351 3645 404; baseline 0.01 -1"><span class='ocrx_word' id='word_1_13' title='bbox 3544 351 3645 404; x_wconf 71' lang='grc' dir='ltr'>ΓΞ</span> 
     </span>
    </p>
   </div>
   <div class='ocr_carea' id='block_1_4' title="bbox 400 444 3645 547">
    <p class='ocr_par' dir='ltr' id='par_1_4' title="bbox 400 444 3645 547">
     <span class='ocr_line' id='line_1_4' title="bbox 400 444 3645 547; baseline -0.006 -13"><span class='ocrx_word' id='word_1_14' title='bbox 400 494 495 535; x_wconf 86' lang='lat' dir='ltr'><strong>cus</strong></span> <span class='ocrx_word' id='word_1_15' title='bbox 523 474 806 547; x_wconf 68' lang='lat' dir='ltr'><strong>paeniteat.</strong></span> <span class='ocrx_word' id='word_1_16' title='bbox 830 469 941 525; x_wconf 75' lang='lat' dir='ltr'><strong>Vir.</strong></span> <span class='ocrx_word' id='word_1_17' title='bbox 970 468 1059 537; x_wconf 91' lang='lat' dir='ltr'><strong>qui</strong></span> <span class='ocrx_word' id='word_1_18' title='bbox 1092 468 1232 521; x_wconf 88' lang='lat' dir='ltr'><strong>inter</strong></span> <span class='ocrx_word' id='word_1_19' title='bbox 1268 465 1469 519; x_wconf 89' lang='lat' dir='ltr'><strong>femora</strong></span> <span class='ocrx_word' id='word_1_20' title='bbox 1504 462 1802 516; x_wconf 87' lang='lat' dir='ltr'><strong>fornicatus</strong></span> <span class='ocrx_word' id='word_1_21' title='bbox 1822 444 1962 512; x_wconf 42' lang='lat' dir='ltr'><strong>‘fue-</strong></span> <span class='ocrx_word' id='word_1_22' title='bbox 1993 461 2037 517; x_wconf 82' lang='lat' dir='ltr'><strong>A</strong></span> <span class='ocrx_word' id='word_1_23' title='bbox 2068 467 2275 527; x_wconf 87' lang='lat' dir='ltr'><strong>mergat</strong></span> <span class='ocrx_word' id='word_1_24' title='bbox 2303 476 2315 510; x_wconf 93' lang='lat'>:</span> <span class='ocrx_word' id='word_1_25' title='bbox 2349 474 2453 511; x_wconf 91' lang='lat' dir='ltr'><strong>non</strong></span> <span class='ocrx_word' id='word_1_26' title='bbox 2482 466 2532 511; x_wconf 88' lang='lat' dir='ltr'><strong>te</strong></span> <span class='ocrx_word' id='word_1_27' title='bbox 2559 466 2868 510; x_wconf 87' lang='lat' dir='ltr'><strong>sanctorum</strong></span> <span class='ocrx_word' id='word_1_28' title='bbox 2899 456 3250 510; x_wconf 88' lang='lat' dir='ltr'><strong>conciliortnn</strong></span> <span class='ocrx_word' id='word_1_29' title='bbox 3273 457 3494 530; x_wconf 78' lang='lat' dir='ltr'><strong>pelagus</strong></span> <span class='ocrx_word' id='word_1_30' title='bbox 3522 475 3645 529; x_wconf 83' lang='lat' dir='ltr'><strong>pro-</strong></span> 
     </span>
    </p>
   </div>
   <div class='ocr_carea' id='block_1_5' title="bbox 403 550 1968 635">
    <p class='ocr_par' dir='ltr' id='par_1_5' title="bbox 403 550 1968 635">
     <span class='ocr_line' id='line_1_5' title="bbox 403 550 1968 635; baseline -0.016 -9"><span class='ocrx_word' id='word_1_31' title='bbox 403 576 491 635; x_wconf 85' lang='lat' dir='ltr'><strong>rit,</strong></span> <span class='ocrx_word' id='word_1_32' title='bbox 530 583 636 622; x_wconf 92' lang='lat' dir='ltr'><strong>uno</strong></span> <span class='ocrx_word' id='word_1_33' title='bbox 674 579 813 618; x_wconf 92' lang='lat' dir='ltr'><strong>anno</strong></span> <span class='ocrx_word' id='word_1_34' title='bbox 840 560 1126 629; x_wconf 72' lang='lat' dir='ltr'><strong>pmuiteat;</strong></span> <span class='ocrx_word' id='word_1_35' title='bbox 1158 558 1202 611; x_wconf 92' lang='lat' dir='ltr'><strong>si</strong></span> <span class='ocrx_word' id='word_1_36' title='bbox 1252 555 1543 617; x_wconf 89' lang='lat' dir='ltr'><strong>iteraverit,</strong></span> <span class='ocrx_word' id='word_1_37' title='bbox 1571 553 1779 606; x_wconf 87' lang='lat' dir='ltr'><strong>duobus</strong></span> <span class='ocrx_word' id='word_1_38' title='bbox 1813 550 1968 603; x_wconf 85' lang='lat' dir='ltr'><strong>annis</strong></span> 
     </span>
    </p>
   </div>
   <div class='ocr_carea' id='block_1_6' title="bbox 342 641 1966 729">
    <p class='ocr_par' dir='ltr' id='par_1_6' title="bbox 342 641 1966 729">
     <span class='ocr_line' id='line_1_6' title="bbox 342 641 1966 729; baseline -0.015 -13"><span class='ocrx_word' id='word_1_39' title='bbox 342 650 345 653; x_wconf 18' lang='grc' dir='ltr'><em>Α</em></span> <span class='ocrx_word' id='word_1_40' title='bbox 403 659 687 729; x_wconf 72' lang='lat' dir='ltr'><strong>pmniteat;</strong></span> <span class='ocrx_word' id='word_1_41' title='bbox 718 654 763 707; x_wconf 88' lang='lat' dir='ltr'><strong>si</strong></span> <span class='ocrx_word' id='word_1_42' title='bbox 784 660 962 706; x_wconf 90' lang='lat' dir='ltr'><strong>autem</strong></span> <span class='ocrx_word' id='word_1_43' title='bbox 986 650 1037 702; x_wconf 95' lang='lat' dir='ltr'><strong>in</strong></span> <span class='ocrx_word' id='word_1_44' title='bbox 1064 658 1209 716; x_wconf 89' lang='lat' dir='ltr'><strong>terga</strong></span> <span class='ocrx_word' id='word_1_45' title='bbox 1240 646 1533 699; x_wconf 79' lang='lat' dir='ltr'><strong>fornicatus</strong></span> <span class='ocrx_word' id='word_1_46' title='bbox 1584 642 1765 703; x_wconf 88' lang='lat' dir='ltr'><strong>fuerit,</strong></span> <span class='ocrx_word' id='word_1_47' title='bbox 1797 641 1966 693; x_wconf 90' lang='lat' dir='ltr'><strong>tribus</strong></span> 
     </span>
    </p>
   </div>
   <div class='ocr_carea' id='block_1_7' title="bbox 399 730 1969 815">
    <p class='ocr_par' dir='ltr' id='par_1_7' title="bbox 399 730 1969 815">
     <span class='ocr_line' id='line_1_7' title="bbox 399 730 1969 815; baseline -0.014 -12"><span class='ocrx_word' id='word_1_48' title='bbox 399 749 557 803; x_wconf 88' lang='lat' dir='ltr'><strong>annis</strong></span> <span class='ocrx_word' id='word_1_49' title='bbox 577 745 853 815; x_wconf 64' lang='lat' dir='ltr'><strong>paeniteat.</strong></span> <span class='ocrx_word' id='word_1_50' title='bbox 904 740 966 793; x_wconf 88' lang='lat' dir='ltr'><strong>Et</strong></span> <span class='ocrx_word' id='word_1_51' title='bbox 992 752 1112 791; x_wconf 92' lang='lat' dir='ltr'><strong>cum</strong></span> <span class='ocrx_word' id='word_1_52' title='bbox 1146 750 1370 804; x_wconf 84' lang='lat' dir='ltr'><strong>peccare</strong></span> <span class='ocrx_word' id='word_1_53' title='bbox 1409 735 1547 787; x_wconf 84' lang='lat' dir='ltr'><strong>sicut</strong></span> <span class='ocrx_word' id='word_1_54' title='bbox 1591 730 1887 793; x_wconf 89' lang='lat' dir='ltr'><strong>Sodomita,</strong></span> <span class='ocrx_word' id='word_1_55' title='bbox 1914 738 1969 782; x_wconf 93' lang='lat' dir='ltr'><strong>ut</strong></span> 
     </span>
    </p>
   </div>
   <div class='ocr_carea' id='block_1_8' title="bbox 404 819 1966 905">
    <p class='ocr_par' dir='ltr' id='par_1_8' title="bbox 404 819 1966 905">
     <span class='ocr_line' id='line_1_8' title="bbox 404 819 1966 905; baseline -0.013 -14"><span class='ocrx_word' id='word_1_56' title='bbox 404 837 501 905; x_wconf 83' lang='lat' dir='ltr'><strong>ipsi</strong></span> <span class='ocrx_word' id='word_1_57' title='bbox 551 829 868 903; x_wconf 84' lang='lat' dir='ltr'><strong>perhibetis,</strong></span> <span class='ocrx_word' id='word_1_58' title='bbox 916 826 1048 880; x_wconf 88' lang='lat' dir='ltr'><strong>nihil</strong></span> <span class='ocrx_word' id='word_1_59' title='bbox 1102 824 1245 878; x_wconf 92' lang='lat' dir='ltr'><strong>aliud</strong></span> <span class='ocrx_word' id='word_1_60' title='bbox 1286 825 1374 887; x_wconf 90' lang='lat' dir='ltr'><strong>sit,</strong></span> <span class='ocrx_word' id='word_1_61' title='bbox 1414 836 1572 890; x_wconf 92' lang='lat' dir='ltr'><strong>quam</strong></span> <span class='ocrx_word' id='word_1_62' title='bbox 1628 819 1877 873; x_wconf 88' lang='lat' dir='ltr'><strong>fornicari</strong></span> <span class='ocrx_word' id='word_1_63' title='bbox 1914 819 1966 872; x_wconf 92' lang='lat' dir='ltr'><strong>in</strong></span> 
     </span>
    </p>
   </div>
   <div class='ocr_carea' id='block_1_9' title="bbox 402 912 1969 994">
    <p class='ocr_par' dir='ltr' id='par_1_9' title="bbox 402 912 1969 994">
     <span class='ocr_line' id='line_1_9' title="bbox 402 912 1969 994; baseline -0.011 -14"><span class='ocrx_word' id='word_1_64' title='bbox 402 938 581 994; x_wconf 85' lang='lat' dir='ltr'><strong>terga;</strong></span> <span class='ocrx_word' id='word_1_65' title='bbox 634 920 761 989; x_wconf 89' lang='lat' dir='ltr'><strong>quid</strong></span> <span class='ocrx_word' id='word_1_66' title='bbox 788 928 891 983; x_wconf 91' lang='lat' dir='ltr'><strong>est,</strong></span> <span class='ocrx_word' id='word_1_67' title='bbox 932 917 1074 986; x_wconf 92' lang='lat' dir='ltr'><strong>quod</strong></span> <span class='ocrx_word' id='word_1_68' title='bbox 1107 916 1269 969; x_wconf 78' lang='lat' dir='ltr'><strong>vestri</strong></span> <span class='ocrx_word' id='word_1_69' title='bbox 1315 927 1548 967; x_wconf 84' lang='lat' dir='ltr'><strong>canones</strong></span> <span class='ocrx_word' id='word_1_70' title='bbox 1592 912 1643 963; x_wconf 94' lang='lat' dir='ltr'><strong>in</strong></span> <span class='ocrx_word' id='word_1_71' title='bbox 1692 924 1797 963; x_wconf 91' lang='lat' dir='ltr'><strong>uno</strong></span> <span class='ocrx_word' id='word_1_72' title='bbox 1834 923 1969 978; x_wconf 86' lang='lat' dir='ltr'><strong>pene</strong></span> 
     </span>
    </p>
   </div>
   <div class='ocr_carea' id='block_1_10' title="bbox 400 1000 1969 1069">
    <p class='ocr_par' dir='ltr' id='par_1_10' title="bbox 400 1000 1969 1069">
     <span class='ocr_line' id='line_1_10' title="bbox 400 1000 1969 1069; baseline -0.011 0"><span class='ocrx_word' id='word_1_73' title='bbox 400 1011 666 1069; x_wconf 86' lang='lat' dir='ltr'><strong>versiculo</strong></span> <span class='ocrx_word' id='word_1_74' title='bbox 696 1018 805 1063; x_wconf 90' lang='lat' dir='ltr'><strong>tam</strong></span> <span class='ocrx_word' id='word_1_75' title='bbox 842 1006 1196 1060; x_wconf 81' lang='lat' dir='ltr'><strong>multiformes</strong></span> <span class='ocrx_word' id='word_1_76' title='bbox 1222 1003 1569 1057; x_wconf 91' lang='lat' dir='ltr'><strong>inveniuntur</strong></span> <span class='ocrx_word' id='word_1_77' title='bbox 1603 1010 1657 1054; x_wconf 88' lang='lat' dir='ltr'><strong>et</strong></span> <span class='ocrx_word' id='word_1_78' title='bbox 1709 1000 1881 1063; x_wconf 87' lang='lat' dir='ltr'><strong>varii;</strong></span> <span class='ocrx_word' id='word_1_79' title='bbox 1913 1009 1969 1051; x_wconf 93' lang='lat' dir='ltr'><strong>ut</strong></span> 
     </span>
    </p>
   </div>
   <div class='ocr_carea' id='block_1_11' title="bbox 400 1086 1971 1172">
    <p class='ocr_par' dir='ltr' id='par_1_11' title="bbox 400 1086 1971 1172">
     <span class='ocr_line' id='line_1_11' title="bbox 400 1086 1971 1172; baseline -0.01 -16"><span class='ocrx_word' id='word_1_80' title='bbox 400 1100 749 1172; x_wconf 75' lang='lat' dir='ltr'><strong>peccantibus</strong></span> <span class='ocrx_word' id='word_1_81' title='bbox 786 1098 924 1152; x_wconf 88' lang='lat' dir='ltr'><strong>sicut</strong></span> <span class='ocrx_word' id='word_1_82' title='bbox 952 1093 1261 1155; x_wconf 63' lang='lat' dir='ltr'><strong>Sodomitas,</strong></span> <span class='ocrx_word' id='word_1_83' title='bbox 1286 1090 1529 1145; x_wconf 88' lang='lat' dir='ltr'><strong>decennii</strong></span> <span class='ocrx_word' id='word_1_84' title='bbox 1560 1090 1768 1158; x_wconf 90' lang='lat' dir='ltr'><strong>pondus</strong></span> <span class='ocrx_word' id='word_1_85' title='bbox 1796 1086 1971 1155; x_wconf 85' lang='lat' dir='ltr'><strong>injun-</strong></span> 
     </span>
    </p>
   </div>
   <div class='ocr_carea' id='block_1_12' title="bbox 400 1184 1967 1263">
    <p class='ocr_par' dir='ltr' id='par_1_12' title="bbox 400 1184 1967 1263">
     <span class='ocr_line' id='line_1_12' title="bbox 400 1184 1967 1263; baseline -0.009 -15"><span class='ocrx_word' id='word_1_86' title='bbox 400 1205 558 1263; x_wconf 84' lang='lat' dir='ltr'><strong>gant;</strong></span> <span class='ocrx_word' id='word_1_87' title='bbox 593 1195 644 1247; x_wconf 93' lang='lat' dir='ltr'><strong>in</strong></span> <span class='ocrx_word' id='word_1_88' title='bbox 702 1201 849 1259; x_wconf 89' lang='lat' dir='ltr'><strong>terga</strong></span> <span class='ocrx_word' id='word_1_89' title='bbox 900 1202 1027 1243; x_wconf 92' lang='lat' dir='ltr'><strong>vero</strong></span> <span class='ocrx_word' id='word_1_90' title='bbox 1070 1186 1483 1249; x_wconf 91' lang='lat' dir='ltr'><strong>fornicantibus,</strong></span> <span class='ocrx_word' id='word_1_91' title='bbox 1521 1184 1663 1253; x_wconf 89' lang='lat' dir='ltr'><strong>quod</strong></span> <span class='ocrx_word' id='word_1_92' title='bbox 1691 1184 1828 1237; x_wconf 91' lang='lat' dir='ltr'><strong>idem</strong></span> <span class='ocrx_word' id='word_1_93' title='bbox 1864 1192 1967 1245; x_wconf 92' lang='lat' dir='ltr'><strong>est,</strong></span> 
     </span>
    </p>
   </div>
   <div class='ocr_carea' id='block_1_13' title="bbox 400 1276 1970 1345">
    <p class='ocr_par' dir='ltr' id='par_1_13' title="bbox 400 1276 1970 1345">
     <span class='ocr_line' id='line_1_13' title="bbox 400 1276 1970 1345; baseline -0.008 -8"><span class='ocrx_word' id='word_1_94' title='bbox 400 1284 539 1339; x_wconf 90' lang='lat' dir='ltr'><strong>infra</strong></span> <span class='ocrx_word' id='word_1_95' title='bbox 568 1281 779 1336; x_wconf 89' lang='lat' dir='ltr'><strong>triennii</strong></span> <span class='ocrx_word' id='word_1_96' title='bbox 802 1277 1175 1345; x_wconf 84' lang='lat' dir='ltr'><strong>compendium</strong></span> <span class='ocrx_word' id='word_1_97' title='bbox 1199 1276 1535 1345; x_wconf 75' lang='lat' dir='ltr'><strong>pteniteutiae</strong></span> <span class='ocrx_word' id='word_1_98' title='bbox 1560 1276 1792 1328; x_wconf 88' lang='lat' dir='ltr'><strong>lamenta</strong></span> <span class='ocrx_word' id='word_1_99' title='bbox 1818 1287 1970 1326; x_wconf 84' lang='lat' dir='ltr'><strong>coer-</strong></span> 
     </span>
    </p>
   </div>
   <div class='ocr_carea' id='block_1_14' title="bbox 399 1366 1965 1434">
    <p class='ocr_par' dir='ltr' id='par_1_14' title="bbox 399 1366 1965 1434">
     <span class='ocr_line' id='line_1_14' title="bbox 399 1366 1965 1434; baseline -0.008 -7"><span class='ocrx_word' id='word_1_100' title='bbox 399 1372 593 1428; x_wconf 84' lang='lat' dir='ltr'><strong>ceant?</strong></span> <span class='ocrx_word' id='word_1_101' title='bbox 643 1369 831 1426; x_wconf 86' lang='lat' dir='ltr'><strong>Nonne</strong></span> <span class='ocrx_word' id='word_1_102' title='bbox 880 1369 995 1423; x_wconf 69' lang='lat' dir='ltr'><strong>haec</strong></span> <span class='ocrx_word' id='word_1_103' title='bbox 1026 1367 1283 1421; x_wconf 89' lang='lat' dir='ltr'><strong>monstris</strong></span> <span class='ocrx_word' id='word_1_104' title='bbox 1320 1366 1514 1420; x_wconf 92' lang='lat' dir='ltr'><strong>merito</strong></span> <span class='ocrx_word' id='word_1_105' title='bbox 1564 1372 1965 1434; x_wconf 86' lang='lat' dir='ltr'><strong>comparantur,</strong></span> 
     </span>
    </p>
   </div>
   <div class='ocr_carea' id='block_1_15' title="bbox 400 1455 1970 1530">
    <p class='ocr_par' dir='ltr' id='par_1_15' title="bbox 400 1455 1970 1530">
     <span class='ocr_line' id='line_1_15' title="bbox 400 1455 1970 1530; baseline -0.005 -14"><span class='ocrx_word' id='word_1_106' title='bbox 400 1478 506 1517; x_wconf 92' lang='lat' dir='ltr'><strong>non</strong></span> <span class='ocrx_word' id='word_1_107' title='bbox 531 1468 725 1515; x_wconf 90' lang='lat' dir='ltr'><strong>natura</strong></span> <span class='ocrx_word' id='word_1_108' title='bbox 758 1458 1004 1530; x_wconf 86' lang='lat' dir='ltr'><strong>prolatis,</strong></span> <span class='ocrx_word' id='word_1_109' title='bbox 1034 1458 1127 1512; x_wconf 89' lang='lat' dir='ltr'><strong>sed</strong></span> <span class='ocrx_word' id='word_1_110' title='bbox 1152 1457 1413 1511; x_wconf 90' lang='lat' dir='ltr'><strong>industria</strong></span> <span class='ocrx_word' id='word_1_111' title='bbox 1439 1456 1672 1510; x_wconf 90' lang='lat' dir='ltr'><strong>humana</strong></span> <span class='ocrx_word' id='word_1_112' title='bbox 1700 1455 1970 1529; x_wconf 86' lang='lat' dir='ltr'><strong>composi-</strong></span> 
     </span>
    </p>
   </div>
   <div class='ocr_carea' id='block_1_16' title="bbox 401 1545 1967 1621">
    <p class='ocr_par' dir='ltr' id='par_1_16' title="bbox 401 1545 1967 1621">
     <span class='ocr_line' id='line_1_16' title="bbox 401 1545 1967 1621; baseline -0.006 -15"><span class='ocrx_word' id='word_1_113' title='bbox 401 1553 492 1617; x_wconf 89' lang='lat' dir='ltr'><strong>tis,</strong></span> <span class='ocrx_word' id='word_1_114' title='bbox 521 1564 752 1621; x_wconf 92' lang='lat' dir='ltr'><strong>quorum</strong></span> <span class='ocrx_word' id='word_1_115' title='bbox 796 1548 1042 1618; x_wconf 74' lang='lat' dir='ltr'><strong>quaedam</strong></span> <span class='ocrx_word' id='word_1_116' title='bbox 1076 1562 1103 1600; x_wconf 92' lang='lat' dir='ltr'><strong>a</strong></span> <span class='ocrx_word' id='word_1_117' title='bbox 1135 1546 1401 1615; x_wconf 87' lang='lat' dir='ltr'><strong>capitibus</strong></span> <span class='ocrx_word' id='word_1_118' title='bbox 1444 1546 1654 1615; x_wconf 91' lang='lat' dir='ltr'><strong>equinis</strong></span> <span class='ocrx_word' id='word_1_119' title='bbox 1685 1545 1967 1615; x_wconf 89' lang='lat' dir='ltr'><strong>incipiunt,</strong></span> 
     </span>
    </p>
   </div>
   <div class='ocr_carea' id='block_1_17' title="bbox 398 1634 1968 1704">
    <p class='ocr_par' dir='ltr' id='par_1_17' title="bbox 398 1634 1968 1704">
     <span class='ocr_line' id='line_1_17' title="bbox 398 1634 1968 1704; baseline -0.006 -9"><span class='ocrx_word' id='word_1_120' title='bbox 398 1650 452 1696; x_wconf 92' lang='lat' dir='ltr'><strong>et</strong></span> <span class='ocrx_word' id='word_1_121' title='bbox 481 1641 532 1693; x_wconf 90' lang='lat' dir='ltr'><strong>in</strong></span> <span class='ocrx_word' id='word_1_122' title='bbox 568 1640 843 1692; x_wconf 87' lang='lat' dir='ltr'><strong>hircorum</strong></span> <span class='ocrx_word' id='word_1_123' title='bbox 891 1635 1118 1704; x_wconf 78' lang='lat' dir='ltr'><strong>ungulas</strong></span> <span class='ocrx_word' id='word_1_124' title='bbox 1173 1634 1572 1689; x_wconf 91' lang='lat' dir='ltr'><strong>terminantur?</strong></span> <span class='ocrx_word' id='word_1_125' title='bbox 1609 1634 1815 1701; x_wconf 89' lang='lat' dir='ltr'><strong>Quibus</strong></span> <span class='ocrx_word' id='word_1_126' title='bbox 1840 1648 1968 1703; x_wconf 89' lang='lat' dir='ltr'><strong>ergo</strong></span> 
     </span>
    </p>
   </div>
   <div class='ocr_carea' id='block_1_18' title="bbox 398 1723 1970 1795">
    <p class='ocr_par' dir='ltr' id='par_1_18' title="bbox 398 1723 1970 1795">
     <span class='ocr_line' id='line_1_18' title="bbox 398 1723 1970 1795; baseline -0.004 -12"><span class='ocrx_word' id='word_1_127' title='bbox 398 1728 712 1791; x_wconf 84' lang='lat' dir='ltr'><strong>canonibus,</strong></span> <span class='ocrx_word' id='word_1_128' title='bbox 745 1726 938 1795; x_wconf 88' lang='lat' dir='ltr'><strong>quibus</strong></span> <span class='ocrx_word' id='word_1_129' title='bbox 965 1724 1183 1778; x_wconf 87' lang='lat' dir='ltr'><strong>Patrum</strong></span> <span class='ocrx_word' id='word_1_130' title='bbox 1214 1725 1445 1779; x_wconf 90' lang='lat' dir='ltr'><strong>decretis</strong></span> <span class='ocrx_word' id='word_1_131' title='bbox 1466 1723 1698 1779; x_wconf 89' lang='lat' dir='ltr'><strong>ludibrio</strong></span> <span class='ocrx_word' id='word_1_132' title='bbox 1724 1725 1823 1778; x_wconf 89' lang='lat' dir='ltr'><strong>ista</strong></span> <span class='ocrx_word' id='word_1_133' title='bbox 1846 1740 1970 1779; x_wconf 67' lang='lat' dir='ltr'><strong>cono</strong></span> 
     </span>
    </p>
   </div>
   <div class='ocr_carea' id='block_1_19' title="bbox 2071 548 3645 617">
    <p class='ocr_par' dir='ltr' id='par_1_19' title="bbox 2071 548 3645 617">
     <span class='ocr_line' id='line_1_19' title="bbox 2071 548 3645 617; baseline 0.002 -16"><span class='ocrx_word' id='word_1_134' title='bbox 2071 548 2178 602; x_wconf 90' lang='lat' dir='ltr'><strong>lata</strong></span> <span class='ocrx_word' id='word_1_135' title='bbox 2212 549 2433 604; x_wconf 89' lang='lat' dir='ltr'><strong>forsitan</strong></span> <span class='ocrx_word' id='word_1_136' title='bbox 2474 550 2790 602; x_wconf 86' lang='lat' dir='ltr'><strong>austeritate</strong></span> <span class='ocrx_word' id='word_1_137' title='bbox 2836 556 3167 617; x_wconf 87' lang='lat' dir='ltr'><strong>perterreat;</strong></span> <span class='ocrx_word' id='word_1_138' title='bbox 3215 563 3319 602; x_wconf 90' lang='lat' dir='ltr'><strong>non</strong></span> <span class='ocrx_word' id='word_1_139' title='bbox 3363 558 3416 603; x_wconf 89' lang='lat' dir='ltr'><strong>te</strong></span> <span class='ocrx_word' id='word_1_140' title='bbox 3459 550 3645 606; x_wconf 81' lang='lat' dir='ltr'><strong>vadosi</strong></span> 
     </span>
    </p>
   </div>
   <div class='ocr_carea' id='block_1_20' title="bbox 2071 636 3647 707">
    <p class='ocr_par' dir='ltr' id='par_1_20' title="bbox 2071 636 3647 707">
     <span class='ocr_line' id='line_1_20' title="bbox 2071 636 3647 707; baseline 0.001 -16"><span class='ocrx_word' id='word_1_141' title='bbox 2071 646 2248 706; x_wconf 84' lang='lat' dir='ltr'><strong>syrtes</strong></span> <span class='ocrx_word' id='word_1_142' title='bbox 2304 638 2731 707; x_wconf 90' lang='lat' dir='ltr'><strong>apocryphorum</strong></span> <span class='ocrx_word' id='word_1_143' title='bbox 2786 651 3049 691; x_wconf 90' lang='lat' dir='ltr'><strong>canonum</strong></span> <span class='ocrx_word' id='word_1_144' title='bbox 3106 636 3369 704; x_wconf 91' lang='lat' dir='ltr'><strong>promissa</strong></span> <span class='ocrx_word' id='word_1_145' title='bbox 3427 637 3647 693; x_wconf 88' lang='lat' dir='ltr'><strong>lenitate</strong></span> 
     </span>
    </p>
   </div>
   <div class='ocr_carea' id='block_1_21' title="bbox 2070 724 3648 798">
    <p class='ocr_par' dir='ltr' id='par_1_21' title="bbox 2070 724 3648 798">
     <span class='ocr_line' id='line_1_21' title="bbox 2070 724 3648 798; baseline 0.006 -20"><span class='ocrx_word' id='word_1_146' title='bbox 2070 724 2321 780; x_wconf 87' lang='lat' dir='ltr'><strong>fluctuum</strong></span> <span class='ocrx_word' id='word_1_147' title='bbox 2342 730 2579 782; x_wconf 89' lang='lat' dir='ltr'><strong>trahant.</strong></span> <span class='ocrx_word' id='word_1_148' title='bbox 2599 727 2751 796; x_wconf 76' lang='lat' dir='ltr'><strong>Saepe</strong></span> <span class='ocrx_word' id='word_1_149' title='bbox 2764 728 2905 782; x_wconf 87' lang='lat' dir='ltr'><strong>enim</strong></span> <span class='ocrx_word' id='word_1_150' title='bbox 2929 728 3081 781; x_wconf 88' lang='lat' dir='ltr'><strong>navis</strong></span> <span class='ocrx_word' id='word_1_151' title='bbox 3101 728 3425 796; x_wconf 88' lang='lat' dir='ltr'><strong>procellosos</strong></span> <span class='ocrx_word' id='word_1_152' title='bbox 3440 730 3648 798; x_wconf 81' lang='lat' dir='ltr'><strong>fugiens</strong></span> 
     </span>
    </p>
   </div>
   <div class='ocr_carea' id='block_1_22' title="bbox 2068 813 3644 887">
    <p class='ocr_par' dir='ltr' id='par_1_22' title="bbox 2068 813 3644 887">
     <span class='ocr_line' id='line_1_22' title="bbox 2068 813 3644 887; baseline 0.004 -21"><span class='ocrx_word' id='word_1_153' title='bbox 2068 813 2283 878; x_wconf 89' lang='lat' dir='ltr'><strong>fluctus,</strong></span> <span class='ocrx_word' id='word_1_154' title='bbox 2298 816 2421 869; x_wconf 88' lang='lat' dir='ltr'><strong>dum</strong></span> <span class='ocrx_word' id='word_1_155' title='bbox 2440 816 2665 870; x_wconf 89' lang='lat' dir='ltr'><strong>littoreis</strong></span> <span class='ocrx_word' id='word_1_156' title='bbox 2678 817 3063 885; x_wconf 90' lang='lat' dir='ltr'><strong>propinquaret</strong></span> <span class='ocrx_word' id='word_1_157' title='bbox 3079 817 3281 882; x_wconf 87' lang='lat' dir='ltr'><strong>arenis,</strong></span> <span class='ocrx_word' id='word_1_158' title='bbox 3304 818 3644 887; x_wconf 82' lang='lat' dir='ltr'><strong>naufragium</strong></span> 
     </span>
    </p>
   </div>
   <div class='ocr_carea' id='block_1_23' title="bbox 2069 904 3647 976">
    <p class='ocr_par' dir='ltr' id='par_1_23' title="bbox 2069 904 3647 976">
     <span class='ocr_line' id='line_1_23' title="bbox 2069 904 3647 976; baseline 0.004 -20"><span class='ocrx_word' id='word_1_159' title='bbox 2069 904 2315 975; x_wconf 88' lang='lat' dir='ltr'><strong>pertulit;</strong></span> <span class='ocrx_word' id='word_1_160' title='bbox 2343 915 2395 958; x_wconf 90' lang='lat' dir='ltr'><strong>et</strong></span> <span class='ocrx_word' id='word_1_161' title='bbox 2442 921 2583 974; x_wconf 70' lang='lat' dir='ltr'><strong>smpe</strong></span> <span class='ocrx_word' id='word_1_162' title='bbox 2620 905 2726 959; x_wconf 90' lang='lat' dir='ltr'><strong>alta</strong></span> <span class='ocrx_word' id='word_1_163' title='bbox 2778 905 2948 975; x_wconf 83' lang='lat' dir='ltr'><strong>pelagi</strong></span> <span class='ocrx_word' id='word_1_164' title='bbox 2989 905 3224 971; x_wconf 90' lang='lat' dir='ltr'><strong>sulcans,</strong></span> <span class='ocrx_word' id='word_1_165' title='bbox 3277 907 3393 961; x_wconf 90' lang='lat' dir='ltr'><strong>sine</strong></span> <span class='ocrx_word' id='word_1_166' title='bbox 3434 906 3647 976; x_wconf 70' lang='lat' dir='ltr'><strong>jactura</strong></span> 
     </span>
    </p>
   </div>
   <div class='ocr_carea' id='block_1_24' title="bbox 2071 996 3228 1061">
    <p class='ocr_par' dir='ltr' id='par_1_24' title="bbox 2071 996 3228 1061">
     <span class='ocr_line' id='line_1_24' title="bbox 2071 996 3228 1061; baseline 0 -11"><span class='ocrx_word' id='word_1_167' title='bbox 2071 996 2274 1061; x_wconf 90' lang='lat' dir='ltr'><strong>oneris,</strong></span> <span class='ocrx_word' id='word_1_168' title='bbox 2311 996 2601 1050; x_wconf 88' lang='lat' dir='ltr'><strong>incolumis</strong></span> <span class='ocrx_word' id='word_1_169' title='bbox 2628 998 2881 1050; x_wconf 84' lang='lat' dir='ltr'><strong>enatavit.</strong></span> <span class='ocrx_word' id='word_1_170' title='bbox 3140 1026 3141 1029; x_wconf 58' lang='grc' dir='ltr'><strong>η</strong></span> <span class='ocrx_word' id='word_1_171' title='bbox 3222 1005 3228 1011; x_wconf 84' lang='grc'><em>’</em></span> 
     </span>
    </p>
   </div>
   <div class='ocr_carea' id='block_1_25' title="bbox 2665 1105 3048 1161">
    <p class='ocr_par' dir='ltr' id='par_1_25' title="bbox 2665 1105 3048 1161">
     <span class='ocr_line' id='line_1_25' title="bbox 2665 1105 3048 1161; baseline 0.003 -1"><span class='ocrx_word' id='word_1_172' title='bbox 2665 1105 2889 1161; x_wconf 87' lang='lat' dir='ltr'><strong>CAPUT</strong></span> <span class='ocrx_word' id='word_1_173' title='bbox 2939 1106 3048 1161; x_wconf 78' lang='lat' dir='ltr'>XII.</span> 
     </span>
    </p>
   </div>
   <div class='ocr_carea' id='block_1_26' title="bbox 2075 1195 3643 1265">
    <p class='ocr_par' dir='ltr' id='par_1_26' title="bbox 2075 1195 3643 1265">
     <span class='ocr_line' id='line_1_26' title="bbox 2075 1195 3643 1265; baseline 0.007 -17"><span class='ocrx_word' id='word_1_174' title='bbox 2075 1195 2225 1261; x_wconf 81' lang='lat' dir='ltr'><strong>Quod</strong></span> <span class='ocrx_word' id='word_1_175' title='bbox 2250 1196 2359 1249; x_wconf 63' lang='lat' dir='ltr'><strong>haec</strong></span> <span class='ocrx_word' id='word_1_176' title='bbox 2391 1196 2617 1249; x_wconf 79' lang='lat' dir='ltr'><strong>ludibria</strong></span> <span class='ocrx_word' id='word_1_177' title='bbox 2635 1197 2757 1265; x_wconf 88' lang='lat' dir='ltr'><strong>jure</strong></span> <span class='ocrx_word' id='word_1_178' title='bbox 2777 1215 2810 1251; x_wconf 89' lang='lat' dir='ltr'><strong>a</strong></span> <span class='ocrx_word' id='word_1_179' title='bbox 2847 1214 3061 1251; x_wconf 83' lang='lat' dir='ltr'><strong>numero</strong></span> <span class='ocrx_word' id='word_1_180' title='bbox 3075 1216 3333 1255; x_wconf 87' lang='lat' dir='ltr'><strong>canonum</strong></span> <span class='ocrx_word' id='word_1_181' title='bbox 3354 1203 3643 1259; x_wconf 75' lang='lat' dir='ltr'><strong>excludun-</strong></span> 
     </span>
    </p>
   </div>
   <div class='ocr_carea' id='block_1_27' title="bbox 2139 1267 3542 1336">
    <p class='ocr_par' dir='ltr' id='par_1_27' title="bbox 2139 1267 3542 1336">
     <span class='ocr_line' id='line_1_27' title="bbox 2139 1267 3542 1336; baseline 0.006 -19"><span class='ocrx_word' id='word_1_182' title='bbox 2139 1276 2238 1322; x_wconf 89' lang='lat' dir='ltr'><strong>tur.</strong></span> <span class='ocrx_word' id='word_1_183' title='bbox 2266 1267 2402 1336; x_wconf 86' lang='lat' dir='ltr'><strong>quod</strong></span> <span class='ocrx_word' id='word_1_184' title='bbox 2423 1277 2618 1320; x_wconf 81' lang='lat' dir='ltr'><strong>certum</strong></span> <span class='ocrx_word' id='word_1_185' title='bbox 2639 1267 2825 1321; x_wconf 81' lang='lat' dir='ltr'><strong>habere</strong></span> <span class='ocrx_word' id='word_1_186' title='bbox 2849 1284 2951 1323; x_wconf 81' lang='lat' dir='ltr'><strong>non</strong></span> <span class='ocrx_word' id='word_1_187' title='bbox 2972 1269 3243 1323; x_wconf 76' lang='lat' dir='ltr'><strong>videantur</strong></span> <span class='ocrx_word' id='word_1_188' title='bbox 3261 1283 3542 1326; x_wconf 82' lang='lat' dir='ltr'><strong>auctorem.</strong></span> 
     </span>
    </p>
   </div>
   <div class='ocr_carea' id='block_1_28' title="bbox 2143 1352 3649 1433">
    <p class='ocr_par' dir='ltr' id='par_1_28' title="bbox 2143 1352 3649 1433">
     <span class='ocr_line' id='line_1_28' title="bbox 2143 1352 3649 1433; baseline 0.009 -28"><span class='ocrx_word' id='word_1_189' title='bbox 2143 1352 2521 1409; x_wconf 81' lang='lat' dir='ltr'><strong>Verumtamen</strong></span> <span class='ocrx_word' id='word_1_190' title='bbox 2559 1357 2681 1424; x_wconf 87' lang='lat' dir='ltr'><strong>quis</strong></span> <span class='ocrx_word' id='word_1_191' title='bbox 2733 1356 2863 1410; x_wconf 89' lang='lat' dir='ltr'><strong>istos</strong></span> <span class='ocrx_word' id='word_1_192' title='bbox 2920 1372 3155 1412; x_wconf 89' lang='lat' dir='ltr'><strong>canones</strong></span> <span class='ocrx_word' id='word_1_193' title='bbox 3184 1358 3649 1433; x_wconf 80' lang='lat' dir='ltr'><strong>fabricavit?quis</strong></span> 
     </span>
    </p>
   </div>
   <div class='ocr_carea' id='block_1_29' title="bbox 2072 1445 3642 1518">
    <p class='ocr_par' dir='ltr' id='par_1_29' title="bbox 2072 1445 3642 1518">
     <span class='ocr_line' id='line_1_29' title="bbox 2072 1445 3642 1518; baseline 0.006 -20"><span class='ocrx_word' id='word_1_194' title='bbox 2072 1445 2126 1498; x_wconf 89' lang='lat' dir='ltr'><strong>in</strong></span> <span class='ocrx_word' id='word_1_195' title='bbox 2172 1460 2439 1514; x_wconf 88' lang='lat' dir='ltr'><strong>purpureo</strong></span> <span class='ocrx_word' id='word_1_196' title='bbox 2484 1445 2738 1500; x_wconf 69' lang='lat' dir='ltr'><strong>Ecclesia:</strong></span> <span class='ocrx_word' id='word_1_197' title='bbox 2784 1461 3001 1501; x_wconf 91' lang='lat' dir='ltr'><strong>nemore</strong></span> <span class='ocrx_word' id='word_1_198' title='bbox 3050 1456 3157 1502; x_wconf 89' lang='lat' dir='ltr'><strong>tam</strong></span> <span class='ocrx_word' id='word_1_199' title='bbox 3212 1450 3481 1518; x_wconf 79' lang='lat' dir='ltr'><strong>spinosos,</strong></span> <span class='ocrx_word' id='word_1_200' title='bbox 3533 1463 3642 1507; x_wconf 85' lang='lat' dir='ltr'><strong>tam</strong></span> 
     </span>
    </p>
   </div>
   <div class='ocr_carea' id='block_1_30' title="bbox 2072 1534 3648 1611">
    <p class='ocr_par' dir='ltr' id='par_1_30' title="bbox 2072 1534 3648 1611">
     <span class='ocr_line' id='line_1_30' title="bbox 2072 1534 3648 1611; baseline 0.006 -24"><span class='ocrx_word' id='word_1_201' title='bbox 2072 1534 2344 1590; x_wconf 88' lang='lat' dir='ltr'><strong>aculeatos</strong></span> <span class='ocrx_word' id='word_1_202' title='bbox 2398 1535 2591 1605; x_wconf 91' lang='lat' dir='ltr'><strong>paliuri</strong></span> <span class='ocrx_word' id='word_1_203' title='bbox 2657 1537 2881 1591; x_wconf 92' lang='lat' dir='ltr'><strong>tribulos</strong></span> <span class='ocrx_word' id='word_1_204' title='bbox 2938 1538 3208 1595; x_wconf 87' lang='lat' dir='ltr'><strong>seminare</strong></span> <span class='ocrx_word' id='word_1_205' title='bbox 3265 1544 3648 1611; x_wconf 80' lang='lat' dir='ltr'><strong>praesumpsit?</strong></span> 
     </span>
    </p>
   </div>
   <div class='ocr_carea' id='block_1_31' title="bbox 2071 1624 3644 1696">
    <p class='ocr_par' dir='ltr' id='par_1_31' title="bbox 2071 1624 3644 1696">
     <span class='ocr_line' id='line_1_31' title="bbox 2071 1624 3644 1696; baseline 0.006 -19"><span class='ocrx_word' id='word_1_206' title='bbox 2071 1625 2298 1678; x_wconf 72' lang='lat' dir='ltr'><strong>Constat</strong></span> <span class='ocrx_word' id='word_1_207' title='bbox 2322 1624 2594 1689; x_wconf 90' lang='lat' dir='ltr'><strong>nimirum,</strong></span> <span class='ocrx_word' id='word_1_208' title='bbox 2648 1626 2787 1694; x_wconf 92' lang='lat' dir='ltr'><strong>quod</strong></span> <span class='ocrx_word' id='word_1_209' title='bbox 2830 1641 3022 1680; x_wconf 88' lang='lat' dir='ltr'><strong>omnes</strong></span> <span class='ocrx_word' id='word_1_210' title='bbox 3058 1628 3355 1683; x_wconf 87' lang='lat' dir='ltr'><strong>authentici</strong></span> <span class='ocrx_word' id='word_1_211' title='bbox 3388 1646 3644 1696; x_wconf 87' lang='lat' dir='ltr'><strong>canones,</strong></span> 
     </span>
    </p>
   </div>
   <div class='ocr_carea' id='block_1_32' title="bbox 2076 1714 3644 1785">
    <p class='ocr_par' dir='ltr' id='par_1_32' title="bbox 2076 1714 3644 1785">
     <span class='ocr_line' id='line_1_32' title="bbox 2076 1714 3644 1785; baseline 0.005 -17"><span class='ocrx_word' id='word_1_212' title='bbox 2076 1724 2168 1769; x_wconf 76' lang='lat' dir='ltr'><strong>aut</strong></span> <span class='ocrx_word' id='word_1_213' title='bbox 2195 1714 2247 1768; x_wconf 92' lang='lat' dir='ltr'><strong>in</strong></span> <span class='ocrx_word' id='word_1_214' title='bbox 2273 1716 2588 1769; x_wconf 80' lang='lat' dir='ltr'><strong>venerandis</strong></span> <span class='ocrx_word' id='word_1_215' title='bbox 2618 1714 2960 1785; x_wconf 88' lang='lat' dir='ltr'><strong>synodalibus</strong></span> <span class='ocrx_word' id='word_1_216' title='bbox 2989 1717 3232 1773; x_wconf 88' lang='lat' dir='ltr'><strong>conciliis</strong></span> <span class='ocrx_word' id='word_1_217' title='bbox 3273 1728 3397 1773; x_wconf 89' lang='lat' dir='ltr'><strong>sunt</strong></span> <span class='ocrx_word' id='word_1_218' title='bbox 3420 1720 3644 1783; x_wconf 88' lang='lat' dir='ltr'><strong>inventi,</strong></span> 
     </span>
    </p>
   </div>
   <div class='ocr_carea' id='block_1_33' title="bbox 396 1796 3648 1884">
    <p class='ocr_par' dir='ltr' id='par_1_33' title="bbox 396 1796 3648 1884">
     <span class='ocr_line' id='line_1_33' title="bbox 396 1796 3648 1884; baseline -0.001 -15"><span class='ocrx_word' id='word_1_219' title='bbox 396 1817 634 1877; x_wconf 85' lang='lat' dir='ltr'><strong>veniant,</strong></span> <span class='ocrx_word' id='word_1_220' title='bbox 681 1830 800 1884; x_wconf 82' lang='lat' dir='ltr'><strong>quae</strong></span> <span class='ocrx_word' id='word_1_221' title='bbox 844 1829 873 1867; x_wconf 90' lang='lat' dir='ltr'><strong>a</strong></span> <span class='ocrx_word' id='word_1_222' title='bbox 919 1813 1225 1881; x_wconf 78' lang='lat' dir='ltr'><strong>semetipsis</strong></span> <span class='ocrx_word' id='word_1_223' title='bbox 1275 1822 1380 1867; x_wconf 88' lang='lat' dir='ltr'><strong>tam</strong></span> <span class='ocrx_word' id='word_1_224' title='bbox 1433 1814 1671 1879; x_wconf 89' lang='lat' dir='ltr'><strong>dissona,</strong></span> <span class='ocrx_word' id='word_1_225' title='bbox 1723 1822 1779 1867; x_wconf 87' lang='lat' dir='ltr'><strong>et</strong></span> <span class='ocrx_word' id='word_1_226' title='bbox 1829 1813 1967 1866; x_wconf 79' lang='lat' dir='ltr'><strong>ultra</strong></span> <span class='ocrx_word' id='word_1_227' title='bbox 1998 1796 2045 1855; x_wconf 89' lang='grc' dir='ltr'><strong>Β</strong></span> <span class='ocrx_word' id='word_1_228' title='bbox 2073 1814 2167 1858; x_wconf 90' lang='lat' dir='ltr'><strong>aut</strong></span> <span class='ocrx_word' id='word_1_229' title='bbox 2197 1819 2228 1856; x_wconf 90' lang='lat' dir='ltr'><strong>a</strong></span> <span class='ocrx_word' id='word_1_230' title='bbox 2254 1804 2458 1858; x_wconf 89' lang='lat' dir='ltr'><strong>sanctis</strong></span> <span class='ocrx_word' id='word_1_231' title='bbox 2487 1803 2737 1858; x_wconf 88' lang='lat' dir='ltr'><strong>Patribus</strong></span> <span class='ocrx_word' id='word_1_232' title='bbox 2762 1806 2907 1859; x_wconf 88' lang='lat' dir='ltr'><strong>sedis</strong></span> <span class='ocrx_word' id='word_1_233' title='bbox 2955 1807 3261 1875; x_wconf 76' lang='lat' dir='ltr'><strong>apostolica:</strong></span> <span class='ocrx_word' id='word_1_234' title='bbox 3301 1811 3648 1878; x_wconf 83' lang='lat' dir='ltr'><strong>pontificibus</strong></span> 
     </span>
    </p>
   </div>
   <div class='ocr_carea' id='block_1_34' title="bbox 398 1900 1970 1972">
    <p class='ocr_par' dir='ltr' id='par_1_34' title="bbox 398 1900 1970 1972">
     <span class='ocr_line' id='line_1_34' title="bbox 398 1900 1970 1972; baseline -0.002 -15"><span class='ocrx_word' id='word_1_235' title='bbox 398 1912 624 1957; x_wconf 88' lang='lat' dir='ltr'><strong>cornuta</strong></span> <span class='ocrx_word' id='word_1_236' title='bbox 648 1900 823 1957; x_wconf 88' lang='lat' dir='ltr'><strong>fronte</strong></span> <span class='ocrx_word' id='word_1_237' title='bbox 844 1902 1137 1956; x_wconf 89' lang='lat' dir='ltr'><strong>resultant?</strong></span> <span class='ocrx_word' id='word_1_238' title='bbox 1159 1901 1395 1972; x_wconf 79' lang='lat' dir='ltr'><strong>Qtueque</strong></span> <span class='ocrx_word' id='word_1_239' title='bbox 1441 1903 1729 1971; x_wconf 86' lang='lat' dir='ltr'><strong>semetipsa</strong></span> <span class='ocrx_word' id='word_1_240' title='bbox 1755 1901 1970 1957; x_wconf 89' lang='lat' dir='ltr'><strong>convel-</strong></span> 
     </span>
    </p>
   </div>
   <div class='ocr_carea' id='block_1_35' title="bbox 397 1991 1964 2062">
    <p class='ocr_par' dir='ltr' id='par_1_35' title="bbox 397 1991 1964 2062">
     <span class='ocr_line' id='line_1_35' title="bbox 397 1991 1964 2062; baseline -0.001 -16"><span class='ocrx_word' id='word_1_241' title='bbox 397 1996 535 2058; x_wconf 92' lang='lat' dir='ltr'><strong>lunt,</strong></span> <span class='ocrx_word' id='word_1_242' title='bbox 560 1992 754 2062; x_wconf 85' lang='lat' dir='ltr'><strong>quibus</strong></span> <span class='ocrx_word' id='word_1_243' title='bbox 775 1992 1185 2046; x_wconf 85' lang='lat' dir='ltr'><strong>auctoritatibus</strong></span> <span class='ocrx_word' id='word_1_244' title='bbox 1212 1991 1539 2046; x_wconf 90' lang='lat' dir='ltr'><strong>fulciantur?</strong></span> <span class='ocrx_word' id='word_1_245' title='bbox 1576 2010 1595 2042; x_wconf 83' lang='grc'><strong>‹</strong></span> <span class='ocrx_word' id='word_1_246' title='bbox 1624 1991 1797 2048; x_wconf 88' lang='lat' dir='ltr'><strong>Omne</strong></span> <span class='ocrx_word' id='word_1_247' title='bbox 1816 1992 1964 2045; x_wconf 89' lang='lat' dir='ltr'><strong>enim</strong></span> 
     </span>
    </p>
   </div>
   <div class='ocr_carea' id='block_1_36' title="bbox 401 2080 1969 2151">
    <p class='ocr_par' dir='ltr' id='par_1_36' title="bbox 401 2080 1969 2151">
     <span class='ocr_line' id='line_1_36' title="bbox 401 2080 1969 2151; baseline -0.001 -17"><span class='ocrx_word' id='word_1_248' title='bbox 401 2096 644 2151; x_wconf 80' lang='lat' dir='ltr'><strong>regnum,</strong></span> <span class='ocrx_word' id='word_1_249' title='bbox 674 2081 750 2134; x_wconf 89' lang='lat' dir='ltr'><strong>ait</strong></span> <span class='ocrx_word' id='word_1_250' title='bbox 793 2080 1062 2143; x_wconf 84' lang='lat' dir='ltr'><strong>Salvator,</strong></span> <span class='ocrx_word' id='word_1_251' title='bbox 1098 2080 1149 2133; x_wconf 93' lang='lat' dir='ltr'><strong>in</strong></span> <span class='ocrx_word' id='word_1_252' title='bbox 1182 2081 1415 2149; x_wconf 89' lang='lat' dir='ltr'><strong>seipsum</strong></span> <span class='ocrx_word' id='word_1_253' title='bbox 1444 2080 1672 2134; x_wconf 91' lang='lat' dir='ltr'><strong>divisum</strong></span> <span class='ocrx_word' id='word_1_254' title='bbox 1702 2080 1969 2134; x_wconf 85' lang='lat' dir='ltr'><strong>desolabi-</strong></span> 
     </span>
    </p>
   </div>
   <div class='ocr_carea' id='block_1_37' title="bbox 400 2170 1969 2240">
    <p class='ocr_par' dir='ltr' id='par_1_37' title="bbox 400 2170 1969 2240">
     <span class='ocr_line' id='line_1_37' title="bbox 400 2170 1969 2240; baseline -0.001 -15"><span class='ocrx_word' id='word_1_255' title='bbox 400 2181 506 2235; x_wconf 87' lang='lat' dir='ltr'><strong>tur,</strong></span> <span class='ocrx_word' id='word_1_256' title='bbox 548 2180 603 2226; x_wconf 87' lang='lat' dir='ltr'><strong>et</strong></span> <span class='ocrx_word' id='word_1_257' title='bbox 644 2172 835 2226; x_wconf 89' lang='lat' dir='ltr'><strong>domus</strong></span> <span class='ocrx_word' id='word_1_258' title='bbox 863 2186 1025 2240; x_wconf 88' lang='lat' dir='ltr'><strong>supra</strong></span> <span class='ocrx_word' id='word_1_259' title='bbox 1054 2170 1269 2225; x_wconf 87' lang='lat' dir='ltr'><strong>domum</strong></span> <span class='ocrx_word' id='word_1_260' title='bbox 1300 2171 1473 2236; x_wconf 85' lang='lat' dir='ltr'><strong>cadet,</strong></span> <span class='ocrx_word' id='word_1_261' title='bbox 1497 2180 1552 2225; x_wconf 89' lang='lat' dir='ltr'><strong>et</strong></span> <span class='ocrx_word' id='word_1_262' title='bbox 1584 2172 1627 2226; x_wconf 90' lang='lat' dir='ltr'><strong>si</strong></span> <span class='ocrx_word' id='word_1_263' title='bbox 1658 2172 1886 2226; x_wconf 87' lang='lat' dir='ltr'><strong>Satanas</strong></span> <span class='ocrx_word' id='word_1_264' title='bbox 1916 2173 1969 2225; x_wconf 93' lang='lat' dir='ltr'><strong>in</strong></span> 
     </span>
    </p>
   </div>
   <div class='ocr_carea' id='block_1_38' title="bbox 395 2263 1964 2332">
    <p class='ocr_par' dir='ltr' id='par_1_38' title="bbox 395 2263 1964 2332">
     <span class='ocr_line' id='line_1_38' title="bbox 395 2263 1964 2332; baseline -0.001 -16"><span class='ocrx_word' id='word_1_265' title='bbox 395 2264 632 2332; x_wconf 83' lang='lat' dir='ltr'><strong>seipsum</strong></span> <span class='ocrx_word' id='word_1_266' title='bbox 654 2263 859 2317; x_wconf 83' lang='lat' dir='ltr'><strong>divisus</strong></span> <span class='ocrx_word' id='word_1_267' title='bbox 871 2269 973 2327; x_wconf 87' lang='lat' dir='ltr'><strong>est,</strong></span> <span class='ocrx_word' id='word_1_268' title='bbox 997 2263 1268 2331; x_wconf 90' lang='lat' dir='ltr'><strong>quomodo</strong></span> <span class='ocrx_word' id='word_1_269' title='bbox 1283 2264 1445 2317; x_wconf 88' lang='lat' dir='ltr'><strong>stabit</strong></span> <span class='ocrx_word' id='word_1_270' title='bbox 1464 2263 1709 2317; x_wconf 84' lang='lat' dir='ltr'><strong>doctrina</strong></span> <span class='ocrx_word' id='word_1_271' title='bbox 1733 2264 1964 2332; x_wconf 67' lang='lat' dir='ltr'><strong>ipsius?»</strong></span> 
     </span>
    </p>
   </div>
   <div class='ocr_carea' id='block_1_39' title="bbox 397 2350 1972 2422">
    <p class='ocr_par' dir='ltr' id='par_1_39' title="bbox 397 2350 1972 2422">
     <span class='ocr_line' id='line_1_39' title="bbox 397 2350 1972 2422; baseline 0 -16"><span class='ocrx_word' id='word_1_272' title='bbox 397 2352 551 2422; x_wconf 80' lang='lat' dir='ltr'><strong>(Luc.</strong></span> <span class='ocrx_word' id='word_1_273' title='bbox 581 2352 680 2421; x_wconf 69' lang='lat' dir='ltr'><strong>x1.)</strong></span> <span class='ocrx_word' id='word_1_274' title='bbox 746 2351 901 2408; x_wconf 79' lang='lat' dir='ltr'><strong>Modo</strong></span> <span class='ocrx_word' id='word_1_275' title='bbox 944 2350 1369 2419; x_wconf 87' lang='lat' dir='ltr'><strong>enimjudicium</strong></span> <span class='ocrx_word' id='word_1_276' title='bbox 1418 2353 1775 2407; x_wconf 89' lang='lat' dir='ltr'><strong>districtionis</strong></span> <span class='ocrx_word' id='word_1_277' title='bbox 1799 2353 1972 2406; x_wconf 80' lang='lat' dir='ltr'><strong>inten-</strong></span> 
     </span>
    </p>
   </div>
   <div class='ocr_carea' id='block_1_40' title="bbox 396 2443 1969 2513">
    <p class='ocr_par' dir='ltr' id='par_1_40' title="bbox 396 2443 1969 2513">
     <span class='ocr_line' id='line_1_40' title="bbox 396 2443 1969 2513; baseline -0.003 -14"><span class='ocrx_word' id='word_1_278' title='bbox 396 2448 544 2510; x_wconf 86' lang='lat' dir='ltr'><strong>dere,</strong></span> <span class='ocrx_word' id='word_1_279' title='bbox 576 2445 735 2500; x_wconf 90' lang='lat' dir='ltr'><strong>modo</strong></span> <span class='ocrx_word' id='word_1_280' title='bbox 764 2444 1034 2499; x_wconf 88' lang='lat' dir='ltr'><strong>crudelem</strong></span> <span class='ocrx_word' id='word_1_281' title='bbox 1069 2445 1318 2499; x_wconf 91' lang='lat' dir='ltr'><strong>videntur</strong></span> <span class='ocrx_word' id='word_1_282' title='bbox 1345 2444 1498 2513; x_wconf 92' lang='lat' dir='ltr'><strong>quasi</strong></span> <span class='ocrx_word' id='word_1_283' title='bbox 1544 2443 1969 2497; x_wconf 87' lang='lat' dir='ltr'><strong>misericordiam</strong></span> 
     </span>
    </p>
   </div>
   <div class='ocr_carea' id='block_1_41' title="bbox 394 2528 1971 2589">
    <p class='ocr_par' dir='ltr' id='par_1_41' title="bbox 394 2528 1971 2589">
     <span class='ocr_line' id='line_1_41' title="bbox 394 2528 1971 2589; baseline -0.001 -1"><span class='ocrx_word' id='word_1_284' title='bbox 394 2536 650 2589; x_wconf 79' lang='lat' dir='ltr'><strong>exhibere</strong></span> <span class='ocrx_word' id='word_1_285' title='bbox 676 2549 692 2587; x_wconf 91' lang='lat'><strong>:</strong></span> <span class='ocrx_word' id='word_1_286' title='bbox 722 2543 777 2588; x_wconf 88' lang='lat' dir='ltr'><strong>et</strong></span> <span class='ocrx_word' id='word_1_287' title='bbox 803 2534 947 2588; x_wconf 91' lang='lat' dir='ltr'><strong>velut</strong></span> <span class='ocrx_word' id='word_1_288' title='bbox 978 2534 1030 2587; x_wconf 93' lang='lat' dir='ltr'><strong>in</strong></span> <span class='ocrx_word' id='word_1_289' title='bbox 1064 2533 1342 2588; x_wconf 88' lang='lat' dir='ltr'><strong>chimcrali</strong></span> <span class='ocrx_word' id='word_1_290' title='bbox 1373 2528 1615 2588; x_wconf 87' lang='lat' dir='ltr'><strong>monstro</strong></span> <span class='ocrx_word' id='word_1_291' title='bbox 1644 2534 1769 2587; x_wconf 88' lang='lat' dir='ltr'><strong>hinc</strong></span> <span class='ocrx_word' id='word_1_292' title='bbox 1796 2534 1971 2586; x_wconf 89' lang='lat' dir='ltr'><strong>minas</strong></span> 
     </span>
    </p>
   </div>
   <div class='ocr_carea' id='block_1_42' title="bbox 393 2623 1970 2699">
    <p class='ocr_par' dir='ltr' id='par_1_42' title="bbox 393 2623 1970 2699">
     <span class='ocr_line' id='line_1_42' title="bbox 393 2623 1970 2699; baseline -0.002 -19"><span class='ocrx_word' id='word_1_293' title='bbox 393 2627 565 2683; x_wconf 91' lang='lat' dir='ltr'><strong>leonis</strong></span> <span class='ocrx_word' id='word_1_294' title='bbox 594 2626 772 2699; x_wconf 84' lang='lat' dir='ltr'><strong>specie</strong></span> <span class='ocrx_word' id='word_1_295' title='bbox 826 2625 1141 2681; x_wconf 88' lang='lat' dir='ltr'><strong>terribiliter</strong></span> <span class='ocrx_word' id='word_1_296' title='bbox 1171 2626 1404 2692; x_wconf 90' lang='lat' dir='ltr'><strong>intonat,</strong></span> <span class='ocrx_word' id='word_1_297' title='bbox 1445 2625 1570 2680; x_wconf 90' lang='lat' dir='ltr'><strong>inde</strong></span> <span class='ocrx_word' id='word_1_298' title='bbox 1597 2624 1720 2678; x_wconf 83' lang='lat' dir='ltr'><strong>vilis</strong></span> <span class='ocrx_word' id='word_1_299' title='bbox 1765 2623 1970 2692; x_wconf 81' lang='lat' dir='ltr'><strong>capella</strong></span> 
     </span>
    </p>
   </div>
   <div class='ocr_carea' id='block_1_43' title="bbox 391 2714 1969 2780">
    <p class='ocr_par' dir='ltr' id='par_1_43' title="bbox 391 2714 1969 2780">
     <span class='ocr_line' id='line_1_43' title="bbox 391 2714 1969 2780; baseline -0.004 -9"><span class='ocrx_word' id='word_1_300' title='bbox 391 2717 671 2771; x_wconf 88' lang='lat' dir='ltr'><strong>humiliter</strong></span> <span class='ocrx_word' id='word_1_301' title='bbox 720 2717 877 2780; x_wconf 90' lang='lat' dir='ltr'><strong>beat;</strong></span> <span class='ocrx_word' id='word_1_302' title='bbox 909 2724 966 2770; x_wconf 91' lang='lat' dir='ltr'><strong>et</strong></span> <span class='ocrx_word' id='word_1_303' title='bbox 1012 2716 1117 2770; x_wconf 91' lang='lat' dir='ltr'><strong>hac</strong></span> <span class='ocrx_word' id='word_1_304' title='bbox 1143 2715 1289 2770; x_wconf 87' lang='lat' dir='ltr'><strong>velut</strong></span> <span class='ocrx_word' id='word_1_305' title='bbox 1335 2715 1609 2768; x_wconf 90' lang='lat' dir='ltr'><strong>variarum</strong></span> <span class='ocrx_word' id='word_1_306' title='bbox 1652 2714 1969 2767; x_wconf 90' lang='lat' dir='ltr'><strong>diversitate</strong></span> 
     </span>
    </p>
   </div>
   <div class='ocr_carea' id='block_1_44' title="bbox 393 2806 1966 2876">
    <p class='ocr_par' dir='ltr' id='par_1_44' title="bbox 393 2806 1966 2876">
     <span class='ocr_line' id='line_1_44' title="bbox 393 2806 1966 2876; baseline -0.001 -15"><span class='ocrx_word' id='word_1_307' title='bbox 393 2809 688 2863; x_wconf 87' lang='lat' dir='ltr'><strong>formarum</strong></span> <span class='ocrx_word' id='word_1_308' title='bbox 720 2808 773 2860; x_wconf 88' lang='lat' dir='ltr'><strong>in</strong></span> <span class='ocrx_word' id='word_1_309' title='bbox 804 2808 970 2861; x_wconf 90' lang='lat' dir='ltr'><strong>risum</strong></span> <span class='ocrx_word' id='word_1_310' title='bbox 995 2808 1173 2876; x_wconf 86' lang='lat' dir='ltr'><strong>potius</strong></span> <span class='ocrx_word' id='word_1_311' title='bbox 1202 2807 1464 2872; x_wconf 82' lang='lat' dir='ltr'><strong>excitant,</strong></span> <span class='ocrx_word' id='word_1_312' title='bbox 1498 2821 1660 2875; x_wconf 90' lang='lat' dir='ltr'><strong>quam</strong></span> <span class='ocrx_word' id='word_1_313' title='bbox 1692 2807 1757 2859; x_wconf 92' lang='lat' dir='ltr'><strong>ad</strong></span> <span class='ocrx_word' id='word_1_314' title='bbox 1788 2806 1966 2875; x_wconf 78' lang='lat' dir='ltr'><strong>pumi-</strong></span> 
     </span>
    </p>
   </div>
   <div class='ocr_carea' id='block_1_45' title="bbox 394 2898 1240 2966">
    <p class='ocr_par' dir='ltr' id='par_1_45' title="bbox 394 2898 1240 2966">
     <span class='ocr_line' id='line_1_45' title="bbox 394 2898 1240 2966; baseline -0.002 -14"><span class='ocrx_word' id='word_1_315' title='bbox 394 2900 577 2953; x_wconf 69' lang='lat' dir='ltr'><strong>tcntite</strong></span> <span class='ocrx_word' id='word_1_316' title='bbox 600 2898 833 2953; x_wconf 88' lang='lat' dir='ltr'><strong>lamenta</strong></span> <span class='ocrx_word' id='word_1_317' title='bbox 859 2909 1240 2966; x_wconf 88' lang='lat' dir='ltr'><strong>compungant.</strong></span> 
     </span>
    </p>
   </div>
   <div class='ocr_carea' id='block_1_46' title="bbox 462 2984 1969 3055">
    <p class='ocr_par' dir='ltr' id='par_1_46' title="bbox 462 2984 1969 3055">
     <span class='ocr_line' id='line_1_46' title="bbox 462 2984 1969 3055; baseline -0.002 -15"><span class='ocrx_word' id='word_1_318' title='bbox 462 2987 667 3054; x_wconf 86' lang='lat' dir='ltr'><strong>Quibus</strong></span> <span class='ocrx_word' id='word_1_319' title='bbox 682 3000 896 3055; x_wconf 88' lang='lat' dir='ltr'><strong>quoque</strong></span> <span class='ocrx_word' id='word_1_320' title='bbox 923 2985 975 3039; x_wconf 90' lang='lat' dir='ltr'><strong>in</strong></span> <span class='ocrx_word' id='word_1_321' title='bbox 1005 2999 1192 3040; x_wconf 89' lang='lat' dir='ltr'><strong>errore</strong></span> <span class='ocrx_word' id='word_1_322' title='bbox 1214 2984 1411 3039; x_wconf 90' lang='lat' dir='ltr'><strong>similia</strong></span> <span class='ocrx_word' id='word_1_323' title='bbox 1435 2992 1577 3048; x_wconf 91' lang='lat' dir='ltr'><strong>sunt,</strong></span> <span class='ocrx_word' id='word_1_324' title='bbox 1597 3000 1716 3054; x_wconf 66' lang='lat' dir='ltr'><strong>quae</strong></span> <span class='ocrx_word' id='word_1_325' title='bbox 1738 3000 1969 3054; x_wconf 77' lang='lat' dir='ltr'><strong>sequun-</strong></span> 
     </span>
    </p>
   </div>
   <div class='ocr_carea' id='block_1_47' title="bbox 392 3075 1965 3147">
    <p class='ocr_par' dir='ltr' id='par_1_47' title="bbox 392 3075 1965 3147">
     <span class='ocr_line' id='line_1_47' title="bbox 392 3075 1965 3147; baseline 0 -20"><span class='ocrx_word' id='word_1_326' title='bbox 392 3078 630 3145; x_wconf 86' lang='lat' dir='ltr'><strong>t.nr:Qni</strong></span> <span class='ocrx_word' id='word_1_327' title='bbox 658 3093 783 3132; x_wconf 92' lang='lat' dir='ltr'><strong>cum</strong></span> <span class='ocrx_word' id='word_1_328' title='bbox 816 3076 1023 3147; x_wconf 89' lang='lat' dir='ltr'><strong>pecude</strong></span> <span class='ocrx_word' id='word_1_329' title='bbox 1050 3076 1213 3131; x_wconf 89' lang='lat' dir='ltr'><strong>fuerit</strong></span> <span class='ocrx_word' id='word_1_330' title='bbox 1245 3076 1561 3140; x_wconf 80' lang='lat' dir='ltr'><strong>fornicatus,</strong></span> <span class='ocrx_word' id='word_1_331' title='bbox 1598 3075 1678 3129; x_wconf 87' lang='lat' dir='ltr'><strong>vel</strong></span> <span class='ocrx_word' id='word_1_332' title='bbox 1702 3075 1965 3143; x_wconf 82' lang='lat' dir='ltr'><strong>jtttncntu,</strong></span> 
     </span>
    </p>
   </div>
   <div class='ocr_carea' id='block_1_48' title="bbox 2073 1899 3648 1970">
    <p class='ocr_par' dir='ltr' id='par_1_48' title="bbox 2073 1899 3648 1970">
     <span class='ocr_line' id='line_1_48' title="bbox 2073 1899 3648 1970; baseline 0.007 -18"><span class='ocrx_word' id='word_1_333' title='bbox 2073 1899 2402 1969; x_wconf 81' lang='lat' dir='ltr'><strong>promulgati</strong></span> <span class='ocrx_word' id='word_1_334' title='bbox 2437 1917 2450 1952; x_wconf 91' lang='lat'>:</span> <span class='ocrx_word' id='word_1_335' title='bbox 2484 1914 2585 1955; x_wconf 91' lang='lat' dir='ltr'><strong>nec</strong></span> <span class='ocrx_word' id='word_1_336' title='bbox 2610 1900 2859 1970; x_wconf 87' lang='lat' dir='ltr'><strong>cuiquam</strong></span> <span class='ocrx_word' id='word_1_337' title='bbox 2888 1901 2984 1955; x_wconf 91' lang='lat' dir='ltr'><strong>soli</strong></span> <span class='ocrx_word' id='word_1_338' title='bbox 3018 1902 3220 1957; x_wconf 91' lang='lat' dir='ltr'><strong>homini</strong></span> <span class='ocrx_word' id='word_1_339' title='bbox 3262 1904 3390 1960; x_wconf 89' lang='lat' dir='ltr'><strong>licet</strong></span> <span class='ocrx_word' id='word_1_340' title='bbox 3413 1922 3648 1963; x_wconf 84' lang='lat' dir='ltr'><strong>canones</strong></span> 
     </span>
    </p>
   </div>
   <div class='ocr_carea' id='block_1_49' title="bbox 2070 1987 3643 2063">
    <p class='ocr_par' dir='ltr' id='par_1_49' title="bbox 2070 1987 3643 2063">
     <span class='ocr_line' id='line_1_49' title="bbox 2070 1987 3643 2063; baseline 0.007 -24"><span class='ocrx_word' id='word_1_341' title='bbox 2070 1987 2255 2051; x_wconf 81' lang='lat' dir='ltr'><strong>edere,</strong></span> <span class='ocrx_word' id='word_1_342' title='bbox 2287 1988 2381 2041; x_wconf 92' lang='lat' dir='ltr'><strong>sed</strong></span> <span class='ocrx_word' id='word_1_343' title='bbox 2428 1987 2499 2041; x_wconf 91' lang='lat' dir='ltr'><strong>illi</strong></span> <span class='ocrx_word' id='word_1_344' title='bbox 2554 1989 2927 2043; x_wconf 89' lang='lat' dir='ltr'><strong>tantummodo</strong></span> <span class='ocrx_word' id='word_1_345' title='bbox 2977 1990 3076 2044; x_wconf 92' lang='lat' dir='ltr'><strong>hoc</strong></span> <span class='ocrx_word' id='word_1_346' title='bbox 3129 1994 3381 2061; x_wconf 91' lang='lat' dir='ltr'><strong>competit</strong></span> <span class='ocrx_word' id='word_1_347' title='bbox 3425 1996 3643 2063; x_wconf 89' lang='lat' dir='ltr'><strong>privile-</strong></span> 
     </span>
    </p>
   </div>
   <div class='ocr_carea' id='block_1_50' title="bbox 2071 2066 3644 2150">
    <p class='ocr_par' dir='ltr' id='par_1_50' title="bbox 2071 2066 3644 2150">
     <span class='ocr_line' id='line_1_50' title="bbox 2071 2066 3644 2150; baseline 0.008 -23"><span class='ocrx_word' id='word_1_348' title='bbox 2071 2066 2361 2144; x_wconf 53' lang='lat' dir='ltr'><strong>giuquui</strong></span> <span class='ocrx_word' id='word_1_349' title='bbox 2394 2076 2446 2130; x_wconf 94' lang='lat' dir='ltr'><strong>in</strong></span> <span class='ocrx_word' id='word_1_350' title='bbox 2473 2076 2531 2130; x_wconf 88' lang='grc' dir='ltr'><strong>Β.</strong></span> <span class='ocrx_word' id='word_1_351' title='bbox 2577 2076 2722 2131; x_wconf 90' lang='lat' dir='ltr'><strong>Petri</strong></span> <span class='ocrx_word' id='word_1_352' title='bbox 2767 2078 3025 2132; x_wconf 88' lang='lat' dir='ltr'><strong>cathedra</strong></span> <span class='ocrx_word' id='word_1_353' title='bbox 3057 2081 3295 2135; x_wconf 90' lang='lat' dir='ltr'><strong>cernitur</strong></span> <span class='ocrx_word' id='word_1_354' title='bbox 3337 2085 3644 2150; x_wconf 65' lang='lat' dir='ltr'><strong>prsesidere.</strong></span> 
     </span>
    </p>
   </div>
   <div class='ocr_carea' id='block_1_51' title="bbox 2071 2164 3645 2241">
    <p class='ocr_par' dir='ltr' id='par_1_51' title="bbox 2071 2164 3645 2241">
     <span class='ocr_line' id='line_1_51' title="bbox 2071 2164 3645 2241; baseline 0.008 -23"><span class='ocrx_word' id='word_1_355' title='bbox 2071 2164 2196 2221; x_wconf 58' lang='lat' dir='ltr'><strong>Hcce</strong></span> <span class='ocrx_word' id='word_1_356' title='bbox 2243 2176 2441 2231; x_wconf 89' lang='lat' dir='ltr'><strong>autem,</strong></span> <span class='ocrx_word' id='word_1_357' title='bbox 2497 2170 2563 2223; x_wconf 90' lang='lat' dir='ltr'><strong>dc</strong></span> <span class='ocrx_word' id='word_1_358' title='bbox 2597 2169 2794 2237; x_wconf 91' lang='lat' dir='ltr'><strong>quibus</strong></span> <span class='ocrx_word' id='word_1_359' title='bbox 2845 2170 3134 2238; x_wconf 85' lang='lat' dir='ltr'><strong>loquimur,</strong></span> <span class='ocrx_word' id='word_1_360' title='bbox 3165 2174 3343 2241; x_wconf 90' lang='lat' dir='ltr'><strong>spuria</strong></span> <span class='ocrx_word' id='word_1_361' title='bbox 3380 2191 3645 2231; x_wconf 83' lang='lat' dir='ltr'><strong>canonum</strong></span> 
     </span>
    </p>
   </div>
   <div class='ocr_carea' id='block_1_52' title="bbox 2071 2254 3641 2331">
    <p class='ocr_par' dir='ltr' id='par_1_52' title="bbox 2071 2254 3641 2331">
     <span class='ocr_line' id='line_1_52' title="bbox 2071 2254 3641 2331; baseline 0.009 -25"><span class='ocrx_word' id='word_1_362' title='bbox 2071 2254 2408 2319; x_wconf 82' lang='lat' dir='ltr'><strong>vitulamina,</strong></span> <span class='ocrx_word' id='word_1_363' title='bbox 2442 2266 2496 2309; x_wconf 92' lang='lat' dir='ltr'><strong>et</strong></span> <span class='ocrx_word' id='word_1_364' title='bbox 2536 2272 2564 2308; x_wconf 94' lang='lat' dir='ltr'><strong>a</strong></span> <span class='ocrx_word' id='word_1_365' title='bbox 2594 2257 2763 2312; x_wconf 89' lang='lat' dir='ltr'><strong>sacris</strong></span> <span class='ocrx_word' id='word_1_366' title='bbox 2808 2257 3053 2313; x_wconf 91' lang='lat' dir='ltr'><strong>conciliis</strong></span> <span class='ocrx_word' id='word_1_367' title='bbox 3081 2272 3375 2317; x_wconf 91' lang='lat' dir='ltr'><strong>noscuntur</strong></span> <span class='ocrx_word' id='word_1_368' title='bbox 3401 2265 3641 2331; x_wconf 76' lang='lat' dir='ltr'><strong>exclusa,</strong></span> 
     </span>
    </p>
   </div>
   <div class='ocr_carea' id='block_1_53' title="bbox 2070 2344 3642 2420">
    <p class='ocr_par' dir='ltr' id='par_1_53' title="bbox 2070 2344 3642 2420">
     <span class='ocr_line' id='line_1_53' title="bbox 2070 2344 3642 2420; baseline 0.009 -23"><span class='ocrx_word' id='word_1_369' title='bbox 2070 2353 2127 2398; x_wconf 91' lang='lat' dir='ltr'><strong>et</strong></span> <span class='ocrx_word' id='word_1_370' title='bbox 2154 2361 2182 2398; x_wconf 89' lang='lat' dir='ltr'><strong>a</strong></span> <span class='ocrx_word' id='word_1_371' title='bbox 2211 2344 2446 2400; x_wconf 91' lang='lat' dir='ltr'><strong>decretis</strong></span> <span class='ocrx_word' id='word_1_372' title='bbox 2486 2346 2705 2400; x_wconf 89' lang='lat' dir='ltr'><strong>Patrum</strong></span> <span class='ocrx_word' id='word_1_373' title='bbox 2757 2349 2977 2403; x_wconf 90' lang='lat' dir='ltr'><strong>omnino</strong></span> <span class='ocrx_word' id='word_1_374' title='bbox 3020 2352 3313 2420; x_wconf 88' lang='lat' dir='ltr'><strong>probantur</strong></span> <span class='ocrx_word' id='word_1_375' title='bbox 3340 2363 3597 2411; x_wconf 77' lang='lat' dir='ltr'><strong>extranea</strong></span> <span class='ocrx_word' id='word_1_376' title='bbox 3628 2376 3642 2411; x_wconf 77' lang='grc' dir='ltr'>ε</span> 
     </span>
    </p>
   </div>
   <div class='ocr_carea' id='block_1_54' title="bbox 2070 2435 3648 2508">
    <p class='ocr_par' dir='ltr' id='par_1_54' title="bbox 2070 2435 3648 2508">
     <span class='ocr_line' id='line_1_54' title="bbox 2070 2435 3648 2508; baseline 0.01 -21"><span class='ocrx_word' id='word_1_377' title='bbox 2070 2435 2314 2504; x_wconf 85' lang='lat' dir='ltr'><strong>sequitur</strong></span> <span class='ocrx_word' id='word_1_378' title='bbox 2334 2446 2574 2507; x_wconf 86' lang='lat' dir='ltr'><strong>ergo,-ut</strong></span> <span class='ocrx_word' id='word_1_379' title='bbox 2600 2453 2937 2508; x_wconf 87' lang='lat' dir='ltr'><strong>nequaquam</strong></span> <span class='ocrx_word' id='word_1_380' title='bbox 2973 2441 3115 2497; x_wconf 89' lang='lat' dir='ltr'><strong>inter</strong></span> <span class='ocrx_word' id='word_1_381' title='bbox 3156 2460 3391 2501; x_wconf 89' lang='lat' dir='ltr'><strong>canones</strong></span> <span class='ocrx_word' id='word_1_382' title='bbox 3413 2449 3648 2502; x_wconf 86' lang='lat' dir='ltr'><strong>habean-</strong></span> 
     </span>
    </p>
   </div>
   <div class='ocr_carea' id='block_1_55' title="bbox 2073 2528 3643 2601">
    <p class='ocr_par' dir='ltr' id='par_1_55' title="bbox 2073 2528 3643 2601">
     <span class='ocr_line' id='line_1_55' title="bbox 2073 2528 3643 2601; baseline 0.01 -22"><span class='ocrx_word' id='word_1_383' title='bbox 2073 2535 2179 2589; x_wconf 75' lang='lat' dir='ltr'><strong>tur,</strong></span> <span class='ocrx_word' id='word_1_384' title='bbox 2212 2541 2331 2594; x_wconf 72' lang='lat' dir='ltr'><strong>qua:</strong></span> <span class='ocrx_word' id='word_1_385' title='bbox 2385 2542 2485 2581; x_wconf 89' lang='lat' dir='ltr'><strong>nec</strong></span> <span class='ocrx_word' id='word_1_386' title='bbox 2529 2528 2889 2585; x_wconf 84' lang='lat' dir='ltr'><strong>decretalibus</strong></span> <span class='ocrx_word' id='word_1_387' title='bbox 2942 2530 3161 2586; x_wconf 79' lang='lat' dir='ltr'><strong>I’atrum</strong></span> <span class='ocrx_word' id='word_1_388' title='bbox 3216 2536 3427 2601; x_wconf 89' lang='lat' dir='ltr'><strong>edictis,</strong></span> <span class='ocrx_word' id='word_1_389' title='bbox 3476 2553 3573 2593; x_wconf 87' lang='lat' dir='ltr'><strong>nec</strong></span> <span class='ocrx_word' id='word_1_390' title='bbox 3614 2554 3643 2593; x_wconf 90' lang='lat' dir='ltr'><strong>a</strong></span> 
     </span>
    </p>
   </div>
   <div class='ocr_carea' id='block_1_56' title="bbox 2071 2616 3642 2694">
    <p class='ocr_par' dir='ltr' id='par_1_56' title="bbox 2071 2616 3642 2694">
     <span class='ocr_line' id='line_1_56' title="bbox 2071 2616 3642 2694; baseline 0.009 -26"><span class='ocrx_word' id='word_1_391' title='bbox 2071 2616 2243 2669; x_wconf 76' lang='lat' dir='ltr'><strong>sacris</strong></span> <span class='ocrx_word' id='word_1_392' title='bbox 2294 2616 2546 2670; x_wconf 89' lang='lat' dir='ltr'><strong>videntur</strong></span> <span class='ocrx_word' id='word_1_393' title='bbox 2588 2619 2806 2686; x_wconf 90' lang='lat' dir='ltr'><strong>prodire</strong></span> <span class='ocrx_word' id='word_1_394' title='bbox 2854 2622 3119 2675; x_wconf 77' lang='lat' dir='ltr'><strong>conciliis.</strong></span> <span class='ocrx_word' id='word_1_395' title='bbox 3178 2624 3444 2694; x_wconf 80' lang='lat' dir='ltr'><strong>Quidquid</strong></span> <span class='ocrx_word' id='word_1_396' title='bbox 3500 2629 3642 2682; x_wconf 84' lang='lat' dir='ltr'><strong>enim</strong></span> 
     </span>
    </p>
   </div>
   <div class='ocr_carea' id='block_1_57' title="bbox 2071 2703 3644 2783">
    <p class='ocr_par' dir='ltr' id='par_1_57' title="bbox 2071 2703 3644 2783">
     <span class='ocr_line' id='line_1_57' title="bbox 2071 2703 3644 2783; baseline 0.01 -28"><span class='ocrx_word' id='word_1_397' title='bbox 2071 2703 2211 2756; x_wconf 87' lang='lat' dir='ltr'><strong>inter</strong></span> <span class='ocrx_word' id='word_1_398' title='bbox 2233 2705 2439 2772; x_wconf 90' lang='lat' dir='ltr'><strong>species</strong></span> <span class='ocrx_word' id='word_1_399' title='bbox 2460 2720 2562 2759; x_wconf 90' lang='lat' dir='ltr'><strong>non</strong></span> <span class='ocrx_word' id='word_1_400' title='bbox 2581 2718 2985 2773; x_wconf 83' lang='lat' dir='ltr'><strong>annumeratur,</strong></span> <span class='ocrx_word' id='word_1_401' title='bbox 3005 2725 3033 2762; x_wconf 91' lang='lat' dir='ltr'><strong>a</strong></span> <span class='ocrx_word' id='word_1_402' title='bbox 3052 2727 3247 2781; x_wconf 82' lang='lat' dir='ltr'><strong>genere</strong></span> <span class='ocrx_word' id='word_1_403' title='bbox 3270 2716 3456 2783; x_wconf 85' lang='lat' dir='ltr'><strong>procul</strong></span> <span class='ocrx_word' id='word_1_404' title='bbox 3482 2718 3644 2771; x_wconf 91' lang='lat' dir='ltr'><strong>dubio</strong></span> 
     </span>
    </p>
   </div>
   <div class='ocr_carea' id='block_1_58' title="bbox 2070 2794 3644 2862">
    <p class='ocr_par' dir='ltr' id='par_1_58' title="bbox 2070 2794 3644 2862">
     <span class='ocr_line' id='line_1_58' title="bbox 2070 2794 3644 2862; baseline 0.009 -15"><span class='ocrx_word' id='word_1_405' title='bbox 2070 2794 2304 2848; x_wconf 88' lang='lat' dir='ltr'><strong>alienum</strong></span> <span class='ocrx_word' id='word_1_406' title='bbox 2343 2810 2463 2849; x_wconf 88' lang='lat' dir='ltr'><strong>esse</strong></span> <span class='ocrx_word' id='word_1_407' title='bbox 2488 2796 2814 2850; x_wconf 87' lang='lat' dir='ltr'><strong>decernitur.</strong></span> <span class='ocrx_word' id='word_1_408' title='bbox 2870 2798 3023 2862; x_wconf 90' lang='lat' dir='ltr'><strong>Quod</strong></span> <span class='ocrx_word' id='word_1_409' title='bbox 3071 2802 3114 2854; x_wconf 92' lang='lat' dir='ltr'><strong>si</strong></span> <span class='ocrx_word' id='word_1_410' title='bbox 3167 2818 3360 2857; x_wconf 87' lang='lat' dir='ltr'><strong>nomen</strong></span> <span class='ocrx_word' id='word_1_411' title='bbox 3408 2808 3644 2862; x_wconf 73' lang='lat' dir='ltr'><strong>auctoris</strong></span> 
     </span>
    </p>
   </div>
   <div class='ocr_carea' id='block_1_59' title="bbox 2071 2884 3646 2963">
    <p class='ocr_par' dir='ltr' id='par_1_59' title="bbox 2071 2884 3646 2963">
     <span class='ocr_line' id='line_1_59' title="bbox 2071 2884 3646 2963; baseline 0.008 -27"><span class='ocrx_word' id='word_1_412' title='bbox 2071 2884 2382 2953; x_wconf 85' lang='lat' dir='ltr'><strong>inquiritur,</strong></span> <span class='ocrx_word' id='word_1_413' title='bbox 2419 2896 2625 2940; x_wconf 87' lang='lat' dir='ltr'><strong>certum</strong></span> <span class='ocrx_word' id='word_1_414' title='bbox 2655 2904 2760 2942; x_wconf 89' lang='lat' dir='ltr'><strong>non</strong></span> <span class='ocrx_word' id='word_1_415' title='bbox 2790 2889 2929 2943; x_wconf 88' lang='lat' dir='ltr'><strong>valet</strong></span> <span class='ocrx_word' id='word_1_416' title='bbox 2975 2891 3102 2953; x_wconf 88' lang='lat' dir='ltr'><strong>dici,</strong></span> <span class='ocrx_word' id='word_1_417' title='bbox 3145 2894 3269 2960; x_wconf 88' lang='lat' dir='ltr'><strong>quia</strong></span> <span class='ocrx_word' id='word_1_418' title='bbox 3301 2910 3401 2948; x_wconf 91' lang='lat' dir='ltr'><strong>nec</strong></span> <span class='ocrx_word' id='word_1_419' title='bbox 3437 2905 3646 2963; x_wconf 88' lang='lat' dir='ltr'><strong>poterat</strong></span> 
     </span>
    </p>
   </div>
   <div class='ocr_carea' id='block_1_60' title="bbox 2071 2974 3643 3040">
    <p class='ocr_par' dir='ltr' id='par_1_60' title="bbox 2071 2974 3643 3040">
     <span class='ocr_line' id='line_1_60' title="bbox 2071 2974 3643 3040; baseline 0.008 -13"><span class='ocrx_word' id='word_1_420' title='bbox 2071 2974 2124 3027; x_wconf 91' lang='lat' dir='ltr'><strong>in</strong></span> <span class='ocrx_word' id='word_1_421' title='bbox 2171 2976 2338 3030; x_wconf 90' lang='lat' dir='ltr'><strong>variis</strong></span> <span class='ocrx_word' id='word_1_422' title='bbox 2378 2978 2657 3032; x_wconf 89' lang='lat' dir='ltr'><strong>codicibus</strong></span> <span class='ocrx_word' id='word_1_423' title='bbox 2686 2979 3027 3035; x_wconf 90' lang='lat' dir='ltr'><strong>uniformiter</strong></span> <span class='ocrx_word' id='word_1_424' title='bbox 3056 2982 3305 3037; x_wconf 87' lang='lat' dir='ltr'><strong>inveniri.</strong></span> <span class='ocrx_word' id='word_1_425' title='bbox 3332 2985 3470 3039; x_wconf 78' lang='lat' dir='ltr'><strong>Alibi</strong></span> <span class='ocrx_word' id='word_1_426' title='bbox 3499 2988 3643 3040; x_wconf 90' lang='lat' dir='ltr'><strong>enim</strong></span> 
     </span>
    </p>
   </div>
   <div class='ocr_carea' id='block_1_61' title="bbox 2082 3066 3644 3137">
    <p class='ocr_par' dir='ltr' id='par_1_61' title="bbox 2082 3066 3644 3137">
     <span class='ocr_line' id='line_1_61' title="bbox 2082 3066 3644 3137; baseline 0.004 -17"><span class='ocrx_word' id='word_1_427' title='bbox 2082 3066 2358 3131; x_wconf 81' lang='lat' dir='ltr'><strong>scribitur,</strong></span> <span class='ocrx_word' id='word_1_428' title='bbox 2387 3067 2698 3123; x_wconf 87' lang='lat' dir='ltr'><strong>Theodorus</strong></span> <span class='ocrx_word' id='word_1_429' title='bbox 2727 3071 2889 3134; x_wconf 82' lang='lat' dir='ltr'><strong>dicit;</strong></span> <span class='ocrx_word' id='word_1_430' title='bbox 2925 3072 3075 3137; x_wconf 90' lang='lat' dir='ltr'><strong>alihi,</strong></span> <span class='ocrx_word' id='word_1_431' title='bbox 3110 3073 3500 3129; x_wconf 73' lang='lat' dir='ltr'><strong>Poenitentialis</strong></span> <span class='ocrx_word' id='word_1_432' title='bbox 3534 3076 3644 3128; x_wconf 79' lang='lat' dir='ltr'><strong>Ro-</strong></span> 
     </span>
    </p>
   </div>
   <div class='ocr_carea' id='block_1_62' title="bbox 391 3146 3643 3237">
    <p class='ocr_par' dir='ltr' id='par_1_62' title="bbox 391 3146 3643 3237">
     <span class='ocr_line' id='line_1_62' title="bbox 391 3146 3643 3237; baseline 0.002 -16"><span class='ocrx_word' id='word_1_433' title='bbox 391 3169 577 3221; x_wconf 86' lang='lat' dir='ltr'><strong>decem</strong></span> <span class='ocrx_word' id='word_1_434' title='bbox 611 3166 768 3220; x_wconf 90' lang='lat' dir='ltr'><strong>annis</strong></span> <span class='ocrx_word' id='word_1_435' title='bbox 796 3146 1083 3235; x_wconf 78' lang='lat' dir='ltr'><strong>pteniteat;</strong></span> <span class='ocrx_word' id='word_1_436' title='bbox 1118 3167 1243 3220; x_wconf 92' lang='lat' dir='ltr'><strong>item</strong></span> <span class='ocrx_word' id='word_1_437' title='bbox 1273 3166 1556 3235; x_wconf 89' lang='lat' dir='ltr'><strong>episcopus</strong></span> <span class='ocrx_word' id='word_1_438' title='bbox 1578 3179 1699 3219; x_wconf 90' lang='lat' dir='ltr'><strong>cum</strong></span> <span class='ocrx_word' id='word_1_439' title='bbox 1728 3167 1965 3233; x_wconf 84' lang='lat' dir='ltr'><strong>quadru-</strong></span> <span class='ocrx_word' id='word_1_440' title='bbox 1995 3146 2039 3206; x_wconf 64' lang='grc' dir='ltr'><strong>(ἶ</strong></span> <span class='ocrx_word' id='word_1_441' title='bbox 2072 3176 2263 3218; x_wconf 79' lang='lat' dir='ltr'><strong>manus</strong></span> <span class='ocrx_word' id='word_1_442' title='bbox 2290 3161 2455 3226; x_wconf 88' lang='lat' dir='ltr'><strong>dicit;</strong></span> <span class='ocrx_word' id='word_1_443' title='bbox 2486 3163 2637 3226; x_wconf 90' lang='lat' dir='ltr'><strong>alibi,</strong></span> <span class='ocrx_word' id='word_1_444' title='bbox 2669 3163 2917 3222; x_wconf 88' lang='lat' dir='ltr'><strong>Canones</strong></span> <span class='ocrx_word' id='word_1_445' title='bbox 2941 3168 3336 3237; x_wconf 84' lang='lat' dir='ltr'><strong>apostolorum;</strong></span> <span class='ocrx_word' id='word_1_446' title='bbox 3359 3171 3515 3226; x_wconf 89' lang='lat' dir='ltr'><strong>aliter</strong></span> <span class='ocrx_word' id='word_1_447' title='bbox 3536 3174 3643 3237; x_wconf 85' lang='lat' dir='ltr'><strong>hic,</strong></span> 
     </span>
    </p>
   </div>
   <div class='ocr_carea' id='block_1_63' title="bbox 392 3240 1962 3325">
    <p class='ocr_par' dir='ltr' id='par_1_63' title="bbox 392 3240 1962 3325">
     <span class='ocr_line' id='line_1_63' title="bbox 392 3240 1962 3325; baseline -0.002 -14"><span class='ocrx_word' id='word_1_448' title='bbox 392 3257 620 3325; x_wconf 87' lang='lat' dir='ltr'><strong>pedibus</strong></span> <span class='ocrx_word' id='word_1_449' title='bbox 646 3271 898 3324; x_wconf 89' lang='lat' dir='ltr'><strong>peccans,</strong></span> <span class='ocrx_word' id='word_1_450' title='bbox 929 3256 1115 3310; x_wconf 89' lang='lat' dir='ltr'><strong>decem</strong></span> <span class='ocrx_word' id='word_1_451' title='bbox 1162 3255 1320 3310; x_wconf 89' lang='lat' dir='ltr'><strong>annis</strong></span> <span class='ocrx_word' id='word_1_452' title='bbox 1350 3256 1629 3323; x_wconf 65' lang='lat' dir='ltr'><strong>poeniteat,</strong></span> <span class='ocrx_word' id='word_1_453' title='bbox 1661 3240 1962 3323; x_wconf 64' lang='lat' dir='ltr'><strong>etgradnin</strong></span> 
     </span>
    </p>
   </div>
   <div class='ocr_carea' id='block_1_64' title="bbox 391 3344 1967 3415">
    <p class='ocr_par' dir='ltr' id='par_1_64' title="bbox 391 3344 1967 3415">
     <span class='ocr_line' id='line_1_64' title="bbox 391 3344 1967 3415; baseline 0.001 -17"><span class='ocrx_word' id='word_1_454' title='bbox 391 3346 641 3411; x_wconf 86' lang='lat' dir='ltr'><strong>amittat;</strong></span> <span class='ocrx_word' id='word_1_455' title='bbox 676 3346 962 3415; x_wconf 89' lang='lat' dir='ltr'><strong>presbyter</strong></span> <span class='ocrx_word' id='word_1_456' title='bbox 986 3344 1245 3414; x_wconf 90' lang='lat' dir='ltr'><strong>quinque,</strong></span> <span class='ocrx_word' id='word_1_457' title='bbox 1289 3345 1546 3400; x_wconf 90' lang='lat' dir='ltr'><strong>diaconus</strong></span> <span class='ocrx_word' id='word_1_458' title='bbox 1578 3354 1706 3409; x_wconf 89' lang='lat' dir='ltr'><strong>tres,</strong></span> <span class='ocrx_word' id='word_1_459' title='bbox 1738 3345 1967 3399; x_wconf 90' lang='lat' dir='ltr'><strong>clericus</strong></span> 
     </span>
    </p>
   </div>
   <div class='ocr_carea' id='block_1_65' title="bbox 390 3433 1965 3504">
    <p class='ocr_par' dir='ltr' id='par_1_65' title="bbox 390 3433 1965 3504">
     <span class='ocr_line' id='line_1_65' title="bbox 390 3433 1965 3504; baseline -0.002 -14"><span class='ocrx_word' id='word_1_460' title='bbox 390 3436 554 3500; x_wconf 90' lang='lat' dir='ltr'><strong>duos;</strong></span> <span class='ocrx_word' id='word_1_461' title='bbox 599 3450 719 3490; x_wconf 92' lang='lat' dir='ltr'><strong>cum</strong></span> <span class='ocrx_word' id='word_1_462' title='bbox 768 3435 919 3504; x_wconf 91' lang='lat' dir='ltr'><strong>prius</strong></span> <span class='ocrx_word' id='word_1_463' title='bbox 974 3433 1217 3489; x_wconf 90' lang='lat' dir='ltr'><strong>absolute</strong></span> <span class='ocrx_word' id='word_1_464' title='bbox 1265 3434 1455 3489; x_wconf 91' lang='lat' dir='ltr'><strong>dicat:</strong></span> <span class='ocrx_word' id='word_1_465' title='bbox 1487 3433 1623 3500; x_wconf 89' lang='lat' dir='ltr'><strong>Quia</strong></span> <span class='ocrx_word' id='word_1_466' title='bbox 1660 3434 1965 3503; x_wconf 86' lang='lat' dir='ltr'><strong>quicunque</strong></span> 
     </span>
    </p>
   </div>
   <div class='ocr_carea' id='block_1_66' title="bbox 391 3520 1963 3592">
    <p class='ocr_par' dir='ltr' id='par_1_66' title="bbox 391 3520 1963 3592">
     <span class='ocr_line' id='line_1_66' title="bbox 391 3520 1963 3592; baseline -0.001 -15"><span class='ocrx_word' id='word_1_467' title='bbox 391 3538 514 3577; x_wconf 87' lang='lat' dir='ltr'><strong>cum</strong></span> <span class='ocrx_word' id='word_1_468' title='bbox 566 3522 772 3592; x_wconf 88' lang='lat' dir='ltr'><strong>pecude</strong></span> <span class='ocrx_word' id='word_1_469' title='bbox 800 3520 879 3575; x_wconf 90' lang='lat' dir='ltr'><strong>vel</strong></span> <span class='ocrx_word' id='word_1_470' title='bbox 912 3521 1157 3591; x_wconf 91' lang='lat' dir='ltr'><strong>jumento</strong></span> <span class='ocrx_word' id='word_1_471' title='bbox 1198 3520 1362 3575; x_wconf 88' lang='lat' dir='ltr'><strong>fuerit</strong></span> <span class='ocrx_word' id='word_1_472' title='bbox 1408 3520 1727 3586; x_wconf 90' lang='lat' dir='ltr'><strong>fornicatus,</strong></span> <span class='ocrx_word' id='word_1_473' title='bbox 1779 3522 1963 3577; x_wconf 89' lang='lat' dir='ltr'><strong>decem</strong></span> 
     </span>
    </p>
   </div>
   <div class='ocr_carea' id='block_1_67' title="bbox 391 3602 1968 3683">
    <p class='ocr_par' dir='ltr' id='par_1_67' title="bbox 391 3602 1968 3683">
     <span class='ocr_line' id='line_1_67' title="bbox 391 3602 1968 3683; baseline 0 -17"><span class='ocrx_word' id='word_1_474' title='bbox 391 3628 655 3667; x_wconf 88' lang='lat' dir='ltr'><strong>annorum</strong></span> <span class='ocrx_word' id='word_1_475' title='bbox 688 3612 1057 3667; x_wconf 79' lang='lat' dir='ltr'><strong>satisfactione</strong></span> <span class='ocrx_word' id='word_1_476' title='bbox 1088 3612 1435 3676; x_wconf 87' lang='lat' dir='ltr'><strong>multabitur;</strong></span> <span class='ocrx_word' id='word_1_477' title='bbox 1483 3602 1751 3683; x_wconf 86' lang='lat' dir='ltr'><strong>quomodo</strong></span> <span class='ocrx_word' id='word_1_478' title='bbox 1778 3628 1968 3667; x_wconf 88' lang='lat' dir='ltr'><strong>conse-</strong></span> 
     </span>
    </p>
   </div>
   <div class='ocr_carea' id='block_1_68' title="bbox 392 3699 1963 3772">
    <p class='ocr_par' dir='ltr' id='par_1_68' title="bbox 392 3699 1963 3772">
     <span class='ocr_line' id='line_1_68' title="bbox 392 3699 1963 3772; baseline 0.001 -18"><span class='ocrx_word' id='word_1_479' title='bbox 392 3717 565 3770; x_wconf 91' lang='lat' dir='ltr'><strong>quens</strong></span> <span class='ocrx_word' id='word_1_480' title='bbox 580 3709 686 3766; x_wconf 87' lang='lat' dir='ltr'><strong>est,</strong></span> <span class='ocrx_word' id='word_1_481' title='bbox 711 3701 851 3769; x_wconf 85' lang='lat' dir='ltr'><strong>quod</strong></span> <span class='ocrx_word' id='word_1_482' title='bbox 877 3699 1216 3769; x_wconf 87' lang='lat' dir='ltr'><strong>subjungitur</strong></span> <span class='ocrx_word' id='word_1_483' title='bbox 1243 3718 1256 3754; x_wconf 89' lang='lat'><strong>:</strong></span> <span class='ocrx_word' id='word_1_484' title='bbox 1289 3711 1346 3754; x_wconf 94' lang='lat' dir='ltr'><strong>ut</strong></span> <span class='ocrx_word' id='word_1_485' title='bbox 1368 3702 1681 3772; x_wconf 81' lang='lat' dir='ltr'><strong>presbytero</strong></span> <span class='ocrx_word' id='word_1_486' title='bbox 1706 3702 1963 3771; x_wconf 81' lang='lat' dir='ltr'><strong>quinque,</strong></span> 
     </span>
    </p>
   </div>
   <div class='ocr_carea' id='block_1_69' title="bbox 390 3792 1965 3862">
    <p class='ocr_par' dir='ltr' id='par_1_69' title="bbox 390 3792 1965 3862">
     <span class='ocr_line' id='line_1_69' title="bbox 390 3792 1965 3862; baseline 0.001 -17"><span class='ocrx_word' id='word_1_487' title='bbox 390 3793 618 3848; x_wconf 88' lang='lat' dir='ltr'><strong>diacono</strong></span> <span class='ocrx_word' id='word_1_488' title='bbox 647 3792 829 3857; x_wconf 84' lang='lat' dir='ltr'><strong>trium,</strong></span> <span class='ocrx_word' id='word_1_489' title='bbox 862 3792 1060 3846; x_wconf 84' lang='lat' dir='ltr'><strong>clerico</strong></span> <span class='ocrx_word' id='word_1_490' title='bbox 1088 3792 1315 3845; x_wconf 90' lang='lat' dir='ltr'><strong>duorum</strong></span> <span class='ocrx_word' id='word_1_491' title='bbox 1346 3808 1609 3847; x_wconf 89' lang='lat' dir='ltr'><strong>annorum</strong></span> <span class='ocrx_word' id='word_1_492' title='bbox 1656 3795 1722 3847; x_wconf 90' lang='lat' dir='ltr'><strong>de</strong></span> <span class='ocrx_word' id='word_1_493' title='bbox 1759 3794 1965 3862; x_wconf 89' lang='lat' dir='ltr'><strong>pecuali</strong></span> 
     </span>
    </p>
   </div>
   <div class='ocr_carea' id='block_1_70' title="bbox 390 3880 1963 3952">
    <p class='ocr_par' dir='ltr' id='par_1_70' title="bbox 390 3880 1963 3952">
     <span class='ocr_line' id='line_1_70' title="bbox 390 3880 1963 3952; baseline 0.002 -18"><span class='ocrx_word' id='word_1_494' title='bbox 390 3882 677 3935; x_wconf 91' lang='lat' dir='ltr'><strong>concubitu</strong></span> <span class='ocrx_word' id='word_1_495' title='bbox 722 3881 1045 3951; x_wconf 71' lang='lat' dir='ltr'><strong>pmoitrntia</strong></span> <span class='ocrx_word' id='word_1_496' title='bbox 1097 3881 1405 3935; x_wconf 90' lang='lat' dir='ltr'><strong>indicetur?</strong></span> <span class='ocrx_word' id='word_1_497' title='bbox 1441 3880 1590 3936; x_wconf 90' lang='lat' dir='ltr'><strong>Unde</strong></span> <span class='ocrx_word' id='word_1_498' title='bbox 1638 3882 1963 3952; x_wconf 91' lang='lat' dir='ltr'><strong>quicunque,</strong></span> 
     </span>
    </p>
   </div>
   <div class='ocr_carea' id='block_1_71' title="bbox 392 3968 1965 4040">
    <p class='ocr_par' dir='ltr' id='par_1_71' title="bbox 392 3968 1965 4040">
     <span class='ocr_line' id='line_1_71' title="bbox 392 3968 1965 4040; baseline 0.001 -17"><span class='ocrx_word' id='word_1_499' title='bbox 392 3970 495 4023; x_wconf 89' lang='lat' dir='ltr'><strong>hoc</strong></span> <span class='ocrx_word' id='word_1_500' title='bbox 530 3978 639 4035; x_wconf 84' lang='lat' dir='ltr'><strong>est,</strong></span> <span class='ocrx_word' id='word_1_501' title='bbox 681 3970 908 4039; x_wconf 91' lang='lat' dir='ltr'><strong>quilibet</strong></span> <span class='ocrx_word' id='word_1_502' title='bbox 958 3970 1122 4024; x_wconf 90' lang='lat' dir='ltr'><strong>etiam</strong></span> <span class='ocrx_word' id='word_1_503' title='bbox 1162 3968 1333 4025; x_wconf 90' lang='lat' dir='ltr'><strong>laicus</strong></span> <span class='ocrx_word' id='word_1_504' title='bbox 1370 3979 1426 4025; x_wconf 89' lang='lat' dir='ltr'><strong>et</strong></span> <span class='ocrx_word' id='word_1_505' title='bbox 1463 3971 1775 4025; x_wconf 85' lang='lat' dir='ltr'><strong>decennalis</strong></span> <span class='ocrx_word' id='word_1_506' title='bbox 1807 3972 1965 4040; x_wconf 87' lang='lat' dir='ltr'><strong>spatii</strong></span> 
     </span>
    </p>
   </div>
   <div class='ocr_carea' id='block_1_72' title="bbox 390 4059 1965 4131">
    <p class='ocr_par' dir='ltr' id='par_1_72' title="bbox 390 4059 1965 4131">
     <span class='ocr_line' id='line_1_72' title="bbox 390 4059 1965 4131; baseline 0.003 -20"><span class='ocrx_word' id='word_1_507' title='bbox 390 4059 680 4114; x_wconf 87' lang='lat' dir='ltr'><strong>afllictione</strong></span> <span class='ocrx_word' id='word_1_508' title='bbox 710 4060 1116 4127; x_wconf 79' lang='lat' dir='ltr'><strong>constringitur,</strong></span> <span class='ocrx_word' id='word_1_509' title='bbox 1167 4060 1292 4114; x_wconf 90' lang='lat' dir='ltr'><strong>inde</strong></span> <span class='ocrx_word' id='word_1_510' title='bbox 1318 4062 1634 4131; x_wconf 88' lang='lat' dir='ltr'><strong>presbytero</strong></span> <span class='ocrx_word' id='word_1_511' title='bbox 1668 4061 1965 4130; x_wconf 88' lang='lat' dir='ltr'><strong>quinquen-</strong></span> 
     </span>
    </p>
   </div>
   <div class='ocr_carea' id='block_1_73' title="bbox 390 4148 1966 4217">
    <p class='ocr_par' dir='ltr' id='par_1_73' title="bbox 390 4148 1966 4217">
     <span class='ocr_line' id='line_1_73' title="bbox 390 4148 1966 4217; baseline 0.003 -19"><span class='ocrx_word' id='word_1_512' title='bbox 390 4149 538 4200; x_wconf 91' lang='lat' dir='ltr'><strong>nium</strong></span> <span class='ocrx_word' id='word_1_513' title='bbox 588 4148 825 4217; x_wconf 90' lang='lat' dir='ltr'><strong>ponitur,</strong></span> <span class='ocrx_word' id='word_1_514' title='bbox 873 4148 925 4201; x_wconf 93' lang='lat' dir='ltr'><strong>id</strong></span> <span class='ocrx_word' id='word_1_515' title='bbox 966 4159 1069 4212; x_wconf 88' lang='lat' dir='ltr'><strong>est,</strong></span> <span class='ocrx_word' id='word_1_516' title='bbox 1120 4148 1402 4202; x_wconf 91' lang='lat' dir='ltr'><strong>dimidium</strong></span> <span class='ocrx_word' id='word_1_517' title='bbox 1436 4150 1609 4204; x_wconf 83' lang='lat' dir='ltr'><strong>totius</strong></span> <span class='ocrx_word' id='word_1_518' title='bbox 1633 4148 1966 4217; x_wconf 73' lang='lat' dir='ltr'><strong>pmnitentize</strong></span> 
     </span>
    </p>
   </div>
   <div class='ocr_carea' id='block_1_74' title="bbox 393 4235 1965 4306">
    <p class='ocr_par' dir='ltr' id='par_1_74' title="bbox 393 4235 1965 4306">
     <span class='ocr_line' id='line_1_74' title="bbox 393 4235 1965 4306; baseline 0.003 -20"><span class='ocrx_word' id='word_1_519' title='bbox 393 4235 685 4289; x_wconf 81' lang='lat' dir='ltr'><strong>relaxatur.</strong></span> <span class='ocrx_word' id='word_1_520' title='bbox 734 4235 963 4302; x_wconf 88' lang='lat' dir='ltr'><strong>Quibus,</strong></span> <span class='ocrx_word' id='word_1_521' title='bbox 997 4250 1146 4305; x_wconf 84' lang='lat' dir='ltr'><strong>rogo,</strong></span> <span class='ocrx_word' id='word_1_522' title='bbox 1176 4237 1317 4290; x_wconf 88' lang='lat' dir='ltr'><strong>sacri</strong></span> <span class='ocrx_word' id='word_1_523' title='bbox 1356 4235 1554 4304; x_wconf 90' lang='lat' dir='ltr'><strong>eloquii</strong></span> <span class='ocrx_word' id='word_1_524' title='bbox 1606 4238 1821 4306; x_wconf 86' lang='lat' dir='ltr'><strong>paginis</strong></span> <span class='ocrx_word' id='word_1_525' title='bbox 1848 4237 1965 4290; x_wconf 68' lang='lat' dir='ltr'><strong>ham</strong></span> 
     </span>
    </p>
   </div>
   <div class='ocr_carea' id='block_1_75' title="bbox 388 4322 1964 4395">
    <p class='ocr_par' dir='ltr' id='par_1_75' title="bbox 388 4322 1964 4395">
     <span class='ocr_line' id='line_1_75' title="bbox 388 4322 1964 4395; baseline 0.001 -18"><span class='ocrx_word' id='word_1_526' title='bbox 388 4322 582 4378; x_wconf 84' lang='lat' dir='ltr'><strong>frivola</strong></span> <span class='ocrx_word' id='word_1_527' title='bbox 612 4324 879 4378; x_wconf 88' lang='lat' dir='ltr'><strong>insomnia</strong></span> <span class='ocrx_word' id='word_1_528' title='bbox 905 4332 1231 4394; x_wconf 89' lang='lat' dir='ltr'><strong>congruunt,</strong></span> <span class='ocrx_word' id='word_1_529' title='bbox 1256 4339 1375 4395; x_wconf 68' lang='lat' dir='ltr'><strong>qua:</strong></span> <span class='ocrx_word' id='word_1_530' title='bbox 1403 4328 1689 4394; x_wconf 86' lang='lat' dir='ltr'><strong>semetipsa</strong></span> <span class='ocrx_word' id='word_1_531' title='bbox 1726 4334 1831 4379; x_wconf 88' lang='lat' dir='ltr'><strong>tam</strong></span> <span class='ocrx_word' id='word_1_532' title='bbox 1854 4327 1964 4380; x_wconf 85' lang='lat' dir='ltr'><strong>cvi-</strong></span> 
     </span>
    </p>
   </div>
   <div class='ocr_carea' id='block_1_76' title="bbox 389 4411 1963 4485">
    <p class='ocr_par' dir='ltr' id='par_1_76' title="bbox 389 4411 1963 4485">
     <span class='ocr_line' id='line_1_76' title="bbox 389 4411 1963 4485; baseline 0.003 -16"><span class='ocrx_word' id='word_1_533' title='bbox 389 4416 584 4469; x_wconf 85' lang='lat' dir='ltr'><strong>denter</strong></span> <span class='ocrx_word' id='word_1_534' title='bbox 612 4412 961 4483; x_wconf 86' lang='lat' dir='ltr'><strong>impugnant?</strong></span> <span class='ocrx_word' id='word_1_535' title='bbox 990 4411 1122 4477; x_wconf 93' lang='lat' dir='ltr'><strong>Quis</strong></span> <span class='ocrx_word' id='word_1_536' title='bbox 1148 4427 1249 4466; x_wconf 91' lang='lat' dir='ltr'><strong>non</strong></span> <span class='ocrx_word' id='word_1_537' title='bbox 1293 4415 1607 4482; x_wconf 89' lang='lat' dir='ltr'><strong>perpendat,</strong></span> <span class='ocrx_word' id='word_1_538' title='bbox 1635 4416 1754 4483; x_wconf 93' lang='lat' dir='ltr'><strong>quis</strong></span> <span class='ocrx_word' id='word_1_539' title='bbox 1779 4420 1963 4485; x_wconf 80' lang='lat' dir='ltr'><strong>aperte</strong></span> 
     </span>
    </p>
   </div>
   <div class='ocr_carea' id='block_1_77' title="bbox 2068 3248 3645 3315">
    <p class='ocr_par' dir='ltr' id='par_1_77' title="bbox 2068 3248 3645 3315">
     <span class='ocr_line' id='line_1_77' title="bbox 2068 3248 3645 3315; baseline 0.009 -14"><span class='ocrx_word' id='word_1_540' title='bbox 2068 3248 2229 3303; x_wconf 79' lang='lat' dir='ltr'><strong>aliter</strong></span> <span class='ocrx_word' id='word_1_541' title='bbox 2260 3248 2543 3304; x_wconf 87' lang='lat' dir='ltr'><strong>titulantur</strong></span> <span class='ocrx_word' id='word_1_542' title='bbox 2568 3251 2677 3306; x_wconf 89' lang='lat' dir='ltr'><strong>illic</strong></span> <span class='ocrx_word' id='word_1_543' title='bbox 2703 3262 2790 3305; x_wconf 89' lang='lat' dir='ltr'><strong>:et</strong></span> <span class='ocrx_word' id='word_1_544' title='bbox 2826 3255 2948 3308; x_wconf 88' lang='lat' dir='ltr'><strong>dum</strong></span> <span class='ocrx_word' id='word_1_545' title='bbox 2975 3272 3138 3310; x_wconf 90' lang='lat' dir='ltr'><strong>unum</strong></span> <span class='ocrx_word' id='word_1_546' title='bbox 3172 3257 3372 3313; x_wconf 90' lang='lat' dir='ltr'><strong>habere</strong></span> <span class='ocrx_word' id='word_1_547' title='bbox 3398 3275 3502 3315; x_wconf 92' lang='lat' dir='ltr'><strong>non</strong></span> <span class='ocrx_word' id='word_1_548' title='bbox 3533 3277 3645 3315; x_wconf 85' lang='lat' dir='ltr'><strong>me-</strong></span> 
     </span>
    </p>
   </div>
   <div class='ocr_carea' id='block_1_78' title="bbox 2067 3346 3642 3413">
    <p class='ocr_par' dir='ltr' id='par_1_78' title="bbox 2067 3346 3642 3413">
     <span class='ocr_line' id='line_1_78' title="bbox 2067 3346 3642 3413; baseline 0.008 -20"><span class='ocrx_word' id='word_1_549' title='bbox 2067 3349 2254 3394; x_wconf 89' lang='lat' dir='ltr'><strong>rentur</strong></span> <span class='ocrx_word' id='word_1_550' title='bbox 2280 3349 2574 3408; x_wconf 89' lang='lat' dir='ltr'><strong>auctorem,</strong></span> <span class='ocrx_word' id='word_1_551' title='bbox 2600 3358 2812 3397; x_wconf 87' lang='lat' dir='ltr'><strong>onmem</strong></span> <span class='ocrx_word' id='word_1_552' title='bbox 2843 3346 3075 3413; x_wconf 90' lang='lat' dir='ltr'><strong>perdunt</strong></span> <span class='ocrx_word' id='word_1_553' title='bbox 3105 3349 3221 3403; x_wconf 88' lang='lat' dir='ltr'><strong>sine</strong></span> <span class='ocrx_word' id='word_1_554' title='bbox 3258 3350 3419 3404; x_wconf 90' lang='lat' dir='ltr'><strong>dubio</strong></span> <span class='ocrx_word' id='word_1_555' title='bbox 3454 3362 3642 3405; x_wconf 83' lang='lat' dir='ltr'><strong>auclo-</strong></span> 
     </span>
    </p>
   </div>
   <div class='ocr_carea' id='block_1_79' title="bbox 2068 3430 3645 3498">
    <p class='ocr_par' dir='ltr' id='par_1_79' title="bbox 2068 3430 3645 3498">
     <span class='ocr_line' id='line_1_79' title="bbox 2068 3430 3645 3498; baseline 0.008 -14"><span class='ocrx_word' id='word_1_556' title='bbox 2068 3430 2306 3485; x_wconf 88' lang='lat' dir='ltr'><strong>ritatem.</strong></span> <span class='ocrx_word' id='word_1_557' title='bbox 2358 3430 2488 3498; x_wconf 76' lang='lat' dir='ltr'><strong>Qute</strong></span> <span class='ocrx_word' id='word_1_558' title='bbox 2521 3434 2663 3487; x_wconf 90' lang='lat' dir='ltr'><strong>enim</strong></span> <span class='ocrx_word' id='word_1_559' title='bbox 2708 3435 2808 3489; x_wconf 90' lang='lat' dir='ltr'><strong>sub</strong></span> <span class='ocrx_word' id='word_1_560' title='bbox 2833 3444 2909 3491; x_wconf 92' lang='lat' dir='ltr'><strong>tot</strong></span> <span class='ocrx_word' id='word_1_561' title='bbox 2950 3438 3172 3493; x_wconf 90' lang='lat' dir='ltr'><strong>incertis</strong></span> <span class='ocrx_word' id='word_1_562' title='bbox 3208 3442 3520 3497; x_wconf 88' lang='lat' dir='ltr'><strong>auctoribus</strong></span> <span class='ocrx_word' id='word_1_563' title='bbox 3549 3460 3645 3496; x_wconf 86' lang='lat' dir='ltr'><strong>uu-</strong></span> 
     </span>
    </p>
   </div>
   <div class='ocr_carea' id='block_1_80' title="bbox 2070 3514 3645 3584">
    <p class='ocr_par' dir='ltr' id='par_1_80' title="bbox 2070 3514 3645 3584">
     <span class='ocr_line' id='line_1_80' title="bbox 2070 3514 3645 3584; baseline 0.008 -12"><span class='ocrx_word' id='word_1_564' title='bbox 2070 3528 2207 3582; x_wconf 85' lang='lat' dir='ltr'><strong>tant,</strong></span> <span class='ocrx_word' id='word_1_565' title='bbox 2238 3519 2441 3574; x_wconf 90' lang='lat' dir='ltr'><strong>nullum</strong></span> <span class='ocrx_word' id='word_1_566' title='bbox 2460 3514 2605 3575; x_wconf 78' lang='lat' dir='ltr'><strong>certa</strong></span> <span class='ocrx_word' id='word_1_567' title='bbox 2630 3526 2952 3579; x_wconf 86' lang='lat' dir='ltr'><strong>auctoritate</strong></span> <span class='ocrx_word' id='word_1_568' title='bbox 2976 3526 3319 3583; x_wconf 86' lang='lat' dir='ltr'><strong>confirmant.</strong></span> <span class='ocrx_word' id='word_1_569' title='bbox 3337 3529 3401 3582; x_wconf 89' lang='lat' dir='ltr'><strong>Et</strong></span> <span class='ocrx_word' id='word_1_570' title='bbox 3422 3544 3645 3584; x_wconf 87' lang='lat' dir='ltr'><strong>necesse</strong></span> 
     </span>
    </p>
   </div>
   <div class='ocr_carea' id='block_1_81' title="bbox 2065 3612 3644 3691">
    <p class='ocr_par' dir='ltr' id='par_1_81' title="bbox 2065 3612 3644 3691">
     <span class='ocr_line' id='line_1_81' title="bbox 2065 3612 3644 3691; baseline 0.007 -26"><span class='ocrx_word' id='word_1_571' title='bbox 2065 3621 2167 3673; x_wconf 85' lang='lat' dir='ltr'><strong>est,</strong></span> <span class='ocrx_word' id='word_1_572' title='bbox 2206 3620 2264 3666; x_wconf 92' lang='lat' dir='ltr'><strong>ut</strong></span> <span class='ocrx_word' id='word_1_573' title='bbox 2307 3628 2426 3681; x_wconf 72' lang='lat' dir='ltr'><strong>qua:</strong></span> <span class='ocrx_word' id='word_1_574' title='bbox 2455 3614 2744 3669; x_wconf 89' lang='lat' dir='ltr'><strong>dubietatis</strong></span> <span class='ocrx_word' id='word_1_575' title='bbox 2791 3612 3082 3685; x_wconf 76' lang='lat' dir='ltr'><strong>caliginem</strong></span> <span class='ocrx_word' id='word_1_576' title='bbox 3137 3618 3441 3689; x_wconf 87' lang='lat' dir='ltr'><strong>legentibus</strong></span> <span class='ocrx_word' id='word_1_577' title='bbox 3481 3638 3644 3691; x_wconf 88' lang='lat' dir='ltr'><strong>gene-</strong></span> 
     </span>
    </p>
   </div>
   <div class='ocr_carea' id='block_1_82' title="bbox 2066 3703 3640 3777">
    <p class='ocr_par' dir='ltr' id='par_1_82' title="bbox 2066 3703 3640 3777">
     <span class='ocr_line' id='line_1_82' title="bbox 2066 3703 3640 3777; baseline 0.008 -21"><span class='ocrx_word' id='word_1_578' title='bbox 2066 3712 2208 3769; x_wconf 90' lang='lat' dir='ltr'><strong>rant,</strong></span> <span class='ocrx_word' id='word_1_579' title='bbox 2240 3719 2268 3756; x_wconf 92' lang='lat' dir='ltr'><strong>a</strong></span> <span class='ocrx_word' id='word_1_580' title='bbox 2300 3703 2420 3757; x_wconf 90' lang='lat' dir='ltr'><strong>luce</strong></span> <span class='ocrx_word' id='word_1_581' title='bbox 2450 3719 2725 3760; x_wconf 90' lang='lat' dir='ltr'><strong>sacrarum</strong></span> <span class='ocrx_word' id='word_1_582' title='bbox 2753 3708 3177 3777; x_wconf 87' lang='lat' dir='ltr'><strong>Scripturarum,</strong></span> <span class='ocrx_word' id='word_1_583' title='bbox 3236 3721 3441 3768; x_wconf 88' lang='lat' dir='ltr'><strong>remota</strong></span> <span class='ocrx_word' id='word_1_584' title='bbox 3491 3715 3640 3768; x_wconf 91' lang='lat' dir='ltr'><strong>omni</strong></span> 
     </span>
    </p>
   </div>
   <div class='ocr_carea' id='block_1_83' title="bbox 2066 3792 3643 3860">
    <p class='ocr_par' dir='ltr' id='par_1_83' title="bbox 2066 3792 3643 3860">
     <span class='ocr_line' id='line_1_83' title="bbox 2066 3792 3643 3860; baseline 0.01 -15"><span class='ocrx_word' id='word_1_585' title='bbox 2066 3792 2359 3859; x_wconf 84' lang='lat' dir='ltr'><strong>dubietate.</strong></span> <span class='ocrx_word' id='word_1_586' title='bbox 2412 3796 2684 3850; x_wconf 89' lang='lat' dir='ltr'><strong>recedant.</strong></span> <span class='ocrx_word' id='word_1_587' title='bbox 2736 3796 2854 3852; x_wconf 84' lang='lat' dir='ltr'><strong>Jam</strong></span> <span class='ocrx_word' id='word_1_588' title='bbox 2909 3814 3037 3854; x_wconf 91' lang='lat' dir='ltr'><strong>vero</strong></span> <span class='ocrx_word' id='word_1_589' title='bbox 3084 3801 3167 3856; x_wconf 92' lang='lat' dir='ltr'><strong>his</strong></span> <span class='ocrx_word' id='word_1_590' title='bbox 3194 3805 3423 3859; x_wconf 86' lang='lat' dir='ltr'><strong>scenicis</strong></span> <span class='ocrx_word' id='word_1_591' title='bbox 3452 3806 3643 3860; x_wconf 87' lang='lat' dir='ltr'><strong>delira-</strong></span> 
     </span>
    </p>
   </div>
   <div class='ocr_carea' id='block_1_84' title="bbox 2066 3884 3633 3961">
    <p class='ocr_par' dir='ltr' id='par_1_84' title="bbox 2066 3884 3633 3961">
     <span class='ocr_line' id='line_1_84' title="bbox 2066 3884 3633 3961; baseline 0.01 -26"><span class='ocrx_word' id='word_1_592' title='bbox 2066 3884 2288 3948; x_wconf 81' lang='lat' dir='ltr'><strong>mentis,</strong></span> <span class='ocrx_word' id='word_1_593' title='bbox 2314 3885 2381 3939; x_wconf 89' lang='lat' dir='ltr'><strong>de</strong></span> <span class='ocrx_word' id='word_1_594' title='bbox 2411 3885 2605 3954; x_wconf 90' lang='lat' dir='ltr'><strong>quibus</strong></span> <span class='ocrx_word' id='word_1_595' title='bbox 2638 3887 2884 3942; x_wconf 83' lang='lat' dir='ltr'><strong>carnales</strong></span> <span class='ocrx_word' id='word_1_596' title='bbox 2926 3890 3176 3949; x_wconf 87' lang='lat' dir='ltr'><strong>homines</strong></span> <span class='ocrx_word' id='word_1_597' title='bbox 3218 3897 3633 3961; x_wconf 66' lang='lat' dir='ltr'><strong>praesumebant,</strong></span> 
     </span>
    </p>
   </div>
   <div class='ocr_carea' id='block_1_85' title="bbox 2064 3976 3673 4060">
    <p class='ocr_par' dir='ltr' id='par_1_85' title="bbox 2064 3976 3673 4060">
     <span class='ocr_line' id='line_1_85' title="bbox 2064 3976 3673 4060; baseline 0.008 -35"><span class='ocrx_word' id='word_1_598' title='bbox 2064 3986 2130 4026; x_wconf 84' lang='lat' dir='ltr'><strong>ex</strong></span> <span class='ocrx_word' id='word_1_599' title='bbox 2164 3988 2388 4028; x_wconf 90' lang='lat' dir='ltr'><strong>numero</strong></span> <span class='ocrx_word' id='word_1_600' title='bbox 2426 3989 2693 4060; x_wconf 74' lang='lat' dir='ltr'><strong>canonum</strong></span> <span class='ocrx_word' id='word_1_601' title='bbox 2728 3976 3037 4041; x_wconf 86' lang='lat' dir='ltr'><strong>eliminatis,</strong></span> <span class='ocrx_word' id='word_1_602' title='bbox 3072 3995 3135 4034; x_wconf 89' lang='lat' dir='ltr'><strong>ac</strong></span> <span class='ocrx_word' id='word_1_603' title='bbox 3166 3982 3445 4051; x_wconf 90' lang='lat' dir='ltr'><strong>perspicua</strong></span> <span class='ocrx_word' id='word_1_604' title='bbox 3486 4000 3636 4054; x_wconf 86' lang='lat' dir='ltr'><strong>argu-</strong></span> <span class='ocrx_word' id='word_1_605' title='bbox 3658 4047 3673 4053; x_wconf 40' lang='grc' dir='ltr'><strong><em>ο</em></strong></span> 
     </span>
    </p>
   </div>
   <div class='ocr_carea' id='block_1_86' title="bbox 2067 4065 3673 4141">
    <p class='ocr_par' dir='ltr' id='par_1_86' title="bbox 2067 4065 3673 4141">
     <span class='ocr_line' id='line_1_86' title="bbox 2067 4065 3673 4141; baseline 0.007 -27"><span class='ocrx_word' id='word_1_606' title='bbox 2067 4070 2369 4116; x_wconf 90' lang='lat' dir='ltr'><strong>mentorum</strong></span> <span class='ocrx_word' id='word_1_607' title='bbox 2401 4065 2612 4119; x_wconf 88' lang='lat' dir='ltr'><strong>ratione</strong></span> <span class='ocrx_word' id='word_1_608' title='bbox 2641 4066 2929 4130; x_wconf 90' lang='lat' dir='ltr'><strong>convictis,</strong></span> <span class='ocrx_word' id='word_1_609' title='bbox 2978 4068 3096 4123; x_wconf 92' lang='lat' dir='ltr'><strong>illos</strong></span> <span class='ocrx_word' id='word_1_610' title='bbox 3139 4085 3372 4126; x_wconf 91' lang='lat' dir='ltr'><strong>canones</strong></span> <span class='ocrx_word' id='word_1_611' title='bbox 3400 4087 3632 4141; x_wconf 89' lang='lat' dir='ltr'><strong>appona-</strong></span> <span class='ocrx_word' id='word_1_612' title='bbox 3665 4103 3673 4106; x_wconf 56' lang='grc' dir='ltr'>ν</span> 
     </span>
    </p>
   </div>
   <div class='ocr_carea' id='block_1_87' title="bbox 2064 4154 3636 4231">
    <p class='ocr_par' dir='ltr' id='par_1_87' title="bbox 2064 4154 3636 4231">
     <span class='ocr_line' id='line_1_87' title="bbox 2064 4154 3636 4231; baseline 0.007 -26"><span class='ocrx_word' id='word_1_613' title='bbox 2064 4154 2299 4214; x_wconf 88' lang='lat' dir='ltr'><strong>mus,de</strong></span> <span class='ocrx_word' id='word_1_614' title='bbox 2326 4168 2557 4222; x_wconf 90' lang='lat' dir='ltr'><strong>quorum</strong></span> <span class='ocrx_word' id='word_1_615' title='bbox 2610 4155 2713 4209; x_wconf 86' lang='lat' dir='ltr'><strong>fide</strong></span> <span class='ocrx_word' id='word_1_616' title='bbox 2757 4165 2811 4211; x_wconf 92' lang='lat' dir='ltr'><strong>et</strong></span> <span class='ocrx_word' id='word_1_617' title='bbox 2855 4161 3177 4214; x_wconf 89' lang='lat' dir='ltr'><strong>auctoritate</strong></span> <span class='ocrx_word' id='word_1_618' title='bbox 3222 4161 3363 4215; x_wconf 89' lang='lat' dir='ltr'><strong>nulla</strong></span> <span class='ocrx_word' id='word_1_619' title='bbox 3414 4177 3636 4231; x_wconf 91' lang='lat' dir='ltr'><strong>prorsus</strong></span> 
     </span>
    </p>
   </div>
   <div class='ocr_carea' id='block_1_88' title="bbox 2064 4242 3635 4329">
    <p class='ocr_par' dir='ltr' id='par_1_88' title="bbox 2064 4242 3635 4329">
     <span class='ocr_line' id='line_1_88' title="bbox 2064 4242 3635 4329; baseline 0.01 -35"><span class='ocrx_word' id='word_1_620' title='bbox 2064 4242 2417 4312; x_wconf 79' lang='lat' dir='ltr'><strong>ambiguitate</strong></span> <span class='ocrx_word' id='word_1_621' title='bbox 2446 4243 2752 4303; x_wconf 76' lang='lat' dir='ltr'><strong>difﬁdimus.</strong></span> <span class='ocrx_word' id='word_1_622' title='bbox 2778 4248 2835 4303; x_wconf 94' lang='lat' dir='ltr'><strong>ln</strong></span> <span class='ocrx_word' id='word_1_623' title='bbox 2862 4250 3148 4320; x_wconf 87' lang='lat' dir='ltr'><strong>Ancyrano</strong></span> <span class='ocrx_word' id='word_1_624' title='bbox 3176 4252 3374 4323; x_wconf 84' lang='lat' dir='ltr'><strong>quippe</strong></span> <span class='ocrx_word' id='word_1_625' title='bbox 3403 4255 3635 4329; x_wconf 88' lang='lat' dir='ltr'><strong>concilio</strong></span> 
     </span>
    </p>
   </div>
   <div class='ocr_carea' id='block_1_89' title="bbox 2065 4332 2351 4399">
    <p class='ocr_par' dir='ltr' id='par_1_89' title="bbox 2065 4332 2351 4399">
     <span class='ocr_line' id='line_1_89' title="bbox 2065 4332 2351 4399; baseline 0.014 -16"><span class='ocrx_word' id='word_1_626' title='bbox 2065 4332 2351 4399; x_wconf 89' lang='lat' dir='ltr'><strong>reperitur.</strong></span> 
     </span>
    </p>
   </div>
   <div class='ocr_carea' id='block_1_90' title="bbox 2654 4426 3047 4486">
    <p class='ocr_par' dir='ltr' id='par_1_90' title="bbox 2654 4426 3047 4486">
     <span class='ocr_line' id='line_1_90' title="bbox 2654 4426 3047 4486; baseline 0.008 -3"><span class='ocrx_word' id='word_1_627' title='bbox 2654 4426 2881 4485; x_wconf 85' lang='lat' dir='ltr'><strong>CAPUT</strong></span> <span class='ocrx_word' id='word_1_628' title='bbox 2912 4430 3047 4486; x_wconf 81' lang='lat' dir='ltr'>XIII.</span> 
     </span>
    </p>
   </div>
   <div class='ocr_carea' id='block_1_91' title="bbox 390 4492 3639 4598">
    <p class='ocr_par' dir='ltr' id='par_1_91' title="bbox 390 4492 3639 4598">
     <span class='ocr_line' id='line_1_91' title="bbox 390 4492 3639 4598; baseline 0.007 -39"><span class='ocrx_word' id='word_1_629' title='bbox 390 4519 499 4559; x_wconf 87' lang='lat' dir='ltr'><strong>non</strong></span> <span class='ocrx_word' id='word_1_630' title='bbox 516 4502 724 4567; x_wconf 88' lang='lat' dir='ltr'><strong>videat,</strong></span> <span class='ocrx_word' id='word_1_631' title='bbox 751 4501 876 4570; x_wconf 89' lang='lat' dir='ltr'><strong>quia</strong></span> <span class='ocrx_word' id='word_1_632' title='bbox 899 4502 1032 4566; x_wconf 77' lang='lat' dir='ltr'><strong>lucc,</strong></span> <span class='ocrx_word' id='word_1_633' title='bbox 1058 4513 1115 4556; x_wconf 93' lang='lat' dir='ltr'><strong>et</strong></span> <span class='ocrx_word' id='word_1_634' title='bbox 1138 4504 1217 4557; x_wconf 88' lang='lat' dir='ltr'><strong>his</strong></span> <span class='ocrx_word' id='word_1_635' title='bbox 1252 4504 1446 4558; x_wconf 86' lang='lat' dir='ltr'><strong>similia</strong></span> <span class='ocrx_word' id='word_1_636' title='bbox 1473 4507 1642 4560; x_wconf 90' lang='lat' dir='ltr'><strong>sacris</strong></span> <span class='ocrx_word' id='word_1_637' title='bbox 1666 4510 1961 4565; x_wconf 90' lang='lat' dir='ltr'><strong>canonibus</strong></span> <span class='ocrx_word' id='word_1_638' title='bbox 1994 4492 2037 4547; x_wconf 77' lang='grc' dir='ltr'><strong>ί)</strong></span> <span class='ocrx_word' id='word_1_639' title='bbox 2067 4510 2142 4564; x_wconf 88' lang='lat' dir='ltr'><strong>De</strong></span> <span class='ocrx_word' id='word_1_640' title='bbox 2162 4513 2280 4593; x_wconf 40' lang='lat' dir='ltr'><strong>.his,</strong></span> <span class='ocrx_word' id='word_1_641' title='bbox 2318 4516 2409 4582; x_wconf 83' lang='lat' dir='ltr'><strong>qui</strong></span> <span class='ocrx_word' id='word_1_642' title='bbox 2448 4515 2781 4583; x_wconf 78' lang='lat' dir='ltr'><strong>fornicamur</strong></span> <span class='ocrx_word' id='word_1_643' title='bbox 2817 4523 3273 4589; x_wconf 72' lang='lat' dir='ltr'><strong>irrationabiliter,</strong></span> <span class='ocrx_word' id='word_1_644' title='bbox 3322 4528 3377 4579; x_wconf 81' lang='lat' dir='ltr'><strong>id</strong></span> <span class='ocrx_word' id='word_1_645' title='bbox 3412 4539 3506 4591; x_wconf 76' lang='lat' dir='ltr'><strong>est,</strong></span> <span class='ocrx_word' id='word_1_646' title='bbox 3548 4531 3639 4598; x_wconf 81' lang='lat' dir='ltr'><strong>qui</strong></span> 
     </span>
    </p>
   </div>
   <div class='ocr_carea' id='block_1_92' title="bbox 387 4593 1960 4670">
    <p class='ocr_par' dir='ltr' id='par_1_92' title="bbox 387 4593 1960 4670">
     <span class='ocr_line' id='line_1_92' title="bbox 387 4593 1960 4670; baseline 0.005 -23"><span class='ocrx_word' id='word_1_647' title='bbox 387 4593 758 4649; x_wconf 88' lang='lat' dir='ltr'><strong>fraudulenter</strong></span> <span class='ocrx_word' id='word_1_648' title='bbox 787 4593 1041 4657; x_wconf 86' lang='lat' dir='ltr'><strong>immista,</strong></span> <span class='ocrx_word' id='word_1_649' title='bbox 1061 4594 1312 4663; x_wconf 88' lang='lat' dir='ltr'><strong>figmenta</strong></span> <span class='ocrx_word' id='word_1_650' title='bbox 1334 4608 1458 4650; x_wconf 89' lang='lat' dir='ltr'><strong>sunt</strong></span> <span class='ocrx_word' id='word_1_651' title='bbox 1485 4596 1766 4660; x_wconf 87' lang='lat' dir='ltr'><strong>diabolica,</strong></span> <span class='ocrx_word' id='word_1_652' title='bbox 1798 4609 1960 4670; x_wconf 88' lang='lat' dir='ltr'><strong>atque</strong></span> 
     </span>
    </p>
   </div>
   <div class='ocr_carea' id='block_1_93' title="bbox 392 4684 1963 4753">
    <p class='ocr_par' dir='ltr' id='par_1_93' title="bbox 392 4684 1963 4753">
     <span class='ocr_line' id='line_1_93' title="bbox 392 4684 1963 4753; baseline 0.004 -14"><span class='ocrx_word' id='word_1_653' title='bbox 392 4684 459 4739; x_wconf 89' lang='lat' dir='ltr'><strong>ad</strong></span> <span class='ocrx_word' id='word_1_654' title='bbox 489 4684 833 4753; x_wconf 86' lang='lat' dir='ltr'><strong>decipiendas</strong></span> <span class='ocrx_word' id='word_1_655' title='bbox 858 4684 1178 4752; x_wconf 88' lang='lat' dir='ltr'><strong>simplicium</strong></span> <span class='ocrx_word' id='word_1_656' title='bbox 1210 4687 1417 4740; x_wconf 90' lang='lat' dir='ltr'><strong>animas</strong></span> <span class='ocrx_word' id='word_1_657' title='bbox 1453 4687 1659 4747; x_wconf 89' lang='lat' dir='ltr'><strong>callidis</strong></span> <span class='ocrx_word' id='word_1_658' title='bbox 1685 4691 1963 4745; x_wconf 83' lang='lat' dir='ltr'><strong>machina-</strong></span> 
     </span>
    </p>
   </div>
   <div class='ocr_carea' id='block_1_94' title="bbox 388 4772 1959 4850">
    <p class='ocr_par' dir='ltr' id='par_1_94' title="bbox 388 4772 1959 4850">
     <span class='ocr_line' id='line_1_94' title="bbox 388 4772 1959 4850; baseline 0.004 -22"><span class='ocrx_word' id='word_1_659' title='bbox 388 4776 624 4831; x_wconf 83' lang='lat' dir='ltr'><strong>tionibus</strong></span> <span class='ocrx_word' id='word_1_660' title='bbox 653 4776 930 4830; x_wconf 88' lang='lat' dir='ltr'><strong>instituta?</strong></span> <span class='ocrx_word' id='word_1_661' title='bbox 957 4772 1107 4830; x_wconf 78' lang='lat' dir='ltr'><strong>Sient</strong></span> <span class='ocrx_word' id='word_1_662' title='bbox 1134 4777 1276 4830; x_wconf 90' lang='lat' dir='ltr'><strong>enim</strong></span> <span class='ocrx_word' id='word_1_663' title='bbox 1330 4777 1486 4841; x_wconf 89' lang='lat' dir='ltr'><strong>melli,</strong></span> <span class='ocrx_word' id='word_1_664' title='bbox 1528 4778 1610 4833; x_wconf 87' lang='lat' dir='ltr'><strong>vel</strong></span> <span class='ocrx_word' id='word_1_665' title='bbox 1637 4780 1959 4850; x_wconf 89' lang='lat' dir='ltr'><strong>quibuslibet</strong></span> 
     </span>
    </p>
   </div>
   <div class='ocr_carea' id='block_1_95' title="bbox 385 4864 1955 4923">
    <p class='ocr_par' dir='ltr' id='par_1_95' title="bbox 385 4864 1955 4923">
     <span class='ocr_line' id='line_1_95' title="bbox 385 4864 1955 4923; baseline 0.002 -3"><span class='ocrx_word' id='word_1_666' title='bbox 385 4865 835 4920; x_wconf 86' lang='lat' dir='ltr'><strong>esculentioribus</strong></span> <span class='ocrx_word' id='word_1_667' title='bbox 860 4864 994 4918; x_wconf 86' lang='lat' dir='ltr'><strong>cibis</strong></span> <span class='ocrx_word' id='word_1_668' title='bbox 1024 4881 1285 4920; x_wconf 89' lang='lat' dir='ltr'><strong>venenum</strong></span> <span class='ocrx_word' id='word_1_669' title='bbox 1318 4865 1687 4922; x_wconf 86' lang='lat' dir='ltr'><strong>fraudulenter</strong></span> <span class='ocrx_word' id='word_1_670' title='bbox 1712 4869 1955 4923; x_wconf 91' lang='lat' dir='ltr'><strong>immitti—</strong></span> 
     </span>
    </p>
   </div>
   <div class='ocr_carea' id='block_1_96' title="bbox 389 4953 1959 5019">
    <p class='ocr_par' dir='ltr' id='par_1_96' title="bbox 389 4953 1959 5019">
     <span class='ocr_line' id='line_1_96' title="bbox 389 4953 1959 5019; baseline 0.004 -12"><span class='ocrx_word' id='word_1_671' title='bbox 389 4965 494 5019; x_wconf 90' lang='lat' dir='ltr'><strong>tur,</strong></span> <span class='ocrx_word' id='word_1_672' title='bbox 525 4962 584 5007; x_wconf 88' lang='lat' dir='ltr'><strong>ut</strong></span> <span class='ocrx_word' id='word_1_673' title='bbox 609 4953 735 5007; x_wconf 91' lang='lat' dir='ltr'><strong>dum</strong></span> <span class='ocrx_word' id='word_1_674' title='bbox 757 4954 823 5005; x_wconf 89' lang='lat' dir='ltr'><strong>ad</strong></span> <span class='ocrx_word' id='word_1_675' title='bbox 853 4954 1241 5007; x_wconf 87' lang='lat' dir='ltr'><strong>comedendum</strong></span> <span class='ocrx_word' id='word_1_676' title='bbox 1292 4954 1665 5011; x_wconf 91' lang='lat' dir='ltr'><strong>alimentorum</strong></span> <span class='ocrx_word' id='word_1_677' title='bbox 1718 4959 1959 5013; x_wconf 84' lang='lat' dir='ltr'><strong>suavitas</strong></span> 
     </span>
    </p>
   </div>
   <div class='ocr_carea' id='block_1_97' title="bbox 385 5041 1955 5116">
    <p class='ocr_par' dir='ltr' id='par_1_97' title="bbox 385 5041 1955 5116">
     <span class='ocr_line' id='line_1_97' title="bbox 385 5041 1955 5116; baseline 0.003 -19"><span class='ocrx_word' id='word_1_678' title='bbox 385 5050 665 5116; x_wconf 89' lang='lat' dir='ltr'><strong>provocat,</strong></span> <span class='ocrx_word' id='word_1_679' title='bbox 688 5044 856 5107; x_wconf 86' lang='lat' dir='ltr'><strong>virus,</strong></span> <span class='ocrx_word' id='word_1_680' title='bbox 881 5043 1023 5111; x_wconf 88' lang='lat' dir='ltr'><strong>quod</strong></span> <span class='ocrx_word' id='word_1_681' title='bbox 1052 5042 1200 5103; x_wconf 87' lang='lat' dir='ltr'><strong>latet,</strong></span> <span class='ocrx_word' id='word_1_682' title='bbox 1235 5041 1446 5099; x_wconf 88' lang='lat' dir='ltr'><strong>facilius</strong></span> <span class='ocrx_word' id='word_1_683' title='bbox 1475 5045 1527 5098; x_wconf 93' lang='lat' dir='ltr'><strong>in</strong></span> <span class='ocrx_word' id='word_1_684' title='bbox 1560 5046 1791 5101; x_wconf 89' lang='lat' dir='ltr'><strong>hominis</strong></span> <span class='ocrx_word' id='word_1_685' title='bbox 1818 5049 1955 5101; x_wconf 86' lang='lat' dir='ltr'><strong>inte-</strong></span> 
     </span>
    </p>
   </div>
   <div class='ocr_carea' id='block_1_98' title="bbox 388 5130 1957 5195">
    <p class='ocr_par' dir='ltr' id='par_1_98' title="bbox 388 5130 1957 5195">
     <span class='ocr_line' id='line_1_98' title="bbox 388 5130 1957 5195; baseline 0.003 -9"><span class='ocrx_word' id='word_1_686' title='bbox 388 5134 533 5187; x_wconf 91' lang='lat' dir='ltr'><strong>riora</strong></span> <span class='ocrx_word' id='word_1_687' title='bbox 581 5148 639 5186; x_wconf 88' lang='lat' dir='ltr'><strong>se</strong></span> <span class='ocrx_word' id='word_1_688' title='bbox 666 5130 1035 5195; x_wconf 82' lang='lat' dir='ltr'><strong>transfundat;</strong></span> <span class='ocrx_word' id='word_1_689' title='bbox 1079 5132 1152 5185; x_wconf 87' lang='lat' dir='ltr'><strong>ita</strong></span> <span class='ocrx_word' id='word_1_690' title='bbox 1182 5133 1297 5186; x_wconf 71' lang='lat' dir='ltr'><strong>haec</strong></span> <span class='ocrx_word' id='word_1_691' title='bbox 1336 5134 1555 5188; x_wconf 88' lang='lat' dir='ltr'><strong>subdola</strong></span> <span class='ocrx_word' id='word_1_692' title='bbox 1605 5145 1660 5189; x_wconf 88' lang='lat' dir='ltr'><strong>et</strong></span> <span class='ocrx_word' id='word_1_693' title='bbox 1704 5137 1957 5191; x_wconf 81' lang='lat' dir='ltr'><strong>mendosa</strong></span> 
     </span>
    </p>
   </div>
   <div class='ocr_carea' id='block_1_99' title="bbox 391 5222 1957 5296">
    <p class='ocr_par' dir='ltr' id='par_1_99' title="bbox 391 5222 1957 5296">
     <span class='ocr_line' id='line_1_99' title="bbox 391 5222 1957 5296; baseline 0.002 -18"><span class='ocrx_word' id='word_1_694' title='bbox 391 5224 549 5296; x_wconf 74' lang='lat'><strong>160</strong></span> <span class='ocrx_word' id='word_1_695' title='bbox 577 5231 879 5279; x_wconf 89' lang='lat' dir='ltr'><strong>commenta</strong></span> <span class='ocrx_word' id='word_1_696' title='bbox 902 5222 1072 5277; x_wconf 90' lang='lat' dir='ltr'><strong>sacris</strong></span> <span class='ocrx_word' id='word_1_697' title='bbox 1096 5223 1405 5277; x_wconf 91' lang='lat' dir='ltr'><strong>inseruntur</strong></span> <span class='ocrx_word' id='word_1_698' title='bbox 1429 5225 1676 5292; x_wconf 88' lang='lat' dir='ltr'><strong>eloquiis,</strong></span> <span class='ocrx_word' id='word_1_699' title='bbox 1703 5236 1761 5279; x_wconf 92' lang='lat' dir='ltr'><strong>ut</strong></span> <span class='ocrx_word' id='word_1_700' title='bbox 1781 5229 1957 5296; x_wconf 86' lang='lat' dir='ltr'><strong>suspi-</strong></span> 
     </span>
    </p>
   </div>
   <div class='ocr_carea' id='block_1_100' title="bbox 383 5312 1956 5387">
    <p class='ocr_par' dir='ltr' id='par_1_100' title="bbox 383 5312 1956 5387">
     <span class='ocr_line' id='line_1_100' title="bbox 383 5312 1956 5387; baseline 0.003 -17"><span class='ocrx_word' id='word_1_701' title='bbox 383 5317 593 5370; x_wconf 89' lang='lat' dir='ltr'><strong>cionem</strong></span> <span class='ocrx_word' id='word_1_702' title='bbox 639 5315 895 5384; x_wconf 73' lang='lat' dir='ltr'><strong>effugiant</strong></span> <span class='ocrx_word' id='word_1_703' title='bbox 944 5312 1220 5378; x_wconf 88' lang='lat' dir='ltr'><strong>falsitatis;</strong></span> <span class='ocrx_word' id='word_1_704' title='bbox 1254 5323 1309 5368; x_wconf 91' lang='lat' dir='ltr'><strong>et</strong></span> <span class='ocrx_word' id='word_1_705' title='bbox 1355 5317 1586 5384; x_wconf 89' lang='lat' dir='ltr'><strong>quodam</strong></span> <span class='ocrx_word' id='word_1_706' title='bbox 1622 5320 1772 5387; x_wconf 89' lang='lat' dir='ltr'><strong>quasi</strong></span> <span class='ocrx_word' id='word_1_707' title='bbox 1803 5321 1956 5375; x_wconf 85' lang='lat' dir='ltr'><strong>melle</strong></span> 
     </span>
    </p>
   </div>
   <div class='ocr_carea' id='block_1_101' title="bbox 383 5404 1954 5473">
    <p class='ocr_par' dir='ltr' id='par_1_101' title="bbox 383 5404 1954 5473">
     <span class='ocr_line' id='line_1_101' title="bbox 383 5404 1954 5473; baseline 0.004 -15"><span class='ocrx_word' id='word_1_708' title='bbox 383 5412 511 5458; x_wconf 88' lang='lat' dir='ltr'><strong>sunt</strong></span> <span class='ocrx_word' id='word_1_709' title='bbox 537 5405 786 5470; x_wconf 84' lang='lat' dir='ltr'><strong>oblinita,</strong></span> <span class='ocrx_word' id='word_1_710' title='bbox 818 5404 941 5459; x_wconf 91' lang='lat' dir='ltr'><strong>dum</strong></span> <span class='ocrx_word' id='word_1_711' title='bbox 972 5404 1116 5456; x_wconf 56' lang='lat' dir='ltr'><strong>falsa</strong></span> <span class='ocrx_word' id='word_1_712' title='bbox 1163 5404 1377 5473; x_wconf 90' lang='lat' dir='ltr'><strong>pietatis</strong></span> <span class='ocrx_word' id='word_1_713' title='bbox 1407 5407 1651 5460; x_wconf 87' lang='lat' dir='ltr'><strong>videntur</strong></span> <span class='ocrx_word' id='word_1_714' title='bbox 1678 5408 1954 5465; x_wconf 87' lang='lat' dir='ltr'><strong>dulcedine</strong></span> 
     </span>
    </p>
   </div>
   <div class='ocr_carea' id='block_1_102' title="bbox 384 5492 1954 5562">
    <p class='ocr_par' dir='ltr' id='par_1_102' title="bbox 384 5492 1954 5562">
     <span class='ocr_line' id='line_1_102' title="bbox 384 5492 1954 5562; baseline 0.004 -18"><span class='ocrx_word' id='word_1_715' title='bbox 384 5500 655 5558; x_wconf 88' lang='lat' dir='ltr'><strong>saporata.</strong></span> <span class='ocrx_word' id='word_1_716' title='bbox 685 5492 791 5546; x_wconf 86' lang='lat' dir='ltr'><strong>Sed</strong></span> <span class='ocrx_word' id='word_1_717' title='bbox 817 5507 947 5547; x_wconf 87' lang='lat' dir='ltr'><strong>cave</strong></span> <span class='ocrx_word' id='word_1_718' title='bbox 977 5493 1041 5546; x_wconf 90' lang='lat' dir='ltr'><strong>ab</strong></span> <span class='ocrx_word' id='word_1_719' title='bbox 1072 5492 1176 5557; x_wconf 91' lang='lat' dir='ltr'><strong>his,</strong></span> <span class='ocrx_word' id='word_1_720' title='bbox 1197 5492 1501 5562; x_wconf 85' lang='lat' dir='ltr'><strong>quicunque</strong></span> <span class='ocrx_word' id='word_1_721' title='bbox 1530 5510 1611 5553; x_wconf 87' lang='lat' dir='ltr'><strong>es.</strong></span> <span class='ocrx_word' id='word_1_722' title='bbox 1636 5510 1701 5548; x_wconf 92' lang='lat' dir='ltr'><strong>ne</strong></span> <span class='ocrx_word' id='word_1_723' title='bbox 1729 5505 1778 5549; x_wconf 93' lang='lat' dir='ltr'><strong>te</strong></span> <span class='ocrx_word' id='word_1_724' title='bbox 1808 5495 1954 5550; x_wconf 89' lang='lat' dir='ltr'><strong>Sire-</strong></span> 
     </span>
    </p>
   </div>
   <div class='ocr_carea' id='block_1_103' title="bbox 384 5580 1954 5650">
    <p class='ocr_par' dir='ltr' id='par_1_103' title="bbox 384 5580 1954 5650">
     <span class='ocr_line' id='line_1_103' title="bbox 384 5580 1954 5650; baseline 0.004 -16"><span class='ocrx_word' id='word_1_725' title='bbox 384 5593 575 5634; x_wconf 90' lang='lat' dir='ltr'><strong>narum</strong></span> <span class='ocrx_word' id='word_1_726' title='bbox 630 5595 847 5636; x_wconf 90' lang='lat' dir='ltr'><strong>carmen</strong></span> <span class='ocrx_word' id='word_1_727' title='bbox 905 5580 1181 5635; x_wconf 87' lang='lat' dir='ltr'><strong>mortifera</strong></span> <span class='ocrx_word' id='word_1_728' title='bbox 1229 5583 1491 5637; x_wconf 91' lang='lat' dir='ltr'><strong>suavitate</strong></span> <span class='ocrx_word' id='word_1_729' title='bbox 1529 5583 1854 5650; x_wconf 90' lang='lat' dir='ltr'><strong>demulceat;</strong></span> <span class='ocrx_word' id='word_1_730' title='bbox 1888 5603 1954 5641; x_wconf 89' lang='lat' dir='ltr'><strong>ne</strong></span> 
     </span>
    </p>
   </div>
   <div class='ocr_carea' id='block_1_104' title="bbox 385 5668 1973 5745">
    <p class='ocr_par' dir='ltr' id='par_1_104' title="bbox 385 5668 1973 5745">
     <span class='ocr_line' id='line_1_104' title="bbox 385 5668 1973 5745; baseline 0.004 -21"><span class='ocrx_word' id='word_1_731' title='bbox 385 5668 561 5724; x_wconf 84' lang='lat' dir='ltr'><strong>navim</strong></span> <span class='ocrx_word' id='word_1_732' title='bbox 594 5678 697 5723; x_wconf 74' lang='lat' dir='ltr'><strong>tua:</strong></span> <span class='ocrx_word' id='word_1_733' title='bbox 720 5673 914 5725; x_wconf 85' lang='lat' dir='ltr'><strong>tuentis</strong></span> <span class='ocrx_word' id='word_1_734' title='bbox 935 5673 984 5726; x_wconf 85' lang='lat' dir='ltr'><strong>in</strong></span> <span class='ocrx_word' id='word_1_735' title='bbox 1013 5673 1249 5742; x_wconf 65' lang='lat' dir='ltr'><strong>Scyllaea:</strong></span> <span class='ocrx_word' id='word_1_736' title='bbox 1285 5675 1553 5745; x_wconf 77' lang='lat' dir='ltr'><strong>voraginis</strong></span> <span class='ocrx_word' id='word_1_737' title='bbox 1574 5676 1835 5744; x_wconf 84' lang='lat' dir='ltr'><strong>profunda</strong></span> <span class='ocrx_word' id='word_1_738' title='bbox 1861 5679 1973 5731; x_wconf 19' lang='lat' dir='ltr'><strong>de-t</strong></span> 
     </span>
    </p>
   </div>
   <div class='ocr_carea' id='block_1_105' title="bbox 2101 4583 3597 4663">
    <p class='ocr_par' dir='ltr' id='par_1_105' title="bbox 2101 4583 3597 4663">
     <span class='ocr_line' id='line_1_105' title="bbox 2101 4583 3597 4663; baseline 0.012 -30"><span class='ocrx_word' id='word_1_739' title='bbox 2101 4583 2382 4636; x_wconf 81' lang='lat' dir='ltr'><strong>miscentur</strong></span> <span class='ocrx_word' id='word_1_740' title='bbox 2415 4588 2704 4653; x_wconf 73' lang='lat' dir='ltr'><strong>pecoribus,</strong></span> <span class='ocrx_word' id='word_1_741' title='bbox 2735 4601 2825 4642; x_wconf 87' lang='lat' dir='ltr'><strong>aut</strong></span> <span class='ocrx_word' id='word_1_742' title='bbox 2854 4607 2969 4644; x_wconf 86' lang='lat' dir='ltr'><strong>cum</strong></span> <span class='ocrx_word' id='word_1_743' title='bbox 3004 4583 3597 4663; x_wconf 29' lang='lat' dir='ltr'><strong>masculisvpolluuulu}.</strong></span> 
     </span>
    </p>
   </div>
   <div class='ocr_carea' id='block_1_106' title="bbox 2137 4693 3639 4770">
    <p class='ocr_par' dir='ltr' id='par_1_106' title="bbox 2137 4693 3639 4770">
     <span class='ocr_line' id='line_1_106' title="bbox 2137 4693 3639 4770; baseline 0.01 -25"><span class='ocrx_word' id='word_1_744' title='bbox 2137 4693 2209 4746; x_wconf 91' lang='lat' dir='ltr'><strong>De</strong></span> <span class='ocrx_word' id='word_1_745' title='bbox 2264 4694 2349 4747; x_wconf 90' lang='lat' dir='ltr'><strong>his</strong></span> <span class='ocrx_word' id='word_1_746' title='bbox 2402 4697 2491 4763; x_wconf 92' lang='lat' dir='ltr'><strong>qui</strong></span> <span class='ocrx_word' id='word_1_747' title='bbox 2556 4697 2996 4754; x_wconf 89' lang='lat' dir='ltr'><strong>irrationabiliter</strong></span> <span class='ocrx_word' id='word_1_748' title='bbox 3054 4705 3253 4757; x_wconf 79' lang='lat' dir='ltr'><strong>versati</strong></span> <span class='ocrx_word' id='word_1_749' title='bbox 3312 4716 3456 4770; x_wconf 90' lang='lat' dir='ltr'><strong>sunt,</strong></span> <span class='ocrx_word' id='word_1_750' title='bbox 3524 4707 3639 4760; x_wconf 88' lang='lat' dir='ltr'><strong>sive</strong></span> 
     </span>
    </p>
   </div>
   <div class='ocr_carea' id='block_1_107' title="bbox 2062 4793 3636 4865">
    <p class='ocr_par' dir='ltr' id='par_1_107' title="bbox 2062 4793 3636 4865">
     <span class='ocr_line' id='line_1_107' title="bbox 2062 4793 3636 4865; baseline 0.011 -32"><span class='ocrx_word' id='word_1_751' title='bbox 2062 4793 2382 4837; x_wconf 89' lang='lat' dir='ltr'><strong>versantur:</strong></span> <span class='ocrx_word' id='word_1_752' title='bbox 2418 4797 2681 4854; x_wconf 88' lang='lat' dir='ltr'><strong>quotquot</strong></span> <span class='ocrx_word' id='word_1_753' title='bbox 2726 4800 2851 4844; x_wconf 87' lang='lat' dir='ltr'><strong>ante</strong></span> <span class='ocrx_word' id='word_1_754' title='bbox 2900 4793 3214 4860; x_wconf 82' lang='lat' dir='ltr'><strong>vigesimum</strong></span> <span class='ocrx_word' id='word_1_755' title='bbox 3247 4796 3399 4865; x_wconf 76' lang='lat'><strong>161</strong></span> <span class='ocrx_word' id='word_1_756' title='bbox 3434 4812 3636 4851; x_wconf 87' lang='lat' dir='ltr'><strong>annum</strong></span> 
     </span>
    </p>
   </div>
   <div class='ocr_carea' id='block_1_108' title="bbox 2062 4873 3632 4952">
    <p class='ocr_par' dir='ltr' id='par_1_108' title="bbox 2062 4873 3632 4952">
     <span class='ocr_line' id='line_1_108' title="bbox 2062 4873 3632 4952; baseline 0.01 -27"><span class='ocrx_word' id='word_1_757' title='bbox 2062 4873 2166 4927; x_wconf 88' lang='lat' dir='ltr'><strong>tale</strong></span> <span class='ocrx_word' id='word_1_758' title='bbox 2216 4875 2420 4930; x_wconf 81' lang='lat' dir='ltr'><strong>crimen</strong></span> <span class='ocrx_word' id='word_1_759' title='bbox 2485 4881 2919 4946; x_wconf 91' lang='lat' dir='ltr'><strong>commiserunt,</strong></span> <span class='ocrx_word' id='word_1_760' title='bbox 2977 4886 3282 4952; x_wconf 87' lang='lat' dir='ltr'><strong>quindecim</strong></span> <span class='ocrx_word' id='word_1_761' title='bbox 3333 4890 3489 4943; x_wconf 89' lang='lat' dir='ltr'><strong>annis</strong></span> <span class='ocrx_word' id='word_1_762' title='bbox 3536 4904 3632 4941; x_wconf 83' lang='lat' dir='ltr'><strong>ex-</strong></span> 
     </span>
    </p>
   </div>
   <div class='ocr_carea' id='block_1_109' title="bbox 2062 4964 3636 5034">
    <p class='ocr_par' dir='ltr' id='par_1_109' title="bbox 2062 4964 3636 5034">
     <span class='ocr_line' id='line_1_109' title="bbox 2062 4964 3636 5034; baseline 0.011 -18"><span class='ocrx_word' id='word_1_763' title='bbox 2062 4964 2197 5018; x_wconf 88' lang='lat' dir='ltr'><strong>actis</strong></span> <span class='ocrx_word' id='word_1_764' title='bbox 2227 4965 2277 5018; x_wconf 95' lang='lat' dir='ltr'><strong>in</strong></span> <span class='ocrx_word' id='word_1_765' title='bbox 2307 4968 2646 5034; x_wconf 72' lang='lat' dir='ltr'><strong>poenitentia,</strong></span> <span class='ocrx_word' id='word_1_766' title='bbox 2690 4974 3117 5027; x_wconf 88' lang='lat' dir='ltr'><strong>communionem</strong></span> <span class='ocrx_word' id='word_1_767' title='bbox 3148 4987 3458 5031; x_wconf 87' lang='lat' dir='ltr'><strong>mereantur</strong></span> <span class='ocrx_word' id='word_1_768' title='bbox 3510 4994 3636 5033; x_wconf 88' lang='lat' dir='ltr'><strong>ora-</strong></span> 
     </span>
    </p>
   </div>
   <div class='ocr_carea' id='block_1_110' title="bbox 2062 5053 3636 5130">
    <p class='ocr_par' dir='ltr' id='par_1_110' title="bbox 2062 5053 3636 5130">
     <span class='ocr_line' id='line_1_110' title="bbox 2062 5053 3636 5130; baseline 0.012 -25"><span class='ocrx_word' id='word_1_769' title='bbox 2062 5053 2318 5121; x_wconf 88' lang='lat' dir='ltr'><strong>tionum;</strong></span> <span class='ocrx_word' id='word_1_770' title='bbox 2394 5058 2589 5113; x_wconf 90' lang='lat' dir='ltr'><strong>deinde</strong></span> <span class='ocrx_word' id='word_1_771' title='bbox 2648 5061 3014 5130; x_wconf 87' lang='lat' dir='ltr'><strong>quinquennio</strong></span> <span class='ocrx_word' id='word_1_772' title='bbox 3076 5065 3129 5118; x_wconf 90' lang='lat' dir='ltr'><strong>in</strong></span> <span class='ocrx_word' id='word_1_773' title='bbox 3214 5068 3314 5120; x_wconf 90' lang='lat' dir='ltr'><strong>hac</strong></span> <span class='ocrx_word' id='word_1_774' title='bbox 3393 5085 3636 5123; x_wconf 81' lang='lat' dir='ltr'><strong>commu-</strong></span> 
     </span>
    </p>
   </div>
   <div class='ocr_carea' id='block_1_111' title="bbox 2060 5144 3631 5214">
    <p class='ocr_par' dir='ltr' id='par_1_111' title="bbox 2060 5144 3631 5214">
     <span class='ocr_line' id='line_1_111' title="bbox 2060 5144 3631 5214; baseline 0.011 -18"><span class='ocrx_word' id='word_1_775' title='bbox 2060 5144 2224 5199; x_wconf 90' lang='lat' dir='ltr'><strong>nione</strong></span> <span class='ocrx_word' id='word_1_776' title='bbox 2268 5146 2545 5211; x_wconf 88' lang='lat' dir='ltr'><strong>durantes,</strong></span> <span class='ocrx_word' id='word_1_777' title='bbox 2579 5158 2706 5203; x_wconf 87' lang='lat' dir='ltr'><strong>tunc</strong></span> <span class='ocrx_word' id='word_1_778' title='bbox 2735 5152 2948 5206; x_wconf 92' lang='lat' dir='ltr'><strong>demum</strong></span> <span class='ocrx_word' id='word_1_779' title='bbox 2977 5153 3264 5211; x_wconf 89' lang='lat' dir='ltr'><strong>oblationis</strong></span> <span class='ocrx_word' id='word_1_780' title='bbox 3292 5170 3631 5214; x_wconf 88' lang='lat' dir='ltr'><strong>sacramenta</strong></span> 
     </span>
    </p>
   </div>
   <div class='ocr_carea' id='block_1_112' title="bbox 2061 5236 3634 5318">
    <p class='ocr_par' dir='ltr' id='par_1_112' title="bbox 2061 5236 3634 5318">
     <span class='ocr_line' id='line_1_112' title="bbox 2061 5236 3634 5318; baseline 0.01 -30"><span class='ocrx_word' id='word_1_781' title='bbox 2061 5236 2392 5305; x_wconf 89' lang='lat' dir='ltr'><strong>contingant.</strong></span> <span class='ocrx_word' id='word_1_782' title='bbox 2426 5236 2755 5295; x_wconf 89' lang='lat' dir='ltr'><strong>Discutiatur</strong></span> <span class='ocrx_word' id='word_1_783' title='bbox 2781 5251 2957 5296; x_wconf 90' lang='lat' dir='ltr'><strong>autem</strong></span> <span class='ocrx_word' id='word_1_784' title='bbox 2986 5253 3040 5298; x_wconf 89' lang='lat' dir='ltr'><strong>et</strong></span> <span class='ocrx_word' id='word_1_785' title='bbox 3071 5245 3179 5298; x_wconf 89' lang='lat' dir='ltr'><strong>vita</strong></span> <span class='ocrx_word' id='word_1_786' title='bbox 3210 5260 3415 5309; x_wconf 88' lang='lat' dir='ltr'><strong>eorum.</strong></span> <span class='ocrx_word' id='word_1_787' title='bbox 3457 5250 3634 5318; x_wconf 89' lang='lat' dir='ltr'><strong>qualis</strong></span> 
     </span>
    </p>
   </div>
   <div class='ocr_carea' id='block_1_113' title="bbox 2062 5329 3629 5395">
    <p class='ocr_par' dir='ltr' id='par_1_113' title="bbox 2062 5329 3629 5395">
     <span class='ocr_line' id='line_1_113' title="bbox 2062 5329 3629 5395; baseline 0.01 -18"><span class='ocrx_word' id='word_1_788' title='bbox 2062 5332 2301 5394; x_wconf 90' lang='lat' dir='ltr'><strong>tempore</strong></span> <span class='ocrx_word' id='word_1_789' title='bbox 2328 5329 2675 5395; x_wconf 71' lang='lat' dir='ltr'><strong>pmnitudinis</strong></span> <span class='ocrx_word' id='word_1_790' title='bbox 2695 5332 2988 5395; x_wconf 80' lang='lat' dir='ltr'><strong>exstiterit,</strong></span> <span class='ocrx_word' id='word_1_791' title='bbox 3021 5344 3074 5389; x_wconf 93' lang='lat' dir='ltr'><strong>et</strong></span> <span class='ocrx_word' id='word_1_792' title='bbox 3106 5336 3175 5390; x_wconf 91' lang='lat' dir='ltr'><strong>ita</strong></span> <span class='ocrx_word' id='word_1_793' title='bbox 3211 5338 3629 5394; x_wconf 81' lang='lat' dir='ltr'><strong>misericordiam</strong></span> 
     </span>
    </p>
   </div>
   <div class='ocr_carea' id='block_1_114' title="bbox 2062 5419 3634 5492">
    <p class='ocr_par' dir='ltr' id='par_1_114' title="bbox 2062 5419 3634 5492">
     <span class='ocr_line' id='line_1_114' title="bbox 2062 5419 3634 5492; baseline 0.009 -23"><span class='ocrx_word' id='word_1_794' title='bbox 2062 5427 2478 5485; x_wconf 89' lang='lat' dir='ltr'><strong>consequantur.</strong></span> <span class='ocrx_word' id='word_1_795' title='bbox 2512 5419 2660 5485; x_wconf 87' lang='lat' dir='ltr'><strong>Quod</strong></span> <span class='ocrx_word' id='word_1_796' title='bbox 2691 5423 2734 5475; x_wconf 89' lang='lat' dir='ltr'><strong>si</strong></span> <span class='ocrx_word' id='word_1_797' title='bbox 2767 5423 3156 5492; x_wconf 84' lang='lat' dir='ltr'><strong>inexplebiliter</strong></span> <span class='ocrx_word' id='word_1_798' title='bbox 3186 5427 3270 5481; x_wconf 89' lang='lat' dir='ltr'><strong>his</strong></span> <span class='ocrx_word' id='word_1_799' title='bbox 3297 5419 3500 5483; x_wconf 72' lang='lat' dir='ltr'><strong>Iucsere</strong></span> <span class='ocrx_word' id='word_1_800' title='bbox 3526 5430 3634 5485; x_wconf 77' lang='lat' dir='ltr'><strong>cri-</strong></span> 
     </span>
    </p>
   </div>
   <div class='ocr_carea' id='block_1_115' title="bbox 2060 5506 3632 5589">
    <p class='ocr_par' dir='ltr' id='par_1_115' title="bbox 2060 5506 3632 5589">
     <span class='ocr_line' id='line_1_115' title="bbox 2060 5506 3632 5589; baseline 0.01 -32"><span class='ocrx_word' id='word_1_801' title='bbox 2060 5506 2295 5559; x_wconf 90' lang='lat' dir='ltr'><strong>minibus</strong></span> <span class='ocrx_word' id='word_1_802' title='bbox 2315 5548 2329 5571; x_wconf 88' lang='lat'><strong>,</strong></span> <span class='ocrx_word' id='word_1_803' title='bbox 2355 5508 2419 5560; x_wconf 90' lang='lat' dir='ltr'><strong>ad</strong></span> <span class='ocrx_word' id='word_1_804' title='bbox 2452 5510 2710 5577; x_wconf 85' lang='lat' dir='ltr'><strong>agendam</strong></span> <span class='ocrx_word' id='word_1_805' title='bbox 2740 5515 3109 5580; x_wconf 63' lang='lat' dir='ltr'><strong>paenitentiam</strong></span> <span class='ocrx_word' id='word_1_806' title='bbox 3136 5517 3395 5585; x_wconf 77' lang='lat' dir='ltr'><strong>prolixius</strong></span> <span class='ocrx_word' id='word_1_807' title='bbox 3422 5529 3632 5589; x_wconf 85' lang='lat' dir='ltr'><strong>tempus</strong></span> 
     </span>
    </p>
   </div>
   <div class='ocr_carea' id='block_1_116' title="bbox 2060 5596 3628 5676">
    <p class='ocr_par' dir='ltr' id='par_1_116' title="bbox 2060 5596 3628 5676">
     <span class='ocr_line' id='line_1_116' title="bbox 2060 5596 3628 5676; baseline 0.008 -27"><span class='ocrx_word' id='word_1_808' title='bbox 2060 5596 2352 5651; x_wconf 88' lang='lat' dir='ltr'><strong>insumant.</strong></span> <span class='ocrx_word' id='word_1_809' title='bbox 2380 5599 2653 5670; x_wconf 91' lang='lat' dir='ltr'><strong>Quotquot</strong></span> <span class='ocrx_word' id='word_1_810' title='bbox 2680 5611 2853 5657; x_wconf 90' lang='lat' dir='ltr'><strong>autem</strong></span> <span class='ocrx_word' id='word_1_811' title='bbox 2890 5615 3106 5673; x_wconf 89' lang='lat' dir='ltr'><strong>peracta</strong></span> <span class='ocrx_word' id='word_1_812' title='bbox 3148 5609 3335 5676; x_wconf 77' lang='lat' dir='ltr'><strong>viginti</strong></span> <span class='ocrx_word' id='word_1_813' title='bbox 3367 5626 3628 5663; x_wconf 76' lang='lat' dir='ltr'><strong>annorum</strong></span> 
     </span>
    </p>
   </div>
   <div class='ocr_carea' id='block_1_117' title="bbox 2059 5691 3630 5767">
    <p class='ocr_par' dir='ltr' id='par_1_117' title="bbox 2059 5691 3630 5767">
     <span class='ocr_line' id='line_1_117' title="bbox 2059 5691 3630 5767; baseline 0.01 -30"><span class='ocrx_word' id='word_1_814' title='bbox 2059 5695 2249 5750; x_wconf 65' lang='lat' dir='ltr'><strong>aelate,</strong></span> <span class='ocrx_word' id='word_1_815' title='bbox 2306 5696 2358 5741; x_wconf 88' lang='lat' dir='ltr'><strong>et</strong></span> <span class='ocrx_word' id='word_1_816' title='bbox 2409 5704 2629 5744; x_wconf 78' lang='lat' dir='ltr'><strong>uxorem</strong></span> <span class='ocrx_word' id='word_1_817' title='bbox 2678 5691 2936 5748; x_wconf 90' lang='lat' dir='ltr'><strong>habentes</strong></span> <span class='ocrx_word' id='word_1_818' title='bbox 2962 5734 2976 5759; x_wconf 90' lang='lat'><strong>,</strong></span> <span class='ocrx_word' id='word_1_819' title='bbox 3024 5696 3124 5748; x_wconf 91' lang='lat' dir='ltr'><strong>hoc</strong></span> <span class='ocrx_word' id='word_1_820' title='bbox 3149 5707 3371 5764; x_wconf 80' lang='lat' dir='ltr'><strong>peccato</strong></span> <span class='ocrx_word' id='word_1_821' title='bbox 3397 5698 3630 5767; x_wconf 54' lang='lat' dir='ltr'><strong>prolapsi</strong></span> 
     </span>
    </p>
   </div>
  </div>
