3996 6184
434 385 536 448 ίῖδ
855 397 864 400 ’
1403 398 1642 455 OPUSC.
1675 399 1780 452 VII.
1815 429 1884 438 —
1914 400 2110 454 LlllER
2153 401 2721 464 GOMORRHIA‘NUS.

426 509 572 564 sunt,
585 500 775 571 viginti
796 501 1032 570 quinque
1050 517 1312 558 annorum
1330 508 1716 574 ptenitudinem
1741 521 2006 578 gerentes,
2040 525 2082 580 Α

423 597 476 650 in
527 597 962 652 communionem
1018 598 1347 669 recipiantur
1393 601 1738 667 orationum,
1792 603 1843 656 in
1902 619 2006 671 qua

420 688 790 758 quinquennio
833 690 1227 758 perdurantes.
1282 701 1409 746 tunc
1454 694 1667 747 demum
1722 694 2007 749 oblationis

420 792 764 837 sacramenta
813 784 1128 850 percipiant.
1179 784 1329 850 Quod
1374 785 1416 838 si
1451 786 1539 853 qui
1583 795 1637 840 et
1666 802 1859 841 uxores
1908 788 2004 840 ha-

371 871 640 933 sbentes,
669 883 727 928 et
783 874 1226 928 transcendentes
1270 874 1774 944 quinquagesimum
1807 893 2004 929 annum

417 962 593 1015 mtatis
623 962 696 1016 ita
726 962 1086 1032 deliquerint,
1116 963 1183 1018 ad
1212 963 1415 1018 exitum
1457 965 1579 1018 vitae
1607 966 2006 1021 communionis

418 1051 648 1117 gratiam
676 1061 1098 1122 consequantur.

487 1163 624 1218 Ecce
664 1165 718 1218 in
763 1166 879 1234 ipso
915 1166 1073 1235 hujus
1105 1168 1424 1222 veneranda:
1468 1169 1807 1224 auctoritatis
1845 1170 2004 1224 titulo

414 1254 701 1309 manifeste
722 1256 1122 1324 perpendimus,
1147 1258 1275 1327 quia
1304 1272 1408 1312 non
1433 1259 1608 1314 solum
1639 1260 1718 1325 hi,
1745 1259 1836 1329 qui
1872 1275 2004 1314 con-

413 1354 685 1398 summato
710 1354 830 1400 actu
854 1353 1042 1400 contra
1069 1355 1316 1402 naturam
1344 1348 1690 1418 delinquunt;
1716 1350 1811 1404 sed
1839 1358 1895 1404 et
1919 1351 1997 1414 bl,

411 1435 502 1505 qui
531 1435 774 1505 quolibet
811 1436 1024 1505 ingenio
1051 1452 1174 1492 cum
1210 1438 1466 1493 masculis
1503 1439 1836 1508 polluuntur,
1865 1454 1999 1495 con-

409 1528 746 1582 cubitoribus
792 1543 1048 1598 pecorum
1101 1546 1199 1600 per
1249 1532 1431 1584 omnia
1481 1541 1884 1600 comparantur.
1939 1530 1996 1585 Si

407 1617 551 1671 enim
593 1620 657 1671 ad
691 1616 974 1684 interiecta
1002 1618 1164 1672 verba
1193 1620 1512 1689 respicimus
1539 1661 1554 1686 ,
1587 1628 1746 1676 caute
1773 1631 1829 1674 et
1872 1636 1996 1675 cum

408 1722 618 1775 magnae
667 1709 1008 1764 discretionis
1059 1709 1346 1765 libramine
1393 1711 1993 1781 positapervidemus,

405 1814 528 1854 cum
570 1799 814 1853 dicitur:
847 1798 948 1865 Qui
1003 1801 1303 1854 miscentur
1352 1802 1639 1870 pecoribus
1665 1841 1680 1864 ,
1729 1811 1822 1856 aut
1870 1817 1992 1856 cum

405 1887 660 1960 masculis
690 1887 1020 1958 polluuntur.
1055 1889 1187 1943 Nam
1220 1890 1263 1944 si
1299 1904 1399 1959 per
1440 1890 1573 1955 hoc,
1602 1891 1746 1960 quod
1777 1892 1994 1948 dicitur.

403 1957 494 2051 qui
520 1997 644 2036 cum
683 1957 941 2036 masculis
967 1981 1281 2051 polluuntur
1299 2022 1314 2044 .
1341 1996 1436 2037 eos
1461 1986 1834 2038 tantummodo
1856 2024 1870 2046 ,
1902 1988 1994 2043 oui

401 2081 777 2126 consummato
827 2079 951 2126 actu
989 2079 1180 2126 contra
1230 2081 1479 2126 naturam
1512 2083 1778 2140 peccant,
1809 2075 1992 2143 expri-

400 2168 548 2218 mer‘e
573 2163 868 2226 voluisset,
898 2177 1236 2232 nequaquam
1279 2166 1331 2218 ei
1380 2179 1603 2220 necesse
1646 2165 1840 2222 fuisset
1885 2168 1991 2222 duo

398 2255 559 2307 verba
592 2269 920 2324 proponere,
945 2255 1036 2324 qui
1065 2271 1187 2310 cum
1220 2255 1336 2311 solo
1387 2271 1453 2311 eo
1475 2298 1490 2320 ,
1523 2259 1668 2326 quod
1709 2268 1827 2318 est.
1861 2274 1989 2313 mis-

399 2355 624 2410 centur,
671 2346 934 2414 potuisset
977 2361 1088 2401 sua}
1133 2347 1450 2402 intentionis
1503 2350 1647 2404 dicta
1691 2351 1981 2420 complere.

399 2433 682 2492 Suiﬁceret
729 2439 926 2507 quippe
966 2438 1034 2492 ad
1082 2439 1204 2510 styli
1258 2442 1674 2505 compendium,
1715 2458 1760 2497 st
1818 2452 1984 2496 totam

392 2527 719 2580 sententiam
749 2543 857 2582 uno
892 2528 1056 2582 verbo
1089 2529 1592 2598 comprehenderet,
1626 2532 1812 2586 dicens
1841 2551 1854 2585 :
1880 2535 1980 2600 Qui

389 2612 692 2668 miscentur
731 2615 1017 2684 pecoribus
1042 2657 1056 2682 ,
1087 2627 1181 2671 aut
1211 2618 1486 2673 masculis.
1519 2619 1811 2675 Miscentur
1835 2624 1978 2678 enim

392 2717 499 2756 uno
530 2705 687 2757 modo
713 2713 766 2758 et
791 2705 862 2766 hi,
893 2705 983 2773 qui
1017 2720 1236 2774 pecora,
1261 2717 1314 2760 et
1340 2707 1418 2770 hi,
1449 2723 1537 2776 qm
1571 2709 1838 2764 masculos
1870 2712 1970 2768 vio-

386 2791 522 2848 lant.
564 2794 671 2850 Sed
704 2811 825 2852 eum
865 2792 1000 2852 alios
1043 2798 1256 2854 misceri
1315 2803 1599 2866 pecoribus
1627 2841 1642 2862 ,
1691 2809 1825 2858 alios
1872 2821 1978 2860 nou

389 2887 639 2952 misceri,
666 2889 759 2942 sed
799 2889 960 2959 pollui
1002 2906 1124 2945 cum
1160 2893 1413 2947 masculis
1443 2894 1624 2959 dicat;
1672 2906 1818 2964 patet
1847 2913 1975 2966 pro-

385 2975 550 3040 fecto,
582 2979 708 3046 quia
746 2979 796 3032 in
842 2979 948 3036 fine
985 2984 1270 3038 commatis
1316 3000 1420 3038 non
1448 2987 1514 3040 dc
1567 2990 1976 3056 corruptoribus

387 3068 762 3122 tantummodo
790 3070 1180 3136 masculorum,
1224 3073 1406 3130 sedet
1451 3076 1516 3130 de
1547 3077 1789 3145 quolibet
1814 3081 1974 3135 modo

380 3155 741 3225 pol‘utoribus
769 3160 1094 3215 sententiam
1139 3163 1399 3232 proferat.
1441 3165 1744 3221 Notandqu
1791 3178 1968 3225 autem

3589 422 3690 475 ιη

2683 518 2907 575 CAPUT
2958 523 3094 578 XIV.

2112 598 2186 653 De
2214 603 2293 692 his
2328 605 2417 692 qui
2439 605 2493 657 in
2524 616 2777 692 pecudes,
2813 612 2888 664 vel
2928 613 2990 692 in_
3020 614 3278 692 masculos
3307 627 3401 692 {rut
3432 617 3554 673 olim
3576 622 3694 692 pol-
3722 614 3727 622 ’

2271 671 2367 724 (uti
2403 671 2546 738 sum,
2579 689 2670 730 aut
2692 671 2940 735 hactenus
2971 684 3068 736 hoc
3092 687 3213 738 vitio
3240 671 3530 744 tabescunt.

2181 782 2287 836 Eos
2313 785 2401 852 qui
2445 786 2888 846 irrationabiliter
2915 794 3160 848 vixerunt
3189 837 3202 860 ,
3235 807 3289 851 et
3317 797 3468 866 lepra
3509 799 3692 870 injusti

2108 871 2354 926 criminis
2397 875 2530 929 alios
2574 877 2904 947 polluerunt,
2945 884 3200 952 prmcepit
3237 897 3422 940 sancta
3453 894 3692 958 synodus

2108 959 2250 1012 inter
2283 976 2375 1016 eos
2403 977 2580 1028 orare,
2615 967 2706 1035 qui
2749 968 2936 1036 spiritu
2980 972 3353 1040 periclitantur
3393 975 3690 1032 immundo.

2106 1047 2270 1104 Plane
2291 1051 2415 1105 dtnn
2461 1070 2566 1108 non
2592 1056 2744 1119 dicit,
2775 1059 2863 1127 qui
2892 1059 3039 1130 lepra
3071 1063 3254 1131 injusti
3284 1067 3529 1122 criminis
3553 1067 3690 1123 alios

2106 1155 2480 1212 corruperunt,
2516 1147 2610 1200 sed
2642 1148 2968 1216 polluerunt,
3000 1157 3142 1221 quod
3176 1156 3336 1209 etiam
3364 1173 3486 1212 cum
3521 1159 3690 1227 ipsius

2107 1229 2246 1283 tituli
2275 1232 2590 1299 praafatione
2639 1239 2972 1304 concordat,
3022 1243 3110 1295 ubi
3156 1259 3260 1297 non
3313 1246 3378 1300 de
3418 1248 3689 1318 corruptis

2103 1321 2198 1374 sed
2231 1322 2295 1376 de
2321 1323 2538 1392 pollutis
2583 1340 2836 1382 exorsum
2880 1340 2997 1394 est;
3043 1332 3214 1402 liquet
3262 1336 3534 1404 profecto,
3562 1341 3689 1409 quia

2103 1425 2424 1482 quocunque
2450 1414 2608 1469 modo
2641 1431 2737 1484 per
2766 1418 3016 1473 ardorem
3046 1420 3282 1478 libidinis
3323 1427 3402 1479 vir
3421 1443 3543 1481 cum
3572 1429 3687 1482 viro

2100 1501 2380 1569 polluitur,
2413 1519 2515 1558 non
2550 1505 2692 1560 inter
2709 1510 3009 1564 catholicos
3033 1511 3391 1580 Christianos,
3423 1519 3513 1572 sed
3544 1520 3688 1573 inter

2100 1591 2460 1647 tlmtnouiacos
2485 1608 2644 1648 orare
2673 1597 3012 1665 praecipitur;
3047 1609 3312 1668 quatenus
3356 1605 3400 1657 si
3442 1603 3686 1662 carnales

2098 1678 2342 1735 homines
2364 1696 2429 1734 ex
2457 1684 2760 1752 semetipsis
2792 1690 3044 1740 nesciunt
3079 1703 3304 1756 pensare
3345 1696 3487 1762 quod
3518 1707 3689 1761 sunt,

2097 1769 2166 1822 ab
2201 1769 2332 1839 ipsis
2371 1771 2562 1827 saltem
2610 1775 2825 1830 valeant
2867 1780 3121 1846 edoceri,
3152 1797 3274 1836 cum
3320 1787 3514 1853 quibus
3558 1800 3685 1844 sunt

2029 1866 2074 1924 Β
2101 1862 2372 1916 communi
2410 1864 2672 1919 orationis
2699 1870 2969 1937 ergastulo
2997 1869 3257 1940 deputati.

2168 1950 2234 2004 Et
2253 1961 2404 2008 certe
2429 1957 2564 2010 satis
2595 1957 2815 2024 dignum
2837 1971 2942 2026 est,
2972 1973 3030 2016 ut
3055 1965 3145 2032 qui
3177 1975 3364 2020 contra
3389 1969 3558 2040 legem
3587 1990 3680 2026 na-

2097 2045 2454 2108 turae,,contra
2473 2044 2721 2100 humanae
2737 2048 2962 2104 rationis
2983 2053 3256 2116 ordinem,
3283 2070 3502 2112 carnem
3526 2075 3676 2116 suam

2090 2143 2190 2198 per
2217 2139 2325 2184 tam
2347 2131 2488 2188 foeda
2509 2139 2831 2192 commercia
2868 2139 3202 2198 daemonibus
3242 2147 3478 2213 tradunt,
3524 2166 3676 2206 com-

2089 2236 2308 2276 munem
2357 2213 2897 2296 orationis'angulutn
2926 2248 3046 2288 cum
3078 2235 3424 2297 dmmoniacis
3446 2245 3677 2299 sortian-
3708 2231 3723 2244 ’

2089 2311 2362 2368 tur.~Nam
2389 2331 2511 2371 cum
2542 2319 2628 2374 his
2658 2321 2813 2377 malis
2842 2323 2952 2392 ipsa
2981 2327 3197 2395 penitus
3223 2331 3454 2387 humana
3483 2345 3672 2391 natura

2055 2400 2324 2473 ‘resistat,
2365 2409 2729 2465 dillicultatem
2773 2413 2972 2468 diversi
3007 2431 3171 2473 sexus
3213 2419 3526 2487 abhorreat,
3557 2425 3674 2479 luce

2090 2494 2283 2549 zlarius
2299 2508 2531 2560 constat,
2551 2503 2674 2569 quia
2697 2517 2974 2582 nunquam
3003 2515 3112 2568 tam
3141 2525 3350 2576 Marsa.
3375 2524 3484 2573 tam
3500 2515 3669 2575 aliena

2082 2594 2625 2660 przesumerent,~niSI
2652 2609 2767 2664 eos,
2795 2613 2852 2654 ut
2875 2615 3002 2672 puta
3031 2620 3151 2659 vasa
3184 2605 3277 2660 ira».
3307 2618 3429 2678 apta
3449 2609 3498 2663 in
3533 2611 3670 2664 intc-

2084 2679 2270 2750 t'itum,
2297 2687 2466 2756 iniqui
2496 2690 2715 2758 spiritus
2750 2693 2980 2763 pleniter
3019 2698 3514 2777 possiderentaseu
3546 2718 3666 2756 cum

2079 2792 2174 2831 eos
2213 2780 2488 2848 possidere
2534 2782 2828 2853 incipiant,
2863 2795 2990 2840 tunc
3029 2803 3124 2856 per
3149 2804 3310 2844 omne
3335 2832 3349 2855 ,
3389 2791 3528 2860 quod
3562 2793 3664 2846 im-

2079 2869 2263 2936 plent,
2298 2871 2469 2927 invasi
2509 2875 2746 2942 pectoris
2777 2885 3071 2931 tartareum
3099 2879 3247 2933 virus
3273 2895 3382 2935 suae
3413 2882 3662 2951 maligni-

2080 2958 2206 3012 tatis
2253 2960 2569 3029 infundunt,
2598 2973 2658 3018 ut
2680 2965 2790 3034 jam
2833 2965 2921 3020 illa
2952 2963 3223 3023 inhianter
3255 2979 3531 3039 appetant,
3559 2987 3662 3026 non

2074 3062 2194 3115 qua:
2222 3050 2482 3105 naturalis
2515 3063 2691 3107 motus
2723 3056 2905 3111 carnis
2934 3056 3191 3128 efﬂagitet
3214 3099 3229 3124 ,
3263 3062 3358 3115 sed
3400 3076 3520 3130 quae
3546 3063 3658 3116 sola

2073 3141 2336 3199 diabolica
2368 3148 2721 3217 praecipitatio
2747 3152 3144 3208 subministret.
3176 3153 3310 3208 Nam
3341 3171 3464 3210 cum
3497 3157 3580 3213 vir
3603 3151 3658 3211 in

381 3209 545 3314 hujus
572 3209 976 3304 constitutionis
999 3209 1235 3308 edictum
1279 3257 1551 3325 praecipue
1579 3259 1646 3314 de
1690 3259 1843 3316 laicis
1886 3263 1968 3316 in-
2075 3232 2248 3325 νίνίξη
2288 3235 2354 3288 ad
2391 3239 2803 3304 perpelramlam
2860 3241 3254 3297 immunditiam
3309 3245 3467 3299 imm
3493 3287 3506 3311 ’
3552 3264 3655 3303 "0"

380 3337 631 3390 stitutnm
649 3378 665 3403 ,
693 3341 834 3407 quod
869 3338 1030 3395 facile
1056 3345 1406 3411 perpenditur
1435 3347 1487 3400 in
1513 3361 1600 3412 eo,
1624 3350 1768 3417 quod
1804 3350 1861 3404 in
1881 3366 1969 3406 se-

379 3426 673 3492 quentibus
723 3427 1055 3483 subinfertur
1107 3449 1122 3484 :
1172 3431 1448 3502 Quotquot
1497 3445 1678 3492 autem
1747 3449 1963 3507 peracta

377 3513 568 3583 viginti
604 3531 866 3570 annorum
913 3528 1073 3573 aatate
1101 3560 1116 3584 ,
1160 3530 1215 3575 et
1264 3538 1486 3578 uxorem
1533 3525 1828 3592 habentes,
1862 3532 1965 3586 hoc

376 3613 600 3672 peccato
623 3605 854 3675 prolapsi
877 3617 1022 3673 Sunt,
1041 3609 1224 3681 viginti
1243 3611 1482 3680 quinque
1503 3628 1767 3670 annorum
1791 3621 1963 3687 pomi—

375 3694 618 3748 tudioem
651 3707 921 3764 gerentes,
947 3698 1000 3751 in
1022 3702 1458 3757 communionem
1491 3706 1818 3775 recipiantur
1838 3723 1962 3762 ora-

375 3784 606 3848 tionum,
641 3785 695 3839 in
727 3801 831 3855 qua
856 3789 1228 3858 quinquennio
1272 3794 1629 3861 perdurantes
1653 3837 1668 3862 ,
1715 3806 1840 3854 tunc
1867 3800 1959 3855 de—

374 3891 520 3928 mum
545 3876 836 3933 oblationis
866 3892 1207 3937 sacramenta
1244 3885 1563 3954 percipiant.

443 3987 500 4042 Si
531 4003 662 4058 ergo
704 3990 927 4058 quilibet
976 3994 1247 4049 saecularis
1297 3995 1457 4064 hujus
1505 3997 1760 4056 facinoris
1789 4018 1914 4059 reus
1941 4046 1954 4069 ,

369 4087 588 4147 peracta
639 4080 826 4150 viginti
871 4082 1109 4151 quinque
1168 4098 1434 4139 annorum
1493 4089 1849 4158 pmnitentia,
1898 4094 1951 4148 in

367 4171 807 4226 communionem
838 4174 1054 4241 quidem
1085 4177 1442 4242 orationum,
1491 4179 1724 4233 necdum
1771 4191 1951 4237 autem

365 4261 433 4313 ad
455 4263 802 4330 percipienda
824 4265 1152 4320 oblationum
1189 4277 1526 4324 sacramenta
1555 4271 1948 4340 admittuntur,

365 4366 473 4420 quo
510 4363 674 4432 pacto
702 4354 985 4424 religiosus
1009 4372 1116 4411 non
1146 4359 1322 4412 solum
1354 4361 1420 4414 ad
1459 4363 1828 4432 percipienda,
1856 4370 1948 4422 sed

362 4443 526 4497 etiam
556 4427 623 4498 ad
651 4444 948 4511 otl'erenda,
996 4456 1050 4501 et
1091 4452 1456 4506 consecranda
1499 4452 1612 4521 ipsa
1645 4469 1798 4510 sacra
1835 4474 1946 4529 my-

360 4533 528 4588 steria
579 4535 806 4589 idoneus
833 4536 1206 4606 judicabitur?
1251 4539 1305 4594 Si
1337 4542 1427 4595 vix
1480 4543 1556 4597 illi
1589 4547 1941 4613 permittitur,
1980 4563 2026 4620 ι)

360 4631 419 4675 ιιι
447 4623 738 4679 ecclesiam
779 4641 901 4680 cum
949 4627 1069 4682 aliis
1111 4641 1364 4686 oraturus
1401 4633 1662 4700 introeat;
1705 4620 1938 4706 qualiter

360 4711 448 4766 isti
479 4713 700 4767 dabitur
719 4755 734 4777 ,
767 4724 823 4769 ut
860 4717 926 4770 ad
955 4717 1124 4773 altare
1172 4720 1382 4776 Domini
1410 4738 1507 4790 pro
1533 4725 1652 4779 aliis
1679 4725 1938 4782 interces-

358 4799 806 4857 surus'accedat?
841 4804 897 4859 Si
932 4806 1018 4859 ille
1046 4816 1335 4875 antequam
1378 4819 1480 4863 tam
1515 4813 1786 4880 prolixum
1823 4828 1938 4883 pce-

359 4891 598 4946 nitentiae
640 4895 874 4960 spatium
917 4897 1178 4967 trausigat
1205 4938 1221 4961 ,
1262 4915 1364 4953 non
1419 4911 1662 4955 meretur
1708 4904 1932 4967 audire;

357 4977 456 5033 iste
486 4983 761 5050 quomodo
787 4984 977 5054 dignus
1019 4995 1102 5038 est
1150 5002 1301 5042 sacra
1345 4990 1632 5045 missarum
1676 4992 1933 5046 solemnia

355 5067 664 5123 celebrare?
689 5069 747 5124 Si
798 5073 886 5126 ille
937 5074 1027 5142 qui
1076 5075 1255 5129 minus
1298 5079 1576 5144 peccavit,
1611 5091 1668 5133 ut
1693 5090 1816 5150 puta
1841 5096 1937 5150 per

354 5153 516 5209 latum
542 5159 726 5212 szeculi
770 5159 873 5213 iter
910 5161 1189 5228 incedens,
1228 5163 1384 5234 162
1423 5165 1666 5235 indignus
1703 5177 1787 5223 est
1827 5184 1932 5223 cm-

353 5245 497 5302 lestis
524 5249 878 5306 Eucharistia:
906 5269 1098 5307 munus
1132 5269 1226 5309 ore
1244 5258 1552 5325 percipere;
1577 5260 1807 5326 qualiter
1829 5261 1931 5315 iste

353 5340 646 5393 merebitur
683 5351 791 5394 tam
827 5342 1062 5397 terribile
1093 5347 1407 5413 mysterium
1441 5347 1652 5414 pollutis
1682 5350 1928 5405 manibus

353 5432 727 5484 contrectare?
759 5432 1044 5486 Videamus
1069 5433 1244 5488 adhuc
1276 5435 1413 5488 idem
1437 5437 1775 5507 Ancyranum
1798 5454 1926 5493 con-

351 5516 563 5582 cilium,
593 5521 720 5589 quid
746 5536 811 5574 cx
832 5525 1018 5576 eodem
1050 5524 1278 5576 crimine
1301 5525 1494 5579 iterum
1525 5528 1811 5584 definierit.

999 5705 1176 5718 ———

2069 3330 2149 3375 est
2172 3323 2259 3377 ille
2281 3326 2544 3380 naturalis
2567 3328 2796 3396 impetus
2811 3331 3010 3390 carnis.
3029 3335 3123 3386 sed
3147 3341 3353 3387 tantum
3380 3336 3656 3392 diabolica:

2065 3413 2314 3469 stimulus
2342 3415 2697 3486 impulsiouis.
2734 3421 3031 3489 Vigilanter
3076 3439 3204 3494 ergo
3245 3427 3421 3482 sancti
3463 3429 3651 3484 Patres

2066 3502 2371 3562 Sodomitas
2398 3525 2520 3562 cum
2554 3513 2937 3581 energumenis
2964 3515 3119 3569 simul
3152 3532 3309 3572 orare
3334 3531 3648 3583 sanxerunt,

2062 3609 2198 3664 quos
2220 3598 2407 3653 eodem
2451 3600 2721 3657 diabolico
2743 3603 2935 3673 spiritu
2969 3605 3185 3661 invasos
3208 3623 3327 3663 esse
3359 3627 3466 3665 non
3495 3612 3647 3666 dubi-

2062 3692 2328 3739 taverunt.
2371 3687 2650 3754 Quomodo
2678 3706 2808 3762 ergo
2839 3707 2936 3761 per
2964 3696 3316 3752 sacerdotalis
3358 3698 3516 3755 oﬂicii
3562 3703 3646 3756 di-

2060 3775 2318 3842 gnitatem
2372 3778 2516 3832 inter
2557 3780 2724 3835 Deum
2770 3791 2825 3836 et
2877 3784 3151 3853 populum.
3183 3787 3341 3842 debet
3383 3791 3644 3845 mediator

2058 3864 2333 3930 assistere,
2357 3869 2446 3936 qui
2470 3885 2498 3921 a
2525 3871 2685 3924 totius
2707 3871 2882 3940 p0puli
2909 3876 3320 3944 congregatione
3345 3876 3641 3944 sejunctus,

2058 3969 2329 4023 nunquam
2363 3958 2464 4010 nisi
2497 3959 2635 4012 inter
2663 3960 3021 4017 dzcmoniacos
3052 3963 3274 4030 jubetur
3312 3969 3506 4022 orare?
3535 3970 3638 4023 Sed

2054 4048 2306 4112 quoniam
2333 4047 2439 4100 duo
2469 4063 2534 4102 ex
2565 4065 2672 4102 uno
2701 4066 2854 4105 sacro
2876 4054 3104 4109 concilio
3137 4056 3442 4109 testimonia
3480 4059 3636 4114 adhi-

2054 4137 2183 4190 bere
2208 4138 2518 4192 curavimus
2543 4177 2556 4201 ,
2587 4141 2714 4207 quid
2739 4141 2902 4194 etiam
2934 4158 3162 4213 magnus
3189 4143 3417 4200 Basilius
3440 4147 3505 4201 de
3530 4161 3620 4213 eo,

2053 4229 2123 4283 de
2144 4244 2250 4297 quo
2277 4245 2419 4283 nunc
2443 4229 2639 4300 agitur,
2684 4232 2814 4285 vitio
2854 4234 3073 4297 sentiat,
3118 4235 3421 4292 inseramus
3452 4256 3465 4292 :
3493 4249 3549 4292 ut
3569 4236 3620 4289 iu

2051 4333 2146 4372 ore
2185 4319 2409 4374 duorum
2456 4321 2540 4377 vel
2571 4324 2729 4376 trium
2771 4323 2986 4378 testium
3031 4333 3141 4380 stet
3181 4341 3342 4382 omne
3369 4329 3614 4391 verbum;

2052 4409 2130 4464 ait
2149 4409 2293 4479 enim
2325 4427 2339 4465 :

2649 4503 2878 4560 CAPUT
2926 4503 3036 4558 XV.

2121 4588 2196 4644 De
2217 4590 2440 4657 clericis,
2466 4591 2540 4645 vel
2565 4594 2838 4673 monac/tis
2856 4635 2870 4656 ,
2907 4595 2952 4646 si
2980 4596 3173 4662 fuerint
3201 4597 3557 4653 masculorum

2654 4673 3009 4716 insectatores.

2115 4765 2375 4833 Clericus,
2414 4768 2497 4822 vel
2530 4771 2830 4825 monachus
2855 4772 3278 4838 adolescentum,
3312 4776 3392 4830 vel
3421 4793 3619 4847 parvu-

2045 4853 2218 4908 lorum
2239 4856 2549 4918 insectator,
2581 4860 2658 4914 vel
2684 4861 2774 4928 qui
2805 4862 3008 4926 osculo,
3031 4862 3112 4916 vel
3139 4865 3231 4933 qui
3262 4867 3437 4936 aliqua
3464 4885 3619 4921 occa-
3657 4894 3660 4902 ε

2043 4947 2194 4999 sione
2227 4949 2367 5017 turpi
2414 4949 2780 5019 deprehensus
2823 4953 3002 5018 fuerit,
3046 4957 3256 5025 publice
3282 4961 3616 5027 verberetur,

2042 5045 2096 5089 et
2141 5051 2394 5092 coronam
2445 5041 2691 5105 amittat,
2729 5044 2883 5115 163
2931 5048 3344 5120 decalvatuSque
3391 5054 3616 5121 turpiter

2042 5131 2395 5197 sputamentis
2421 5132 2713 5187 obliuiatur
2737 5137 2789 5188 i-n
2820 5137 2978 5204 facie,
3008 5141 3342 5212 vinculisque
3373 5153 3613 5198 arctatus

2038 5214 2251 5283 ferreis,
2285 5222 2541 5276 carcerali
2580 5237 2670 5276 sex
2707 5228 2978 5281 mensibus
3006 5232 3248 5299 angustia
3292 5244 3608 5297 macerctur,

2033 5315 2085 5360 et
2109 5308 2288 5365 triduo
2305 5326 2400 5379 per
2417 5313 2777 5370 hebdomadas
2799 5319 3035 5388 singulas
3061 5337 3124 5374 ex
3152 5337 3287 5390 pane
3306 5323 3606 5381 hordeaceo

2029 5397 2097 5452 ad
2139 5413 2416 5470 vesperam
2446 5403 2712 5471 feriatur;
2763 5419 2884 5475 post
2924 5411 3038 5464 haec
3065 5411 3184 5466 aliis
3210 5429 3302 5467 sex
3337 5418 3607 5473 mensibus

2027 5491 2130 5546 sub
2155 5492 2383 5547 senioris
2409 5495 2702 5562 spiritualis
2743 5499 2982 5554 custodia
3009 5541 3022 5565 ,
3055 5512 3329 5574 segregata
3361 5496 3414 5560 in
3443 5510 3604 5561 curti-

2027 5583 2144 5637 cula
2169 5583 2390 5653 degens,
2427 5589 2574 5655 operi
2607 5605 2860 5643 manuum
2893 5601 2947 5645 et
2967 5595 3197 5650 orationi
3235 5598 3303 5652 sit
3337 5599 3595 5663 intentus,

2025 5672 2222 5741 vigiliis
2270 5683 2324 5728 et
2369 5673 2702 5746 orationibus
2753 5681 3027 5750 subjectus
3055 5725 3068 5750 ,
3117 5698 3172 5740 et
3211 5687 3312 5742 sub
3357 5690 3599 5745 custodia

2022 5775 2240 5828 semper
2304 5765 2529 5821 duorum
2598 5769 2950 5836 spiritualium
3029 5776 3254 5833 fratrum
3322 5780 3592 5846 ambulet,
