3996 6184
279 423 382 478 173

741 417 799 469 S.
828 415 1031 469 PETRI
1076 411 1356 467 DAMIANI
1398 410 1551 465 OPP.
1576 407 1813 464 TOMUS
1845 406 1973 460 SEU
2013 404 2190 461 PARS
2227 406 2313 461 lll.
2345 438 2410 447 —
2437 404 2802 463 OPUSCULA
2845 408 3072 462 VARIA.

3437 412 3535 466 175

275 535 419 589 nulla
440 545 609 603 prava
634 528 923 591 locutione,
948 522 1029 579 vel
1050 521 1277 580 concilio
1297 518 1549 587 deinceps
1571 516 1863 586 juvenibus
1892 524 1936 575 Α
1968 524 2230 580 evertere,
2259 523 2313 568 et
2341 514 2579 569 rediviva
2606 522 2812 569 exusta:
2843 513 3090 570 Sodomae
3116 518 3311 587 satagit
3338 521 3539 575 mmnia

274 622 700 695 conjungendus.

344 715 442 779 llic
470 710 705 767 carnalis
731 708 890 761 homo
918 705 1156 760 studiose
1182 700 1515 771 perpendat,
1560 706 1740 750 utrum
1771 710 1860 750 ec-

276 800 593 858 clesiasticis
614 796 804 853 officiis
827 803 942 848 tuto
969 792 1279 846 ministrare
1304 787 1498 851 valeat,
1522 799 1680 855 quem
1705 796 1858 838 sacra

273 889 571 945 auctoritas
612 895 720 940 tam
756 882 1123 956 ignominiosis
1148 920 1163 946 ,
1195 887 1305 934 tam
1345 874 1591 947 turpibus
1620 874 1857 927 dehone-

276 980 528 1035 standum
552 975 891 1032 contumeliis
909 972 1150 1043 judicat;
1185 984 1283 1022 nec
1307 982 1369 1021 ex
1394 983 1457 1020 eo
1486 963 1590 1020 sibi
1620 962 1860 1019 blandia-

276 1082 385 1137 tur,
415 1070 540 1141 quia
570 1068 839 1124 neminem
872 1060 1193 1132 corruperit,
1220 1076 1342 1114 cum
1372 1056 1708 1127 apertissime
1727 1055 1860 1110 scri~

275 1172 424 1232 ptum
458 1158 677 1221 videat,
704 1156 827 1225 quia
857 1153 945 1222 qui
993 1151 1107 1205 solo
1133 1147 1317 1202 osculo
1341 1185 1356 1210 ,
1388 1143 1470 1199 vel
1498 1144 1676 1213 aliqua
1706 1157 1862 1197 occa-

276 1253 426 1305 sione
470 1247 610 1317 turpi
653 1245 1023 1315 deprehensus
1066 1240 1249 1301 fuerit.
1280 1237 1533 1293 omnibus
1580 1235 1688 1290 illis
1737 1250 1861 1305 pro-

275 1341 450 1394 brosze
490 1337 785 1406 disciplina:
829 1330 1230 1389 confusionibns
1290 1328 1484 1383 merito
1540 1325 1857 1396 subjacebit.

277 1412 428 1497 Quod
483 1428 529 1484 si
581 1425 821 1481 osculum
874 1433 981 1477 tam
1036 1431 1266 1477 austerae
1318 1419 1538 1473 ultionis
1603 1417 1862 1488 supplicio

275 1522 550 1591 plectitur,
583 1521 696 1589 ipsa
736 1534 857 1573 cum
889 1516 996 1570 alio
1025 1512 1408 1570 contaminatio
1436 1510 1565 1581 quid
1592 1508 1863 1565 meretur?

276 1612 357 1665 Ad
383 1611 707 1680 puniendum
734 1621 965 1675 namque
988 1605 1071 1659 cui
1094 1598 1330 1666 crimini,
1356 1601 1442 1655 cui
1468 1600 1862 1655 immanissima

279 1700 467 1754 sceleri
509 1714 612 1752 non
661 1694 927 1751 sulliceret
982 1693 1194 1763 publice
1241 1690 1556 1755 verberari,
1604 1704 1860 1744 coronam

278 1791 569 1851 amittere,
627 1787 855 1855 turpiter
902 1782 1190 1845 decalvari,
1252 1779 1540 1834 salivarum
1586 1777 1860 1849 spurcitiis

1962 621 2235 675 reparare.
2274 606 2384 662 Hoc
2425 614 2508 663 est
2553 608 2718 672 enim,
2771 607 2915 677 quod
2959 608 3306 665 sobrietatem
3355 611 3537 685 violat,

1960 698 2275 767 pudicitiam
2304 708 2463 753 necat
2488 740 2503 764 ,
2555 701 2857 754 castitatem
2888 699 3118 769 jugulat,
3148 700 3536 772 virginitatem,

1961 802 2080 855 qua:
2134 787 2569 856 irrecupcrabilis
2622 796 2725 854 est,
2780 789 3146 858 spurcissimm
3203 792 3540 861 contagionis

1962 890 2219 932 mucrone
2279 878 2529 933 trucidat.
2580 878 2773 934 Omnia
2839 879 3027 944 ftedat,
3054 881 3235 933 omnia
3286 883 3540 946 maculat,

1959 967 2138 1021 omnia
2176 967 2391 1037 polluit;
2427 975 2479 1021 et
2505 977 2763 1035 quantum
2793 970 2861 1023 ad
2890 984 2968 1031 se,
2999 968 3132 1023 nihil
3158 985 3383 1038 purum,
3412 974 3542 1028 nihil

1962 1074 1990 1111 a
2018 1057 2268 1112 sordibus
2304 1058 2561 1123 alienum,
2593 1058 2727 1111 nihil
2758 1061 3017 1113 mundum
3068 1072 3188 1114 esse
3237 1063 3536 1130 permittit:

1966 1166 1984 1199 ι
2022 1147 2213 1203 Omnia
2241 1150 2383 1202 enim
2411 1189 2426 1212 ,
2456 1157 2515 1201 ut
2551 1149 2842 1219 Apostolus
2890 1149 2986 1214 ait,
3041 1150 3239 1205 munda
3289 1154 3537 1211 mundis:

1958 1239 2337 1293 contaminatis
2387 1250 2568 1293 autem
2622 1247 2678 1293 et
2724 1238 3033 1295 inﬁdelibus
3074 1239 3210 1295 nihil
3277 1242 3542 1296 mundum

1960 1325 2088 1398 (Tit.
2111 1327 2176 1397 ι).
2211 1345 2229 1377 ι

2031 1418 2144 1473 Hoc
2162 1418 2350 1472 vitium
2380 1434 2408 1471 a
2446 1419 2613 1474 choro
2650 1418 3005 1473 ecclesiastici
3035 1428 3338 1474 conventus
3363 1420 3541 1475 elimi-

1961 1519 2075 1576 nat,
2100 1518 2304 1565 etcum
2353 1510 2734 1580 energumenis
2762 1525 2825 1564 ac
2862 1509 3128 1563 daemonio
3175 1510 3543 1567 laborantibus

1960 1611 2117 1655 orare
2141 1597 2439 1668 compellit,
2466 1613 2495 1650 a
2529 1598 2639 1651 Deo
2664 1598 2897 1651 animam
2926 1605 3141 1666 separat
3160 1638 3175 1663 ,
3199 1608 3257 1651 ut
3280 1599 3540 1653 daemoni-

1963 1691 2065 1747 bus
2088 1691 2297 1761 jungat.
2330 1689 2458 1744 ﬂare
2483 1690 2927 1760 pestilentissima
2955 1692 3310 1747 Sodomorum
3360 1694 3542 1762 regina

1961 1798 2073 1837 suae
2101 1783 2402 1854 tyrannidis
2433 1782 2640 1852 legibus
2660 1783 3070 1852 obsequentem,
3092 1784 3401 1839 hominibus
3431 1794 3544 1839 tur-

277 1878 491 1932 obliniri
520 1918 535 1943 ,
586 1874 947 1931 carceralibus
992 1871 1251 1943 angustiis
1298 1870 1497 1925 diutius
1532 1867 1812 1937 comprimi
1845 1906 1860 1931 ,
1895 1867 1936 1925 Β
1966 1886 2110 1940 pem,
2144 1872 2254 1925 Deo
2278 1872 2454 1927 reddit
2477 1871 2765 1937 odibilem;
2798 1872 3058 1926 adversus
3102 1873 3267 1927 Deum
3312 1873 3543 1928 nefanda

279 1970 497 2024 ferreis‘
518 1968 735 2037 insuper
759 1965 987 2020 vinculis
1013 1961 1325 2017 coarctari?
1362 1971 1692 2031 postremum
1733 1974 1864 2029 quo-

198 2124 205 2131 ,
280 2078 386 2132 que
438 2061 737 2116 hordeaceo
790 2073 927 2129 pane
978 2057 1158 2111 leriari
1213 2054 1556 2125 principitur;
1598 2052 1721 2121 quia
1771 2051 1863 2121 qui

206 2134 211 2139 ’
258 2155 451 2209 factus
507 2161 591 2208 est
630 2152 770 2206 sicut
816 2164 985 2219 equus
1023 2157 1079 2201 et
1116 2146 1291 2200 mulus
1322 2143 1489 2215 (Psal.
1547 2141 1696 2210 XXXI)
1738 2159 1865 2196 con-

278 2261 411 2317 grue
443 2260 551 2298 non
583 2244 703 2298 cibo
730 2241 970 2296 relicitttt‘
1020 2238 1335 2303 hominum,
1380 2235 1474 2291 Sed
1518 2249 1731 2288 annona
1773 2250 1866 2302 pa-

279 2339 446 2392 scitur
474 2336 861 2406 jumentorum.

349 2428 519 2482 Porro
547 2426 590 2480 si
615 2423 776 2493 hujus
793 2420 998 2491 peccati
1032 2417 1240 2489 pondus
1267 2430 1494 2487 pensare
1522 2413 1863 2485 negligimus,

277 2520 331 2573 in
372 2519 490 2587 ipso
535 2515 726 2570 saltem
758 2512 1088 2582 poenitentiae
1109 2507 1334 2577 judicio,
1364 2506 1506 2577 quod
1549 2507 1863 2576 imponitur,

278 2607 713 2665 manifestissime
753 2602 1077 2659 declaratur.
1110 2598 1364 2668 Quisquis
1413 2597 1557 2653 enim
1603 2597 1865 2652 canonica

277 2716 506 2757 censura
546 2695 813 2768 publicam
858 2692 1039 2747 subire
1078 2687 1450 2758 ptenitentiam
1477 2688 1707 2757 cogitur,
1738 2702 1865 2755 pro-

279 2796 419 2849 fecto
445 2784 826 2843 ecclesiasticis
852 2782 1103 2849 indignus
1130 2776 1317 2832 ciliciis
1339 2776 1617 2845 perspicua
1642 2774 1864 2829 Patrum

279 2879 550 2935 sententia
594 2874 890 2944 judicatur.
928 2868 1082 2924 Unde
1124 2876 1179 2922 et
1226 2866 1415 2920 beatus
1466 2880 1600 2935 papa
1643 2863 1867 2920 Siricins

281 2974 423 3025 inter
464 2975 657 3022 caetera
701 2961 953 3031 scripsit,
996 2958 1220 3013 dicens:
1256 2956 1384 3009 Illud
1411 2968 1624 3025 quoque
1650 2969 1746 3009 nos
1770 2968 1869 3024 par

280 3063 380 3117 fuit
401 3057 684 3131 providere
709 3095 724 3120 ,
752 3062 806 3108 ut
846 3051 988 3106 sicut
1018 3047 1389 3119 poanitentiam
1417 3061 1574 3115 agerc
1617 3047 1865 3115 cuiquam

281 3170 387 3208 non
412 3149 725 3206 conceditur
750 3143 1097 3205 clericorum,
1123 3139 1193 3191 ita
1221 3146 1275 3191 et
1301 3146 1421 3207 post
1451 3137 1860 3206 pmnitudinem,

1965 1964 2099 2020 bella
2118 1980 2426 2031 conserere,
2455 1965 2766 2028 nequissimi
2798 1965 3023 2034 spiritus
3049 1965 3542 2035 imperatmilitiam

1963 2053 2232 2123 bajulare;
2262 2055 2330 2109 ab
2352 2054 2662 2124 angelorum
2692 2055 2963 2109 consortio
3000 2067 3251 2125 separat,
3275 2066 3331 2111 et
3370 2056 3545 2112 infeli-

1964 2163 2079 2202 cem
2126 2148 2361 2201 animam
2395 2147 2495 2201 sub
2522 2147 2752 2216 propriae
2796 2146 3182 2201 dominationis
3210 2148 3338 2218 jugo
3375 2163 3404 2200 a
3446 2163 3540 2202 sua

1965 2238 2245 2293 nobilitate
2290 2238 2546 2307 captivat.
2620 2237 2891 2292 Virtutum
2939 2240 3107 2294 armis
3156 2255 3283 2294 suos
3342 2241 3540 2296 milites

1898 2369 1917 2385 .
1964 2330 2133 2393 exuit,
2155 2330 2503 2399 omniumque
2530 2329 2781 2384 vitiorum
2807 2329 3025 2398 jaculis,
3056 2338 3116 2384 ut
3142 2330 3539 2391 confodiantm.

1964 2425 2203 2494 exponit.
2228 2423 2285 2478 lu
2315 2424 2553 2478 Ecclesia
2578 2423 2845 2489 humiliat,
2862 2424 2916 2477 in
2942 2422 3059 2479 foro
3082 2425 3424 2487 condemnat,
3447 2423 3543 2479 fae-

1965 2516 2058 2568 dat
2102 2515 2153 2569 in
2182 2522 2410 2578 secreto,
2443 2514 2762 2568 dehonestat
2805 2514 2856 2567 in
2892 2514 3128 2583 publico,
3158 2513 3543 2568 conscientiam

1968 2607 2110 2660 rodit
2136 2615 2194 2659 ut
2218 2606 2439 2669 vermis,
2473 2619 2691 2659 carnem
2734 2605 2916 2659 exurit
2940 2613 2999 2657 ut
3020 2604 3184 2675 ignis;
3219 2604 3460 2666 anhelat,
3487 2616 3547 2656 ut

1968 2695 2292 2764 voluptatem
2319 2694 2568 2763 expleat;
2620 2702 2675 2747 at
2708 2702 2893 2747 contra
2937 2693 3087 2750 timet
3107 2706 3173 2747 ne
3214 2692 3278 2746 ad
3311 2692 3544 2745 medium

1968 2786 2170 2849 veniat,
2204 2799 2272 2838 ne
2302 2785 2354 2838 in
2382 2783 2653 2853 publicum
2682 2792 2875 2847 exeat,
2917 2799 2984 2837 ne
3013 2782 3321 2838 hominibus
3345 2783 3546 2836 innote-

1967 2884 2102 2932 scat.
2135 2877 2304 2943 Quem
2335 2877 2478 2931 enim
2507 2876 2595 2928 ille
2632 2891 2738 2929 non
2772 2876 2972 2940 timeat,
2998 2876 3092 2950 qui
3120 2883 3174 2929 et
3209 2876 3381 2945 ipsum
3406 2889 3546 2928 com-

1970 2967 2146 3021 munis
2173 2967 2340 3021 ruina:
2365 2967 2681 3035 participem
2716 2967 2906 3036 pavida
2930 2967 3232 3036 suspicione
3259 2966 3545 3020 formidat?

1970 3058 2046 3113 Ne
2069 3058 2323 3113 videlicet
2363 3067 2417 3112 et
2447 3058 2560 3127 ipse
2588 3057 2676 3126 qui
2704 3056 2863 3111 simul
2900 3066 3107 3127 peccat,
3133 3055 3296 3125 judes
3327 3058 3544 3110 sceleris

1968 3165 2064 3219 per
2088 3150 2479 3203 confessionem
2510 3149 2602 3201 fiat
2620 3188 2632 3210 ,
2675 3148 2803 3201 dum
2835 3163 2936 3201 non
2963 3149 3119 3201 modo
3142 3148 3266 3215 quia
3288 3161 3544 3215 peccave-

280 3261 344 3299 ac
371 3239 863 3299 reconciliationem
893 3232 1023 3288 nulli
1060 3244 1296 3301 unquam
1327 3228 1465 3283 laico
1506 3229 1665 3283 liceat
1694 3230 1862 3283 bono-
1893 3216 1937 3275 C
1972 3240 2060 3303 ..δι’
2083 3238 2326 3293 cnumcri
2354 3255 2459 3294 non
2487 3239 2738 3307 ambigat,
2778 3236 2871 3291 sed
2894 3238 3055 3291 eum“
3081 3251 3202 3291 cum
3228 3251 3334 3305 quo
3354 3252 3544 3305 pt-cm.

281 3351 394 3390 rem
424 3333 708 3389 clericntus
737 3326 996 3396 adipisci;
1028 3322 1151 3392 quia
1193 3322 1439 3389 quamvis
1479 3320 1589 3374 sint
1627 3320 1864 3375 omnimu

281 3433 627 3494 peccatorum
654 3417 974 3485 contagione
1005 3412 1265 3475 mundati,
1293 3407 1433 3464 nulla
1462 3419 1638 3464 tamen
1674 3409 1869 3465 debent

282 3514 637 3584 gerendorum
670 3514 1127 3562 sacramentorum
1163 3502 1519 3557 instrumenta
1555 3502 1827 3572 suscipere
1848 3544 1862 3563 .

283 3605 373 3673 qui
411 3601 612 3655 dudum
659 3597 871 3652 fuerant
900 3609 1027 3648 vasa
1064 3592 1339 3646 vitiorum.
1376 3590 1507 3645 Cum
1551 3606 1680 3662 ergo
1710 3591 1867 3658 hujus

284 3692 491 3763 peccati
513 3686 801 3743 obnoxium
832 3698 937 3738 non
965 3682 1135 3737 solum
1159 3681 1368 3743 duram,
1400 3680 1492 3733 sed
1516 3688 1572 3734 et
1596 3678 1865 3749 publicam

284 3780 657 3855 paenitentiam
700 3776 760 3830 Β.
794 3774 1021 3830 Basilius
1055 3772 1238 3827 subire
1273 3772 1575 3841 przecipiat,
1598 3774 1865 3843 paeniten-

285 3887 393 3931 tem
424 3887 552 3928 vero
573 3870 859 3925 clericatus
890 3866 1133 3920 ordinem
1168 3863 1415 3918 obtinere
1442 3860 1671 3917 Siricius
1694 3862 1865 3918 inter-

283 3968 459 4029 dicat;
493 3959 778 4018 manifeste
811 3955 1103 4027 colligitur,
1134 3955 1260 4023 quia
1296 3952 1385 4023 qui
1410 3950 1550 4007 foeda
1573 3967 1697 4007 cum
1724 3967 1869 4008 mas-

283 4061 403 4115 culo
449 4058 747 4113 libidinosae
791 4051 1143 4107 immunditize
1185 4046 1344 4103 sorde
1390 4045 1666 4116 polluitur,
1693 4044 1867 4099 eccle-

284 4151 519 4206 siasticis
548 4146 692 4215 fungi
739 4142 925 4198 oliiciis
955 4156 1059 4196 non
1104 4150 1370 4203 meretur;
1407 4152 1507 4190 nec
1534 4136 1711 4189 idonei
1741 4144 1868 4190 sunt

286 4237 526 4291 divinum
550 4240 782 4286 tractare
824 4229 1159 4297 mysterium,
1186 4225 1297 4295 qui,
1329 4233 1386 4277 ιιι
1416 4224 1636 4288 dicitur,
1664 4222 1864 4276 dudum

287 4327 504 4380 fuerant
524 4337 649 4377 vasa
677 4320 950 4373 vitiorum.

869 4405 1097 4463 CAPUT
1136 4405 1273 4461 XVI.

504 4499 765 4570 Nefanda:
787 4495 1123 4567 turpitudinis
1152 4494 1308 4563 digna
1333 4493 1666 4561 vituperatio.

1969 3329 2046 3383 vit
2071 3339 2460 3397 consequenter
2487 3326 2739 3396 adjnngat
2766 3341 2780 3380 :
2816 3335 2874 3380 ut
2903 3328 3044 3380 sicut
3068 3342 3206 3381 unus
3235 3327 3286 3380 in
3320 3337 3542 3395 peccato

1969 3420 2126 3483 mori.
2160 3420 2261 3475 nisi
2319 3418 2489 3472 altero
2546 3417 2809 3471 moriente
2844 3432 2949 3470 non
2980 3418 3185 3486 potuit;
3213 3417 3284 3470 ita
3314 3426 3369 3471 et
3406 3416 3543 3470 aler

1968 3509 2122 3564 alteri
2165 3508 2470 3577 resurgendi
2494 3505 2830 3561 occasionem
2861 3506 3115 3574 prtebeat,
3146 3521 3266 3560 cum
3293 3506 3539 3574 resurgit.

1966 3600 2270 3653 Ardetcaro
2290 3599 2483 3652 misera
2508 3597 2687 3651 furore
2710 3597 2967 3661 libidinis,
2986 3598 3166 3650 tremit
3185 3612 3335 3651 mens
3350 3597 3541 3667 frigida

1972 3702 2197 3743 rancore
2216 3688 2563 3757 suspicionis,
2578 3698 2633 3741 et
2654 3689 2706 3741 in
2734 3697 2952 3758 pectore
2971 3688 3151 3742 miseri
3177 3688 3412 3742 hominis
3425 3687 3537 3754 jam

1966 3782 2123 3853 quasi
2154 3790 2449 3835 lartareum
2488 3782 2653 3835 chaos
2681 3790 2973 3844 exazstuat,
3001 3783 3126 3834 dum
3158 3789 3290 3849 quot
3337 3782 3540 3849 cogita-

1969 3875 2171 3928 tionum
2195 3871 2393 3927 aculeis
2418 3873 2700 3941 pungitnr,
2723 3871 3117 3940 quodammodo
3152 3879 3230 3923 tot
3255 3885 3536 3940 ptenarnm

1966 3962 2243 4033 suppliciis
2268 3959 2562 4017 cruciatur.
2596 3960 2799 4017 lnfelici
2820 3961 3018 4030 quippe
3047 3961 3241 4015 anima:
3256 3970 3538 4030 postquam

1967 4057 2061 4111 hic
2091 4055 2543 4111 venenatissimus
2581 4053 2802 4108 coluber
2844 4055 3032 4109 dentes
3065 4054 3230 4109 semel
3280 4052 3535 4116 infixerit.

1966 4146 2110 4200 illico
2130 4160 2321 4200 sensus
2340 4144 2615 4208 adimitur,
2648 4143 2906 4197 memoria
2933 4143 3157 4207 tollitur,
3182 4144 3375 4198 mentis
3396 4144 3539 4198 acies

1964 4237 2317 4299 obscuratur;
2352 4234 2408 4288 fit
2437 4234 2719 4288 immemor
2746 4233 2861 4298 Dei,
2887 4232 3220 4288 obliviscitur
3241 4234 3402 4288 etiam
3433 4237 3534 4289 sui.

1968 4322 2091 4378 Haec
2116 4338 2347 4393 namque
2373 4323 2541 4390 pestis
2565 4322 2690 4376 fidei
2722 4321 3128 4375 fundamentum
3152 4325 3537 4392 evacuatuspei

1965 4413 2130 4468 robur
2150 4422 2392 4477 enervat,
2414 4412 2697 4467 charitatis
2716 4412 2986 4465 vinculum
3010 4413 3253 4482 dissipat,
3272 4414 3535 4483 jnstitiun

1966 4503 2123 4570 tollit,
2150 4503 2513 4560 fortitudinem
2561 4502 2812 4566 subruit,
2866 4506 3274 4574 temperantiam
3328 4506 3536 4574 eximit,

361 4595 471 4650 Hoc
498 4562 627 4648 sane
656 4590 840 4643 vitium
887 4587 1014 4641 nulli
1058 4598 1281 4656 prorsus
1311 4595 1391 4640 est
1414 4584 1547 4639 vitio
1586 4583 1864 4638 conferen-
1889 4562 1940 4620 D
1965 4562 2264 4664 magnum
2290 4608 2517 4647 acmuen
2548 4562 2819 4648 οωυηάίιξ

290 4688 439 4751 dum,
472 4681 614 4753 quod
639 4679 878 4735 omnium
924 4676 1310 4730 immanitatem
1340 4683 1557 4741 superat
1586 4673 1859 4728 vitiorum.

291 4779 402 4833 lloc
430 4773 694 4845 siquidem
735 4768 923 4825 vitium
955 4782 1101 4822 mors
1139 4773 1222 4820 est
1261 4778 1543 4834 corporum
1569 4804 1584 4829 ,
1617 4762 1863 4817 interitus

287 4881 372 4929 est
396 4872 720 4930 animarum,
749 4876 965 4918 carnem
988 4858 1212 4930 polluit,
1240 4857 1433 4911 mentis
1462 4856 1639 4911 lumen
1665 4854 1864 4910 exstin-

290 4968 402 5037 guit
431 5006 444 5028 ,
475 4962 733 5032 Spiritum
765 4963 1009 5011 sanctum
1055 4954 1121 5007 de
1152 4934 1349 5020 templo
1378 4951 1598 5006 humani
1625 4949 1861 5020 pectoris

289 5058 454 5130 tjicit,
478 5057 805 5110 incentorem
833 5048 1053 5101 luxuria:
1078 5044 1345 5129 diabolum
1369 5042 1679 5106 introducit,
1705 5038 1863 5109 164

290 5128 457 5202 mittit
479 5146 530 5201 in
562 5155 824 5204 errorem,
855 5134 1123 5191 subtrahit
1145 5128 1382 5200 deceme
1418 5131 1585 5185 menti
1612 5128 1859 5183 funditus

298 5239 599 5299 veritatem,
639 5229 787 5287 eunti
837 5228 1055 5295 laqueos
1090 5229 1375 5290 praeparat,
1417 5221 1627 5275 cadenti
1669 5220 1720 5272 in
1764 5235 1858 5289 pu-

292 5338 461 5391 teum,
491 5340 556 5379 ne
583 5320 889 5394 egrediatur
916 5312 1137 5385 cppilat,
1166 5309 1431 5365 infernum
1477 5310 1669 5380 aperit,
1702 5322 1858 5379 para-

295 5420 397 5474 disi
419 5418 641 5487 januam
693 5412 913 5478 claudit,
942 5406 1177 5465 ctelestis
1210 5401 1507 5459 Jerusalem
1539 5399 1709 5453 civem
1742 5408 1853 5451 tar-

294 5486 456 5564 tareae
485 5506 775 5576 Babylonis
800 5503 927 5557 facit
952 5497 1240 5561 hteredem,
1263 5494 1327 5548 de
1348 5490 1498 5548 stella
1527 5489 1671 5554 caeli,
1694 5486 1858 5556 Stipu-

290 5601 395 5655 lam
425 5598 645 5654 exhibet
668 5596 805 5666 ignis
829 5592 1037 5655 mterui,
1061 5586 1325 5643 abscindit
1345 5580 1643 5637 membrum
1671 5579 1854 5634 Eccle-

290 5693 407 5755 site,
433 5700 487 5746 et
537 5689 591 5742 in
620 5701 781 5740 vorax
808 5682 1021 5753 proiicit
1066 5681 1322 5749 gehennae
1356 5673 1633 5729 aestuantis
1671 5673 1856 5726 incen-

290 5771 455 5839 dium.
508 5776 620 5833 lloc
666 5775 851 5828 vitium
881 5784 1124 5840 supernae
1167 5768 1352 5837 patria:
1400 5779 1583 5821 muros
1628 5772 1855 5818 conatur

2035 4685 2104 4739 Et
2125 4685 2253 4753 quid
2274 4682 2499 4752 amplius
2511 4683 2719 4739 dicam?
2741 4683 3408 4753 Quandoquidemomnem
3433 4689 3538 4741 vir-

1962 4784 2135 4828 tutum
2152 4786 2377 4827 cuneum
2391 4773 2456 4826 de
2468 4771 2616 4826 curia
2634 4772 2851 4827 humani
2864 4773 3116 4827 eordisex
3125 4772 3536 4843 pellit,omnem-

1963 4878 2069 4931 que
2094 4862 2344 4915 vitiorum
2370 4860 2698 4923 barbariem,
2719 4860 3072 4916 velutevulsis
3092 4872 3364 4932 portarum
3382 4879 3534 4933 repa-

1963 4952 2123 5022 gulis,
2141 4952 2465 5006 intromittit.
2483 4950 2592 5005 Cui‘
2605 4951 2810 5005 scilicet
2833 4950 2941 5015 illa,
2971 4967 3090 5020 quae
3111 4953 3210 5005 sub
3235 4953 3535 5021 spreieter-

1971 5056 2112 5095 rena:
2156 5040 2450 5095 Jerusalem
2496 5042 2720 5105 dicitur,
2774 5038 3020 5095 Jeremiae
3087 5043 3356 5096 sententia
3398 5058 3529 5095 con-

1966 5139 2220 5201 gruenter
2241 5140 2456 5201 aptatur
2482 5150 2494 5183 :
2534 5149 2551 5179 ι
2586 5130 2824 5194 Manum,
2860 5131 3056 5200 inquit,
3086 5131 3233 5185 misit
3262 5133 3433 5187 hostis
3463 5132 3531 5185 ad

1968 5218 2124 5290 165
2177 5220 2359 5273 omnia
2399 5218 2774 5273 desiderabilia
2812 5219 2972 5289 ejus;
3011 5220 3135 5288 quia
3174 5220 3313 5274 vidit
3345 5230 3533 5289 gentes

1963 5311 2230 5380 ingressas
2258 5310 2624 5364 sanctuarium
2653 5326 2840 5377 suum,
2867 5311 2933 5365 de
2962 5312 3157 5381 quibus
3194 5326 3531 5383 praaceperas

1963 5416 2034 5455 ne
2064 5402 2330 5455 intrarent
2360 5401 2415 5454 in
2443 5400 2738 5455 Ecclesiam
2771 5410 2913 5455 tuam
2946 5401 3175 5472 (Tliren.
3204 5418 3220 5456 ι
3248 5402 3287 5472 ).
3315 5420 3333 5453 ι
3363 5401 3530 5456 Nimi-

1963 5505 2083 5543 rum
2131 5504 2293 5558 quem
2333 5491 2448 5545 htec
2483 5489 2822 5547 atrocissima
2856 5490 3025 5543 bestia
3079 5491 3321 5545 cruentis
3365 5490 3530 5545 semel

1962 5579 2210 5634 faucibus
2237 5580 2496 5643 devorat,
2531 5594 2561 5633 a
2598 5580 2807 5633 cunctis
2841 5580 2996 5632 bonis
3023 5579 3275 5647 operib‘us
3305 5580 3529 5647 quihus-

1961 5672 2082 5723 dam
2117 5670 2230 5723 suis
2267 5671 2494 5724 vinculis
2530 5670 2761 5739 obligat,
2811 5683 2908 5738 per
2955 5671 3133 5721 omnia
3184 5668 3527 5736 nequissimae

1912 5794 1925 5806 -
1963 5750 2241 5834 pravitatis
2263 5764 2487 5831 abrupta
2509 5764 2911 5832 praecipitanter
2929 5761 3175 5817 effrenat.
3194 5762 3312 5814 Mox
3335 5776 3525 5830 nempe
