3994 6190
493 271 597 324 ΠἹ

1458 275 1707 333 ORUSC.
1744 277 1852 334 VII.
1886 310 1954 320 —
1979 280 2180 336 LIBER
2217 282 2789 341 GUMOliRlllANUS.

3657 292 3756 345 173

492 396 555 440 ιιι
592 385 823 456 quisque
863 385 915 438 in
954 386 1096 442 hanc
1142 396 1402 445 extrema:
1451 394 1772 462 perditionis
1823 398 2076 466 abyssum
2106 405 2153 460 Α
2182 400 2574 465 Sodomorum,
2607 401 2731 473 quia
2766 400 3136 470 unusquisque
3161 415 3306 455 nunc
3338 407 3487 455 tanto
3518 400 3760 457 deterius

493 476 660 530 fuerit
695 476 909 546 lapsus,
962 493 992 531 a
1035 494 1269 548 superna
1319 484 1494 553 patria
1542 487 1696 541 exsul
1746 485 1995 554 efﬁcitur,
2042 506 2072 545 a

494 567 701 622 Christi
739 583 973 637 corpore
1009 582 1308 640 separatur,
1343 577 1507 633 totius
1546 578 1801 633 Ecclesiae
1838 584 2076 637 auctori-

497 666 608 712 tate
641 658 1013 725 confunditur,
1047 662 1289 719 etnuium
1328 676 1643 722 sanctorum
1678 669 1900 726 Patrum
1934 674 2077 743 judi-

494 750 579 803 cio
606 750 1021 820 condemnatur,
1052 753 1194 807 inter
1222 756 1468 812 homines
1495 758 1550 812 in
1582 767 1726 814 terra
1757 762 2074 833 despicitur.

492 854 525 892 a
576 841 880 895 caelestium
928 844 1126 897 civium
1180 849 1537 904 contubernio
1592 852 1956 922 reprobatur;
2013 857 2075 910 tit

492 930 598 985 sibi
648 930 843 986 caelum
895 932 1162 997 ferreum,
1217 945 1272 990 et
1308 945 1451 991 terra
1492 954 1685 1005 (enea;
1728 958 1902 1011 neque
1948 944 2076 999 illuc

495 1031 674 1089 potest
698 1024 940 1091 pondere
968 1024 1211 1079 criminis
1240 1038 1497 1096 gravatus
1526 1046 1811 1102 assurgere
1839 1049 1854 1096 ;
1897 1048 2074 1102 neque

491 1110 583 1164 hic
610 1126 716 1164 .sua
747 1110 887 1164 mala
918 1112 1237 1182 ignorantiae
1267 1115 1490 1171 latibulo
1519 1118 1720 1173 diutius
1757 1120 2031 1177 occultare
2056 1139 2072 1179 τ

494 1219 601 1260 non
640 1204 731 1258 hic
765 1212 945 1273 potest
980 1205 1251 1275 gaudere,
1289 1209 1415 1267 dum
1458 1210 1625 1275 vivit;
1665 1225 1765 1265 nec
1805 1212 1915 1268 illic
1951 1228 2073 1282 spe-

496 1312 618 1349 rare
637 1334 652 1359 ,
685 1297 811 1349 dum
842 1296 1025 1351 delicit
1050 1337 1065 1361 ,
1094 1298 1220 1367 quia
1253 1307 1307 1354 et
1335 1316 1479 1356 nunc
1508 1301 1758 1357 humana:
1784 1303 2074 1360 derisionis

490 1386 880 1455 opprobrium,
927 1396 984 1441 et
1037 1390 1376 1455 postmodum
1431 1400 1651 1447 interna:
1705 1392 2074 1448 damnationis

492 1483 704 1542 cogitur
749 1472 991 1542 perferre
1042 1484 1391 1531 tormentum.
1442 1477 1540 1532 Cui
1592 1479 1841 1535 videlicet
1878 1482 2073 1537 animae

491 1561 630 1617 bene
667 1563 917 1631 congruit
954 1562 1041 1617 illa
1079 1564 1411 1634 prophetica:
1468 1565 1873 1623 lamentationis
1929 1584 2029 1624 vox
2053 1610 2068 1632 ,

490 1670 599 1724 qua
648 1656 889 1711 dicitur:
926 1676 943 1709 ι
983 1658 1148 1722 Vide,
1180 1660 1405 1715 Domine
1430 1698 1444 1725 ,
1499 1662 1755 1729 quoniam
1809 1664 2063 1728 tribulor,

2179 490 2438 560 delinquit
2469 532 2483 555 ,
2527 499 2729 559 quanto
2766 498 2821 544 et
2855 490 2968 560 ipsa
3005 488 3330 561 evangelica:
3368 488 3557 560 gratia
3596 505 3757 545 man-

2177 581 2303 635 data
2338 581 2676 645 contemnit;
2706 588 2760 634 et
2791 594 2858 634 ne
2892 580 3195 633 remedium
3238 579 3598 633 cxcusatoria:
3646 589 3759 632 ter-

2177 673 2557 745 giversationis
2606 673 2878 735 inveniat,
2934 671 3130 727 notitia
3176 670 3325 731 illum
3374 670 3569 725 divinze
3620 670 3755 741 legis

2176 767 2443 821 instanter
2485 772 2725 819 accusat.

2248 856 2396 920 Heu,
2424 856 2562 921 heu,
2611 852 2801 909 infelix
2845 853 3067 907 anima!
3111 867 3209 907 cur
3250 866 3353 906 non
3381 851 3696 907 consideras
3725 868 3755 906 a

2176 957 2393 1019 quanta:
2424 946 2707 1018 dignitatis
2737 944 2976 1000 culmine
3004 944 3079 998 sis
3105 944 3278 1014 ejecta
3298 984 3312 1007 ,
3341 953 3544 1011 quanto
3574 944 3757 1013 splen-

2175 1040 2323 1097 doris
2351 1050 2405 1094 et
2433 1039 2616 1110 gloria:
2646 1038 2721 1093 sis
2758 1037 2955 1093 decore
2997 1036 3240 1090 nudata?
3284 1035 3562 1101 Quomodo
3604 1036 3754 1091 obte-

2174 1131 2257 1185 xit
2302 1129 2538 1200 caligine
2586 1128 2640 1183 in
2682 1127 2877 1199 .t‘urore
2921 1140 3022 1182 suo
3067 1126 3329 1181 Dominus
3376 1125 3540 1182 tiliam
3590 1125 3754 1189 Sion,

2173 1218 2400 1288 projecit
2446 1218 2510 1271 de
2548 1216 2689 1272 caelo
2729 1215 2782 1269 in
2815 1222 3017 1271 terram
3048 1214 3305 1283 inclytam
3334 1212 3497 1268 Israel
3525 1228 3747 1282 ,θειωδ-

2173 1324 2267 1364 sus
2311 1316 2395 1363 est
2432 1322 2465 1361 a
2514 1306 2620 1359 tilia
2668 1304 2801 1360 Sion
2846 1304 3025 1359 omnis
3053 1304 3215 1359 decor
3242 1301 3751 1374 ejustThrethJ).
3830 1349 3843 1363 ,

2174 1400 2287 1469 Ego
2336 1398 2636 1454 calamitati
2691 1407 2795 1452 tua:
2845 1396 3220 1466 compatiens,
3281 1404 3337 1448 et
3396 1394 3747 1464 ignominiam

2176 1501 2322 1546 tuam
2368 1492 2711 1545 amarissime
2747 1487 2987 1552 deﬂens,
3030 1488 3189 1542 dico:
3221 1506 3239 1538 ι
3273 1486 3599 1541 Delcccrunt
3641 1503 3752 1556 pra:

2171 1581 2423 1651 lactymis
2448 1580 2589 1636 oculi
2625 1579 2763 1643 mei,
2803 1578 3125 1634 conturbata
3162 1585 3290 1632 sunt
3329 1579 3537 1631 viscera
3589 1592 3748 1638 mea,

2170 1670 2394 1726 eﬂusum
2436 1670 2600 1724 estin
2638 1678 2785 1723 terra
2818 1667 2972 1737 jecur
3009 1683 3186 1723 meum
3225 1682 3388 1736 super
3423 1666 3752 1721 contritione

493 1757 685 1803 venter
723 1765 877 1807 meus
911 1750 1267 1809 conturbatus
1310 1762 1433 1816 est.
1485 1755 1803 1811 subversum
1851 1763 1936 1811 est
1972 1770 2067 1812 cor
2096 1750 2139 1809 Β
2172 1764 2294 1818 ﬁlim
2317 1762 2497 1833 populi
2531 1763 2632 1815 mei
2661 1760 2838 1831 (Ibid.
2856 1763 2982 1830 ιι);ι
3017 1769 3071 1815 et
3101 1768 3154 1813 tu
3189 1758 3327 1813 mala
3388 1768 3475 1811 tua
3521 1771 3751 1826 pensare

491 1854 671 1894 meum
706 1839 756 1893 in
788 1841 1107 1910 memctipsa
1127 1881 1142 1906 ,
1168 1842 1428 1911 quoniam
1460 1843 1618 1911 plena
1648 1859 1767 1899 sum
1801 1846 2061 1901 amaritu-
2126 1914 2137 1917 _

488 1931 618 1986 dine
645 1948 659 1984 :
708 1931 840 1987 loris
871 1932 1124 1988 interﬁcit
1159 1934 1401 2003 gladius,
1434 1944 1487 1991 et
1518 1936 1663 1993 domi
1696 1952 1843 1993 mors
1869 1938 2065 1993 similis

489 2034 578 2077 est
600 2024 619 2091 (
642 2022 833 2079 Tliren.
866 2024 937 2093 t).
974 2044 993 2075 ι

1067 2117 1299 2174 CAPUT
1342 2118 1503 2177 XVII.

588 2202 809 2259 Flebilis
836 2205 1137 2260 lunrenlutio
1167 2225 1328 2277 super
1358 2211 1590 2265 animam
1620 2212 1970 2266 immunditic

1023 2277 1263 2331 sordibus
1301 2280 1549 2334 deditam.

567 2387 712 2457 Ego,
769 2402 870 2457 ego
917 2395 999 2450 te,
1051 2386 1235 2441 infelix
1281 2388 1493 2453 anima,
1542 2388 1752 2454 deﬂeo,
1802 2399 1963 2460 atque
2005 2405 2071 2444 ex

500 2478 691 2533 intimo
738 2488 961 2545 pectore
1005 2478 1071 2530 de
1123 2487 1225 2531 tuae
1274 2478 1592 2546 perditionis
1637 2488 1784 2533 sorte
1834 2480 2067 2548 suspiro.

474 2567 675 2627 ‘Detleo
719 2577 809 2632 te.
858 2568 1109 2637 inquam,
1145 2568 1470 2623 miserabilis
1501 2570 1680 2625 anima
1720 2570 2074 2625 itmnunditize

498 2658 750 2713 sordibus
802 2657 1016 2722 dedita,
1064 2666 1178 2713 toto
1226 2657 1479 2712 nimirum
1521 2658 1880 2730 lacrymarum
1928 2659 2075 2714 fonte

502 2746 750 2817 lugenda.
781 2746 926 2801 Proh
956 2747 1109 2801 dolor
1136 2748 1149 2801 !
1183 2746 1315 2814 Quis
1345 2748 1494 2805 dabit
1519 2750 1679 2818 capiti
1711 2765 1832 2804 meo
1855 2766 2071 2819 aquam,

500 2847 554 2893 et
578 2838 757 2895 oculis
786 2837 921 2891 meis
952 2837 1156 2891 fontem
1189 2837 1549 2907 lacrymarutn
1575 2840 1597 2894 ?
1637 2838 1791 2909 (λεν.
1821 2857 1897 2894 ιι.
1925 2841 1942 2909 >
1966 2839 2075 2894 Nec

500 2925 964 2983 iuconvenientius
988 2929 1102 2984 haec
1126 2928 1316 2984 ﬂebilis
1343 2944 1445 2985 vox
1472 2946 1558 2986 tne
1580 2947 1723 2989 nunc
1747 2931 2077 3001 singultante

500 3017 861 3086 depromitur,
906 3033 1069 3086 quam
1117 3032 1246 3074 tunc
1294 3033 1364 3075 ex
1411 3035 1509 3075 ore
1564 3020 1882 3091 prepltetico
1929 3020 2073 3075 fere-

2175 1852 2572 1916 dissimulans,
2623 1861 2789 1922 atque
2840 1850 3052 1904 animos
3108 1864 3139 1903 a
3202 1848 3432 1904 crimine
3491 1863 3749 1911 sumens,

2172 1944 2353 2003 Sedeo
2373 1986 2386 2008 ,
2417 1943 2500 1997 ais
2522 1983 2536 2006 ,
2566 1943 2788 2011 regina;
2819 1951 2874 1995 et
2902 1941 3059 1995 vidua
3090 1956 3195 1995 non
3225 1955 3344 1994 sum
3371 1941 3383 1993 l
3416 1939 3527 2010 Ego
3568 1939 3746 2008 capti.

2173 2034 2392 2089 vitatem
2424 2041 2567 2089 tuam
2598 2032 2884 2085 miseratus
2924 2029 3168 2084 exclamo
3197 2043 3210 2080 :
3244 2027 3421 2095 Quare
3459 2027 3624 2083 Jacoh
3656 2028 3752 2081 du-

2172 2133 2291 2177 ctus
2320 2131 2401 2177 est
2428 2131 2487 2175 ut
2512 2120 2867 2185 vernaculus,
2897 2128 2951 2173 et
2981 2118 3143 2173 Israel
3175 2117 3347 2172 factus
3386 2125 3469 2170 cst
3508 2116 3561 2171 in
3604 2131 3745 2185 prie-

2174 2212 2531 2283 dam?(.ler.
2567 2211 2670 2281 ιι.)
2718 2211 2784 2264 Ει
2828 2220 2883 2264 tu
2913 2210 3089 2264 dicis:
3143 2208 3278 2275 Quia
3328 2196 3475 2262 dives
3520 2222 3659 2269 sum,
3697 2215 3750 2260 et

2172 2299 2562 2368 locupletatus,
2594 2308 2649 2354 et
2679 2297 2874 2353 nullius
2911 2312 3067 2368 egeo.
3098 2297 3161 2349 Et
3211 2295 3388 2350 nescis
3433 2295 3556 2365 quia
3607 2304 3661 2348 ιιι
3690 2310 3748 2348 es

2176 2393 2361 2456 miser,
2385 2385 2833 2455 miserabilisfet
2868 2405 3088 2460 pauper,
3122 2398 3175 2442 et
3202 2402 3410 2451 caecus,
3438 2394 3496 2440 et
3532 2386 3748 2441 nudus?

2174 2483 2359 2553 (Apoc.
2389 2482 2498 2553 ιιι.)

2246 2572 2543 2640 Perpende.
2592 2570 2780 2635 miser,
2832 2579 3034 2639 quanta
3087 2582 3184 2629 cor
3241 2578 3391 2623 tuum
3443 2566 3748 2623 obscuritas

2174 2671 2384 2731 premat
2413 2678 2427 2727 ;
2469 2661 2840 2717 animadverte
2865 2700 2880 2724 ,
2918 2674 3079 2729 quam
3107 2658 3273 2713 densa
3319 2667 3370 2711 te
3396 2656 3568 2726 caligo
3592 2656 3749 2709 caeci-

2178 2752 2304 2806 tatis
2347 2752 2606 2807 involvat.
2636 2752 2703 2806 —ln
2743 2750 2956 2805 virilem
2996 2764 3183 2805 sexum
3223 2748 3373 2802 furor
3413 2758 3465 2801 te
3507 2747 3747 2801 libidinis

2175 2842 2434 2912 impulit?
2476 2842 2534 2896 ln
2578 2852 2725 2896 tuam
2774 2850 2828 2895 te
2867 2840 3132 2910 speciem,
3186 2839 3288 2893 hoc
3328 2847 3438 2898 est,
3471 2836 3645 2889 virum
3692 2834 3747 2887 in

2176 2934 2351 2987 virum
2370 2973 2384 2999 ,
2418 2933 2641 2987 luxuriae
2668 2931 2845 2987 rabies
2874 2929 3164 2986 incitavit?
3204 2927 3453 2996 Nunquid
3479 2928 3663 2982 hircus
3694 2925 3746 2978 in

2179 3021 2391 3079 hircum
2455 3022 2745 3091 aliquando
2805 3021 3027 3076 libidine
3086 3020 3459 3091 praecipitatus
3520 3017 3749 3072 insiliit?

500 3106 681 3161 batur.
727 3107 840 3162 Non
882 3109 1032 3163 enim
1078 3108 1291 3178 lapidea
1337 3111 1543 3167 turrita
1580 3090 1734 3167 urbis
1771 3126 2076 3182 prepugna-
2100 3090 2146 3151 (ἶ
2178 3111 2431 3181 Nunquid
2476 3090 2621 3167 aries
2663 3112 2717 3167 in
2759 3112 2983 3167 arietem
3023 3111 3221 3165 ardore
3246 3110 3421 3163 coitus
3447 3106 3749 3163 insanivit?

498 3198 662 3262 cola,
715 3213 824 3252 non
874 3198 1169 3253 manulecti
1220 3200 1407 3269 templi
1448 3200 1717 3256 subversa
1768 3215 2077 3270 conqueror

496 3286 723 3342 aedilicia
743 3328 759 3352 ,
792 3303 897 3343 non
927 3288 1049 3343 vilis
1079 3288 1222 3359 vulgi
1252 3290 1472 3360 agmina
1502 3290 1778 3346 lamentor
1806 3290 1874 3347 ad
1900 3290 2075 3361 Baby-

500 3376 664 3431 louici
700 3378 841 3445 regis
872 3377 1159 3447 imperium
1188 3378 1347 3435 ducta
1379 3377 1546 3435 fuisse
1586 3379 1835 3448 captiva;
1881 3378 2075 3437 nobilis

503 3479 533 3519 a
557 3479 643 3519 me
669 3466 853 3519 anima
880 3464 1172 3536 plangitur,
1202 3466 1272 3523 ad
1301 3467 1594 3537 imaginem
1622 3466 1751 3531 Dei,
1778 3474 1835 3522 et
1878 3465 2070 3521 simili-

502 3546 743 3609 iudinem
771 3555 987 3610 condita
1012 3596 1027 3621 ,
1061 3565 1115 3611 et
1139 3556 1535 3626 pretiosissimo
1574 3556 1773 3612 Christi
1814 3556 2074 3625 sanguine

500 3655 845 3714 comparata,
889 3646 1077 3700 multis
1120 3646 1317 3699 clarior
1353 3645 1627 3712 aediﬁciis,
1673 3648 1886 3701 cunctis
1924 3654 2074 3703 certe

500 3745 733 3791 terrente
762 3736 981 3791 fabricae
1007 3735 1343 3807 prmfemnda
1376 3735 1625 3806 fastigiis.
1656 3736 1885 3807 Insignis
1909 3736 2073 3807 igitur

502 3828 694 3882 anim
738 3827 946 3896 lapsum
967 3867 982 3892 ,
1025 3835 1080 3883 et
1108 3827 1327 3897 templi,
1355 3827 1408 3880 in
1432 3842 1543 3895 quo
1564 3826 1815 3882 Christus
1859 3827 2072 3883 habita-

499 3926 686 3981 verat,
714 3916 981 3972 lamentor
1004 3918 1297 3973 excidium.
1340 3904 1492 3977 Oculi
1523 3918 1918 3987 mei.plorando
1942 3917 2073 3973 deti-

501 4007 637 4073 cite,
668 4007 864 4062 uberes
890 4007 1260 4079 lacrymarum
1301 4009 1450 4063 rivos
1473 4007 1761 4071 eﬂnndite,
1790 4007 2068 4064 continuis

500 4098 713 4153 ﬂetibus
747 4100 923 4154 tristia
964 4100 1224 4171 lugubres
1252 4116 1348 4155 ora
1389 4101 1578 4172 rigate.
1629 4100 1903 4157 Deducaut
1947 4117 2067 4159 cunt

500 4191 764 4260 propheta
808 4192 951 4246 oculi
998 4193 1106 4249 mei
1146 4193 1417 4265 lacrytnas
1438 4209 1539 4263 per
1562 4193 1707 4249 diem
1737 4202 1793 4249 et
1815 4203 2031 4250 noctem
2051 4235 2066 4260 ,

495 4286 555 4334 et
580 4294 685 4333 non
710 4288 926 4335 taceant
945 4320 961 4346 ,
985 4281 1242 4350 quoniam
1270 4282 1596 4337 contritione
1619 4296 1811 4352 magna
1838 4284 2068 4337 contrita

496 4377 586 4422 est
612 4369 762 4439 virgo
786 4369 1107 4439 tilia-populi
1134 4372 1262 4434 mei,
1278 4371 1435 4442 plaga
1466 4372 2065 4443 pessima,vehcmenter

500 4459 656 4527 (λετ.
688 4475 777 4514 xtv
803 4460 845 4530 ).
884 4460 1017 4515 Filia
1061 4462 1260 4531 quippe
1298 4462 1481 4531 populi
1522 4463 1627 4517 mei
1654 4463 1887 4531 pessima
1908 4464 2067 4534 plaga

499 4568 757 4621 percussa
814 4562 935 4618 est;
985 4554 1110 4622 quia
1157 4555 1373 4619 anima,
1407 4570 1526 4625 qua:
1567 4565 1770 4611 sancta:
1814 4556 2071 4612 Ecclesiae

501 4643 681 4697 fuerat
706 4643 815 4697 tilia
836 4682 850 4708 ,
880 4644 950 4697 ab
979 4644 1133 4698 hoste
1175 4644 1390 4697 humani
1437 4645 1651 4715 generis
1684 4645 1794 4699 telo
1834 4647 2068 4703 immun-

501 4731 651 4786 ditia:
676 4741 762 4789 est
786 4732 1082 4787 crudeliter
1107 4734 1347 4787 sauchita
1370 4751 1387 4786 :
1414 4744 1472 4788 et
1509 4750 1629 4805 quae
1674 4735 1729 4788 iu
1771 4735 1890 4788 aula
1934 4736 2073 4805 regis

500 4820 689 4873 aeterni
736 4821 878 4876 lacte
918 4822 1062 4876 sacri
1095 4822 1294 4891 eloquii
1340 4831 1523 4879 tenere
1566 4838 1634 4878 ac
1668 4822 1902 4877 molliter
1938 4838 2093 4877 enn-~

501 4907 809 4973 triebatur;
841 4917 994 4963 nunc‘
1012 4924 1219 4964 veneno
1243 4909 1483 4965 libidinis
1509 4910 1822 4980 pestilenter
1847 4910 2067 4975 infecta,

502 4998 562 5050 in
590 4998 896 5067 sulphureis
922 4999 1238 5057 Gomorrha:
1258 5002 1536 5056 cineribus
1560 5000 1873 5063 tumefacta.
1906 5016 1971 5056 ac
1999 5002 2073 5055 ri-

502 5089 626 5159 gida
649 5088 834 5156 jacere
863 5092 1216 5162 conspicitur.
1245 5111 1262 5144 ι
1296 5092 1397 5159 Qui
1421 5093 1563 5146 enim
1593 5092 1952 5146 vescebantur
1980 5105 2074 5145 vo-

501 5182 778 5248 luptuose,
814 5180 1142 5237 interierunt
1188 5184 1242 5239 iu
1284 5184 1428 5248 viis;
1470 5185 1563 5253 qui
1603 5184 1981 5238 nutriebantur
2019 5183 2072 5237 in

508 5268 666 5339 ιω
686 5270 929 5335 croceis,
955 5272 1244 5341 amplexati
1270 5281 1399 5328 sunt
1421 5282 1661 5328 stercora
1684 5274 1902 5344 (Thren.
1935 5274 2064 5343 tv)»

499 5355 725 5422 Quare?
752 5360 1001 5427 sequitur
1040 5363 1339 5431 propheta,
1376 5373 1434 5417 et
1466 5363 1633 5417 dicit:
1670 5383 1687 5414 ι
1717 5362 1854 5429 Quia
1897 5362 2073 5431 tuajnr

500 5444 692 5500 eiecta
719 5456 808 5503 est
834 5449 1090 5519 iniquitas
1121 5451 1244 5507 tilize
1283 5451 1461 5521 populi
1498 5453 1603 5506 mei
1642 5460 1864 5521 peccato
1902 5450 2074 5505 Sodo~

504 5549 748 5602 morum,
789 5552 911 5607 qua:
946 5539 1201 5594 subversa
1238 5549 1327 5595 est
1362 5542 1413 5595 in
1455 5550 1728 5596 momento
1760 5540 1947 5611 (Ibid.
1973 5540 2012 5609 ).
2050 5561 2066 5592 ›

504 5624 762 5695 lniqnitas
784 5628 981 5698 quippe
996 5630 1315 5686 Christiana:
1340 5632 1530 5686 animm
1553 5641 1830 5701 peccatum
1855 5641 2071 5699 superat

2176 3203 2365 3273 Equus
2388 3218 2580 3272 nempe
2615 3218 2740 3257 cum
2780 3217 2919 3272 equo
2961 3201 3027 3256 ad
3071 3216 3234 3254 unum
3272 3212 3511 3268 praesepe
3552 3196 3747 3252 blande

2176 3304 2231 3351 et
2252 3293 2600 3349 concorditer
2625 3293 2885 3361 pascitur,
2913 3292 3003 3360 qui
3046 3290 3163 3344 visa
3202 3305 3339 3358 equa
3384 3289 3434 3341 in
3476 3286 3745 3342 sensibili-

2176 3394 2340 3440 tatem
2370 3384 2599 3439 luxuriae
2639 3383 2886 3452 protinus
2928 3380 3203 3441 eﬂ’eratur.
3233 3378 3514 3448 Nunquam
3555 3387 3744 3430 taurus

2177 3482 2391 3528 taurum
2437 3487 2622 3527 amore
2668 3470 2896 3526 coeundi
2941 3469 3251 3540 petulanter
3296 3466 3561 3537 appetiit,
3608 3481 3745 3519 nuu-

2174 3576 2335 3631 quam
2377 3561 2563 3616 asinus
2590 3559 2811 3617 stimulo
2836 3558 3224 3615 concumbeudi
3251 3572 3375 3613 cum
3404 3557 3557 3611 asino
3594 3554 3742 3608 rudi-

2173 3660 2259 3707 tus
2286 3652 2484 3707 emisit.
2517 3650 2630 3706 Hoc
2656 3666 2784 3721 ergo
2809 3650 3003 3721 perditi
3032 3648 3277 3703 homines
3298 3654 3611 3717 perpetrare
3635 3658 3744 3699 non

2171 3750 2451 3805 metuunt,
2477 3739 2622 3809 quod
2652 3720 2764 3809 ipsa
2792 3720 3009 3808 quo'que
3033 3736 3194 3791 bruta
3219 3735 3472 3790 animalia
3515 3735 3740 3803 perhor-

2174 3838 2440 3885 rescunt:
2493 3828 2637 3897 quod
2685 3826 2755 3881 ab
2804 3828 3054 3883 humana:
3104 3825 3386 3896 pravitatis
3430 3826 3736 3880 temeritate

2169 3918 2557 3983 committitur.
2595 3915 3043 3993 irrationabilium
3086 3929 3339 3984 pecorum
3373 3914 3578 3983 judicio
3609 3929 3739 3968 con-

2169 4010 2474 4064 demnatur.
2523 4009 2653 4073 Dic,
2698 4008 2780 4061 vir
2826 4006 3069 4071 evirate;
3102 4006 3397 4076 responde,
3429 4005 3589 4065 homo
3615 4002 3742 4059 eﬂ‘e-

2170 4100 2406 4164 minate,
2456 4098 2584 4169 quid
2636 4098 2689 4153 in
2746 4097 2862 4152 viro
2909 4097 3135 4167 quaeris,
3176 4095 3319 4164 quod
3355 4095 3408 4150 iu
3456 4096 3740 4163 temetipso

2170 4189 2413 4247 invenire
2453 4205 2559 4245 non
2606 4189 2785 4258 possis
2809 4188 2833 4242 ?
2861 4203 3024 4258 quam
3062 4188 3432 4243 diversitatem
3466 4186 3740 4242 sexuum?

2170 4297 2291 4351 qua:
2332 4281 2483 4336 varia
2530 4280 2852 4335 lineamenta
2901 4280 3308 4335 membrorum?
3354 4294 3516 4348 quam
3564 4277 3739 4332 molli-

2174 4369 2349 4424 tiem?
2414 4384 2582 4438 quam
2647 4368 2881 4424 carnalis
2939 4354 3213 4425 illecebrae
3277 4367 3740 4423 teneritudinem?

2173 4476 2332 4529 quam
2384 4459 2582 4514 lubrici
2634 4459 2815 4514 vultus
2868 4458 3308 4526 iucunditatem?
3367 4456 3593 4512 Terreat
3646 4468 3738 4531 te,

2167 4563 2388 4618 quaeso,
2419 4550 2576 4619 vigor
2619 4548 2900 4604 masculini
2940 4558 3222 4617 aspectus,
3257 4549 3549 4604 abhorreat
3586 4563 3739 4603 mens

2172 4649 2264 4693 tua
2313 4638 2500 4693 viriles
2545 4647 2716 4695 artus.
2766 4638 3042 4694 Naturalis
3080 4639 3275 4707 quippe
3320 4638 3589 4708 appetitus
3621 4637 3739 4692 olli-

2169 4728 2315 4783 cium
2358 4738 2481 4792 est,
2520 4737 2580 4782 ut
2631 4729 2733 4783 hoc
2758 4729 3126 4797 unusquisque
3160 4729 3506 4782 extrinsecus
3528 4736 3739 4790 (πνέει-ιιι

2173 4819 2313 4887 quod
2364 4820 2504 4873 intra
2556 4833 2668 4872 sum
2718 4816 2992 4873 l'awltatis
3046 4819 3280 4875 claustra
3336 4818 3573 4890 reperire
3624 4833 3735 4872 non

2172 4910 2333 4963 valet.
2389 4910 2446 4964 Si
2496 4924 2628 4979 ergo
2680 4918 2731 4966 te
2780 4910 3140 4966 contreetatio
3186 4911 3499 4967 masculina:
3558 4910 3737 4964 carnis

2170 4999 2436 5061 oblectat.
2466 5006 2617 5052 verte
2642 5013 2836 5054 manus
2881 5000 2936 5054 in
2986 5010 3038 5056 te
3067 5015 3083 5055 :
3129 5009 3185 5056 et
3223 5001 3389 5065 scito,
3420 4999 3548 5068 quia
3580 4998 3736 5066 quid-

2172 5087 2300 5157 quid
2331 5086 2470 5156 apud
2501 5096 2551 5141 te
2576 5101 2683 5141 non
2716 5087 2954 5153 invenis,
2985 5088 3042 5143 in
3071 5088 3246 5144 alieno
3272 5101 3500 5156 corpore
3539 5086 3596 5140 in
3639 5101 3732 5138 va‘

2169 5191 2331 5230 cuum
2381 5176 2605 5245 quaeris.
2661 5177 2750 5237 Va:
2800 5179 2930 5240 tibi,
2974 5177 3163 5235 infelix
3202 5178 3419 5232 anima!
3469 5175 3536 5230 de
3580 5176 3735 5245 cujus

2168 5265 2392 5319 interitu
2449 5267 2738 5321 tristantur
2785 5267 2992 5337 angeli,
3031 5267 3289 5322 insultant
3325 5266 3598 5335 plausibus
3633 5267 3735 5321 ini-

2176 5354 2298 5408 mici
2325 5371 2341 5420 ;
2371 5354 2510 5409 facta
2536 5370 2597 5409 es
2623 5355 2805 5424 praada
2829 5355 3129 5410 dremonum
3146 5396 3160 5418 ,
3190 5355 3379 5424 rapina
3403 5352 3733 5418 crudelium,

2175 5445 2402 5513 spolium
2436 5445 2721 5513 impiorum
2752 5462 2767 5498 :
2802 5464 2819 5497 ι
2849 5445 3189 5513 Aperuerunt
3217 5458 3381 5514 super
3409 5453 3460 5500 te
3487 5459 3550 5499 os
3578 5460 3734 5500 suum

2173 5550 2362 5590 omnes
2414 5536 2616 5591 inimici
2676 5536 2793 5599 tui;
2851 5534 3246 5601 sibilaverunt,
3304 5544 3358 5591 et
3398 5533 3739 5591 fremuerunt

2178 5627 2456 5688 dentibus,
2499 5636 2551 5680 et
2582 5626 2831 5680 dixerunt
2863 5643 2875 5677 :
2914 5626 3299 5681 Devorahimus
3334 5642 3453 5681 eam
3488 5645 3500 5680 :
3538 5641 3603 5680 en
3636 5627 3733 5679 ista
