3996 6184
309 294 410 350 179

306 421 389 465 cst
418 408 561 474 dies,
609 423 770 479 quam
822 408 1267 477 exspectabamus
1305 426 1317 460 :

310 516 435 555 mus
466 499 700 570 ('l'hren.
734 515 771 553 ιι
797 499 837 567 ).
874 520 891 550 ι

775 589 931 659 137
970 587 1196 642 CAPUT
1233 586 1418 642 xvut.

377 680 530 744 Quod
554 679 666 732 ideo
694 679 870 731 anima
895 678 1041 732 debet
1079 678 1277 748 plangi,
1308 681 1431 747 quia
1460 694 1563 733 non
1583 678 1805 749 plangit.

258 836 263 839 Α
379 769 587 824 ldcireo
639 785 737 839 ego
771 778 855 835 te,
888 784 920 823 o
952 770 1277 825 miserabilis
1317 772 1528 834 anima,
1571 780 1648 828 tot
1677 772 1877 826 lamen-

311 859 603 914 tationibus
632 859 831 923 deﬂeo,
865 862 989 928 quia
1031 870 1081 913 te
1117 860 1244 915 ﬂere
1281 876 1387 914 non
1427 876 1631 926 cerno;
1675 863 1877 918 idcirco

307 965 408 1020 ego
454 966 553 1020 pro
597 958 648 1009 te
697 950 843 1006 humi
888 962 1189 1021 prostratus
1230 952 1421 1021 jaceo,
1468 956 1594 1023 quia
1644 964 1694 1008 te
1737 956 1875 1009 male

311 1048 550 1093 erectam
584 1048 704 1109 post
750 1050 855 1093 tam
898 1056 1112 1110 gravem
1159 1041 1364 1110 lapsum
1415 1043 1555 1097 ultro
1602 1045 1761 1098 etiam
1810 1048 1875 1100 ad

307 1130 581 1198 fastigium
638 1129 989 1184 ecclesiastici
1050 1130 1256 1185 ordinis
1310 1134 1639 1187 contendere
1694 1134 1871 1187 video.

306 1217 573 1271 Caeterum
613 1218 655 1272 si
697 1226 750 1270 tu
785 1226 834 1271 te
863 1218 915 1271 in
944 1218 1248 1273 humilitate
1277 1221 1641 1288 deprimeres,
1678 1236 1776 1292 ego
1811 1224 1876 1275 de

306 1319 396 1360 tua
438 1308 835 1362 restauratione
874 1323 1096 1363 securus
1117 1350 1132 1373 ,
1167 1312 1292 1365 totis
1318 1313 1370 1365 in
1400 1312 1629 1367 Domino
1655 1315 1876 1370 visceri-

306 1397 406 1451 bus
430 1397 756 1452 exsultarem
781 1415 796 1463 ;
828 1398 873 1452 si
904 1401 1121 1454 contriti
1149 1402 1327 1457 cordis
1354 1403 1510 1474 digna
1537 1408 1876 1474 compunclio

307 1491 546 1557 pectoris
583 1490 659 1543 tui
695 1506 893 1544 arcana
933 1501 1287 1558 concuteret,
1327 1510 1426 1564 ego
1465 1511 1569 1549 non
1607 1497 1877 1553 immerito

305 1579 592 1633 incll'abilis
618 1580 817 1633 lzetitize
847 1581 1081 1649 tripudio
1118 1584 1468 1651 jucundarer.
1506 1587 1711 1642 idcirco
1748 1603 1875 1659 ergo

305 1670 538 1724 maxime
565 1669 738 1724 ﬂenda
770 1687 859 1735 es,
888 1673 1014 1739 quia
1045 1688 1149 1726 non
1177 1672 1310 1740 ﬂes;
1342 1675 1462 1730 ideo
1497 1676 1688 1732 alienis
1728 1679 1875 1733 dolo-

766 292 825 347 S.
854 292 1059 348 PLTRI
1091 292 1371 347 DAMIANI
1409 291 1558 347 OPP.
1592 290 1826 348 TOMUS
1862 291 1993 348 SEU
2032 293 2211 349 PARS
2247 293 2333 348 Ill.
2359 324 2427 334 —-
2451 292 2810 349 OPUSCULA
2854 292 3082 347 VARIA.

1368 407 1693 471 invenimus,
1741 407 1879 460 vidi-
1910 411 1956 466 Α
1989 408 2193 461 laribus
2222 408 2483 462 removeri
2513 423 2617 460 non
2646 406 2888 475 pateris?
2918 405 2972 458 Si
3004 406 3113 471 ipse
3139 404 3361 460 dimisso
3393 407 3551 477 regiae

3446 292 3552 348 180

1980 499 2260 567 dignitatis
2292 500 2550 567 imperio,
2580 498 2827 552 habitare
2865 498 3025 567 168
3064 496 3117 550 in
3147 496 3306 551 domo
3338 497 3549 567 privata

1981 604 2151 656 usque
2184 588 2249 641 ad
2278 588 2485 642 obitum
2517 603 2622 642 non
2650 587 2865 642 erubuit
2889 604 2902 651 ;
2933 599 2987 640 tu
3018 602 3115 641 cur
3139 602 3168 639 a
3197 587 3550 641 sacerdotalis

1950 683 2142 736 ‘odicii
2187 683 2537 737 confunderis
2567 698 2692 737 arce
2718 684 3045 739 descendere
3067 725 3080 747 ,
3112 694 3169 737 ut
3196 683 3247 737 in
3277 686 3549 753 paeniten-

1980 772 2065 825 tia:
2090 772 2365 841 sepultura
2395 773 2701 835 conclusus,
2734 781 2787 827 te
2814 773 2956 825 inter
2980 773 3128 826 vivos
3154 774 3369 828 studeas
3393 777 3546 843 quasi

1980 869 2249 913 mortuum
2280 860 2541 929 deputare
2565 861 2587 913 ?
2619 860 2717 925 Et,
2754 871 2810 914 ut
2838 861 2905 913 ad
2934 861 3077 914 illam
3103 861 3239 916 Joab
3268 865 3548 933 mysticam

1977 963 2320 1001 recurramus
2348 947 2629 1001 historiam
2650 988 2664 1011 ,
2692 948 2735 1000 si
2766 948 2879 1015 ipse
2905 947 3083 1017 gladio
3112 949 3389 1014 corruisti,
3419 965 3548 1019 quo-

1977 1039 2135 1091 modo
2162 1037 2324 1089 alium
2352 1052 2446 1105 per
2471 1036 2859 1090 sacerdotalem
2888 1038 3111 1107 gratiam
3141 1038 3464 1094 suscitabis?
3488 1039 3545 1094 Si

1981 1126 2093 1193 ipse
2138 1124 2479 1194 exigentibus
2524 1124 2763 1189 meritis,
2808 1126 3015 1195 indiges
3054 1142 3221 1195 pane,
3264 1129 3316 1183 id
3355 1139 3466 1194 est,
3514 1145 3544 1183 a

1976 1214 2175 1267 Christi
2219 1221 2502 1281 separatus
2545 1227 2604 1267 es
2632 1227 2890 1281 corpore,
2931 1229 3038 1282 quo
3068 1224 3224 1284 pacto
3263 1215 3426 1270 alium
3455 1233 3545 1285 po-

1978 1305 2110 1358 teris
2151 1303 2392 1358 caelestis
2438 1318 2636 1357 mensa:
2675 1304 2902 1373 dapibus
2944 1306 3187 1361 satiare?
3229 1306 3286 1360 Si
3318 1316 3374 1360 tu
3405 1307 3547 1363 Ozi:e

1976 1393 2122 1462 lepra
2154 1408 2214 1446 es
2243 1406 2530 1461 percussus
2557 1392 2608 1444 in
2638 1391 2813 1446 fronte
2832 1433 2845 1455 ,
2891 1392 2993 1446 hoc
3020 1401 3133 1457 est,
3164 1393 3397 1449 infamiae
3421 1407 3543 1453 uota

1976 1484 2353 1541 dehonestaris
2378 1484 2430 1537 in
2473 1482 2628 1547 facie,
2661 1484 2930 1551 quomodo
2961 1484 3123 1539 alium
3150 1486 3350 1555 poteris
3376 1487 3543 1542 obdu-

1950 1608 1953 1609 ν
1977 1582 2061 1628 cla
2090 1572 2394 1642 perpetrati
2433 1572 2680 1626 criminis
2709 1571 2976 1627 alluvione
3006 1574 3283 1643 purgare?
3311 1574 3541 1630 Erubes-

1976 1676 2063 1720 cat
2106 1681 2236 1733 ergo
2283 1664 2571 1720 tumefacta
2619 1666 2870 1734 superbia
2894 1707 2910 1733 ,
2958 1681 3057 1720 nec
3088 1681 3249 1736 super
3274 1682 3333 1722 se
3362 1667 3541 1722 extolli

307 1761 457 1815 ribus
489 1762 726 1831 indiges,
763 1763 889 1829 quia
929 1763 1251 1817 calamitatis
1290 1774 1393 1820 tute
1427 1767 1721 1834 periculum
1761 1770 1866 1837 ipsa

1980 1756 2215 1809 inaniter
2252 1763 2502 1824 appetat,
2546 1769 2705 1823 quam
2735 1754 2873 1808 infra
2902 1770 2959 1809 se
2989 1757 3190 1826 proprii
3220 1766 3401 1812 reatus
3430 1773 3543 1812 sar-

304 1867 410 1904 non
440 1850 621 1916 doles;
652 1861 707 1905 et
735 1867 801 1905 eo
826 1854 1184 1907 amarioribus
1210 1855 1461 1910 fraternae
1486 1858 1874 1926 compassionis

304 1956 364 1994 cs
397 1939 611 1995 ﬂetibus
654 1942 977 2011 deploranda
999 1982 1014 2007 ,
1056 1958 1161 2011 quo
1193 1944 1339 1998 nullo
1377 1946 1719 2014 perpenderis
1752 1962 1877 2016 pro-

301 2033 434 2100 pria:
460 2033 696 2087 tristitia:
722 2047 957 2087 maerore
986 2033 1195 2087 turbata
1223 2051 1237 2099 ;
1272 2044 1331 2089 ut
1355 2036 1482 2103 quid
1510 2036 1874 2091 damnationis

305 2133 410 2178 ture
436 2127 645 2192 pondus
674 2138 905 2193 pensare
936 2124 1287 2179 dissimulas?
1316 2134 1372 2177 ut
1396 2125 1524 2195 quid
1554 2135 1606 2179 te
1635 2126 1793 2181 modo
1820 2126 1871 2178 in

300 2222 644 2281 peccatorum
672 2214 933 2283 profunda
960 2214 1270 2284 mergendo,
1300 2216 1459 2270 modo
1488 2216 1541 2269 in
1568 2217 1871 2285 superbiam
1896 2222 1899 2231 '

302 2303 600 2369 elevando,
654 2305 791 2360 iram
845 2307 939 2360 tibi
993 2307 1047 2360 in
1100 2308 1185 2361 die
1221 2308 1315 2362 irae
1346 2310 1719 2363 thesaurizare
1764 2326 1869 2364 nou

301 2407 485 2447 cessas
508 2395 531 2446 ?
558 2395 750 2459 Venit,
782 2396 928 2449 venit
961 2411 1124 2465 super
1168 2406 1221 2450 te
1266 2397 1572 2453 maledictio
1600 2398 1684 2452 illa
1707 2439 1723 2464 ,
1753 2416 1873 2468 qua:

299 2499 365 2537 ex
410 2500 507 2538 ore
551 2484 718 2539 David
763 2485 814 2539 in
858 2484 1021 2548 Joab,
1052 2493 1106 2539 et
1136 2486 1188 2538 in
1222 2486 1437 2539 domum
1466 2486 1581 2553 ejus
1608 2496 1720 2549 est,
1754 2487 1872 2541 fuso

300 2575 483 2627 Abuer
523 2576 814 2645 sanguine,
850 2574 1105 2642 jaculata.
1151 2575 1326 2631 Pestis
1352 2577 1443 2630 illa
1471 2577 1867 2632 Gomorrhiana

305 2680 448 2717 IlllllC
479 2665 533 2718 in
568 2665 903 2719 habitatione
930 2666 1003 2717 tui
1036 2667 1277 2733 corporis
1304 2667 1473 2731 vivit,
1505 2683 1625 2734 qua:
1655 2668 1868 2721 domum

300 2750 435 2806 Joab
465 2753 702 2808 crudelis
730 2754 1009 2807 homicidii
1042 2754 1247 2807 ultione
1274 2756 1565 2810 damnavit.
1609 2756 1870 2810 Percusso

300 2843 495 2911 quippe
540 2842 744 2908 Abncr,
792 2845 867 2896 ait
914 2843 1120 2897 David:
1158 2862 1175 2892 ‹
1207 2843 1435 2897 Mundus
1472 2858 1570 2912 ego
1618 2861 1773 2905 sum,
1817 2854 1870 2898 et

304 2947 525 3000 regnum
579 2947 757 2986 meum
808 2948 977 3000 usque
1019 2932 1071 2986 in
1111 2933 1497 3001 sempiternum
1538 2949 1566 2987 a
1611 2935 1870 3004 sanguine

304 3019 486 3074 Abner
515 3019 609 3073 ftlii
640 3019 749 3073 Ner
778 3038 790 3072 :
822 3029 875 3074 et
901 3021 1084 3074 veniat
1117 3036 1279 3089 super
1304 3032 1458 3091 caput
1491 3022 1625 3077 Joab
1645 3064 1659 3089 ,
1691 3033 1745 3077 et
1773 3041 1864 3077 su-

299 3123 396 3176 per
416 3124 630 3164 omnem
657 3109 872 3163 domum
901 3110 1071 3178 patris
1096 3110 1233 3180 ejus,
1262 3126 1361 3165 nec
1385 3111 1597 3166 deficiat
1621 3112 1686 3167 de
1711 3113 1868 3168 domo

298 3199 433 3252 .loab
450 3199 905 3255 Gomorrhianum
928 3201 1201 3255 sustinens
1228 3201 1309 3270 (II
1328 3201 1451 3271 Reg.
1469 3202 1570 3271 ιιι).
1588 3223 1605 3254 ι
1633 3203 1737 3257 Pro
1763 3219 1869 3272 quo

262 3289 535 3343 secunda
582 3288 862 3342 translatio
910 3289 1113 3343 habet:
1161 3290 1387 3344 Fluxum
1436 3292 1658 3347 seminis
1709 3295 1871 3347 susti-

302 3395 464 3440 nens.
499 3389 555 3434 et
594 3380 840 3449 leprosus
885 3389 1072 3436 tenens
1098 3380 1275 3435 fusum
1298 3423 1313 3447 ,
1344 3391 1399 3436 et
1427 3384 1624 3438 cadens
1656 3384 1828 3455 gladio
1850 3426 1865 3449 ,

262 3470 351 3522 'ct
401 3470 647 3540 indigens
692 3485 851 3539 pane.
902 3471 1076 3539 Lepra
1123 3472 1322 3541 quippe
1366 3475 1726 3542 perfunditur,
1774 3476 1864 3544 qui

299 3559 479 3627 gravis
507 3559 709 3627 peccati
739 3559 856 3613 labe
887 3559 1141 3615 foedatur.
1170 3560 1368 3616 Pusum
1396 3579 1525 3618 vero
1552 3576 1758 3629 tenere,
1786 3576 1868 3620 est

260 3660 265 3664 ·
299 3646 471 3700 virilis
517 3647 643 3701 vita:
667 3647 823 3701 fortia
856 3647 996 3702 facta
1026 3650 1352 3720 relinquere,
1384 3660 1438 3707 et
1466 3652 1710 3708 feminea:
1735 3672 1866 3709 con-

301 3735 624 3790 versationis
657 3735 1027 3791 illecebrosam
1059 3739 1336 3794 mollitiem
1364 3740 1637 3796 exhibere.
1677 3742 1865 3798 Gladio

296 3823 475 3888 radit,
525 3824 615 3892 qui
660 3824 898 3878 furorem
944 3826 1138 3880 divina:
1184 3828 1570 3897 indignationis
1614 3831 1862 3889 incurrit.

264 3918 267 3921 ’
299 3914 443 3970 l’ane
470 3915 705 3985 indiget,
736 3930 896 3987 quem
926 3931 955 3969 a
986 3918 1332 3987 perceptione
1356 3917 1556 3973 Christi
1587 3923 1861 3990 corporis,

296 4004 501 4073 proprii
546 4016 728 4061 reatus
775 4022 935 4076 paena
982 4020 1241 4064 coercet:
1288 4010 1382 4065 lllc
1427 4020 1512 4067 est
1537 4013 1679 4067 enim
1706 4013 1861 4081 panis

293 4094 447 4146 vivus
473 4093 562 4160 qui
590 4093 657 4147 de
688 4094 824 4148 coalo
852 4098 1131 4151 descendit
1162 4096 1361 4167 (Joan.
1386 4111 1440 4151 vt
1466 4098 1504 4172 j.

369 4181 427 4235 Si
464 4196 593 4252 ergo
625 4193 747 4252 post
771 4182 974 4237 ﬂuxum
1005 4186 1227 4240 seminis
1255 4187 1497 4256 leprosus
1527 4188 1698 4242 factus
1726 4204 1862 4258 pra:-

252 4270 257 4275 ’
294 4281 452 4340 cepto
498 4272 630 4342 legis
673 4282 829 4325 extra
872 4282 1053 4328 castra
1096 4290 1315 4330 manere
1350 4277 1716 4346 compelleris,
1763 4295 1861 4333 cur

293 4362 469 4415 adhuc
516 4360 570 4414 in
617 4360 820 4416 eisdem
867 4364 1063 4417 castris
1105 4363 1270 4417 etiam
1318 4365 1538 4420 honoris
1570 4366 1855 4434 primatum

262 4452 538 4507 obtinere
581 4453 909 4508 contendis?
950 4453 1201 4523 Nunquid
1248 4470 1351 4509 non
1396 4454 1557 4511 Ozias
1600 4472 1695 4511 rex
1736 4473 1857 4513 cum

294 4541 527 4609 superbe
568 4541 784 4596 adolere
812 4542 1089 4598 incensqu
1116 4540 1276 4612 super
1300 4545 1468 4599 altare
1494 4547 1859 4617 thymiamatis

291 4631 587 4698 voluisset,
619 4642 906 4703 postquam
937 4649 994 4688 se
1019 4634 1175 4705 plaga
1205 4634 1366 4704 leprae
1394 4635 1610 4691 ctelitus
1637 4652 1858 4706 percus-

292 4737 411 4776 sum
452 4724 711 4792 agnovit,
750 4739 858 4779 non
901 4725 1060 4780 modo
1101 4739 1131 4777 a
1174 4725 1542 4780 sacerdotibus
1572 4726 1638 4780 de
1667 4728 1862 4795 templo

290 4812 484 4882 expelli
512 4813 781 4882 patienter
811 4815 971 4879 tulit;
1006 4816 1098 4869 sed
1139 4824 1194 4870 et
1239 4815 1353 4885 ipse
1391 4816 1640 4871 celeriter
1678 4818 1857 4887 egredi

290 4903 610 4957 festinavit?
651 4903 923 4972 Scriptum
966 4907 1161 4973 quippe
1202 4916 1285 4959 est
1314 4924 1326 4959 :
1355 4924 1373 4956 ‹
1406 4906 1646 4975 Cumque
1674 4922 1856 4976 respe-

290 4996 457 5047 xisset
482 5007 602 5045 eum
626 4993 851 5046 Azarias
877 4993 1114 5061 pontifex
1134 5033 1147 5059 ,
1175 5002 1229 5046 et
1249 5009 1436 5047 omnes
1461 4995 1649 5063 reliqui
1676 5011 1860 5049 sacer-

290 5085 473 5147 dotes,
513 5081 764 5136 viderunt
802 5080 1004 5150 lepram
1050 5081 1104 5135 in
1146 5080 1322 5135 fronte
1347 5081 1491 5149 ejus,
1520 5092 1572 5137 et
1598 5083 1852 5139 festinato

292 5174 611 5242 expulerunt
654 5187 776 5227 eum
804 5188 817 5236 ;
848 5190 866 5223 ›
904 5187 1133 5241 moxque
1176 5172 1516 5241 subiungitur
1548 5192 1560 5226 :
1595 5192 1613 5225 ε
1649 5173 1752 5227 Sed
1800 5183 1855 5229 et

290 5263 403 5330 ipse
451 5263 789 5331 perterritus,
844 5263 1163 5317 acceleravit
1211 5264 1417 5331 egredi,
1466 5279 1530 5317 eo
1557 5266 1698 5333 quod
1731 5281 1851 5318 scn-

260 5374 261 5377 η
293 5353 453 5406 sisset
493 5352 701 5422 plagam
747 5353 956 5407 Domini
998 5351 1098 5422 (ll
1131 5351 1315 5405 Paral.
1348 5352 1532 5420 xxvi).
1568 5372 1587 5405 ι

361 5441 419 5495 Si
462 5458 554 5495 rex
596 5443 863 5511 corporali
895 5443 1047 5512 lepra
1080 5457 1397 5511 percussus,
1432 5458 1460 5495 a
1487 5444 1853 5499 sacerdotibus

289 5533 355 5585 de
397 5533 593 5601 templo
629 5534 748 5602 ejici
779 5551 882 5588 non
910 5535 1263 5604 contempsit,
1293 5544 1347 5587 tu
1381 5535 1623 5603 leprosus
1654 5537 1706 5589 in
1732 5538 1849 5589 ani-

291 5638 408 5689 ma,
455 5639 551 5678 cur
594 5633 671 5678 tot
699 5636 1008 5680 sanctorum
1040 5626 1256 5681 Patrum
1284 5626 1542 5694 judicio_a
1574 5628 1745 5681 sacris
1776 5626 1849 5679 al-

1888 4406 1936 4465 ι)

1975 1849 2094 1903 cina
2122 1864 2227 1903 non
2256 1847 2604 1903 mediocriter
2624 1858 2812 1919 gravat
2837 1865 2852 1914 ;
2881 1849 3047 1903 discat
3076 1850 3215 1905 mala
3242 1865 3336 1904 sua
3364 1850 3541 1905 subtili

1972 1938 2406 1993 consideratione
2430 1939 2762 2009 perpendere
2783 1979 2797 2003 ,
2828 1940 3001 1993 discat
3027 1955 3084 1994 se
3112 1941 3249 1994 intra
3280 1956 3542 1995 mensura:

1973 2041 2084 2082 sua:
2128 2035 2301 2082 metas
2347 2028 2624 2082 humiliter
2669 2028 2924 2085 cohibere
2950 2070 2963 2094 ,
3009 2046 3078 2085 ne
3117 2032 3242 2085 dum
3285 2033 3368 2096 id,
3398 2033 3540 2102 quod

1973 2124 2119 2178 nullo
2150 2122 2311 2178 modo
2338 2123 2593 2192 praevalet
2633 2125 2884 2193 assequi,
2930 2135 3249 2195 arroganter
3275 2134 3537 2195 usurpet:

1973 2215 2075 2267 hoc
2118 2214 2283 2268 etiam
2314 2216 2457 2283 quod
2501 2230 2627 2268 vera
2672 2214 2950 2270 humilitas
2988 2230 3209 2285 sperare
3245 2216 3539 2285 potuisset,

1972 2319 2193 2373 prorsus
2222 2304 2454 2358 amittat.

2554 2396 2777 2452 CAPUT
2817 2397 2954 2451 XIX.

2009 2484 2158 2549 Quod
2188 2485 2341 2539 ruina
2369 2495 2441 2539 est
2471 2485 2681 2555 populi,
2715 2488 2935 2556 ofﬁcium
2964 2486 3249 2539 sacerdotis
3280 2486 3499 2556 indigni.

2041 2576 2177 2641 Quid
2205 2584 2319 2639 est,
2351 2590 2555 2645 quaeso,
2583 2592 2615 2629 ο
2642 2576 2975 2630 damnabiles
2999 2576 3243 2631 carnales
3272 2576 3536 2639 homines,

1968 2664 2108 2732 quod
2135 2673 2281 2718 tanto
2309 2665 2621 2720 ambitionis
2647 2666 2840 2721 ardore
2866 2666 3238 2721 ecclesiasticae
3263 2667 3536 2736 dignitatis

1969 2755 2179 2809 culmen
2224 2757 2522 2825 appetitis?
2558 2756 2694 2823 Quid
2738 2767 2856 2822 est,
2898 2759 3037 2826 quod
3080 2766 3230 2812 tanto
3272 2742 3536 2814 desiderio

1969 2855 2165 2899 vestrae.
2192 2845 2512 2913 perditionis
2537 2845 2766 2900 nexibus
2810 2847 2904 2900 Dei
2946 2847 3203 2916 populum
3244 2846 3536 2915 illaqueare

1970 2934 2227 2989 tentatis?
2247 2933 2362 2988 Non
2384 2934 2534 2989 vobis
2562 2934 2785 2998 sulIicit,
2810 2937 2935 3004 quia
2964 2937 3316 3006 vosmetipsos
3340 2938 3391 2990 in
3422 2937 3529 2990 alta

1971 3020 2272 3075 facinorum
2313 3021 2615 3090 praecipitia
2665 3023 2944 3092 mergitis,
2985 3024 3085 3076 nisi
3131 3024 3304 3077 ruinte
3340 3033 3535 3077 vestrae

1970 3110 2212 3179 periculo
2248 3118 2304 3163 et
2345 3109 2475 3164 alios
2516 3109 2845 3165 involvatis?
2886 3110 2943 3166 Si
2984 3111 3127 3166 enim
3156 3111 3383 3165 fortasse
3411 3111 3533 3181 quis

1968 3198 2181 3262 veniat,
2210 3205 2270 3250 ut
2295 3210 2395 3266 pro
2434 3210 2493 3251 se
2533 3196 2599 3250 ad
2643 3198 3081 3253 intercedendum
3124 3213 3223 3253 nos
3262 3198 3400 3266 apud
3438 3214 3533 3269 po-

1973 3297 2171 3342 tentem
2197 3288 2504 3357 quempiam
2533 3288 2710 3342 virum
2737 3290 2826 3358 qui
2856 3290 2956 3344 sibi
2986 3290 3155 3344 iratus
3174 3330 3189 3356 ,
3221 3289 3375 3344 nobis
3402 3304 3532 3343 vero

1967 3389 2110 3435 esset
2139 3380 2470 3449 incognitus,
2501 3380 2669 3444 dicat,
2700 3381 2944 3451 protinus
2972 3383 3361 3452 respondemus
3388 3398 3403 3437 :
3447 3382 3528 3435 Ad

1967 3467 2404 3521 intercedendum
2432 3467 2615 3521 venire
2648 3482 2755 3521 non
2788 3483 3095 3537 possumus,
3134 3469 3258 3538 quia
3296 3469 3527 3522 familia-

1968 3555 2142 3609 ritatis
2191 3552 2307 3623 ejus
2351 3555 2594 3609 notitiam
2631 3571 2735 3610 non
2776 3556 3053 3610 habemus.
3096 3556 3151 3612 Si
3195 3571 3323 3627 ergo
3368 3558 3529 3612 homo

1965 3642 2104 3711 apud
2147 3642 2450 3707 hominem,
2476 3643 2541 3695 de
2572 3658 2678 3712 quo
2709 3643 2928 3697 minime
2954 3645 3261 3713 prmsumit,
3296 3643 3409 3698 ﬁeri
3445 3644 3528 3696 in-

1967 3740 2231 3787 tercessor
2269 3732 2581 3786 erubescit:
2618 3747 2721 3801 qua
2761 3741 2940 3787 mente
2979 3734 3119 3802 apud
3161 3734 3327 3788 Deum
3358 3734 3527 3787 inter-

1964 3822 2227 3879 cessionis
2255 3820 2439 3877 locum
2472 3836 2569 3892 pro
2599 3821 2795 3892 populo
2824 3822 3045 3891 arripit,
3076 3823 3167 3892 qui
3210 3821 3527 3876 familiarem

1964 3928 2025 3970 se
2058 3914 2175 3982 ejus
2218 3914 2407 3983 gratiae
2454 3928 2576 3968 esse
2620 3928 2716 3983 per
2748 3914 2874 3969 vitae
2900 3914 3152 3969 meritum
3183 3914 3397 3969 nescit?
3422 3915 3530 3967 Aut

1963 4004 2032 4059 ab
2056 4019 2122 4059 eo
2144 4004 2414 4073 quomodo
2443 4003 2497 4057 in
2524 4004 2644 4058 aliis
2670 4005 2884 4058 veniam
2907 4005 3173 4075 postulat,
3201 4006 3322 4074 qui,
3349 4014 3526 4060 utrum

1964 4096 2065 4151 sibi
2090 4096 2164 4150 sit
2186 4096 2428 4165 placatus
2445 4134 2461 4160 ,
2492 4095 2703 4164 ignorat
2726 4094 2749 4147 ?
2772 4093 2887 4160 Qua
2913 4095 2964 4149 in
2994 4109 3050 4149 re
3075 4103 3159 4150 est
3182 4096 3357 4150 adhuc
3382 4093 3525 4149 aliud

1963 4184 2247 4241 sollicitius
2276 4184 2673 4238 formidandum
2694 4223 2709 4248 ,
2743 4198 2811 4237 ne
2839 4184 2929 4252 qui
2965 4184 3182 4253 placare
3207 4186 3342 4238 iram
3369 4200 3526 4255 posse

1961 4276 2223 4339 creditur,
2249 4275 2389 4329 hanc
2414 4275 2527 4344 ipse
2551 4289 2617 4329 ex
2644 4274 2865 4343 proprio
2891 4283 3044 4330 reatu
3071 4285 3360 4329 mereatur.
3387 4275 3529 4329 Cuno

1960 4364 2034 4418 cti
2064 4363 2207 4417 enim
2236 4362 2442 4432 liquido
2469 4364 2736 4428 novimus,
2764 4364 2890 4433 quia
2918 4380 3041 4418 cum
3074 4365 3119 4419 is
3146 4366 3235 4433 qui
3262 4364 3523 4433 displicet,

1959 4457 2027 4511 ad
2072 4455 2512 4509 intercedendum
2557 4456 2811 4520 mittitur,
2852 4455 2974 4509 irati
3019 4456 3232 4511 animus
3273 4456 3342 4511 ad
3382 4456 3529 4512 dete-

1957 4543 2100 4599 riora
2126 4552 2471 4612 provocatur.

2028 4630 2131 4697 Qui
2181 4644 2311 4701 ergo
2359 4631 2537 4685 adhuc
2580 4632 2863 4686 desideriis
2907 4640 3140 4687 terrenis
3190 4632 3522 4701 astringitur,

1960 4731 2166 4785 caveat,
2202 4738 2271 4777 ne
2298 4722 2533 4777 districti
2563 4724 2693 4777 iram
2726 4722 2929 4779 Judicis
2960 4724 3175 4793 gravius
3205 4723 3522 4787 accendens,

1962 4816 2089 4869 dum
2115 4813 2232 4868 loco
2256 4813 2556 4869 delectatur
2581 4813 2768 4884 gloria:
2786 4854 2799 4878 ,
2830 4813 2923 4868 fiat
2947 4814 3173 4868 subditis
3200 4822 3388 4868 auctor
3416 4813 3519 4865 rui-

1961 4920 2061 4959 ηαξ.
2106 4905 2344 4959 Solerter
2386 4920 2515 4975 ergo
2555 4919 2612 4958 se
2658 4905 2886 4972 quisque
2926 4904 3197 4969 metiatur,
3240 4919 3306 4958 ne
3345 4902 3515 4956 locum

1959 4995 2310 5050 sacerdotalis
2350 4993 2508 5049 oﬂicii
2549 4994 2826 5063 suscipere
2857 4994 3081 5055 audeat,
3110 4994 3154 5046 si
3187 4992 3362 5045 adhuc
3385 4992 3435 5043 in
3463 5006 3521 5043 se

1955 5086 2145 5139 vitium
2184 5083 2566 5138 damnabiliter
2615 5093 2846 5152 regnat;
2892 5097 2958 5136 ne
3002 5083 3082 5145 is,
3124 5097 3283 5150 quem
3315 5081 3518 5134 crimen

1955 5175 2217 5242 depravat
2264 5174 2538 5243 proprium
2565 5214 2578 5237 ,
2630 5174 2955 5228 intercessor
3002 5172 3117 5226 fieri
3163 5181 3378 5241 appetat
3426 5184 3522 5238 pro

1956 5266 2127 5335 culpis
2153 5265 2406 5320 aliorum.
2454 5264 2667 5318 Parcite
2707 5280 2865 5334 ergo,
2910 5263 3144 5333 parcite,
3186 5271 3241 5316 et
3283 5260 3519 5314 furorem

1964 5356 2057 5410 Dei
2102 5356 2385 5411 adversum
2418 5370 2514 5409 vos
2546 5353 3061 5423 inexstinguibiliter
3089 5351 3386 5406 accendere
3415 5350 3520 5404 for-

1960 5445 2188 5509 tuidate,
2240 5462 2305 5499 ne
2349 5460 2507 5513 quem
2554 5445 2732 5512 inique
2784 5444 2990 5513 agendo
3028 5451 3274 5511 patenter
3297 5439 3519 5495 offendi-

1961 5536 2064 5599 tis,
2108 5536 2237 5605 ipsis
2280 5552 2493 5604 quoque
2543 5536 2879 5590 orationibus
2924 5535 3105 5588 acrius
3146 5532 3409 5593 irritetis,
3454 5542 3519 5584 ac

1956 5627 2169 5695 propria
2211 5627 2360 5680 ruina
2400 5626 2667 5691 contenti,
2719 5632 2903 5678 cavete
2952 5622 3064 5676 fieri
3112 5621 3297 5675 alienas
3340 5616 3518 5688 perdi-
