3996 6184
362 256 460 310 181

1335 243 1577 300 OPL'SC.
1617 242 1724 296 V'll.
1753 273 1816 280 ——
1843 237 2046 294 LIBER
2083 231 2655 290 GOMOi‘tiilllANUS.

3527 225 3626 280 182

361 371 530 425 tionis
575 364 846 428 obnoxii;
897 371 1164 432 quatenus
1209 375 1316 429 quo
1367 357 1753 427 temperantius
1799 368 1943 408 nttnc
1972 359 2016 417 Α
2047 357 2106 402 ut
2134 347 2224 416 qui
2272 345 2508 398 alienum
2559 341 2876 412 sanguinem
2919 338 3104 392 volens
3145 335 3431 402 effuderat,
3465 337 3626 407 digna

365 459 529 529 169
579 454 855 525 peccando
899 451 1196 512 cori-uitis,
1245 464 1310 502 eo
1360 447 1570 502 facilius
1619 445 1944 514 quandoque

361 554 614 616 porrecta
655 558 820 596 manu
867 540 1336 612 pmoiteutize'per
1373 536 1470 590 Dei
1516 533 1943 590 misericordiam

363 631 688 702 resurgatis.

968 713 1195 770 CAPUT
1231 713 1350 768 XX.

403 809 559 874 Quod
589 809 652 864 de
680 807 922 863 manibus
947 805 1338 861 immundorum
1363 804 1490 860 nolit
1519 803 1658 858 Deus
1684 803 1914 872 accipere

989 879 1123 930 sacri
1129 876 1329 944 ﬁcium.

438 972 592 1040 Quod
616 971 660 1026 si
693 971 806 1042 ipse
829 969 1172 1038 omnipotens
1215 968 1356 1022 Deus
1394 967 1460 1022 de
1485 964 1731 1020 manibus
1757 963 1952 1019 vestris

365 1065 698 1118 sacriﬁcium
731 1063 1058 1133 dedignatur
1087 1059 1335 1128 accipere
1355 1099 1368 1124 ,
1410 1058 1498 1128 qui
1534 1073 1628 1112 vos
1668 1055 1832 1120 estis,
1861 1055 1952 1126 qui

367 1155 574 1208 nolenti
619 1155 926 1223 importune
973 1153 1315 1222 praesumatis
1376 1151 1665 1222 ingerere?
1713 1151 1956 1206 Victinue

366 1245 568 1314 quippe
596 1244 883 1312 impiorum
913 1242 1304 1298 abominabiles
1334 1241 1561 1296 Domino
1595 1240 1780 1313 (Prov.
1815 1256 1882 1294 xv
1911 1241 1951 1308 ).

367 1336 480 1389 Sed
511 1335 604 1404 qui
635 1349 722 1388 me
750 1333 1170 1388 stomachamini
1189 1374 1202 1398 ,
1249 1341 1412 1402 atque
1437 1331 1714 1403 despicitis
1741 1328 1957 1385 auscul-

371 1437 494 1480 tare
539 1425 900 1488 scribentem;
957 1424 1130 1492 ipsum
1183 1423 1374 1479 saltem
1421 1423 1604 1479 audite
1643 1421 1957 1492 prophetico

368 1514 524 1566 vobis
549 1528 644 1566 ore
671 1513 976 1582 loquentem
1005 1531 1017 1567 :
1046 1507 1240 1582 ipsum,
1273 1513 1513 1583 inquam,
1540 1511 1720 1568 audite
1745 1511 1958 1580 concio-

369 1610 612 1664 nantem,
646 1602 1020 1667 intonantem,
1063 1611 1242 1657 vestra
1274 1602 1543 1658 sacriﬁcia
1587 1611 1956 1672 respuentem,

2047 454 2170 494 eum
2212 451 2372 505 paena
2395 433 2733 505 percelleret,
2763 431 2922 501 170
2945 430 2988 484 si
3014 437 3066 485 et
3091 429 3171 484 sui
3201 427 3482 498 sanguinis
3500 441 3629 498 pro-

2047 529 2267 584 ﬂuvium
2298 526 2528 596 nolendo
2561 525 2834 579 toleraret.
2869 521 2974 577 Sed
3016 522 3140 592 quia
3177 521 3270 574 ditt
3303 519 3628 588 disputando

2050 619 2116 672 ad
2163 617 2264 670 hoc
2309 629 2478 684 usque
2507 613 2890 683 pervenimus,
2933 619 2988 664 ut
3023 620 3078 665 et
3127 610 3301 679 ipsum
3339 607 3630 662 Dominum

2051 707 2452 764 immundorum
2504 703 2774 759 sacriﬁcia
2823 702 3224 771 reprobantem,
3269 706 3324 753 et
3362 705 3636 754 contesta-

2052 798 2190 850 torie
2224 795 2601 865 prohibentem
2633 791 2837 862 liquido
2887 799 3312 844 monstraremus
3338 803 3350 839 :
3381 783 3511 856 qu'fd
3538 800 3637 839 nos

2053 895 2368 958 peccatores
2397 885 2676 946 miramur,
2701 881 2747 938 si
2778 882 2846 936 ab
2867 880 2951 936 his
2975 880 3025 934 in
3057 889 3238 934 nostra
3266 877 3636 932 admonitione

2053 975 2490 1033 contemnimur?
2515 975 2570 1028 Si
2603 973 2799 1028 divina:
2825 971 2972 1024 vocis
3003 969 3285 1039 imperium
3311 965 3633 1036 parvipenili

2055 1069 2355 1122 incrassato
2381 1066 2731 1135 reprohorum
2755 1061 2921 1118 corde
2945 1059 3341 1129 conspicimus;
3374 1054 3502 1126 quid
3533 1054 3638 1108 mi-

2055 1171 2174 1210 rum
2205 1157 2248 1210 si
2280 1153 2435 1210 nobis
2457 1169 2562 1207 non
2593 1152 2866 1214 creditur,
2897 1149 2986 1220 qui
3014 1158 3158 1202 terra
3191 1145 3415 1202 sumus?

2639 1261 2865 1318 CAPUT
2903 1260 3044 1314 XXI.

2060 1354 2212 1420 Quod
2239 1353 2386 1408 nulla
2414 1353 2712 1412 sanctitatis
2753 1351 2947 1405 oblatio
2977 1369 3008 1404 a
3049 1349 3156 1404 Deo
3178 1349 3463 1419 suscipitur
3481 1387 3497 1414 ,
3522 1362 3634 1418 qua

2363 1422 2710 1478 immunditiw
2740 1421 2981 1476 sordibus
3009 1421 3339 1490 inquinatur.

2135 1514 2252 1568 Jatn
2288 1529 2419 1584 ergo
2446 1514 2538 1583 qui
2583 1521 2896 1566 sanctorum
2927 1509 3145 1564 Patrum
3177 1507 3472 1564 reverenda
3511 1523 3637 1562 cou-

2060 1605 2182 1659 cilia
2214 1604 2462 1675 despicit,
2487 1603 2576 1673 qui
2608 1601 2970 1672 apostolorum
2998 1599 3522 1671 apostolicorumque
3563 1596 3643 1650 vi-

370 1694 574 1747 vestris
621 1692 898 1763 obsequiis
948 1693 1166 1762 publice
1217 1693 1624 1750 reclamantem.
1675 1693 1766 1748 Ait
1811 1694 1958 1748 enim
1989 1703 2032 1761 B
2065 1711 2246 1750 rerum
2277 1703 2544 1765 praecepta
2569 1691 2897 1754 contemnit,
2931 1691 3023 1760 qui
3049 1691 3323 1745 canonicre
3349 1686 3645 1743 sanctionis

367 1785 604 1838 esitnius
647 1786 1030 1854 prophetarum
1062 1785 1262 1850 Isaias,
1312 1786 1420 1840 imo
1450 1785 1688 1855 Spiritus
1734 1794 1956 1840 sanctus

368 1892 469 1945 per
493 1877 752 1932 oslsaite:
785 1895 804 1927 ε
833 1878 1050 1944 Audite,
1079 1878 1270 1948 inquit,
1295 1877 1520 1934 verbum
1549 1878 1786 1944 Domini,
1811 1878 1958 1948 prin-

367 1966 521 2034 cipes
553 1966 936 2032 Sodomorum,
987 1968 1248 2038 percipite
1274 1969 1498 2023 auribus
1525 1967 1696 2038 legem
1731 1967 1824 2022 Dei
1855 1982 1955 2022 no-

370 2055 468 2106 stri
495 2095 510 2116 ,
555 2054 802 2132 populus.
830 2053 1168 2110 Gomorrhaa.
1215 2055 1332 2122 Quo
1377 2055 1509 2110 mihi
1557 2056 1956 2111 multitudinem

373 2147 718 2200 victimarum
749 2157 1086 2210 vestrarum,
1119 2147 1249 2203 dicit
1291 2141 1586 2204 Dominus?
1612 2148 1812 2203 Plenus
1838 2162 1956 2202 sum

373 2237 691 2293 holocausta
733 2239 996 2302 arietum,
1022 2247 1077 2294 et
1104 2240 1261 2309 adipe
1299 2240 1576 2310 pinguium
1608 2258 1622 2295 :
1659 2249 1714 2295 et
1746 2239 1962 2310 sangui-

373 2343 500 2382 nem
529 2329 842 2393 vitulorum,
874 2337 928 2384 et
953 2345 1214 2400 agnorum
1241 2337 1297 2384 et
1330 2331 1602 2386 hircorum
1627 2330 1794 2386 nolui.
1825 2331 1958 2386 Cum

375 2419 638 2474 veneritis
661 2430 786 2474 ante
815 2429 1160 2490 conspectum
1188 2435 1390 2488 meum,
1419 2421 1540 2491 quis
1571 2422 1820 2491 quaesivit
1847 2423 1962 2478 hate

373 2511 444 2563 de
486 2511 737 2564 manibus
764 2511 962 2566 vestris
987 2552 1001 2576 ,
1033 2521 1094 2565 ut
1123 2511 1477 2567 ambularetis
1504 2511 1560 2565 in
1607 2512 1762 2566 atriis
1791 2513 1963 2568 meis?

375 2597 456 2653 Ne
491 2598 728 2654 offeratis
749 2601 886 2654 ultra
912 2602 1235 2656 sacrificium
1256 2600 1489 2668 frustra;
1526 2601 1808 2658 incensum
1833 2606 1963 2674 abo-

375 2693 606 2746 minatio
631 2701 712 2746 est
736 2693 866 2746 mihi
903 2711 916 2746 :
946 2694 1276 2759 neomenias,
1309 2701 1364 2747 et
1391 2692 1711 2758 Sabbatum,
1739 2703 1792 2749 et
1817 2694 1964 2750 festi-

375 2782 579 2835 vitates
627 2781 765 2836 alias
787 2799 892 2836 non
929 2781 1134 2850 feram;
1167 2783 1336 2852 iniqui
1383 2793 1510 2838 sunt
1557 2792 1732 2839 etetus
1765 2786 1961 2849 vestri;

373 2873 652 2928 Kalendas
703 2885 946 2940 vestras,
1000 2885 1055 2931 et
1115 2874 1487 2946 solemnitates
1535 2887 1750 2929 vestras
1797 2876 1967 2930 odivit

376 2965 556 3018 anima
588 2981 705 3020 mea
733 2983 747 3030 ;
783 2967 922 3021 facta
944 2977 1069 3021 sunt
1099 2967 1228 3021 mihi
1253 2966 1476 3022 molesta
1497 3007 1512 3030 ,
1544 2965 1782 3020 laboravi
1803 2967 1968 3021 susti-

2061 1789 2236 1842 edicta
2267 1786 2546 1856 praeterire
2574 1799 2680 1839 non
2706 1783 2916 1847 metuit,
2940 1783 3032 1854 qui
3057 1781 3223 1852 ipsius
3245 1781 3439 1836 divinae
3466 1789 3646 1834 aucto-

2061 1879 2238 1934 ritatis
2258 1877 2542 1947 imperium
2566 1874 2926 1945 floccipeudit,
2957 1873 3328 1930 admonendus
3351 1882 3433 1928 est
3452 1873 3644 1928 saltem

2061 1983 2120 2025 ut
2165 1953 2318 2024 diem.
2359 1967 2658 2024 vocationis
2688 1982 2800 2022 suae
2835 1975 2960 2020 ante
2998 1964 3185 2020 oculos
3215 1973 3412 2036 ponat;
3455 1973 3511 2020 et
3540 1979 3647 2034 quo

2061 2063 2280 2132 gravius
2311 2067 2530 2129 peccat,
2577 2071 2642 2112 eo
2689 2055 2878 2111 durius
2907 2069 2966 2111 se
2998 2055 3350 2126 judicandum
3389 2067 3508 2108 esse
3539 2071 3646 2109 non

2062 2153 2326 2223 ambigat.
2361 2151 2518 2206 Sicut
2563 2149 2664 2204 sub
2700 2150 2881 2220 specie
2911 2149 3220 2220 Babylonis.
3243 2149 3310 2202 ab
3343 2147 3537 2218 angelo
3569 2147 3650 2202 di-

2061 2245 2246 2302 citur:
2291 2262 2310 2296 ι
2347 2243 2620 2311 Quantum
2664 2257 2724 2298 se
2761 2241 3068 2308 exaltavit,
3090 2251 3146 2296 et
3186 2241 3240 2295 in
3279 2241 3489 2296 deliciis
3525 2239 3646 2304 fuit,

2064 2344 2274 2390 tantum
2317 2335 2441 2389 date
2477 2333 2526 2388 ei
2564 2342 2834 2388 tormenta
2866 2341 2921 2386 et
2959 2331 3137 2387 luctus
3178 2331 3361 2402 (Apoc.
3405 2332 3585 2404 xviii).
3627 2351 3645 2384 ι

2061 2426 2446 2482 Admonendus
2476 2432 2582 2490 est,
2619 2433 2678 2478 ut
2699 2423 3029 2488 consideret,
3070 2422 3195 2492 quia
3222 2423 3459 2492 quandiu
3491 2420 3651 2490 hujus

2063 2517 2180 2572 vitii
2211 2517 2401 2571 morbo
2447 2515 2698 2570 laborare
2737 2527 2842 2568 non
2873 2522 3090 2578 cessat,
3135 2512 3302 2566 etiam
3350 2511 3395 2566 si
3447 2510 3650 2579 aliquid

2063 2611 2192 2666 boni
2220 2623 2382 2680 agere
2409 2607 2670 2670 cernitur,
2700 2604 2978 2673 suscipere
3025 2613 3202 2656 tamen
3234 2600 3512 2670 prtemium
3543 2615 3648 2654 non

2071 2708 2331 2754 meretur.
2359 2696 2469 2751 Nec
2512 2694 2615 2748 ulla
2661 2692 2882 2762 religio,
2913 2691 3056 2745 nulla
3105 2705 3236 2745 sane
3279 2687 3649 2750 mortificatio,

2066 2791 2209 2846 nulla
2240 2789 2361 2843 vita:
2385 2785 2645 2858 perfectio
2675 2783 2844 2839 oculis
2881 2783 3098 2852 superni
3126 2780 3328 2836 Judicis
3370 2779 3528 2850 digna
3563 2779 3653 2833 de-

2066 2883 2331 2945 cernitur,
2380 2894 2500 2949 qua:
2531 2887 2638 2932 tam
2667 2876 2838 2946 turpis
2877 2874 3232 2928 immunditia:
3277 2873 3528 2928 sordibus
3563 2871 3650 2934 in-

2070 2973 2350 3042 quinatur.

375 3071 532 3110 nens.
561 3055 774 3111 Etcum
803 3057 1160 3132 extenderitis
1195 3073 1389 3111 manus
1428 3067 1639 3113 vestras
1661 3097 1676 3122 ,
1723 3065 1963 3111 avertam
1993 3052 2038 3112 C
2143 3063 2214 3118 Ut
2234 3073 2413 3117 autem
2441 3061 2704 3130 probetur
2751 3073 2934 3115 verum
2965 3071 3086 3112 esse
3117 3053 3260 3125 quod
3300 3053 3532 3118 dicitur,
3565 3066 3654 3108 vc-

374 3147 566 3202 oculos
597 3163 748 3202 meos
773 3166 800 3202 a
848 3149 1034 3204 vobis:
1075 3158 1129 3204 et
1173 3165 1295 3204 cum
1327 3149 1811 3218 multiplicaveritis
1839 3163 1965 3202 ora-

377 3238 608 3302 tionem,
633 3253 739 3291 non
765 3240 1078 3305 exaudiam;
1104 3254 1297 3294 manus
1320 3241 1462 3294 enim
1487 3250 1681 3294 vestrae
1705 3240 1968 3310 sanguine

377 3331 555 3397 plena:
585 3340 710 3384 sunt
739 3329 873 3401 (Isa.
903 3331 965 3400 ι).
991 3351 1010 3384 ι
1029 3331 1677 3401 Animadvertitisigitur,
1701 3331 1968 3402 quialicet

375 3421 560 3475 omnia
594 3422 847 3476 vitiorum
881 3424 1022 3478 mala
1052 3423 1247 3478 divince
1289 3423 1647 3492 correptionis
1690 3423 1965 3478 sententia

377 3512 744 3566 eoomnuniter
778 3513 954 3578 feriat,
985 3514 1038 3568 in
1063 3515 1334 3584 principes
1367 3523 1544 3569 tamen
1581 3513 1965 3580 Sodomorum,

377 3613 434 3656 et
463 3603 714 3672 populum
741 3604 1059 3660 Gomorrlne
1086 3606 1456 3676 principaliter
1475 3605 1714 3675 jaculata
1741 3608 1966 3662 descen-

378 3693 508 3758 dat;
543 3694 664 3748 utsi
696 3694 944 3749 humana:
989 3696 1326 3752 attestationi
1350 3697 1573 3753 credere
1603 3696 1833 3752 fortasse
1860 3697 1969 3751 dis-

379 3785 626 3850 simulat,
657 3801 820 3856 quam
845 3787 918 3842 sit
945 3789 1048 3844 hoc
1069 3789 1297 3844 mortale
1324 3791 1536 3854 vitium,
1567 3790 1751 3845 divino
1775 3790 1966 3846 saltem

380 3879 718 3950 tgstimonio,
741 3880 1099 3951 litigiosorum
1127 3882 1406 3936 temeritas
1438 3882 1768 3952 acquiescat.

453 3970 512 4024 Si
541 3979 720 4025 autem
747 3971 814 4026 ab
844 3971 1024 4042 aliquo
1059 3973 1214 4028 nobis
1235 3982 1560 4044 opponatur,
1595 3975 1736 4042 quod
1769 3973 1820 4028 in
1847 3989 1970 4042 pro-

379 4061 600 4129 phetica
648 4061 920 4118 locutione
962 4059 1306 4133 subiungitur
1346 4082 1358 4116 :
1403 4081 1422 4114 ι
1479 4063 1706 4130 Manus,
1761 4065 1970 4134 inquit,

378 4163 582 4207 vestrae
612 4156 874 4225 sanguine
915 4155 1084 4224 plena:
1133 4165 1296 4220 sunt;
1343 4176 1361 4208 ι
1415 4165 1472 4210 ut
1512 4156 1762 4210 videlicet
1805 4157 1857 4210 in
1891 4157 1971 4212 di-

379 4242 524 4295 vinze
569 4237 900 4298 inventionis
940 4243 1164 4298 oraculo
1211 4245 1381 4314 magis
1411 4243 1758 4298 homicidium
1806 4259 1968 4314 quam

381 4333 568 4386 carnis
597 4334 992 4388 immunditiam
1025 4335 1153 4389 velit
1179 4335 1425 4406 intelligi,
1458 4335 1670 4390 noverit
1696 4335 1746 4389 in
1771 4336 1969 4392 divinis

2070 3155 2325 3211 nerabilis
2353 3154 2510 3208 Beda:
2543 3151 2908 3208 testimonium
2955 3150 3010 3204 in
3043 3147 3278 3203 medium
3309 3146 3609 3200 deducatur
3637 3162 3650 3197 :

2075 3269 2094 3301 ι
2131 3249 2270 3317 Qui,
2319 3248 2526 3318 inquit,
2567 3247 2642 3300 ita
2665 3245 3062 3315 eleemosynam
3103 3241 3322 3304 tribuit,
3353 3249 3412 3293 ut
3437 3238 3651 3306 culpam

2068 3359 2174 3396 non
2201 3341 2472 3404 dimittat,
2518 3339 2754 3393 animam
2795 3351 2900 3390 non
2947 3333 3194 3398 redimit,
3243 3345 3404 3400 quam
3444 3345 3474 3382 a
3508 3328 3654 3381 vitiis

2067 3449 2175 3487 non
2206 3430 2518 3501 compescit.
2549 3448 2568 3480 ι
2603 3427 2714 3482 Hoc
2747 3425 2837 3481 ille
2865 3423 3092 3480 ercmita
3123 3437 3222 3477 suo
3250 3419 3392 3474 facto
3421 3416 3616 3488 probat
3636 3457 3651 3480 ,

2067 3523 2157 3592 qui
2188 3537 2310 3576 cum
2344 3519 2527 3574 multis
2565 3517 2860 3573 virtutibus
2887 3529 3008 3570 cum
3039 3529 3139 3568 suo
3182 3509 3420 3581 quodam
3450 3507 3652 3578 collega

2067 3613 2428 3677 deservisset,
2469 3611 2584 3666 lnec
2613 3609 2688 3663 illi
2717 3623 2814 3679 per
2843 3603 3118 3661 diabolum
3155 3601 3349 3670 injecta
3396 3599 3654 3670 cogitatio

2068 3715 2150 3758 est
2175 3721 2189 3756 :
2231 3711 2291 3756 ut
2313 3702 2740 3770 quandocunque
2769 3695 2989 3752 libidine
3017 3693 3348 3756 titillaretur,
3371 3689 3449 3744 sic
3469 3701 3654 3744 semen

2068 3777 2268 3850 detritu
2296 3792 2545 3864 genitalis
2579 3789 2806 3846 membri
2842 3798 3074 3859 egerere
3094 3785 3352 3848 deberet,
3397 3791 3656 3852 tanquam

2070 3887 2318 3957 phlegma
2342 3885 2408 3941 de
2439 3884 2664 3938 naribus
2694 3881 3014 3952 projiceret;
3055 3879 3147 3948 qui
3178 3877 3246 3932 ob
3291 3875 3343 3930 id
3377 3883 3431 3929 et
3457 3875 3659 3928 dmino—-

2069 3979 2226 4034 nibus
2253 3977 2510 4040 moriens,
2533 3975 2746 4028 vidente
2764 3971 2933 4036 socio,
2961 3968 3190 4024 traditus
3215 3975 3318 4020 est.
3347 3963 3484 4019 Tum
3513 3962 3654 4016 idem

2069 4068 2249 4122 socius
2281 4074 2486 4120 reatum
2519 4062 2634 4132 ejus
2664 4063 2951 4134 ignorans,
2978 4061 3074 4116 sed
3113 4056 3373 4114 exercitia
3395 4053 3654 4108 virtutum

2071 4158 2318 4226 recolens
2343 4197 2358 4222 ,
2391 4172 2529 4226 pene
2575 4155 2922 4224 desperavit,
2953 4152 3140 4207 dicens
3169 4167 3180 4202 :
3216 4148 3260 4204 Ο
3301 4147 3422 4217 quis
3459 4143 3659 4215 poterit

2070 4249 2255 4304 salvus
2280 4247 2435 4304 esse?
2477 4246 2748 4318 quomodo
2782 4244 2884 4299 iste
2907 4242 3108 4312 periit?
3153 4239 3249 4294 Cui
3283 4253 3406 4292 mox
3436 4234 3658 4306 angelus

2073 4349 2280 4405 astans,
2307 4340 2481 4394 dixit:
2517 4338 2593 4394 Ne
2633 4337 2903 4402 turberis;
2951 4336 3054 4390 iste
3101 4333 3266 4395 enim,
3315 4331 3444 4385 licet
3487 4327 3656 4382 multa

381 4423 618 4491 eloquiis
645 4424 822 4478 omnia
847 4435 1068 4495 peccata
1096 4399 1416 4496 sanguinein
1444 4427 1770 4496 nuncupari;
1801 4425 1966 4480 David
1997 4399 2045 4458 θ
2073 4401 2280 4496 fecerit,
2308 4442 2485 4486 tamen
2509 4445 2604 4499 per
2630 4429 2758 4484 illud
2789 4399 2998 4492 vitium,
3027 4425 3166 4495 quod
3189 4421 3478 4494 Apostolus
3501 4425 3662 4473 vocat

381 4524 696 4580 attestaute,
735 4521 822 4590 qui
866 4524 943 4576 ait
981 4539 995 4575 :
1048 4542 1064 4573 ι
1102 4521 1300 4578 Libera
1343 4535 1430 4576 me
1477 4521 1542 4576 de
1587 4521 1965 4591 sanguinibus,

385 4608 566 4672 Deus,
599 4609 738 4664 Deus
767 4613 956 4668 salutis
987 4628 1120 4668 mea:
1143 4612 1317 4682 (Psal.
1345 4613 1421 4684 ι).
1454 4631 1472 4664 ι
1509 4613 1893 4668 Verumtamen
1923 4614 1966 4668 si

383 4711 440 4752 et
469 4701 628 4768 hujus
655 4705 766 4758 vitii
799 4717 1048 4760 naturam
1086 4707 1400 4762 studeamus
1443 4705 1670 4760 solerter
1701 4704 1970 4774 inspicere

383 4799 440 4842 et
469 4792 814 4860 physicorum
844 4795 989 4848 dicta
1024 4796 1093 4850 ad
1139 4795 1454 4850 memoriam
1501 4811 1779 4861 revocare,
1816 4796 1966 4850 inve-

385 4882 572 4935 nim‘us
597 4884 820 4939 seminis
843 4885 1046 4940 fluxum
1075 4901 1141 4940 ex
1165 4887 1444 4956 sanguinis
1475 4887 1683 4956 origine
1713 4903 1966 4957 procrea-

383 4982 526 5023 tum.
560 4973 708 5026 Sicut
734 4975 877 5028 enim
905 4977 1201 5047 agitatione
1238 4987 1521 5032 ventorum
1551 4993 1690 5048 aqua
1725 4979 1890 5032 maris
1916 4980 1968 5033 iu

379 5079 640 5130 spumam
685 5068 1018 5121 convertitur
1041 5109 1066 5134 ι
1095 5069 1168 5123 ita
1199 5069 1626 5124 contrectatione
1658 5068 1970 5139 genitalium

381 5155 611 5222 Sanguis
642 5156 694 5210 in
727 5158 1009 5213 humorem
1042 5160 1268 5214 seminis
1297 5161 1590 5215 excitatur.

457 5243 577 5297 Non
605 5260 735 5316 ergo
764 5263 794 5300 a
830 5263 963 5303 sano
993 5248 1267 5303 intellectu
1302 5250 1596 5305 abhorrere
1629 5251 1822 5305 merito
1852 5266 1969 5306 crc-

380 5337 557 5401 ditur,
608 5337 654 5391 si
695 5339 836 5406 quod
871 5340 1072 5394 dictum
1116 5349 1226 5404 est,
1271 5357 1462 5396 manus
1487 5351 1680 5396 vestra:
1707 5343 1969 5412 sanguine

375 5426 558 5496 plena:
589 5438 738 5495 sunt,
767 5431 832 5486 de
861 5443 1012 5500 peste
1034 5432 1386 5486 immunditia:
1413 5433 1614 5487 dictum
1638 5449 1756 5488 esse
1782 5434 1970 5488 videa-

383 5530 496 5572 tur.
531 5519 600 5574 Et
626 5521 728 5576 hoc
755 5520 987 5576 fortasse
1019 5521 1156 5586 fuit,
1182 5524 1322 5592 quod
1353 5523 1443 5577 illa
1474 5523 1526 5576 in
1559 5522 1692 5577 Joab
1732 5525 1966 5578 vindicta

379 5625 492 5664 non
524 5625 590 5664 ex
615 5611 744 5676 alia,
774 5627 932 5680 quam
958 5627 1021 5666 ex
1047 5613 1148 5666 fusi
1179 5612 1457 5684 sanguinis
1486 5614 1634 5682 culpa
1669 5614 1966 5682 processit;

2073 4523 2469 4578 immunditiam
2501 4519 2680 4592 (Rom.
2707 4519 2770 4588 ι),
2800 4529 2995 4575 cuncta
3023 4517 3263 4574 foedavit.

2647 4633 2874 4692 CAPUT
2913 4633 3075 4689 XXII.

2111 4729 2263 4794 Quod
2291 4743 2468 4781 omnes
2493 4737 2724 4797 quatuor
2755 4725 2836 4778 illi
2863 4724 3004 4778 modi
3029 4721 3268 4791 superius
3299 4720 3640 4776 enurnerati.’

2553 4807 2734 4849 contra
2759 4807 3001 4848 naturam
3027 4803 3170 4847 sunt.

2147 4889 2260 4942 Non
2289 4902 2416 4958 ergo
2441 4887 2494 4940 in
2522 4901 2588 4941 eo
2617 4885 2719 4940 sibi
2748 4885 2975 4954 quisque
3013 4883 3340 4948 blandiatur,
3371 4881 3506 4950 quia.
3530 4891 3652 4934 cum

2075 4979 2179 5034 alio
2209 4995 2313 5032 non
2361 4977 2600 5040 corruit,
2630 4977 2674 5030 si
2719 4991 2816 5045 per
2843 4976 3188 5045 semetipsum
3222 4976 3304 5030 Itis
3329 4972 3654 5027 luxuriantis

2075 5071 2342 5125 illecebra:
2385 5067 2938 5122 contaminatiouibus
2984 5066 3136 5132 fluit;
3167 5082 3288 5120 cum
3323 5067 3420 5120 iste
3473 5063 3656 5117 infelix

2075 5159 2300 5214 ercmita
2345 5159 2434 5225 qui
2480 5156 2813 5211 daemonibus
2839 5155 2894 5209 in
2924 5155 3116 5210 mortis
3144 5154 3373 5208 articulo
3399 5151 3652 5216 traditur,

2075 5267 2180 5305 non
2204 5249 2367 5303 alium
2409 5249 2665 5318 polluisse
2687 5289 2701 5314 ,
2733 5249 2826 5303 sed
2853 5248 3203 5316 semetipsum
3232 5245 3532 5316 perdidisse
3560 5259 3657 5313 per

2073 5339 2472 5394 immunditiam
2525 5341 2802 5394 doceatur.
2858 5339 3009 5392 Sicut
3060 5338 3206 5390 enim
3255 5351 3332 5390 ex.
3369 5352 3476 5389 uno
3528 5335 3655 5390 vitis

2078 5432 2232 5500 171
2273 5432 2474 5500 cespite
2500 5431 2696 5486 diversi
2723 5429 2973 5500 palmites
3013 5429 3312 5498 proderant,
3345 5428 3417 5482 ita
3455 5445 3518 5483 ex
3554 5442 3661 5482 una

2076 5523 2404 5576 Sodomitiea
2432 5521 2794 5585 immunditia,
2817 5519 2962 5573 velut
2989 5519 3408 5575 venenatissima
3449 5519 3656 5580 radice,

2075 5621 2307 5680 quatuor
2330 5612 2404 5666 illi
2435 5611 2744 5672 ramusculi,
2773 5625 2906 5675 quos
2927 5611 3172 5682 superior
3198 5613 3664 5666 cnmueravimus.
