3996 6184
411 267 518 328 183

877 265 933 323 S.
969 262 1173 321 PETRI
1211 258 1494 319 DAMIANI
1533 259 1683 318 OPP.
1714 258 1951 316 TOMUS
1991 258 2120 316 SEU
2157 258 2337 315 PARS
2374 257 2458 314 lli.
2488 288 2557 298 --
2580 255 2940 314 OI’USCULA
2982 255 3192 310 VARIA

3573 254 3674 310 184

407 383 707 437 oriuntur:
740 384 896 430 ntex
940 387 1264 444 quocunque
1291 384 1479 426 eorum
1527 369 1648 440 quis
1677 367 1990 438 pestiferum
2021 375 2068 430 Α
2095 368 2347 424 dentibus
2395 367 2589 422 inferni
2636 368 2907 422 detractos
2955 368 3112 436 172
3161 368 3213 421 in
3258 375 3520 420 tartarum
3568 377 3676 420 tra-

403 461 726 540 botryoncm
757 473 965 534 carpat,
998 463 1244 532 protinus
1284 471 1493 515 veneno
1526 457 1756 513 infectus
1783 455 1989 510 indiffe-

409 569 593 613 renter
641 558 892 612 intercat.
943 553 1022 608 Ex
1069 553 1226 608 vinea
1266 547 1411 607 enim
1460 551 1815 614 Sodomorum
1864 550 1991 604 vitis

406 667 593 707 eorum
621 691 636 714 ,
681 655 736 704 et
785 661 1022 718 propago
1050 655 1238 700 eorum
1291 657 1357 698 ex
1408 641 1712 697 Gomorrba
1757 659 1770 694 :
1821 657 1837 691 α
1878 640 1989 696 Uva

403 757 638 805 eorum,
693 753 793 792 uva
852 736 1029 802 fellis,
1082 743 1136 789 et
1187 733 1377 789 botrus
1433 730 1808 786 amaritudinis
1856 729 1990 799 ipsis

405 832 586 903 (Deut.
603 828 796 898 XXXII).
824 849 842 882 ι
863 829 1097 897 Serpens
1112 826 1256 881 enim
1271 827 1565 894 iste,quem
1582 831 1780 877 nostra:
1807 820 1990 893 dispu-

405 916 627 976 tationis
654 920 786 975 sude
833 919 1082 988 frangere
1125 915 1352 971 nitimur
1374 955 1389 982 ,
1438 913 1762 984 quadriceps
1791 919 1874 968 est
1893 955 1905 975 .
1935 924 1991 966 et

403 1011 772 1081 cujuscunque
795 1010 989 1080 capitis
1011 1009 1172 1062 dente
1195 1003 1506 1070 momordit,
1535 1012 1703 1058 totum
1727 1017 1848 1057 mox
1878 1014 1989 1056 sure

369 1149 372 1151 Α
402 1101 658 1172 nequitia:
685 1101 835 1156 Virus
861 1097 1077 1154 infudit.

479 1190 604 1244 Sive
655 1205 784 1258 ergo
826 1187 1174 1255 semetipsum
1209 1186 1334 1255 quis
1371 1183 1604 1252 polluat,
1655 1182 1772 1238 sive
1821 1181 1986 1236 alium

401 1294 728 1352 quocunque
757 1278 917 1332 modo
940 1317 957 1342 ,
981 1277 1109 1330 licet
1140 1277 1468 1329 discretione
1495 1283 1710 1329 servata
1737 1315 1752 1338 ,
1797 1271 1988 1343 procul

398 1371 570 1426 dubio
599 1379 782 1424 tamen
827 1365 1222 1423 SOdon‘titicum
1257 1365 1435 1424 scelus
1466 1372 1812 1434 perpetrasse
1856 1377 1984 1418 con-

400 1461 657 1516 vineitur.
696 1458 880 1528 Neque
910 1458 1054 1515 enim
1087 1457 1314 1528 legitur,
1350 1457 1492 1525 quod
1525 1455 1599 1510 illi
1629 1451 1987 1510 Sodomorum

401 1549 594 1604 incola:
624 1547 964 1604 solummodo
1001 1549 1137 1602 alios
1175 1552 1552 1602 consummato
1576 1555 1699 1601 actu
1732 1557 1990 1615 corrupe-

403 1641 539 1707 rint;
573 1641 664 1695 sed
689 1641 868 1710 potius
896 1640 1224 1695 credendum
1257 1649 1340 1694 eSt
1363 1639 1506 1708 quod
1529 1639 1687 1710 juxta
1711 1636 1987 1694 effrenata:

2093 459 2228 513 didit
2254 459 2596 524 cruciandos,
2635 459 2688 512 in
2724 458 2984 529 judicium
3012 457 3298 512 reservari.
3334 457 3399 510 Et
3425 458 3676 513 civitates

2093 547 2449 601 Sodomorum
2479 555 2534 601 et
2573 545 3051 601 Gomorrhaeorum
3074 546 3130 598 in
3153 546 3392 600 cinerem
3425 546 3674 616 redigens

2092 635 2244 707 (Gen.
2277 637 2412 707 xu),
2444 636 2725 691 eversione
2755 634 3054 698 damnavit,
3085 634 3334 705 exemplo
3361 650 3550 689 eorum
3581 637 3672 704 qui

2091 728 2254 798 impie
2284 727 2456 782 acturi
2483 736 2610 781 sunt
2629 715 2716 796 (11
2746 721 2891 779 Petr.
2912 724 2994 796 ιι).
3020 744 3044 798 ι,
3059 724 3198 792 Quid
3218 726 3463 794 estquod
3485 725 3674 780 beatus

2090 817 2365 888 apostolus
2399 825 2688 888 postquam
2725 816 3012 872 diabolicae
3040 817 3404 871 damnationis
3430 817 3675 886 praecipi-

2091 909 2223 964 tium
2254 909 2455 973 retulit,
2479 909 2544 963 ad
2568 908 2927 963 Sodomorum
2958 921 3190 977 quoque,
3224 917 3279 961 et
3300 907 3674 962 Gomorrbteo-

2090 1007 2210 1054 rum
2259 1009 2318 1056 se
2357 1008 2484 1055 mox
2516 1000 2782 1055 Convertit
2830 999 3134 1064 excidium;
3167 986 3273 1052 nisi
3319 1006 3375 1052 ut
3423 1013 3456 1068 p
3496 1008 3675 1053 tenter

2087 1095 2438 1158 ostenderet,
2486 1093 2612 1164 quia
2644 1094 2738 1162 qui
2787 1106 2932 1148 nunc
2973 1100 3098 1147 sntit
3147 1089 3499 1146 immnnditia:
3541 1092 3672 1146 vitio

2089 1183 2298 1248 traditi,
2323 1181 2482 1238 simul
2502 1181 2669 1237 etiam
2698 1196 2820 1237 emn
2849 1179 3140 1237 immundis
3169 1183 3448 1252 spiritibus
3468 1191 3671 1238 {eterna

2089 1281 2216 1326 sunt
2241 1271 2447 1326 ultione
2475 1272 2808 1327 damnandi?
2847 1273 2915 1328 Et
2954 1284 3089 1344 quos
3116 1285 3260 1328 nunc
3289 1275 3452 1329 ardor
3494 1273 3669 1329 Sodo-
3767 1306 3780 1348 _-

2089 1357 2291 1418 mitica:
2319 1359 2564 1419 libidinis
2595 1374 2786 1431 vexat,
2827 1367 3175 1436 postmodum
3205 1367 3368 1418 etiam
3401 1381 3524 1420 eum
3554 1367 3671 1434 ipso

2087 1455 2256 1511 totius
2300 1455 2607 1525 iniquitatis
2654 1465 2877 1512 auctore
2907 1455 3119 1512 flamma
3149 1467 3423 1528 perpettue
3450 1459 3671 1512 combu-

2087 1541 2281 1600 stiouis
2309 1546 2537 1600 exurat?
2561 1540 2658 1600 Cui
2682 1547 2966 1601 sententiae
2997 1547 3160 1601 etiam
3191 1545 3356 1601 Judas
3397 1547 3669 1616 apostolus

2090 1635 2369 1710 aptissime
2393 1639 2664 1702 concinit,
2700 1639 2886 1695 dicens
2921 1658 2934 1694 :
2971 1660 2989 1690 ι
3036 1633 3305 1710 Angelos,
3349 1639 3552 1709 inqd'it,
3575 1641 3666 1708 qui

404 1729 647 1786 libidinis
675 1732 932 1801 impetum
952 1771 967 1796 ,
1002 1730 1232 1785 diversis
1282 1729 1455 1784 modis
1485 1729 1594 1784 sint
1617 1727 1671 1783 in
1702 1744 1789 1792 se.
1820 1729 1906 1785 vel
1935 1729 1990 1784 in
2020 1725 2064 1785 Β
2093 1737 2200 1781 non
2251 1723 2682 1782 observaverunt
2713 1740 2868 1782 suum
2901 1725 3262 1798 principatum
3292 1770 3306 1794 ,
3351 1727 3440 1783 sed
3477 1727 3669 1786 dereli-

401 1823 536 1879 alios
562 1823 948 1894 turpitudinem
975 1823 1205 1893 operati.
1230 1821 1395 1877 Plane
1426 1822 1468 1877 Si
1500 1821 1623 1891 quis
1642 1821 1814 1876 veniae
1839 1821 1988 1876 locus

401 1914 458 1968 in
509 1913 669 1982 bnjus
695 1913 810 1968 vitii
842 1913 996 1968 ruina
1039 1911 1394 1983 praeberetur,
1425 1909 1511 1967 cui
1541 1911 1860 1982 propensius
1895 1925 1985 1966 re-

401 2004 590 2058 missio
629 2002 952 2075 indulgcnda
996 2006 1366 2072 competeret,
1415 2011 1577 2070 quam
1621 1995 1694 2054 illi
1736 1999 1988 2056 videlicet

399 2095 639 2147 eretnita:
661 2134 675 2158 ,
718 2094 808 2163 qui
839 2085 1127 2148 nesciendo
1153 2089 1440 2160 peccavit?
1470 2089 1560 2159 qui
1599 2099 1696 2160 per
1722 2085 1984 2160 simplici-

401 2184 528 2238 latis
574 2184 898 2253 imperitiam
930 2171 1166 2238 cecidit?
1200 2181 1289 2252 qui
1331 2181 1432 2235 sibi
1472 2181 1574 2235 hoc
1606 2180 1768 2236 licere
1793 2221 1808 2246 ,
1841 2176 1988 2234 velut

401 2274 667 2329 naturalis
689 2275 850 2329 oilicii
879 2274 1142 2342 debitum,
1174 2272 1466 2329 aestimavit
1483 2273 1508 2325 ἲ
1527 2272 1750 2328 Discant
1776 2271 1984 2338 miseri,

399 2365 610 2421 discant
643 2378 701 2420 se
728 2381 756 2419 a
791 2374 898 2419 tam
929 2363 1264 2420 detestabilis
1287 2359 1400 2418 vitii
1424 2370 1577 2435 peSte
1599 2373 1948 2434 compescere
1966 2405 1984 2431 ,

400 2455 794 2511 lenocinantcm
837 2455 1074 2511 libidinis
1103 2451 1377 2511 lasciviam
1422 2451 1653 2509 viriliter
1694 2456 1982 2520 edomare,

397 2545 692 2616 petulantia
721 2547 902 2601 carnis
926 2546 1192 2600 incentiva
1228 2546 1547 2614 reprimere,
1581 2545 1821 2601 terribile
1845 2546 1982 2601 divi-

399 2647 484 2689 nae
511 2633 862 2691 districtionis
884 2631 1148 2702 judicium
1197 2633 1506 2688 medullitus
1545 2626 1878 2701 formidare;
1913 2637 1982 2689 ad

399 2725 720 2780 memoriam
754 2739 968 2794 semper
991 2733 1311 2779 revocantes
1337 2724 1481 2779 illam
1507 2725 1813 2795 apostolicae
1836 2739 1980 2782 com-

399 2817 713 2870 minationis
742 2814 1068 2870 sententiam
1089 2855 1104 2879 ,
1135 2825 1240 2884 qua
1270 2816 1472 2871 dicitur
1499 2834 1512 2870 :
1551 2828 1568 2868 α
1609 2811 1875 2873 ’l‘erribile
1901 2827 1984 2875 est

398 2905 640 2962 incidere
690 2905 743 2960 in
789 2919 984 2959 manus
1032 2904 1123 2959 Dei
1158 2904 1389 2960 viventis
1435 2903 1632 2976 (Hebr.
1663 2905 1752 2979 χ).
1789 2920 1808 2960 ι
1846 2906 1982 2964 illud

399 2997 564 3052 etiam
597 2995 942 3051 formidolose
967 2996 1271 3052 recolentes
1291 3039 1306 3059 ,
1346 2998 1488 3066 quod
1516 2999 1774 3068 propheta
1808 3003 1981 3054 mina-

2089 1825 2322 1888 quarunt
2349 1827 2506 1872 suum
2535 1817 2893 1883 domicilium,
2923 1817 2975 1872 itt
3000 1818 3264 1888 judicium
3314 1822 3492 1891 magni
3529 1822 3632 1876 diei
3651 1860 3668 1886 ,

2085 1906 2319 1961 vinculis
2339 1907 2558 1961 internis
2583 1905 2684 1960 sub
2708 1903 2938 1978 caligine
2968 1907 3206 1964 Servavit
3227 1917 3245 1963 ξ
3276 1911 3414 1964 sicut
3436 1910 3667 1965 Sodoma

2087 2005 2141 2051 et
2170 1995 2469 2052 Gou‘torrha
2495 2038 2510 2063 ,
2543 2006 2598 2052 et
2625 1997 2868 2053 ﬁnitima:
2899 2000 3146 2055 civitates
3175 2001 3334 2056 simili
3385 2002 3545 2057 modo
3575 2019 3670 2056 ex-

2087 2087 2390 2155 fornicatze,
2417 2096 2474 2145 et
2520 2090 2780 2146 abeuntes
2804 2099 2920 2161 post
2955 2109 3172 2148 carnem
3222 2095 3480 2161 alteram,
3511 2096 3670 2150 facta:

2087 2191 2215 2236 sunt
2255 2183 2560 2252 exemplum
2589 2224 2603 2248 ,
2655 2181 2794 2252 ignis
2839 2187 3028 2240 aeterni
3079 2202 3292 2256 pmnam
3334 2189 3668 2244 sustinentes

2088 2275 2584 2344 (J'ud.t,6,7)Palet
2619 2284 2783 2348 ergo,
2815 2277 2938 2348 quia
2969 2279 3109 2332 sicut
3153 2279 3326 2348 angeli
3369 2295 3524 2333 suum
3561 2297 3666 2334 non

2085 2364 2436 2423 observantes
2456 2365 2840 2436 principatum,
2870 2371 3122 2424 tartareae
3151 2370 3397 2440 ealiginis
3418 2385 3668 2425 meruere

2085 2457 2436 2527 supplicium;
2470 2459 2542 2513 ita
2570 2460 2660 2528 qui
2692 2476 2718 2512 a
2751 2461 2888 2515 sacri
2917 2462 3126 2516 ordinis
3151 2461 3429 2533 dignitate,
3465 2463 3516 2516 in
3546 2479 3667 2516 car-

2085 2546 2223 2600 nalis
2253 2546 2368 2600 vitii
2405 2548 2715 2619 Voraginem
2737 2561 3020 2613 corruunt,
3059 2551 3109 2604 in
3135 2562 3404 2620 perpetua:
3438 2553 3664 2607 damna-

2086 2635 2246 2690 tionis
2277 2635 2592 2690 barathrum
2624 2638 2819 2694 merito
2842 2633 3212 2696 devolvuntur.

2156 2721 2238 2790 Et,
2279 2737 2338 2783 ut
2366 2730 2603 2784 breviter
2645 2741 2835 2785 cuncta
2867 2732 3188 2786 concludam
3209 2775 3222 2797 ,
3256 2732 3504 2804 quisquis
3528 2749 3663 2804 quo-

2084 2817 2213 2873 libet
2239 2834 2423 2874 eorum
2449 2821 2626 2886 modo,
2657 2837 2792 2891 quos
2820 2829 2979 2892 supra
3012 2821 3386 2891 distinximus,
3419 2825 3663 2882 nefanda:

2084 2909 2430 2979 turpitudinis
2459 2927 2516 2966 se
2544 2913 2864 2983 contagione
2894 2913 3333 2980 fmdaveritmisi
3367 2917 3664 2974 fructuosa:

2083 3000 2410 3068 poenitentia:
2437 2999 2592 3056 fuerit
2627 3002 2996 3059 satisfactione
3039 3016 3296 3075 purgatus
3323 3047 3337 3070 ,
3383 3023 3659 3076 nunquam

399 3087 537 3142 eiter
562 3087 811 3151 intonat,
849 3088 1078 3142 dicens:
1129 3103 1152 3138 ι
1189 3083 1323 3154 Quia
1365 3087 1423 3142 in
1452 3088 1576 3160 igne
1618 3088 1719 3144 zeli
1770 3090 1980 3146 Domini
2009 3072 2052 3132 ε
2083 3087 2284 3142 habere
2310 3089 2400 3144 Dei
2423 3081 2648 3160 gratiam
2675 3093 2890 3160 poterit,
2917 3072 3186 3162 tamquam
3208 3095 3408 3149 Christi
3436 3072 3662 3165 corpore

399 3173 747 3233 devorabitur
767 3179 941 3232 omnis
965 3187 1132 3244 terra,
1154 3186 1209 3234 et
1233 3179 1286 3233 in
1308 3178 1484 3251 gladio
1511 3177 1627 3250 ejus
1652 3182 1828 3237 omnis
1854 3193 1982 3239 caro

399 3259 653 3338 (Sep/ton.
688 3267 750 3336 ι).
773 3265 865 3322 tSi
886 3267 1028 3321 enim
1055 3264 1303 3324 carnales
1329 3269 1576 3326 homines
1599 3269 1780 3326 divino
1801 3272 1981 3344 gladio

399 3359 692 3414 devorandi
723 3368 876 3422 sunt,
902 3367 959 3413 ut
987 3359 1113 3430 quid
1140 3375 1281 3416 nunc
1310 3360 1484 3431 ipsam
1508 3371 1729 3418 carnem
1755 3363 1980 3418 damna-

398 3446 580 3505 biiiter
617 3443 888 3521 diligunt?
933 3457 992 3506 ut
1038 3451 1168 3521 quid
1207 3452 1388 3506 carnis
1417 3451 1785 3522 voluptatibus
1823 3469 1982 3509 ener-

397 3540 807 3599 vitercedunt?
847 3539 941 3596 Ille
977 3538 1235 3597 nimirum
1266 3552 1348 3596 est
1386 3537 1634 3613 gladius,
1671 3559 1833 3614 quem
1869 3541 1977 3600 Do-

399 3631 580 3688 minus
608 3639 707 3704 per
750 3617 966 3703 Moysen
1011 3634 1249 3689 intentat
1288 3634 1701 3704 peccatoribus,
1745 3634 1974 3692 dicens:

404 3737 428 3778 ι
445 3723 714 3778 Exacuam
731 3721 866 3778 velut
886 3721 1064 3795 fulgur
1087 3723 1320 3794 gladium
1339 3735 1514 3780 meum
1532 3725 1707 3796 (Deut.
1735 3727 1927 3798 χχχιι).
1948 3743 1972 3780 ἰ

401 3814 469 3870 Εῑ
504 3816 696 3870 iterum
731 3833 744 3868 :
802 3832 824 3867 ι
867 3810 1124 3880 Gladius,
1173 3815 1388 3886 inquit,
1432 3825 1588 3872 meus
1631 3815 1980 3873 manducabit

400 3916 596 3963 carnes
623 3905 844 3979 (Ibid);
878 3921 896 3958 ι
929 3907 981 3962 id
1007 3915 1110 3970 εει,
1143 3906 1296 3962 furor
1318 3917 1469 3962 meus
1497 3907 1755 3978 deglutiet
1777 3907 1830 3962 in
1857 3923 1978 3962 car-

400 3999 488 4056 nis
515 3995 867 4055 delectatione
894 3999 1152 4055 viventes.
1198 3997 1350 4054 Sicut
1377 4000 1518 4053 enim
1549 4000 1584 4053 ii
1611 4039 1626 4064 ,
1654 3994 1748 4068 qtii
1788 4000 1980 4053 adver-

399 4101 492 4143 sus
532 4088 786 4143 vitiorum
815 4096 1052 4142 monstra
1095 4087 1426 4158 conﬂigunt,
1471 4099 1718 4156 supernae
1761 4088 1978 4142 virtutis

399 4176 600 4232 auxilio
625 4173 952 4243 fulciuntur;
986 4176 1058 4230 ita
1095 4190 1126 4230 e
1159 4177 1371 4231 diverso
1411 4178 1592 4232 carnis
1621 4176 1976 4233 immunditiae

397 4269 588 4334 dediti,
611 4267 708 4323 soli
738 4267 931 4320 divinae
952 4266 1173 4321 ultionis
1193 4264 1398 4335 judicio
1429 4276 1792 4322 reservantur.
1821 4266 1975 4323 Unde

391 4367 454 4413 'et
489 4356 715 4411 Petrus:
753 4373 772 4406 ι
806 4351 993 4419 Novit,
1024 4355 1230 4424 inquit,
1257 4357 1514 4412 Dominus
1544 4357 1658 4424 pios
1691 4357 1758 4412 de
1799 4366 1972 4412 tenta-

2082 3184 2135 3230 et
2177 3178 2438 3247 sanguine
2478 3179 2670 3248 dignus
2699 3181 2835 3244 erit,
2885 3191 3157 3250 nunquam
3202 3183 3439 3240 cwlestis
3472 3187 3661 3254 patria:

2077 3261 2244 3321 limen
2292 3267 2555 3334 intrabit,
2585 3271 2726 3339 unod
2757 3271 3031 3339 apostolus
3075 3271 3307 3329 Joannes
3349 3273 3402 3327 in
3451 3277 3661 3343 Apoca-

2081 3353 2217 3426 lypsi
2245 3355 2532 3414 manifeste
2557 3357 2817 3426 declarat,
2851 3361 2941 3430 qui
2976 3362 3100 3416 dum
3144 3365 3208 3418 de
3237 3364 3471 3419 caelestis
3507 3367 3659 3436 regni

2079 3442 2248 3514 gloria
2277 3445 2608 3516 loqueretur,
2633 3445 2862 3514 addidit,
2895 3451 3080 3505 dicens
3109 3468 3120 3504 :
3159 3469 3177 3502 ι
3211 3449 3325 3506 Non
3356 3451 3576 3509 intrabit
3603 3455 3659 3508 in

2081 3532 2225 3588 illam
2253 3533 2448 3606 aliquis
2470 3539 2870 3609 Coinquinatus,
2897 3551 2952 3596 et
2980 3535 3184 3597 faciens
3206 3543 3656 3599 abominationem

2073 3623 2263 3693 (Apoc.
2301 3626 2434 3695 χχι).
2473 3643 2492 3679 ›

2643 3713 2869 3774 CAPUT
2907 3713 3093 3777 XXIII.

2151 3802 2461 3860 Exhortatio
2487 3807 2621 3878 lapsi
2645 3809 2700 3862 in
2729 3817 2940 3879 peccato
2965 3810 3211 3878 hominis,
3243 3822 3297 3866 ut
3329 3823 3586 3885 resurgat.

2150 3898 2422 3969 Exsurge,
2457 3908 2690 3969 exsurge
2709 3941 2721 3963 ,
2756 3917 2957 3971 quaeso,
2983 3904 3379 3975 expergiscere,
3408 3919 3442 3960 ο
3471 3905 3651 3972 homo,

2073 3990 2168 4058 qui
2206 3991 2420 4046 misera:
2450 3991 2740 4062 voluptatis
2763 4005 2959 4063 sopore
3003 3993 3350 4065 deprimeris;
3392 3999 3654 4054 revivisee

2080 4081 2292 4136 tandem
2317 4116 2333 4146 ,
2360 4082 2452 4152 qui
2481 4083 2662 4138 lethali
2701 4091 2883 4138 coram
2928 4085 3165 4142 inimicis
3195 4088 3300 4143 tuis
3326 4087 3503 4159 gladio
3525 4105 3653 4144 eor-

2071 4175 2254 4230 ruisd.
2292 4175 2461 4230 Adest
2493 4176 2770 4246 apostolus
2817 4173 3044 4241 Paulus;
3093 4177 3217 4233 audi
3261 4175 3408 4231 illum
3451 4177 3654 4233 vocife-

2077 4273 2310 4332 rantem,
2358 4266 2657 4336 pulsantem
2677 4307 2692 4334 ,
2716 4270 3121 4324 concutie‘ntem
3138 4309 3153 4334 ,
3180 4267 3448 4339 clarisque
3489 4285 3653 4340 super

2075 4365 2131 4410 te
2176 4355 2399 4412 vocibus
2447 4353 2870 4413 inclamantem:
2917 4375 2936 4410 α
2992 4359 3265 4430 Exsurge,
3318 4359 3528 4428 inquit.
3555 4361 3647 4428 qui

394 4448 545 4502 tione
571 4449 812 4517 eripere,
843 4446 1054 4515 iniquos
1095 4461 1225 4502 vero
1269 4446 1321 4500 in
1345 4447 1437 4502 die
1473 4446 1661 4516 judicii
1694 4454 1973 4503 reservare
2005 4417 2051 4479 Ῐ)
2077 4445 2315 4510 dormis,
2363 4456 2417 4500 et
2459 4459 2694 4518 exsurge
2742 4463 2772 4502 a
2817 4450 3078 4515 mortuis,
3111 4417 3556 4504 etvexsuscitabit
3598 4460 3650 4504 te

396 4539 722 4595 cruciandos
751 4555 764 4591 :
797 4537 970 4606 magis
996 4545 1178 4593 autem
1198 4579 1212 4602 ,
1243 4536 1336 4607 qui
1365 4545 1485 4608 post
1510 4547 1728 4594 carnem
1753 4538 1811 4593 in
1838 4555 1970 4595 con-

400 4628 728 4698 cupiscentia
746 4628 1097 4683 immunditiis
1112 4627 1390 4690 ambulant
1411 4621 1463 4697 (1
1469 4626 1499 4681 Ι
1512 4625 1658 4682 Petr.
1675 4627 1759 4697 ιι).
1787 4647 1805 4680 ι
1827 4627 1972 4695 Quos

395 4723 559 4777 etiam
578 4722 702 4777 alibi
719 4721 1025 4792 increpa-ns,
1045 4722 1120 4775 ait
1141 4738 1154 4772 :
1181 4737 1200 4771 ι
1227 4721 1630 4787 Existimantes,
1654 4721 1851 4791 inquit,
1864 4721 1970 4777 dici

395 4813 619 4869 delicias
637 4813 1126 4883 coinquinatiOnes,
1140 4823 1194 4868 et
1207 4813 1433 4869 maculae
1444 4813 1653 4869 deliciis
1666 4811 1966 4881 aii'luentes,

393 4903 659 4957 conviviis
684 4901 796 4957 suis
817 4903 1152 4956 luxuriantes
1174 4903 1228 4956 in
1249 4893 1551 4968 vehiscum,
1572 4903 1761 4959 oculus
1771 4903 1973 4959 haben-

401 5000 483 5047 tes
507 4990 695 5059 plenos
723 4989 1023 5051 adulterio.
1053 4999 1108 5044 et
1145 4990 1451 5047 incessabili
1489 4993 1684 5048 delieto
1715 4992 1908 5064 (Ibid.)
1941 5011 1964 5045 ο

464 5080 575 5136 Nec
606 5079 922 5151 glorientur,
947 5081 1036 5148 qui
1067 5082 1119 5134 in
1161 5094 1318 5135 sacro
1335 5081 1527 5136 ordine
1553 5083 1714 5152 positi
1745 5091 1895 5148 sunt,
1920 5084 1966 5138 si

393 5170 803 5227 exsecrabilizer
829 5170 1018 5223 vivunt
1049 5186 1062 5222 :
1093 5169 1224 5238 quia
1273 5181 1380 5237 quo
1407 5170 1567 5224 altius
1593 5177 1801 5226 stantes
1835 5171 1970 5226 emi-

393 5268 552 5326 nent,
603 5277 668 5316 eo
713 5258 1028 5328 profundius
1071 5267 1388 5313 carmentes
1431 5258 1616 5326 jaccnt
1659 5276 1671 5310 :
1723 5270 1780 5315 et
1824 5260 1969 5314 sicut

394 5353 529 5406 alios
568 5353 827 5408 deberent
873 5365 1015 5408 nunc
1063 5349 1115 5404 in
1165 5358 1368 5404 san-ta:
1412 5349 1836 5405 cenvorsatiOuis
1860 5351 1970 5405 vita

393 5426 724 5511 praecedere,
767 5443 838 5496 ita
871 5440 1214 5512 postmodum
1251 5441 1516 5494 atrociora
1556 5449 1820 5511 coguntur
1847 5457 1972 5511 sup.

393 5532 552 5600 plicia
597 5533 891 5597 sustinere;
939 5534 1061 5603 quia
1105 5530 1260 5599 juxta
1301 5530 1441 5585 Petri
1491 5541 1675 5585 vocem
1711 5547 1728 5586 :
1772 5551 1790 5583 ε
1833 5531 1974 5587 Deus

396 5624 556 5679 ctiam
610 5624 814 5692 angelis
855 5625 1204 5692 peccantibus
1249 5640 1353 5679 non
1408 5623 1684 5693 pepercit,
1735 5625 1829 5679 sed
1884 5641 1972 5679 ru-

2065 4535 2322 4593 -Christus
2353 4537 2568 4609 (Epiros.
2611 4540 2688 4612 v).
2725 4555 2746 4592 ι
2773 4540 2876 4608 Qui
2903 4539 3180 4596 Christum
3205 4544 3648 4596 resuscitatorem
3742 4567 3747 4570 ν

2074 4628 2257 4692 audis,
2297 4643 2400 4683 cur
2441 4630 2507 4685 de
2552 4639 2640 4685 tua
2683 4631 3097 4687 resuscitat'ione
3140 4630 3368 4688 diliidis?
3396 4632 3532 4687 Audi
3580 4646 3647 4690 ex

2071 4731 2168 4772 ore
2208 4718 2425 4788 ipsius:
2455 4738 2478 4770 -ι
2526 4719 2631 4787 Qui
2660 4721 2869 4786 credit,
2899 4720 3113 4791 inquit,
3161 4723 3216 4776 in
3259 4736 3382 4784 me,
3409 4722 3568 4776 etiam
3599 4723 3644 4775 si

2069 4818 2317 4864 martuus
2347 4809 2532 4876 fuerit,
2558 4811 2704 4866 vivet
2733 4811 2924 4881 '(Joan.
2972 4812 3072 4882 XI).
3109 4825 3130 4864 ι
3161 4811 3218 4867 Si
3255 4812 3364 4865 vita
3402 4812 3644 4866 viviﬁca-

2065 4899 2176 4953 trix
2237 4907 2288 4955 te
2337 4901 2529 4970 quaerit
2569 4901 2820 4970 erigere,
2875 4909 2929 4955 tu
2978 4918 3076 4956 cur
3123 4901 3352 4956 ulterius
3391 4899 3533 4954 feras
3589 4901 3641 4954 in

2071 4998 2160 5042 tua
2211 4997 2385 5044 morte
2420 4989 2644 5059 jacere?
2689 4991 2870 5057 Cave,
2915 5007 3053 5047 cave
3090 5007 3258 5063 ergo,
3309 5007 3377 5048 ne
3403 5002 3453 5046 te
3480 4993 3640 5046 bara-

2070 5079 2253 5133 thrum
2289 5080 2689 5149 desperationis
2741 5081 3048 5136 absorbent.
3095 5082 3244 5136 Mens
3288 5091 3376 5137 tua
3415 5082 3640 5136 fiducia-

2069 5169 2191 5228 liter
2217 5187 2283 5226 ex
2313 5173 2492 5228 divina
2523 5173 2725 5244 pietate
2766 5183 3058 5243 praesumat
3079 5214 3094 5240 ,
3125 5189 3193 5229 ne
3230 5189 3328 5243 pro
3372 5157 3642 5243 magnitu-

2068 5262 2194 5318 dine
2259 5262 2502 5318 criminis
2567 5264 2914 5334 i'mpoenitens
2962 5265 3308 5320 'obzinrescat.
3370 5263 3486 5318 Non
3558 5271 3642 5318 cst

2066 5352 2210 5407 enim
2255 5359 2600 5422 peccatorum
2641 5354 2965 5423 desperare,
3013 5355 3108 5409 scd
3160 5354 3484 5423 impiorum;
3538 5363 3641 5405 nec

2063 5444 2382 5512 magnitudo
2449 5445 2736 5499 criminum
2807 5444 2861 5498 in
2925 5445 3354 5513 desperationem
3419 5441 3640 5496 adducit

2067 5535 2341 5598 animam.
2399 5535 2493 5590 sed
2537 5535 2806 5604 impietas.
2859 5534 2917 5588 Si
2969 5535 3113 5588 enim
3159 5543 3368 5587 tantum
3395 5531 3640 5587 diabolus

2068 5626 2280 5692 potuit,
2329 5635 2389 5678 ut
2425 5635 2477 5682 te
2517 5627 2568 5680 in
2619 5626 2776 5693 hujus
2813 5626 2927 5681 vitii
2955 5625 3214 5692 profunda
3237 5625 3636 5692 subtnergeret;
