3996 6184
452 292 560 351 585

1425 288 1666 346 OPUSC.
1704 287 1812 344 Vll.
1841 320 1910 331 —
1936 283 2135 342 LIBER
2175 284 2748 344 GOMORRIIIANUS.

3611 286 3713 339 186

448 411 653 472 quanto
698 415 870 470 magis
928 407 981 453 te
1032 399 1203 454 virtus
1259 398 1460 455 Christi
1509 400 1705 472 poterit
1748 399 1815 456 ad
1869 416 1991 456 eum
2019 442 2032 464 ,
2065 403 2110 461 Α
2138 401 2440 469 penduntur
2467 401 2696 470 denique
2724 398 2874 456 nervi
2898 397 3074 470 rigidi,
3102 399 3290 454 dentes
3311 398 3461 466 nudi,
3488 399 3711 465 ossium,

453 491 611 560 173
644 490 713 546 de
739 503 846 558 quo
871 489 1052 558 lapsus
1079 503 1159 554 es,
1203 491 1461 545 verticem
1503 493 1797 546 revocare?
1832 509 1851 542 ι
1881 489 2030 546 Nun-

451 582 584 652 quid
615 581 707 649 qui
761 579 980 646 cecidit,
1009 593 1115 635 non
1150 578 1370 647 adjiclet
1401 591 1459 637 ut
1489 583 1772 652 resurgat?
1803 603 1819 633 ι
1856 578 2028 652 (Ρδιιι.

444 668 561 739 ιι..)
593 668 805 723 CeCidit
838 668 1024 722 asinus
1050 668 1232 723 carnis
1255 675 1360 723 tua?
1390 669 1442 724 in
1474 670 1586 725 luto
1630 670 1729 725 sub
1759 671 2026 741 pondere;

441 769 530 814 cst
554 756 804 813 stimulus
831 757 1188 826 ptettitentiae,
1207 759 1296 828 qui
1321 769 1554 830 pungat;
1585 769 1668 815 est
1702 773 1893 816 manus
1917 762 1996 832 spi
2020 792 2030 801 -

444 849 602 913 ritus,
625 863 746 918 qua:
764 847 996 901 viriliter
1015 847 1285 902 extrahat.
1308 846 1536 903 Samson
1561 847 1653 904 ille
1679 847 2024 916 fortissimus,

443 939 570 1008 qttia
598 938 738 992 male
759 935 1055 992 blandienti
1071 935 1282 991 mulieri
1306 945 1572 992 secretum
1595 937 1678 993 sui
1699 936 1879 994 cordis
1901 953 2032 1009 ape-

440 1031 572 1098 ruit,
611 1043 716 1084 non
754 1029 928 1083 solum
965 1036 1170 1098 septem
1205 1028 1403 1092 crines,
1429 1029 1622 1098 quibus
1650 1031 1823 1085 virtus
1853 1029 2033 1086 aleba-

441 1131 553 1186 tur,
582 1115 786 1211 amisit,
813 1119 909 1174 sed
938 1119 1102 1174 etiam
1135 1117 1314 1188 praeda
1355 1118 1532 1174 factus
1555 1119 1872 1191 Allopltylis,
1901 1136 2031 1175 ocu-

437 1211 524 1266 los
554 1207 785 1280 perdidit
808 1225 823 1263 :
849 1211 1192 1280 postmodum
1215 1223 1347 1264 vero
1377 1207 1587 1280 capillis
1608 1207 1720 1278 jam
1744 1224 2032 1266 renascen-

439 1305 609 1366 tibus,
660 1303 869 1358 Domini
929 1303 1024 1356 Dei
1073 1300 1154 1358 sui
1206 1301 1467 1357 auxilium
1519 1301 1794 1358 humiliter
1850 1304 2028 1374 petiit,

437 1392 701 1462 templum
749 1393 932 1463 Dagon
971 1395 1201 1459 stravit,
1253 1401 1308 1447 et
1336 1391 1506 1449 multo
1558 1394 1819 1464 majorem
1864 1409 2029 1464 quam

435 1483 590 1553 prius
612 1483 870 1554 .hoStium
924 1481 1324 1539 multitudinem
1361 1485 1633 1540 interemit
1663 1485 1862 1557 (Judic.
1892 1486 2025 1555 xvi).

509 1574 566 1629 Si
588 1589 722 1644 ergo
750 1583 802 1630 te
833 1576 1098 1644 impudica
1128 1589 1257 1630 caro
1288 1585 1378 1631 tua
1418 1573 1599 1632 mollia
1632 1577 1907 1632 suadendo
1936 1577 2024 1631 deo

438 1665 605 1732 cepit,
627 1665 673 1718 si
701 1674 908 1734 septem
945 1665 1087 1720 dona
1118 1665 1291 1722 sancti
1339 1665 1574 1738 Spiritus
1601 1668 1844 1734 abstulit,
1875 1670 1917 1724 si
1947 1668 2027 1723 lu-

2133 491 2594 560 articulorumque
2622 503 2882 563 compago
2914 491 3517 558 divulsa,,0tttniumque
3547 505 3714 544 mem-

2133 581 2355 638 brorum
2381 583 2703 652 compositio
2733 583 3030 638 enormiter
3077 582 3357 652 dissipata.
3399 581 3560 654 1⁵14
3588 583 3711 645 Sic,

2133 674 2211 728 sic
2243 673 2516 738 informis,
2547 683 2706 742 atque
2732 673 2971 729 confusa:
3015 673 3269 745 imaginis
3296 683 3595 728 monstrum
3623 689 3717 728 ex-

2135 763 2312 816 trahat
2352 762 2420 817 ab
2473 762 2712 817 humano
2757 765 2921 819 corde
2973 764 3324 834 praestigium.
3355 762 3526 817 Pensa
3553 763 3718 833 igitur

2131 867 2292 921 quam
2317 852 2634 922 periculosae
2678 853 3064 909 vicissitudinis
3098 855 3168 908 sit
3196 853 3542 919 permutatio,
3572 853 3715 921 quod

2134 955 2227 1012 per
2247 953 2683 999 momentaneam
2713 945 3155 1009 delectationem,
3181 960 3285 1014 qua
3315 945 3367 998 in
3409 951 3608 1014 puncto
3631 959 3715 998 se.

2131 1045 2254 1085 men
2297 1029 2533 1099 ejicitur,
2563 1047 2743 1102 paena,
2775 1047 2893 1102 quae
2924 1034 3188 1102 sequitur,
3217 1047 3317 1103 per
3346 1032 3511 1118 millia
3546 1047 3716 1086 anno-

2131 1134 2253 1175 rum
2289 1121 2556 1177 curricula
2604 1139 2709 1177 non
2758 1123 2964 1178 ﬁnitur.
2997 1124 3183 1193 Cogita
3234 1137 3397 1194 quam
3453 1124 3724 1184 miserum,

2131 1211 2224 1277 sit,
2265 1213 2408 1282 quod
2458 1227 2555 1283 per
2617 1229 2781 1268 unutn
2847 1217 3185 1281 membrum,
3232 1215 3385 1284 cujus
3423 1229 3570 1272 nunc
3616 1229 3732 1267 vo-u

2130 1302 2306 1373 luptas
2327 1303 2594 1374 expletur,
2619 1313 2789 1360 totum
2812 1306 3151 1374 postmodum
3182 1319 3377 1375 corpus
3407 1303 3566 1360 simul
3591 1316 3735 1360 cum;

2129 1391 2310 1448 anima
2353 1394 2717 1449 atrocissimis
2764 1391 3104 1448 ﬂammarum
3149 1395 3414 1449 incendiis
3455 1378 3738 1463 perpetuo“:

2128 1485 2423 1540 cruciatur.
2453 1485 2569 1551 llis,
2612 1495 2667 1539 et
2707 1483 3013 1552 lmjusmodi
3046 1483 3546 1553 impenetrabilihus
3571 1480 3718 1551 cogi-

2129 1577 2390 1630 tationum
2413 1575 2616 1647 clypeis
2632 1575 2970 1628 imminentia
2995 1572 3134 1626 mala
3159 1572 3416 1642 propelle,
3443 1571 3716 1642 praeterita

2127 1677 2226 1735 per
2254 1665 2630 1735 paenitentiam
2683 1660 2824 1718 dele.
2866 1661 3061 1719 Carnis
3105 1663 3422 1734 superbiam
3455 1660 3716 1730 jejunium

438 1769 564 1808 men
597 1769 704 1808 non
734 1755 928 1811 frontis
967 1757 1060 1812 sed
1102 1757 1284 1813 cordis
1310 1759 1603 1827 exstinxit,
1631 1777 1739 1815 non
1769 1762 2026 1817 concidas
2056 1746 2100 1807 Β
2130 1752 2379 1824 frangat;
2411 1767 2567 1808 mens
2620 1753 2848 1807 assiduae
2891 1751 3162 1808 orationis
3208 1749 3436 1820 dapibus
3472 1749 3716 1819 saginata

436 1845 642 1911 animo,
691 1844 802 1899 noli
850 1844 1091 1901 funditus
1120 1848 1438 1918 desperare,
1470 1851 1647 1906 adhuc
1703 1859 1757 1907 te
1799 1852 1852 1907 in
1885 1853 2029 1908 vires

439 1933 652 2003 collige,
702 1933 932 1990 viriliter
961 1945 1175 2003 excute,
1203 1938 1366 1994 fortia
1399 1949 1613 1997 tentare
1654 1957 1937 2011 praesume,
1975 1953 2027 1998 et

430 2022 512 2078 sic
539 2037 642 2094 per
679 2024 777 2079 Dei
815 2026 1246 2082 misericordiam
1297 2027 1362 2084 de
1407 2029 1644 2086 inimicis
1687 2034 1794 2088 tuis
1821 2034 2027 2104 poteris

435 2117 793 2186 triumphare.
823 2117 888 2171 Et
915 2125 1066 2173 certe
1099 2118 1356 2174 Philistaai
1381 2121 1563 2176 crines
1583 2120 1812 2177 Samson
1838 2132 2026 2193 potue-

431 2216 559 2261 runt
585 2209 810 2278 quidem
833 2205 1049 2275 radere,
1074 2209 1168 2264 sed
1199 2225 1304 2265 non
1335 2211 1586 2277 evellere,
1616 2213 1739 2282 quia
1769 2222 1825 2268 et
1854 2213 2023 2284 iniqui

435 2299 655 2368 spiritus
680 2298 810 2354 licet
837 2314 866 2352 a
897 2310 948 2354 te
973 2299 1302 2355 charismata
1333 2302 1506 2356 sancti
1536 2298 1770 2373 Spiritus
1795 2305 1861 2358 ad
1891 2313 2024 2359 tem-

435 2403 536 2460 pus
562 2390 918 2456 excluscrint,
945 2407 1281 2462 nequaquam
1317 2403 1494 2449 tamen
1517 2398 1811 2463 prtevalcnt
1830 2396 2023 2451 divinae

436 2483 898 2538 reconciliationis
956 2486 1254 2539 remedium
1309 2485 1806 2554 irrecuperabiliter
1856 2489 2023 2542 abne-

421 2586 587 2641 gare.
634 2572 898 2639 Qualiter,
929 2574 1177 2637 obsecro,
1217 2573 1284 2629 de
1310 2573 1613 2645 largissima
1668 2572 1879 2630 Domini
1928 2592 2022 2628 va-

434 2663 547 2718 leas
592 2663 967 2719 misericordia
1010 2663 1324 2732 desperare,
1355 2664 1447 2735 qui
1480 2665 1648 2719 etiam
1680 2662 2021 2720 Pharaonem

433 2754 655 2826 arguit,
704 2755 830 2824 quia
874 2764 997 2825 post
1042 2767 1321 2825 peccatum
1377 2755 1443 2812 ad
1481 2758 1816 2827 poenitentia:
1850 2772 2027 2813 reme-

434 2847 581 2900 dium
613 2859 722 2901 non
773 2847 1054 2918 confugit?
1095 2847 1235 2902 Audi
1278 2857 1431 2904 certe
1453 2848 1580 2918 quid
1611 2850 1798 2904 dicat:
1834 2868 1852 2901 ε
1888 2845 2023 2902 Bra-

433 2939 587 3003 chia,
633 2940 842 3009 inquit,
873 2939 1172 2994 Pharaonis
1211 2940 1356 3010 regis
1411 2939 1629 3012 Egypti
1677 2941 1938 3006 contrivi,
1970 2948 2026 2994 et

437 3044 544 3082 non
577 3036 660 3082 est
682 3027 1003 3099 deprecatus
1030 3038 1087 3083 ut
1116 3029 1340 3083 daretur
1366 3030 1421 3084 in
1465 3045 1531 3085 eo
1558 3030 1797 3095 sanitas,
1826 3037 1880 3085 e't
1906 3033 2021 3086 red-

2115 1843 2470 1916 pinguescat.
2495 1842 2610 1900 Hoc
2653 1843 2837 1914 itaque
2862 1843 3023 1898 modo
3054 1841 3249 1913 prwsul
3279 1840 3506 1911 spiritus
3535 1836 3716 1906 subje-

2126 1947 2268 1990 ctam
2292 1949 2514 1989 carnem
2545 1933 2840 2005 disciplina:
2873 1932 3026 1987 freno
3053 1941 3324 1997 coerceat,
3349 1939 3404 1985 et
3430 1930 3495 1983 ad
3519 1942 3709 1998 super-

2125 2042 2252 2082 nam
2292 2025 2593 2083 Jerusalem
2640 2027 2880 2097 quotidie
2924 2026 3185 2082 ferventis
3229 2023 3482 2081 desiderii
3522 2021 3702 2093 gradi-

2125 2118 2226 2173 bus
2256 2118 2520 2173 festinarc
2543 2117 2850 2172 contendat.

2687 2235 2916 2293 CAPUT
2954 2234 3144 2291 XXIV.

2125 2326 2279 2394 Quod
2306 2327 2377 2381 ad
2399 2327 2747 2382 edomandam
2777 2327 3047 2380 libidinem
3069 2327 3198 2380 satis
3223 2325 3424 2392 prosint
3456 2324 3714 2378 castitatis

2607 2397 2825 2467 pra'mia
2857 2395 3216 2467 contemplari.

2193 2485 2384 2555 Operae
2410 2484 2641 2556 pretium
2688 2486 2903 2555 quoque
2945 2493 3028 2540 est
3069 2489 3127 2538 ul
3172 2483 3438 2553 promissa
3470 2481 3712 2537 castitati

2121 2577 2343 2646 przemia
2371 2577 2711 2632 incessanter
2735 2572 2988 2645 aSpic'ias,
3013 2591 3244 2646 quorum
3269 2575 3552 2630 dulcedine
3579 2589 3708 2644 pro-

2124 2677 2372 2733 vocatus,
2404 2665 2668 2737 quidquid
2697 2667 2934 2721 versutia
2969 2665 3149 2721 callidi
3191 2663 3524 2720 insidiatoris
3545 2681 3712 2736 oppo-

2124 2757 2292 2826 nitur,
2333 2759 2508 2816 libero
2541 2757 2664 2815 fidei
2693 2759 2828 2830 pede
2859 2759 3231 2815 transcendes.
3264 2758 3320 2814 Si
3348 2760 3490 2815 enim
3530 2769 3709 2816 atten-

2125 2850 2285 2906 datur
2312 2847 2569 2916 felicitas,
2595 2849 2662 2903 ad
2691 2865 2853 2919 quam
2877 2865 2983 2904 non
3007 2850 3124 2904 sine
3150 2850 3377 2905 transitu
3407 2851 3712 2922 attingitur,

2123 2939 2241 2994 leve
2294 2937 2356 2993 fit
2398 2940 2541 3009 quod
2589 2940 2920 2994 transeundo
2957 2936 3265 3004 laboratur,
3311 2949 3366 2994 et
3413 2942 3714 2996 conductus

2127 3028 2304 3086 fossor
2331 3029 2548 3084 taedium
2578 3029 2778 3084 laboris
2803 3028 3048 3094 alleviat,
3079 3029 3220 3084 dum.
3249 3032 3552 3084 mercedem
3585 3044 3714 3099 ope-

434 3119 662 3174 deretur
704 3120 754 3174 ei
801 3120 978 3176 virtus
1022 3123 1088 3174 ad
1149 3120 1713 3190 comprehendendum
1783 3120 2018 3190 gladium
2049 3109 2094 3171 C
2123 3125 2235 3187 ris,
2286 3137 2406 3193 quae
2452 3120 2708 3186 debetur,
2762 3121 3035 3176 inhianter
3087 3129 3385 3191 exspectat.
3435 3119 3715 3190 Perpende

427 3213 450 3280 (
480 3208 674 3264 Exedit.
689 3221 794 3268 xxx
822 3209 862 3282 ).
896 3231 914 3264 ι
934 3211 1075 3279 Quid
1094 3212 1269 3267 dicam
1290 3211 1479 3267 Achab
1499 3225 1682 3282 regem
1703 3209 1904 3266 Israel?
1926 3211 2018 3281 qui

424 3311 720 3371 postquam
760 3301 902 3356 idola
952 3301 1250 3358 fabricatus
1296 3314 1381 3358 eat
1407 3341 1423 3368 ,
1466 3311 1746 3371 postquam
1807 3300 2017 3357 Nabotb

426 3388 812 3445 Jezraltelitem
832 3390 996 3462 impie
1025 3391 1340 3456 trucidavit,
1369 3393 1584 3446 tandem
1610 3391 1751 3446 sicut
1769 3406 1834 3445 ex
1861 3401 2018 3461 parte

429 3481 747 3537 humiliatus
767 3491 870 3546 est,
900 3483 974 3537 ita
1006 3483 1172 3536 etiam
1204 3496 1270 3537 ex
1298 3491 1455 3554 parte
1480 3493 1563 3538 est
1591 3483 2018 3539 misericordiam

429 3581 775 3628 consecutus.
803 3569 966 3628 Teste
995 3574 1139 3628 enim
1167 3572 1481 3644 Scriptura,
1539 3582 1820 3644 pastquam
1850 3582 2020 3628 terro-

423 3679 546 3719 :rc'm
571 3654 769 3719 divinae
789 3665 1236 3722 commina'tionis
1266 3665 1496 3737 accepit,
1525 3666 1686 3721 scidit
1711 3675 1935 3731 vestem,
1965 3677 2020 3720 et

423 3755 640 3822 operuit
664 3754 845 3810 cilicio
869 3769 1088 3811 carnem
1121 3767 1296 3822 suam,
1314 3755 1684 3826 jejunavitque
1701 3796 1715 3821 ,
1738 3764 1794 3811 et.
1817 3756 2020 3811 dormi-

427 3845 512 3900 vit
533 3845 586 3900 in
617 3861 780 3901 sacco
801 3857 857 3901 et
885 3847 1202 3902 ambulabat
1237 3848 1474 3904 demisso
1509 3849 1705 3917 capite.
1747 3847 1886 3914 Quid
1918 3848 2019 3902 ita-

419 3947 538 4003 que
561 3936 860 4006 posthaec?
891 3955 910 3988 t
941 3935 1139 3992 Factus
1173 3946 1256 3993 est
1295 3951 1476 3993 sermo
1505 3933 1718 3994 Domini
1750 3938 1817 3992 ad
1843 3935 2016 3992 Eliam

423 4027 477 4081 1'
483 4027 766 4091 hesbitem,
784 4029 971 4086 dicetis
998 4049 1012 4084 :
1036 4028 1226 4085 Nonne
1257 4029 1436 4086 vidisti
1465 4029 1806 4085 humiliatum
1831 4029 2018 4085 Achab

429 4133 617 4173 coram
646 4136 730 4173 nrc
749 4119 921 4186 ?Quia
955 4121 1119 4192 igitur
1143 4120 1462 4175 humiliatus
1486 4128 1569 4175 est
1586 4121 1689 4175 mei
1705 4135 1888 4184 causa,
1909 4135 2015 4174 non

443 4209 706 4265 inducam
727 4208 929 4263 malum
956 4208 1011 4262 in
1035 4205 1230 4264 diebus
1248 4209 1365 4278 ejus
1383 4203 1500 4276 (111
1515 4203 1646 4274 Reg.
1662 4203 1831 4275 ut)»
1861 4200 2026 4272 Igitur

445 4305 498 4361 si
516 4314 572 4360 et
591 4303 736 4359 illius
753 4302 1071 4372 paenitentia
1090 4316 1196 4355 non
1221 4297 1543 4370 despicitur,
1565 4295 1654 4365 Qui
1684 4307 2026 4366 nequaquam

417 4385 423 4401 ²
445 4408 838 4468 perseverasse
861 4395 1242 4464 cognoscitur;
1270 4404 1368 4447 cur
1398 4400 1453 4444 tu
1477 4389 1545 4446 de
1569 4388 1766 4444 divinae
1789 4387 2024 4444 misera-

2125 3223 2254 3282 ergo
2293 3210 2437 3281 quod
2465 3209 2532 3266 de
2562 3210 2820 3265 militibus
2853 3210 3122 3265 castitatis
3149 3226 3246 3280 per
3273 3210 3591 3280 prophetam
3631 3207 3714 3264 di-

2121 3301 2269 3354 citur
2301 3318 2315 3354 :
2353 3317 2373 3352 ι
2405 3298 2505 3354 Hic
2535 3297 2670 3354 dicit
2693 3299 2952 3354 Dominus
2981 3301 3272 3364 eunuchis,
3314 3299 3405 3369 qui
3440 3298 3712 3354 custodie-

2123 3391 2235 3446 ri‘nt
2277 3391 2502 3447 sabbata
2550 3405 2668 3446 mea
2694 3432 2708 3458 ,
2752 3399 2808 3446 et
2846 3392 3108 3462 elegerint
3136 3392 3277 3461 quod
3317 3390 3498 3456 volui,
3540 3399 3596 3445 et
3628 3400 3707 3445 te-

2123 3482 2342 3538 nuerint
2372 3482 2550 3538 foedus
2577 3499 2753 3539 meum
2792 3502 2804 3538 :
2846 3484 2986 3540 dabo
3011 3482 3090 3540 eis
3124 3485 3176 3539 in
3208 3483 3367 3538 domo
3397 3498 3514 3538 mea
3555 3492 3610 3536 et
3653 3481 3710 3535 in

2122 3577 2294 3630 muris
2325 3576 2459 3631 meis
2493 3573 2690 3640 locum,
2729 3584 2783 3630 et
2812 3592 3006 3630 nomen
3039 3576 3229 3632 melius
3271 3592 3299 3630 a
3336 3575 3458 3631 filiis
3486 3575 3709 3630 et.fi|ia-

2119 3665 2224 3720 bus
2249 3664 2384 3738 (Isa.
2415 3665 2548 3738 LVI).
2574 3685 2593 3720 ι
2629 3666 2874 3721 Eunuchi
2900 3667 3096 3736 quippe
3119 3673 3264 3728 sunt,
3299 3663 3390 3734 qui
3422 3663 3712 3719 insolentes

2120 3755 2304 3810 carnis
2355 3755 2588 3826 impetus
2636 3756 2967 3828 reprimunt,
2996 3753 3354 3822 effectumque
3382 3769 3412 3806 a
3440 3768 3498 3807 se
3526 3767 3706 3821 pravae

2120 3845 2454 3916 operationis
2495 3845 2838 3902 abscindunt.
2898 3845 3144 3915 Plerique
3173 3853 3354 3898 autem
3383 3859 3568 3898 eorum
3616 3844 3710 3913 qui

2117 3939 2378 4008 voluptati
2421 3937 2688 3993 illecebrte
2731 3936 2966 3992 carnalis
3016 3935 3350 3998 inserviunt,
3390 3931 3708 3987 memoriam

2121 4030 2203 4084 sui
2251 4025 2488 4084 nominis
2517 4036 2636 4096 post
2672 4043 2731 4081 se
2761 4027 3066 4094 relinquere
3094 4039 3191 4094 per
3214 4023 3583 4093 posteritatem
3621 4037 3712 4078 εο-

2117 4120 2258 4176 bolis
2282 4119 2707 4188 concupiscunt;
2740 4122 2794 4172 et
2848 4117 2950 4173 hoc
3002 4125 3111 4172 toto
3160 4115 3356 4170 mentis
3386 4113 3578 4168 aﬂ'ectu
3631 4113 3710 4168 id-

2119 4211 2265 4267 circo
2295 4210 2640 4273 desiderant,
2678 4207 2807 4278 quia
2845 4219 3188 4278 nequaquam
3235 4219 3295 4259 se
3337 4203 3463 4258 huic
3508 4205 3708 4258 mundo

2111 4303 2260 4358 mori
2282 4299 2526 4357 funditus
2557 4299 2847 4372 deputant,
2873 4298 2916 4353 si
2960 4297 3196 4352 nominis
3227 4296 3310 4350 sui
3356 4294 3566 4349 titulum
3611 4311 3709 4366 per

2118 4394 2443 4464 superstites
2483 4391 2714 4446 residua:
2749 4389 2913 4460 prolis
2951 4403 3170 4459 germen
3211 4387 3524 4442 extendant.

447 4461 615 4544 tionis
635 4491 884 4560 largitate
905 4461 1134 4552 difﬁdas,
1177 4488 1219 4543 si
1237 4481 1653 4555 'infatigabiliter
1676 4461 2094 4553 perseverareU
2186 4461 2294 4541 Sed
2346 4482 2516 4538 multo
2562 4482 2764 4537 clarius
2813 4479 3088 4551 multoque
3125 4479 3337 4534 felicius
3377 4479 3479 4534 hoc
3533 4478 3707 4549 ipsum

441 4580 789 4635 contendas?
816 4579 1008 4635 Statue
1034 4588 1253 4649 quoque
1294 4577 1393 4632 tibi
1424 4583 1705 4632 certamen
1738 4573 2022 4629 assiduum
2117 4575 2332 4632 cmlibes
2371 4589 2568 4628 munus
2616 4571 2928 4642 accipiunt,
2979 4571 3045 4624 ad
3097 4569 3241 4639 quod
3293 4567 3568 4639 proletarii
3601 4578 3709 4623 tam

439 4672 708 4729 adversus
747 4684 992 4735 carnem,
1045 4677 1289 4726 armatus
1334 4683 1553 4738 semper
1594 4667 1798 4723 assiste
1833 4671 2023 4721 eontra
2113 4670 2336 4725 fervidae
2361 4665 2674 4721 ambitionis
2712 4664 2931 4718 aestibus
2965 4660 3388 4725 inﬂammantur,
3418 4661 3541 4729 quia
3568 4662 3709 4730 apud

439 4764 814 4834 importunam
845 4761 1090 4819 libidinis
1120 4761 1348 4818 rabiem.
1383 4758 1441 4816 Si
1467 4759 1697 4815 luxuria:
1722 4756 1942 4814 ﬂamma
1963 4759 2018 4814 in
2118 4763 2265 4817 illum
2296 4774 2481 4816 eorum
2516 4756 2780 4813 memoria
2811 4768 3028 4824 semper
3056 4753 3220 4814 vivit,
3251 4752 3341 4821 qui
3373 4767 3471 4821 per
3490 4750 3709 4804 aeterni-

439 4856 661 4913 ossibus
698 4861 918 4920 aestuat,
965 4855 1218 4925 protinus
1267 4851 1416 4908 illam
1465 4853 1730 4908 memoria
1763 4854 2016 4923 perpetui
2116 4853 2241 4908 tatis
2266 4861 2465 4907 statum
2498 4848 2642 4903 nulla
2675 4856 2975 4917 temporum
3015 4843 3131 4914 lege
3165 4842 3476 4914 pertransit.
3499 4839 3706 4895 Nomen

439 4947 583 5019 ignis
631 4949 982 5019 esstinguat;
1031 4947 1077 5002 si
1134 4945 1363 5004 callidus
1411 4945 1698 5002 insidiator
1745 4945 2013 5002 lubricam

435 5041 623 5097 carnis
659 5043 897 5112 speciem
935 5039 1145 5111 objicit,
1194 5038 1340 5096 illico
1378 5053 1532 5094 mens
1558 5037 1627 5094 ad
1667 5038 2014 5094 mortuorum

432 5134 688 5203 sepulcra
722 5135 940 5190 oculum
970 5134 1192 5206 dirigat,
1231 5144 1284 5191 et
1313 5133 1448 5206 quid
1491 5125 1605 5188 illic
1638 5147 1806 5188 suave.
1839 5139 2010 5199 tactu,

431 5229 562 5298 quid
590 5228 910 5283 delectabile
933 5228 1048 5282 visu
1083 5227 1405 5295 reperiatur,
1433 5227 1664 5284 solerter
1690 5223 1959 5280 attendat.

497 5299 821 5358 Consideret
848 5305 1029 5374 itaque
1058 5306 1186 5375 quia
1214 5305 1388 5370 virus,
1415 5307 1558 5377 quod
1591 5322 1733 5361 nunc
1762 5307 2018 5363 intolera-

429 5393 613 5447 uiliter
635 5393 791 5461 fetet,
822 5396 966 5467 quod
1001 5398 1213 5462 sanies,
1237 5408 1356 5467 quae
1381 5409 1594 5453 vermes
1619 5398 1808 5468 gignit,
1840 5406 1896 5454 et
1919 5415 2013 5469 pa-

432 5481 553 5546 scit,
581 5483 724 5552 qnod
751 5485 1012 5555 quidquid
1045 5486 1283 5556 pulveris
1303 5527 1316 5552 ,
1355 5478 1619 5558 quidquid
1643 5488 1780 5543 aridi
1813 5488 2012 5544 cineris

429 5570 541 5625 Illic
565 5571 750 5641 facere
775 5577 1132 5646 conSpicitor,
1159 5577 1287 5632 olim
1312 5577 1431 5632 lazta
1463 5593 1591 5633 caro
1612 5577 1735 5645 fuit,
1764 5593 1886 5648 quae
1911 5579 2009 5634 ltu-

428 5659 660 5720 iusmodi
687 5668 1032 5736 passimtibus
1059 5669 1114 5724 in
1138 5684 1234 5724 sua
1264 5668 1540 5724 viriditate
1569 5667 1852 5736 sultjacuit.
1879 5669 2006 5725 Per-

2112 4942 2277 5013 igitur
2309 4939 2573 4996 eunuchis
2601 4936 2790 4992 melius
2814 4951 2844 4990 a
2877 4934 3000 4990 filiis
3021 4945 3076 4990 et
3113 4933 3326 4989 ﬁliabus
3353 4933 3533 4989 divina
3565 4946 3702 4987 voce

2111 5029 2468 5104 promittitur,
2499 5028 2624 5098 quia
2659 5025 2976 5081 memoriam
3011 5023 3247 5079 nominis
3271 5039 3432 5094 quam
3468 5021 3704 5076 ﬂliorum

2114 5121 2405 5192 posteritas
2428 5134 2525 5190 per
2550 5119 2716 5174 breve
2765 5115 3021 5187 temporis
3047 5115 3280 5184 spatium
3319 5110 3580 5183 potuisset
3607 5123 3703 5164 ex—

2116 5209 2361 5273 tendere,
2411 5206 2496 5261 isti
2527 5214 2806 5262 merentur
2842 5205 3045 5274 absque
3070 5203 3180 5258 ullo
3208 5200 3494 5256 oblivionis
3515 5199 3701 5254 obsta-

2116 5299 2237 5356 culo
2281 5299 2332 5353 in
2377 5308 2695 5368 perpetuum
2727 5297 3040 5366 possidere:
3075 5313 3093 5346 ι
3121 5293 3177 5348 ltt
3219 5290 3501 5356 memoria,
3531 5291 3700 5357 enim,

2117 5400 2320 5446 aeterna
2353 5391 2458 5445 erit
2488 5388 2666 5458 justus
2692 5387 2866 5458 (Psal.
2928 5385 3059 5456 αι).
3093 5405 3110 5438 ι
3147 5383 3214 5438 Ει
3235 5384 3430 5437 iterum
3469 5383 3523 5437 in
3550 5383 3698 5452 Apo-

2117 5483 2320 5554 calypsi
2352 5497 2449 5554 per
2475 5480 2734 5537 Joannem
2764 5480 2961 5536 dicitur
2997 5496 3011 5532 :
3046 5497 3064 5528 t
3100 5475 3464 5532 Ambulabunt
3490 5492 3702 5532 mecum

2118 5576 2170 5632 in
2205 5575 2362 5640 albis,
2388 5575 2513 5646 quia
2545 5574 2689 5645 digni
2721 5580 2864 5637 sunt,
2887 5580 2942 5625 et
2969 5586 3078 5626 non
3131 5569 3318 5626 delebo
3358 5569 3575 5624 nomina
3601 5584 3702 5630 eo-

2113 5685 2234 5724 rum
2263 5668 2329 5724 de
2355 5666 2493 5723 libro
2524 5666 2646 5720 vitae
2673 5663 2856 5735 (Apoc.
2890 5662 2994 5742 in).
3035 5683 3053 5716 ι
3089 5659 3192 5718 Ubi
3235 5662 3430 5718 iterum
3457 5659 3696 5720 dicitur:
