  <div class='ocr_page' id='page_1' title='image "/cluster/home/n/w/nwhite01/storage/ocr_20150623/145/hvd.32044048207542/101.png"; bbox 0 0 3996 6184; ppageno 0'>
   <div class='ocr_carea' id='block_1_1' title="bbox 296 304 393 359">
    <p class='ocr_par' dir='ltr' id='par_1_1' title="bbox 296 304 393 359">
     <span class='ocr_line' id='line_1_1' title="bbox 296 304 393 359; baseline -0.021 0"><span class='ocrx_word' id='word_1_1' title='bbox 296 304 393 359; x_wconf 73' lang='grc'><strong>187</strong></span> 
     </span>
    </p>
   </div>
   <div class='ocr_carea' id='block_1_2' title="bbox 755 273 3091 350">
    <p class='ocr_par' dir='ltr' id='par_1_2' title="bbox 755 273 3091 350">
     <span class='ocr_line' id='line_1_2' title="bbox 755 273 3091 350; baseline -0.009 0"><span class='ocrx_word' id='word_1_2' title='bbox 755 296 811 350; x_wconf 91' lang='lat' dir='ltr'><strong>S.</strong></span> <span class='ocrx_word' id='word_1_3' title='bbox 836 291 1043 348; x_wconf 78' lang='lat' dir='ltr'><strong>PETRI</strong></span> <span class='ocrx_word' id='word_1_4' title='bbox 1084 287 1369 344; x_wconf 79' lang='lat' dir='ltr'><strong>DAMIANI</strong></span> <span class='ocrx_word' id='word_1_5' title='bbox 1409 287 1558 344; x_wconf 77' lang='lat' dir='ltr'><strong>OPP.</strong></span> <span class='ocrx_word' id='word_1_6' title='bbox 1594 282 1830 341; x_wconf 81' lang='lat' dir='ltr'><strong>TOMUS</strong></span> <span class='ocrx_word' id='word_1_7' title='bbox 1859 280 1989 337; x_wconf 85' lang='lat' dir='ltr'><strong>SEU</strong></span> <span class='ocrx_word' id='word_1_8' title='bbox 2032 280 2210 335; x_wconf 79' lang='lat' dir='ltr'><strong>PARS</strong></span> <span class='ocrx_word' id='word_1_9' title='bbox 2248 278 2336 334; x_wconf 84' lang='lat' dir='ltr'><strong>lli.</strong></span> <span class='ocrx_word' id='word_1_10' title='bbox 2368 308 2436 319; x_wconf 88' lang='lat'><strong><em>—</em></strong></span> <span class='ocrx_word' id='word_1_11' title='bbox 2467 274 2829 332; x_wconf 66' lang='lat' dir='ltr'><strong>Ol’ESCULA</strong></span> <span class='ocrx_word' id='word_1_12' title='bbox 2865 273 3091 328; x_wconf 74' lang='lat' dir='ltr'><strong>VAlllA.</strong></span> 
     </span>
    </p>
   </div>
   <div class='ocr_carea' id='block_1_3' title="bbox 3460 278 3553 334">
    <p class='ocr_par' dir='ltr' id='par_1_3' title="bbox 3460 278 3553 334">
     <span class='ocr_line' id='line_1_3' title="bbox 3460 278 3553 334; baseline 0.032 -3"><span class='ocrx_word' id='word_1_13' title='bbox 3460 278 3553 334; x_wconf 84' lang='lat' dir='ltr'><strong>l88</strong></span> 
     </span>
    </p>
   </div>
   <div class='ocr_carea' id='block_1_4' title="bbox 301 392 3558 479">
    <p class='ocr_par' dir='ltr' id='par_1_4' title="bbox 301 392 3558 479">
     <span class='ocr_line' id='line_1_4' title="bbox 301 392 3558 479; baseline -0.006 -9"><span class='ocrx_word' id='word_1_14' title='bbox 301 436 320 469; x_wconf 76' lang='grc' dir='ltr'>ι</span> <span class='ocrx_word' id='word_1_15' title='bbox 350 416 414 470; x_wconf 80' lang='lat' dir='ltr'><strong>lii</strong></span> <span class='ocrx_word' id='word_1_16' title='bbox 445 422 569 469; x_wconf 89' lang='lat' dir='ltr'><strong>sunt</strong></span> <span class='ocrx_word' id='word_1_17' title='bbox 603 410 693 479; x_wconf 99' lang='lat' dir='ltr'><strong>qui</strong></span> <span class='ocrx_word' id='word_1_18' title='bbox 717 426 838 464; x_wconf 87' lang='lat' dir='ltr'><strong>eum</strong></span> <span class='ocrx_word' id='word_1_19' title='bbox 872 407 1189 464; x_wconf 81' lang='lat' dir='ltr'><strong>mulieribus</strong></span> <span class='ocrx_word' id='word_1_20' title='bbox 1216 422 1322 460; x_wconf 92' lang='lat' dir='ltr'><strong>non</strong></span> <span class='ocrx_word' id='word_1_21' title='bbox 1355 414 1481 459; x_wconf 89' lang='lat' dir='ltr'><strong>sunt</strong></span> <span class='ocrx_word' id='word_1_22' title='bbox 1505 401 1873 471; x_wconf 91' lang='lat' dir='ltr'><strong>coinquinati;</strong></span> <span class='ocrx_word' id='word_1_23' title='bbox 1906 398 1955 456; x_wconf 79' lang='grc' dir='ltr'><strong>Α</strong></span> <span class='ocrx_word' id='word_1_24' title='bbox 1982 397 2251 452; x_wconf 83' lang='lat' dir='ltr'><strong>homicida</strong></span> <span class='ocrx_word' id='word_1_25' title='bbox 2276 396 2465 449; x_wconf 76' lang='lat' dir='ltr'><strong>aliena:</strong></span> <span class='ocrx_word' id='word_1_26' title='bbox 2494 395 2706 456; x_wconf 79' lang='lat' dir='ltr'><strong>animae,</strong></span> <span class='ocrx_word' id='word_1_27' title='bbox 2734 402 2945 447; x_wconf 89' lang='lat' dir='ltr'><strong>servata</strong></span> <span class='ocrx_word' id='word_1_28' title='bbox 2982 407 3207 469; x_wconf 90' lang='lat' dir='ltr'><strong>censura</strong></span> <span class='ocrx_word' id='word_1_29' title='bbox 3236 392 3457 458; x_wconf 89' lang='lat' dir='ltr'><strong>silentii,</strong></span> <span class='ocrx_word' id='word_1_30' title='bbox 3484 399 3558 452; x_wconf 89' lang='lat' dir='ltr'><strong>di-</strong></span> 
     </span>
    </p>
   </div>
   <div class='ocr_carea' id='block_1_5' title="bbox 252 496 1880 577">
    <p class='ocr_par' dir='ltr' id='par_1_5' title="bbox 252 496 1880 577">
     <span class='ocr_line' id='line_1_5' title="bbox 252 496 1880 577; baseline -0.01 -18"><span class='ocrx_word' id='word_1_31' title='bbox 252 520 262 567; x_wconf 70' lang='lat' dir='ltr'><em>f</em></span> <span class='ocrx_word' id='word_1_32' title='bbox 296 506 535 577; x_wconf 82' lang='lat' dir='ltr'><strong>virgines</strong></span> <span class='ocrx_word' id='word_1_33' title='bbox 558 502 698 556; x_wconf 90' lang='lat' dir='ltr'><strong>enim</strong></span> <span class='ocrx_word' id='word_1_34' title='bbox 724 508 868 563; x_wconf 89' lang='lat' dir='ltr'><strong>sunt,</strong></span> <span class='ocrx_word' id='word_1_35' title='bbox 897 499 987 569; x_wconf 86' lang='lat' dir='ltr'><strong>qui</strong></span> <span class='ocrx_word' id='word_1_36' title='bbox 1009 498 1305 565; x_wconf 86' lang='lat' dir='ltr'><strong>sequuntur</strong></span> <span class='ocrx_word' id='word_1_37' title='bbox 1324 496 1533 565; x_wconf 78' lang='lat' dir='ltr'><strong>Agnum</strong></span> <span class='ocrx_word' id='word_1_38' title='bbox 1559 505 1880 561; x_wconf 89' lang='lat' dir='ltr'><strong>quocunque</strong></span> 
     </span>
    </p>
   </div>
   <div class='ocr_carea' id='block_1_6' title="bbox 298 581 1882 665">
    <p class='ocr_par' dir='ltr' id='par_1_6' title="bbox 298 581 1882 665">
     <span class='ocr_line' id='line_1_6' title="bbox 298 581 1882 665; baseline -0.011 -15"><span class='ocrx_word' id='word_1_39' title='bbox 298 598 421 650; x_wconf 88' lang='lat' dir='ltr'><strong>ierit</strong></span> <span class='ocrx_word' id='word_1_40' title='bbox 436 595 616 665; x_wconf 79' lang='lat' dir='ltr'><strong>(Apoc.</strong></span> <span class='ocrx_word' id='word_1_41' title='bbox 634 592 764 661; x_wconf 80' lang='lat' dir='ltr'><strong>xw);</strong></span> <span class='ocrx_word' id='word_1_42' title='bbox 781 611 796 643; x_wconf 77' lang='grc' dir='ltr'><strong><em>ι</em></strong></span> <span class='ocrx_word' id='word_1_43' title='bbox 816 588 1017 658; x_wconf 92' lang='lat' dir='ltr'><strong>etquod</strong></span> <span class='ocrx_word' id='word_1_44' title='bbox 1032 586 1299 641; x_wconf 75' lang='lat' dir='ltr'><strong>canticum</strong></span> <span class='ocrx_word' id='word_1_45' title='bbox 1317 592 1556 646; x_wconf 90' lang='lat' dir='ltr'><strong>cantant,</strong></span> <span class='ocrx_word' id='word_1_46' title='bbox 1570 581 1709 650; x_wconf 87' lang='lat' dir='ltr'><strong>quod</strong></span> <span class='ocrx_word' id='word_1_47' title='bbox 1724 593 1882 634; x_wconf 90' lang='lat' dir='ltr'><strong>nemo</strong></span> 
     </span>
    </p>
   </div>
   <div class='ocr_carea' id='block_1_7' title="bbox 300 673 1881 757">
    <p class='ocr_par' dir='ltr' id='par_1_7' title="bbox 300 673 1881 757">
     <span class='ocr_line' id='line_1_7' title="bbox 300 673 1881 757; baseline -0.008 -20"><span class='ocrx_word' id='word_1_48' title='bbox 300 686 466 757; x_wconf 80' lang='lat' dir='ltr'><strong>possit</strong></span> <span class='ocrx_word' id='word_1_49' title='bbox 495 687 692 745; x_wconf 84' lang='lat' dir='ltr'><strong>dicere,</strong></span> <span class='ocrx_word' id='word_1_50' title='bbox 718 682 816 735; x_wconf 88' lang='lat' dir='ltr'><strong>nisi</strong></span> <span class='ocrx_word' id='word_1_51' title='bbox 849 682 935 734; x_wconf 92' lang='lat' dir='ltr'><strong>illa</strong></span> <span class='ocrx_word' id='word_1_52' title='bbox 956 688 1168 734; x_wconf 88' lang='lat' dir='ltr'><strong>centum</strong></span> <span class='ocrx_word' id='word_1_53' title='bbox 1184 677 1540 746; x_wconf 88' lang='lat' dir='ltr'><strong>quadraginta</strong></span> <span class='ocrx_word' id='word_1_54' title='bbox 1568 673 1723 743; x_wconf 79' lang='lat'><strong>175</strong></span> <span class='ocrx_word' id='word_1_55' title='bbox 1745 687 1881 738; x_wconf 89' lang='lat' dir='ltr'><strong>qua-</strong></span> 
     </span>
    </p>
   </div>
   <div class='ocr_carea' id='block_1_8' title="bbox 305 762 1885 841">
    <p class='ocr_par' dir='ltr' id='par_1_8' title="bbox 305 762 1885 841">
     <span class='ocr_line' id='line_1_8' title="bbox 305 762 1885 841; baseline -0.009 -12"><span class='ocrx_word' id='word_1_56' title='bbox 305 788 427 829; x_wconf 87' lang='lat' dir='ltr'><strong>tuor</strong></span> <span class='ocrx_word' id='word_1_57' title='bbox 442 775 624 828; x_wconf 91' lang='lat' dir='ltr'><strong>millia.</strong></span> <span class='ocrx_word' id='word_1_58' title='bbox 660 771 940 841; x_wconf 86' lang='lat' dir='ltr'><strong>Singulare</strong></span> <span class='ocrx_word' id='word_1_59' title='bbox 966 769 1161 838; x_wconf 92' lang='lat' dir='ltr'><strong>quippe</strong></span> <span class='ocrx_word' id='word_1_60' title='bbox 1187 767 1456 821; x_wconf 84' lang='lat' dir='ltr'><strong>canticum</strong></span> <span class='ocrx_word' id='word_1_61' title='bbox 1477 766 1630 835; x_wconf 89' lang='lat' dir='ltr'><strong>Agno</strong></span> <span class='ocrx_word' id='word_1_62' title='bbox 1653 762 1885 832; x_wconf 81' lang='lat' dir='ltr'><strong>virgines</strong></span> 
     </span>
    </p>
   </div>
   <div class='ocr_carea' id='block_1_9' title="bbox 302 851 1886 932">
    <p class='ocr_par' dir='ltr' id='par_1_9' title="bbox 302 851 1886 932">
     <span class='ocr_line' id='line_1_9' title="bbox 302 851 1886 932; baseline -0.008 -15"><span class='ocrx_word' id='word_1_63' title='bbox 302 872 541 927; x_wconf 65' lang='lat' dir='ltr'><strong>cantant,</strong></span> <span class='ocrx_word' id='word_1_64' title='bbox 572 863 696 932; x_wconf 87' lang='lat' dir='ltr'><strong>quia</strong></span> <span class='ocrx_word' id='word_1_65' title='bbox 722 876 839 914; x_wconf 90' lang='lat' dir='ltr'><strong>cum</strong></span> <span class='ocrx_word' id='word_1_66' title='bbox 860 874 924 913; x_wconf 91' lang='lat' dir='ltr'><strong>eo</strong></span> <span class='ocrx_word' id='word_1_67' title='bbox 954 860 1005 912; x_wconf 90' lang='lat' dir='ltr'><strong>in</strong></span> <span class='ocrx_word' id='word_1_68' title='bbox 1035 866 1348 929; x_wconf 90' lang='lat' dir='ltr'><strong>perpetuum</strong></span> <span class='ocrx_word' id='word_1_69' title='bbox 1381 870 1491 924; x_wconf 68' lang='lat' dir='ltr'><strong>pra:</strong></span> <span class='ocrx_word' id='word_1_70' title='bbox 1514 852 1727 907; x_wconf 89' lang='lat' dir='ltr'><strong>cunctis</strong></span> <span class='ocrx_word' id='word_1_71' title='bbox 1758 851 1886 904; x_wconf 85' lang='lat' dir='ltr'><strong>fide-</strong></span> 
     </span>
    </p>
   </div>
   <div class='ocr_carea' id='block_1_10' title="bbox 305 941 1885 1020">
    <p class='ocr_par' dir='ltr' id='par_1_10' title="bbox 305 941 1885 1020">
     <span class='ocr_line' id='line_1_10' title="bbox 305 941 1885 1020; baseline -0.009 -11"><span class='ocrx_word' id='word_1_72' title='bbox 305 958 443 1009; x_wconf 58' lang='lat' dir='ltr'><strong>libus</strong></span> <span class='ocrx_word' id='word_1_73' title='bbox 461 996 474 1017; x_wconf 92' lang='lat'><strong>,</strong></span> <span class='ocrx_word' id='word_1_74' title='bbox 504 954 667 1007; x_wconf 90' lang='lat' dir='ltr'><strong>etiam</strong></span> <span class='ocrx_word' id='word_1_75' title='bbox 695 952 760 1007; x_wconf 89' lang='lat' dir='ltr'><strong>de</strong></span> <span class='ocrx_word' id='word_1_76' title='bbox 783 951 1183 1020; x_wconf 89' lang='lat' dir='ltr'><strong>incorruptione</strong></span> <span class='ocrx_word' id='word_1_77' title='bbox 1206 948 1387 1002; x_wconf 88' lang='lat' dir='ltr'><strong>carnis</strong></span> <span class='ocrx_word' id='word_1_78' title='bbox 1413 944 1705 999; x_wconf 82' lang='lat' dir='ltr'><strong>exsultant.</strong></span> <span class='ocrx_word' id='word_1_79' title='bbox 1732 941 1885 1008; x_wconf 86' lang='lat' dir='ltr'><strong>Quod</strong></span> 
     </span>
    </p>
   </div>
   <div class='ocr_carea' id='block_1_11' title="bbox 306 1034 1887 1109">
    <p class='ocr_par' dir='ltr' id='par_1_11' title="bbox 306 1034 1887 1109">
     <span class='ocr_line' id='line_1_11' title="bbox 306 1034 1887 1109; baseline -0.004 -16"><span class='ocrx_word' id='word_1_80' title='bbox 306 1044 554 1099; x_wconf 81' lang='lat' dir='ltr'><strong>videlicet</strong></span> <span class='ocrx_word' id='word_1_81' title='bbox 596 1042 683 1096; x_wconf 83' lang='lat' dir='ltr'><strong>alii</strong></span> <span class='ocrx_word' id='word_1_82' title='bbox 719 1041 849 1109; x_wconf 89' lang='lat' dir='ltr'><strong>justi</strong></span> <span class='ocrx_word' id='word_1_83' title='bbox 898 1040 1075 1095; x_wconf 89' lang='lat' dir='ltr'><strong>dicere</strong></span> <span class='ocrx_word' id='word_1_84' title='bbox 1111 1044 1413 1107; x_wconf 87' lang='lat' dir='ltr'><strong>nequeunt,</strong></span> <span class='ocrx_word' id='word_1_85' title='bbox 1448 1036 1574 1089; x_wconf 91' lang='lat' dir='ltr'><strong>licet</strong></span> <span class='ocrx_word' id='word_1_86' title='bbox 1616 1034 1668 1087; x_wconf 91' lang='lat' dir='ltr'><strong>in</strong></span> <span class='ocrx_word' id='word_1_87' title='bbox 1698 1034 1887 1088; x_wconf 87' lang='lat' dir='ltr'><strong>eadem</strong></span> 
     </span>
    </p>
   </div>
   <div class='ocr_carea' id='block_1_12' title="bbox 308 1126 1886 1203">
    <p class='ocr_par' dir='ltr' id='par_1_12' title="bbox 308 1126 1886 1203">
     <span class='ocr_line' id='line_1_12' title="bbox 308 1126 1886 1203; baseline -0.007 -15"><span class='ocrx_word' id='word_1_88' title='bbox 308 1135 639 1189; x_wconf 73' lang='lat' dir='ltr'><strong>beatitudine</strong></span> <span class='ocrx_word' id='word_1_89' title='bbox 670 1133 829 1203; x_wconf 87' lang='lat' dir='ltr'><strong>positi</strong></span> <span class='ocrx_word' id='word_1_90' title='bbox 864 1138 1171 1186; x_wconf 88' lang='lat' dir='ltr'><strong>mereantur</strong></span> <span class='ocrx_word' id='word_1_91' title='bbox 1211 1129 1433 1192; x_wconf 90' lang='lat' dir='ltr'><strong>audire;</strong></span> <span class='ocrx_word' id='word_1_92' title='bbox 1466 1127 1590 1196; x_wconf 90' lang='lat' dir='ltr'><strong>quia</strong></span> <span class='ocrx_word' id='word_1_93' title='bbox 1634 1141 1728 1195; x_wconf 88' lang='lat' dir='ltr'><strong>per</strong></span> <span class='ocrx_word' id='word_1_94' title='bbox 1755 1126 1886 1180; x_wconf 89' lang='lat' dir='ltr'><strong>cba-</strong></span> 
     </span>
    </p>
   </div>
   <div class='ocr_carea' id='block_1_13' title="bbox 309 1215 1891 1294">
    <p class='ocr_par' dir='ltr' id='par_1_13' title="bbox 309 1215 1891 1294">
     <span class='ocr_line' id='line_1_13' title="bbox 309 1215 1891 1294; baseline -0.008 -13"><span class='ocrx_word' id='word_1_95' title='bbox 309 1227 522 1281; x_wconf 82' lang='lat' dir='ltr'><strong>ritatem</strong></span> <span class='ocrx_word' id='word_1_96' title='bbox 547 1225 761 1294; x_wconf 86' lang='lat' dir='ltr'><strong>quidem</strong></span> <span class='ocrx_word' id='word_1_97' title='bbox 792 1223 1005 1277; x_wconf 90' lang='lat' dir='ltr'><strong>illorum</strong></span> <span class='ocrx_word' id='word_1_98' title='bbox 1034 1220 1404 1275; x_wconf 85' lang='lat' dir='ltr'><strong>celsitudinem</strong></span> <span class='ocrx_word' id='word_1_99' title='bbox 1435 1225 1717 1288; x_wconf 81' lang='lat' dir='ltr'><strong>gratanter</strong></span> <span class='ocrx_word' id='word_1_100' title='bbox 1747 1215 1891 1284; x_wconf 87' lang='lat' dir='ltr'><strong>aspi-</strong></span> 
     </span>
    </p>
   </div>
   <div class='ocr_carea' id='block_1_14' title="bbox 308 1306 1890 1383">
    <p class='ocr_par' dir='ltr' id='par_1_14' title="bbox 308 1306 1890 1383">
     <span class='ocr_line' id='line_1_14' title="bbox 308 1306 1890 1383; baseline -0.007 -12"><span class='ocrx_word' id='word_1_101' title='bbox 308 1319 477 1379; x_wconf 85' lang='lat' dir='ltr'><strong>ciunt,</strong></span> <span class='ocrx_word' id='word_1_102' title='bbox 505 1317 569 1369; x_wconf 86' lang='lat' dir='ltr'><strong>ad</strong></span> <span class='ocrx_word' id='word_1_103' title='bbox 594 1331 777 1370; x_wconf 90' lang='lat' dir='ltr'><strong>eorum</strong></span> <span class='ocrx_word' id='word_1_104' title='bbox 812 1324 990 1369; x_wconf 89' lang='lat' dir='ltr'><strong>tamen</strong></span> <span class='ocrx_word' id='word_1_105' title='bbox 1022 1313 1240 1383; x_wconf 61' lang='lat' dir='ltr'><strong>prmmia</strong></span> <span class='ocrx_word' id='word_1_106' title='bbox 1270 1327 1377 1364; x_wconf 92' lang='lat' dir='ltr'><strong>non</strong></span> <span class='ocrx_word' id='word_1_107' title='bbox 1406 1318 1711 1378; x_wconf 82' lang='lat' dir='ltr'><strong>assurgunt.</strong></span> <span class='ocrx_word' id='word_1_108' title='bbox 1743 1306 1890 1374; x_wconf 87' lang='lat' dir='ltr'><strong>Qua-</strong></span> 
     </span>
    </p>
   </div>
   <div class='ocr_carea' id='block_1_15' title="bbox 308 1395 1893 1473">
    <p class='ocr_par' dir='ltr' id='par_1_15' title="bbox 308 1395 1893 1473">
     <span class='ocr_line' id='line_1_15' title="bbox 308 1395 1893 1473; baseline -0.005 -16"><span class='ocrx_word' id='word_1_109' title='bbox 308 1414 529 1473; x_wconf 87' lang='lat' dir='ltr'><strong>propter</strong></span> <span class='ocrx_word' id='word_1_110' title='bbox 569 1405 899 1472; x_wconf 89' lang='lat' dir='ltr'><strong>pensandum</strong></span> <span class='ocrx_word' id='word_1_111' title='bbox 927 1412 1039 1464; x_wconf 91' lang='lat' dir='ltr'><strong>est,</strong></span> <span class='ocrx_word' id='word_1_112' title='bbox 1066 1411 1225 1471; x_wconf 90' lang='lat' dir='ltr'><strong>atque</strong></span> <span class='ocrx_word' id='word_1_113' title='bbox 1250 1402 1302 1455; x_wconf 91' lang='lat' dir='ltr'><strong>in</strong></span> <span class='ocrx_word' id='word_1_114' title='bbox 1327 1411 1505 1455; x_wconf 90' lang='lat' dir='ltr'><strong>mente</strong></span> <span class='ocrx_word' id='word_1_115' title='bbox 1539 1408 1719 1453; x_wconf 87' lang='lat' dir='ltr'><strong>nostra</strong></span> <span class='ocrx_word' id='word_1_116' title='bbox 1746 1395 1893 1451; x_wconf 82' lang='lat' dir='ltr'><strong>omni</strong></span> 
     </span>
    </p>
   </div>
   <div class='ocr_carea' id='block_1_16' title="bbox 309 1492 1893 1562">
    <p class='ocr_par' dir='ltr' id='par_1_16' title="bbox 309 1492 1893 1562">
     <span class='ocr_line' id='line_1_16' title="bbox 309 1492 1893 1562; baseline -0.006 -13"><span class='ocrx_word' id='word_1_117' title='bbox 309 1496 486 1549; x_wconf 82' lang='lat' dir='ltr'><strong>studio</strong></span> <span class='ocrx_word' id='word_1_118' title='bbox 532 1495 933 1557; x_wconf 88' lang='lat' dir='ltr'><strong>revolvendum,</strong></span> <span class='ocrx_word' id='word_1_119' title='bbox 976 1504 1191 1562; x_wconf 70' lang='lat' dir='ltr'><strong>quantm</strong></span> <span class='ocrx_word' id='word_1_120' title='bbox 1235 1492 1533 1561; x_wconf 85' lang='lat' dir='ltr'><strong>dignitatis,</strong></span> <span class='ocrx_word' id='word_1_121' title='bbox 1572 1499 1893 1559; x_wconf 56' lang='lat' dir='ltr'><strong>quantaeque</strong></span> 
     </span>
    </p>
   </div>
   <div class='ocr_carea' id='block_1_17' title="bbox 314 1575 1896 1645">
    <p class='ocr_par' dir='ltr' id='par_1_17' title="bbox 314 1575 1896 1645">
     <span class='ocr_line' id='line_1_17' title="bbox 314 1575 1896 1645; baseline -0.006 -6"><span class='ocrx_word' id='word_1_122' title='bbox 314 1588 382 1639; x_wconf 86' lang='lat' dir='ltr'><strong>sit</strong></span> <span class='ocrx_word' id='word_1_123' title='bbox 415 1586 748 1640; x_wconf 69' lang='lat' dir='ltr'><strong>excellentia:</strong></span> <span class='ocrx_word' id='word_1_124' title='bbox 793 1584 901 1639; x_wconf 90' lang='lat' dir='ltr'><strong>illic</strong></span> <span class='ocrx_word' id='word_1_125' title='bbox 944 1582 1058 1637; x_wconf 84' lang='lat' dir='ltr'><strong>fieri</strong></span> <span class='ocrx_word' id='word_1_126' title='bbox 1104 1596 1372 1637; x_wconf 89' lang='lat' dir='ltr'><strong>summum</strong></span> <span class='ocrx_word' id='word_1_127' title='bbox 1399 1621 1413 1645; x_wconf 91' lang='lat'><strong>,</strong></span> <span class='ocrx_word' id='word_1_128' title='bbox 1459 1580 1546 1634; x_wconf 89' lang='lat' dir='ltr'><strong>ubi</strong></span> <span class='ocrx_word' id='word_1_129' title='bbox 1576 1594 1784 1633; x_wconf 90' lang='lat' dir='ltr'><strong>summa</strong></span> <span class='ocrx_word' id='word_1_130' title='bbox 1816 1575 1896 1630; x_wconf 76' lang='lat' dir='ltr'><strong>lie-</strong></span> 
     </span>
    </p>
   </div>
   <div class='ocr_carea' id='block_1_18' title="bbox 313 1666 1893 1741">
    <p class='ocr_par' dir='ltr' id='par_1_18' title="bbox 313 1666 1893 1741">
     <span class='ocr_line' id='line_1_18' title="bbox 313 1666 1893 1741; baseline -0.006 -13"><span class='ocrx_word' id='word_1_131' title='bbox 313 1676 489 1730; x_wconf 90' lang='lat' dir='ltr'><strong>licitas</strong></span> <span class='ocrx_word' id='word_1_132' title='bbox 539 1685 624 1729; x_wconf 86' lang='lat' dir='ltr'><strong>est</strong></span> <span class='ocrx_word' id='word_1_133' title='bbox 670 1690 791 1730; x_wconf 86' lang='lat' dir='ltr'><strong>esse</strong></span> <span class='ocrx_word' id='word_1_134' title='bbox 832 1674 915 1730; x_wconf 95' lang='lat' dir='ltr'><strong>vel</strong></span> <span class='ocrx_word' id='word_1_135' title='bbox 949 1673 1195 1727; x_wconf 88' lang='lat' dir='ltr'><strong>ultimum</strong></span> <span class='ocrx_word' id='word_1_136' title='bbox 1234 1691 1247 1725; x_wconf 88' lang='lat'>:</span> <span class='ocrx_word' id='word_1_137' title='bbox 1281 1672 1391 1726; x_wconf 90' lang='lat' dir='ltr'><strong>illic</strong></span> <span class='ocrx_word' id='word_1_138' title='bbox 1432 1670 1699 1741; x_wconf 85' lang='lat' dir='ltr'><strong>privilegii</strong></span> <span class='ocrx_word' id='word_1_139' title='bbox 1749 1666 1893 1722; x_wconf 90' lang='lat' dir='ltr'><strong>celsa</strong></span> 
     </span>
    </p>
   </div>
   <div class='ocr_carea' id='block_1_19' title="bbox 1979 483 3562 552">
    <p class='ocr_par' dir='ltr' id='par_1_19' title="bbox 1979 483 3562 552">
     <span class='ocr_line' id='line_1_19' title="bbox 1979 483 3562 552; baseline 0.002 -11"><span class='ocrx_word' id='word_1_140' title='bbox 1979 490 2117 541; x_wconf 73' lang='lat' dir='ltr'><strong>viute</strong></span> <span class='ocrx_word' id='word_1_141' title='bbox 2146 486 2500 541; x_wconf 79' lang='lat' dir='ltr'><strong>districtionis</strong></span> <span class='ocrx_word' id='word_1_142' title='bbox 2526 484 2751 537; x_wconf 90' lang='lat' dir='ltr'><strong>audeam</strong></span> <span class='ocrx_word' id='word_1_143' title='bbox 2777 483 3115 537; x_wconf 85' lang='lat' dir='ltr'><strong>ratiocinium</strong></span> <span class='ocrx_word' id='word_1_144' title='bbox 3142 488 3562 552; x_wconf 88' lang='lat' dir='ltr'><strong>exspectare?et</strong></span> 
     </span>
    </p>
   </div>
   <div class='ocr_carea' id='block_1_20' title="bbox 1981 572 3557 644">
    <p class='ocr_par' dir='ltr' id='par_1_20' title="bbox 1981 572 3557 644">
     <span class='ocr_line' id='line_1_20' title="bbox 1981 572 3557 644; baseline -0.001 -12"><span class='ocrx_word' id='word_1_145' title='bbox 1981 577 2124 632; x_wconf 90' lang='lat' dir='ltr'><strong>illius</strong></span> <span class='ocrx_word' id='word_1_146' title='bbox 2157 586 2339 632; x_wconf 87' lang='lat' dir='ltr'><strong>reatus</strong></span> <span class='ocrx_word' id='word_1_147' title='bbox 2368 574 2483 629; x_wconf 85' lang='lat' dir='ltr'><strong>fieri</strong></span> <span class='ocrx_word' id='word_1_148' title='bbox 2511 573 2761 643; x_wconf 89' lang='lat' dir='ltr'><strong>incipiam</strong></span> <span class='ocrx_word' id='word_1_149' title='bbox 2795 573 3025 636; x_wconf 89' lang='lat' dir='ltr'><strong>debitor,</strong></span> <span class='ocrx_word' id='word_1_150' title='bbox 3044 572 3195 641; x_wconf 86' lang='lat' dir='ltr'><strong>cujus</strong></span> <span class='ocrx_word' id='word_1_151' title='bbox 3218 589 3557 644; x_wconf 87' lang='lat' dir='ltr'><strong>nequaquam</strong></span> 
     </span>
    </p>
   </div>
   <div class='ocr_carea' id='block_1_21' title="bbox 1982 656 3590 732">
    <p class='ocr_par' dir='ltr' id='par_1_21' title="bbox 1982 656 3590 732">
     <span class='ocr_line' id='line_1_21' title="bbox 1982 656 3590 732; baseline -0.004 -9"><span class='ocrx_word' id='word_1_152' title='bbox 1982 679 2169 724; x_wconf 90' lang='lat' dir='ltr'><strong>auctor</strong></span> <span class='ocrx_word' id='word_1_153' title='bbox 2191 668 2539 723; x_wconf 84' lang='lat' dir='ltr'><strong>exstiteram?</strong></span> <span class='ocrx_word' id='word_1_154' title='bbox 2580 666 2645 719; x_wconf 87' lang='lat' dir='ltr'><strong>Et</strong></span> <span class='ocrx_word' id='word_1_155' title='bbox 2692 681 2813 720; x_wconf 91' lang='lat' dir='ltr'><strong>cum</strong></span> <span class='ocrx_word' id='word_1_156' title='bbox 2845 663 3127 732; x_wconf 85' lang='lat' dir='ltr'><strong>Scriptura</strong></span> <span class='ocrx_word' id='word_1_157' title='bbox 3164 666 3311 720; x_wconf 86' lang='lat' dir='ltr'><strong>dicat</strong></span> <span class='ocrx_word' id='word_1_158' title='bbox 3341 686 3352 719; x_wconf 94' lang='lat'><strong>:</strong></span> <span class='ocrx_word' id='word_1_159' title='bbox 3386 688 3402 718; x_wconf 75' lang='grc' dir='ltr'>ι</span> <span class='ocrx_word' id='word_1_160' title='bbox 3425 656 3590 725; x_wconf 75' lang='lat' dir='ltr'><strong>Male.</strong></span> 
     </span>
    </p>
   </div>
   <div class='ocr_carea' id='block_1_22' title="bbox 1982 753 3565 826">
    <p class='ocr_par' dir='ltr' id='par_1_22' title="bbox 1982 753 3565 826">
     <span class='ocr_line' id='line_1_22' title="bbox 1982 753 3565 826; baseline 0.001 -16"><span class='ocrx_word' id='word_1_161' title='bbox 1982 757 2185 821; x_wconf 90' lang='lat' dir='ltr'><strong>dictus,</strong></span> <span class='ocrx_word' id='word_1_162' title='bbox 2215 756 2304 825; x_wconf 91' lang='lat' dir='ltr'><strong>qui</strong></span> <span class='ocrx_word' id='word_1_163' title='bbox 2336 755 2591 825; x_wconf 90' lang='lat' dir='ltr'><strong>prohibet</strong></span> <span class='ocrx_word' id='word_1_164' title='bbox 2621 754 2780 824; x_wconf 79' lang='lat'><strong>176</strong></span> <span class='ocrx_word' id='word_1_165' title='bbox 2811 753 3041 823; x_wconf 85' lang='lat' dir='ltr'><strong>gladium</strong></span> <span class='ocrx_word' id='word_1_166' title='bbox 3069 768 3223 805; x_wconf 90' lang='lat' dir='ltr'><strong>suum</strong></span> <span class='ocrx_word' id='word_1_167' title='bbox 3248 770 3277 806; x_wconf 92' lang='lat' dir='ltr'><strong>a</strong></span> <span class='ocrx_word' id='word_1_168' title='bbox 3304 755 3565 826; x_wconf 82' lang='lat' dir='ltr'><strong>sanguine</strong></span> 
     </span>
    </p>
   </div>
   <div class='ocr_carea' id='block_1_23' title="bbox 1985 841 3563 916">
    <p class='ocr_par' dir='ltr' id='par_1_23' title="bbox 1985 841 3563 916">
     <span class='ocr_line' id='line_1_23' title="bbox 1985 841 3563 916; baseline 0.001 -18"><span class='ocrx_word' id='word_1_169' title='bbox 1985 844 2119 916; x_wconf 78' lang='lat' dir='ltr'><strong>(Jer.</strong></span> <span class='ocrx_word' id='word_1_170' title='bbox 2147 849 2368 915; x_wconf 72' lang='lat' dir='ltr'><strong>XLVIII);</strong></span> <span class='ocrx_word' id='word_1_171' title='bbox 2416 863 2433 895; x_wconf 75' lang='grc' dir='ltr'><strong>ι</strong></span> <span class='ocrx_word' id='word_1_172' title='bbox 2468 843 2704 897; x_wconf 89' lang='lat' dir='ltr'><strong>hortaris</strong></span> <span class='ocrx_word' id='word_1_173' title='bbox 2732 856 2816 895; x_wconf 91' lang='lat' dir='ltr'><strong>me</strong></span> <span class='ocrx_word' id='word_1_174' title='bbox 2840 851 2895 895; x_wconf 90' lang='lat' dir='ltr'><strong>ttt</strong></span> <span class='ocrx_word' id='word_1_175' title='bbox 2920 841 3485 913; x_wconf 62' lang='lat' dir='ltr'><strong>gladiuslinguaamea&#39;:</strong></span> <span class='ocrx_word' id='word_1_176' title='bbox 3513 848 3563 900; x_wconf 93' lang='lat' dir='ltr'><strong>in</strong></span> 
     </span>
    </p>
   </div>
   <div class='ocr_carea' id='block_1_24' title="bbox 1986 933 3565 1004">
    <p class='ocr_par' dir='ltr' id='par_1_24' title="bbox 1986 933 3565 1004">
     <span class='ocr_line' id='line_1_24' title="bbox 1986 933 3565 1004; baseline 0.001 -15"><span class='ocrx_word' id='word_1_177' title='bbox 1986 936 2369 991; x_wconf 87' lang='lat' dir='ltr'><strong>taciturnitatis</strong></span> <span class='ocrx_word' id='word_1_178' title='bbox 2398 936 2552 989; x_wconf 83' lang='lat' dir='ltr'><strong>theca</strong></span> <span class='ocrx_word' id='word_1_179' title='bbox 2588 934 2876 1004; x_wconf 89' lang='lat' dir='ltr'><strong>repositus,</strong></span> <span class='ocrx_word' id='word_1_180' title='bbox 2901 942 2953 988; x_wconf 90' lang='lat' dir='ltr'><strong>et</strong></span> <span class='ocrx_word' id='word_1_181' title='bbox 2969 933 3183 988; x_wconf 88' lang='lat' dir='ltr'><strong>sibimet</strong></span> <span class='ocrx_word' id='word_1_182' title='bbox 3208 946 3412 1004; x_wconf 82' lang='lat' dir='ltr'><strong>pereat,</strong></span> <span class='ocrx_word' id='word_1_183' title='bbox 3439 939 3565 991; x_wconf 90' lang='lat' dir='ltr'><strong>dum</strong></span> 
     </span>
    </p>
   </div>
   <div class='ocr_carea' id='block_1_25' title="bbox 1985 1021 3573 1095">
    <p class='ocr_par' dir='ltr' id='par_1_25' title="bbox 1985 1021 3573 1095">
     <span class='ocr_line' id='line_1_25' title="bbox 1985 1021 3573 1095; baseline -0.001 -14"><span class='ocrx_word' id='word_1_184' title='bbox 1985 1026 2296 1081; x_wconf 69' lang='lat' dir='ltr'><strong>ollensionis</strong></span> <span class='ocrx_word' id='word_1_185' title='bbox 2327 1026 2631 1095; x_wconf 82' lang='lat' dir='ltr'><strong>rubiginem</strong></span> <span class='ocrx_word' id='word_1_186' title='bbox 2661 1021 2969 1089; x_wconf 83' lang='lat' dir='ltr'><strong>contrahit;</strong></span> <span class='ocrx_word' id='word_1_187' title='bbox 3015 1032 3069 1077; x_wconf 88' lang='lat' dir='ltr'><strong>et</strong></span> <span class='ocrx_word' id='word_1_188' title='bbox 3109 1024 3229 1078; x_wconf 90' lang='lat' dir='ltr'><strong>aliis</strong></span> <span class='ocrx_word' id='word_1_189' title='bbox 3257 1041 3361 1078; x_wconf 92' lang='lat' dir='ltr'><strong>non</strong></span> <span class='ocrx_word' id='word_1_190' title='bbox 3407 1027 3573 1094; x_wconf 88' lang='lat' dir='ltr'><strong>proli-</strong></span> 
     </span>
    </p>
   </div>
   <div class='ocr_carea' id='block_1_26' title="bbox 1988 1117 3570 1187">
    <p class='ocr_par' dir='ltr' id='par_1_26' title="bbox 1988 1117 3570 1187">
     <span class='ocr_line' id='line_1_26' title="bbox 1988 1117 3570 1187; baseline -0.001 -15"><span class='ocrx_word' id='word_1_191' title='bbox 1988 1120 2118 1182; x_wconf 89' lang='lat' dir='ltr'><strong>ciat,</strong></span> <span class='ocrx_word' id='word_1_192' title='bbox 2147 1120 2272 1172; x_wconf 93' lang='lat' dir='ltr'><strong>dum</strong></span> <span class='ocrx_word' id='word_1_193' title='bbox 2301 1117 2488 1186; x_wconf 91' lang='lat' dir='ltr'><strong>culpas</strong></span> <span class='ocrx_word' id='word_1_194' title='bbox 2518 1132 2684 1185; x_wconf 87' lang='lat' dir='ltr'><strong>prave</strong></span> <span class='ocrx_word' id='word_1_195' title='bbox 2714 1117 3009 1171; x_wconf 79' lang='lat' dir='ltr'><strong>viventium</strong></span> <span class='ocrx_word' id='word_1_196' title='bbox 3042 1132 3146 1170; x_wconf 88' lang='lat' dir='ltr'><strong>non</strong></span> <span class='ocrx_word' id='word_1_197' title='bbox 3179 1118 3419 1187; x_wconf 83' lang='lat' dir='ltr'><strong>contigit.</strong></span> <span class='ocrx_word' id='word_1_198' title='bbox 3446 1117 3570 1170; x_wconf 86' lang='lat' dir='ltr'><strong>Gla—</strong></span> 
     </span>
    </p>
   </div>
   <div class='ocr_carea' id='block_1_27' title="bbox 1990 1207 3573 1278">
    <p class='ocr_par' dir='ltr' id='par_1_27' title="bbox 1990 1207 3573 1278">
     <span class='ocr_line' id='line_1_27' title="bbox 1990 1207 3573 1278; baseline 0.001 -15"><span class='ocrx_word' id='word_1_199' title='bbox 1990 1210 2137 1264; x_wconf 91' lang='lat' dir='ltr'><strong>dium</strong></span> <span class='ocrx_word' id='word_1_200' title='bbox 2180 1208 2380 1278; x_wconf 86' lang='lat' dir='ltr'><strong>quippe</strong></span> <span class='ocrx_word' id='word_1_201' title='bbox 2412 1224 2441 1262; x_wconf 90' lang='lat' dir='ltr'><strong>a</strong></span> <span class='ocrx_word' id='word_1_202' title='bbox 2470 1207 2734 1277; x_wconf 81' lang='lat' dir='ltr'><strong>sanguine</strong></span> <span class='ocrx_word' id='word_1_203' title='bbox 2759 1208 3076 1276; x_wconf 89' lang='lat' dir='ltr'><strong>prohibere,</strong></span> <span class='ocrx_word' id='word_1_204' title='bbox 3110 1217 3196 1261; x_wconf 91' lang='lat' dir='ltr'><strong>est</strong></span> <span class='ocrx_word' id='word_1_205' title='bbox 3221 1211 3573 1265; x_wconf 88' lang='lat' dir='ltr'><strong>correctionis</strong></span> 
     </span>
    </p>
   </div>
   <div class='ocr_carea' id='block_1_28' title="bbox 1992 1298 3575 1369">
    <p class='ocr_par' dir='ltr' id='par_1_28' title="bbox 1992 1298 3575 1369">
     <span class='ocr_line' id='line_1_28' title="bbox 1992 1298 3575 1369; baseline 0.003 -18"><span class='ocrx_word' id='word_1_206' title='bbox 1992 1300 2217 1353; x_wconf 85' lang='lat' dir='ltr'><strong>verbum</strong></span> <span class='ocrx_word' id='word_1_207' title='bbox 2250 1314 2280 1353; x_wconf 90' lang='lat' dir='ltr'><strong>a</strong></span> <span class='ocrx_word' id='word_1_208' title='bbox 2310 1299 2548 1353; x_wconf 89' lang='lat' dir='ltr'><strong>carnalis</strong></span> <span class='ocrx_word' id='word_1_209' title='bbox 2578 1298 2699 1352; x_wconf 66' lang='lat' dir='ltr'><strong>vitae</strong></span> <span class='ocrx_word' id='word_1_210' title='bbox 2730 1299 3076 1367; x_wconf 84' lang='lat' dir='ltr'><strong>percussione</strong></span> <span class='ocrx_word' id='word_1_211' title='bbox 3103 1315 3466 1369; x_wconf 85' lang='lat' dir='ltr'><strong>compescere.</strong></span> <span class='ocrx_word' id='word_1_212' title='bbox 3500 1301 3575 1356; x_wconf 90' lang='lat' dir='ltr'><strong>De</strong></span> 
     </span>
    </p>
   </div>
   <div class='ocr_carea' id='block_1_29' title="bbox 1992 1385 3579 1457">
    <p class='ocr_par' dir='ltr' id='par_1_29' title="bbox 1992 1385 3579 1457">
     <span class='ocr_line' id='line_1_29' title="bbox 1992 1385 3579 1457; baseline 0.004 -18"><span class='ocrx_word' id='word_1_213' title='bbox 1992 1402 2097 1456; x_wconf 93' lang='lat' dir='ltr'><strong>quo</strong></span> <span class='ocrx_word' id='word_1_214' title='bbox 2124 1386 2304 1455; x_wconf 86' lang='lat' dir='ltr'><strong>gladio</strong></span> <span class='ocrx_word' id='word_1_215' title='bbox 2351 1402 2565 1439; x_wconf 91' lang='lat' dir='ltr'><strong>rursum</strong></span> <span class='ocrx_word' id='word_1_216' title='bbox 2610 1385 2808 1440; x_wconf 89' lang='lat' dir='ltr'><strong>dicitur</strong></span> <span class='ocrx_word' id='word_1_217' title='bbox 2840 1404 2853 1439; x_wconf 89' lang='lat'><strong>:</strong></span> <span class='ocrx_word' id='word_1_218' title='bbox 2889 1405 2907 1437; x_wconf 87' lang='grc'>‹</span> <span class='ocrx_word' id='word_1_219' title='bbox 2948 1386 3023 1440; x_wconf 82' lang='lat' dir='ltr'><strong>Ex</strong></span> <span class='ocrx_word' id='word_1_220' title='bbox 3047 1402 3143 1442; x_wconf 91' lang='lat' dir='ltr'><strong>ore</strong></span> <span class='ocrx_word' id='word_1_221' title='bbox 3178 1390 3320 1442; x_wconf 91' lang='lat' dir='ltr'><strong>enim</strong></span> <span class='ocrx_word' id='word_1_222' title='bbox 3368 1391 3579 1457; x_wconf 80' lang='lat' dir='ltr'><strong>gladius</strong></span> 
     </span>
    </p>
   </div>
   <div class='ocr_carea' id='block_1_30' title="bbox 1994 1477 3579 1548">
    <p class='ocr_par' dir='ltr' id='par_1_30' title="bbox 1994 1477 3579 1548">
     <span class='ocr_line' id='line_1_30' title="bbox 1994 1477 3579 1548; baseline 0.002 -16"><span class='ocrx_word' id='word_1_223' title='bbox 1994 1494 2060 1533; x_wconf 84' lang='lat' dir='ltr'><strong>ex</strong></span> <span class='ocrx_word' id='word_1_224' title='bbox 2100 1486 2327 1544; x_wconf 90' lang='lat' dir='ltr'><strong>utraque</strong></span> <span class='ocrx_word' id='word_1_225' title='bbox 2354 1485 2509 1546; x_wconf 90' lang='lat' dir='ltr'><strong>parte</strong></span> <span class='ocrx_word' id='word_1_226' title='bbox 2531 1486 2722 1532; x_wconf 88' lang='lat' dir='ltr'><strong>acutus</strong></span> <span class='ocrx_word' id='word_1_227' title='bbox 2750 1477 2932 1531; x_wconf 77' lang='lat' dir='ltr'><strong>exibat</strong></span> <span class='ocrx_word' id='word_1_228' title='bbox 2956 1477 3137 1547; x_wconf 82' lang='lat' dir='ltr'><strong>(Apoc.</strong></span> <span class='ocrx_word' id='word_1_229' title='bbox 3167 1478 3227 1548; x_wconf 87' lang='grc' dir='ltr'><strong>ι).</strong></span> <span class='ocrx_word' id='word_1_230' title='bbox 3273 1500 3290 1531; x_wconf 72' lang='grc' dir='ltr'><strong><em>ι</em></strong></span> <span class='ocrx_word' id='word_1_231' title='bbox 3336 1480 3579 1547; x_wconf 84' lang='lat' dir='ltr'><strong>Qualiter</strong></span> 
     </span>
    </p>
   </div>
   <div class='ocr_carea' id='block_1_31' title="bbox 1996 1566 3579 1638">
    <p class='ocr_par' dir='ltr' id='par_1_31' title="bbox 1996 1566 3579 1638">
     <span class='ocr_line' id='line_1_31' title="bbox 1996 1566 3579 1638; baseline 0.001 -16"><span class='ocrx_word' id='word_1_232' title='bbox 1996 1567 2138 1622; x_wconf 89' lang='lat' dir='ltr'><strong>enim</strong></span> <span class='ocrx_word' id='word_1_233' title='bbox 2162 1566 2467 1636; x_wconf 84' lang='lat' dir='ltr'><strong>proximum</strong></span> <span class='ocrx_word' id='word_1_234' title='bbox 2496 1580 2671 1619; x_wconf 90' lang='lat' dir='ltr'><strong>meum</strong></span> <span class='ocrx_word' id='word_1_235' title='bbox 2701 1566 2840 1619; x_wconf 87' lang='lat' dir='ltr'><strong>sicut</strong></span> <span class='ocrx_word' id='word_1_236' title='bbox 2880 1567 3141 1636; x_wconf 88' lang='lat' dir='ltr'><strong>meipsum</strong></span> <span class='ocrx_word' id='word_1_237' title='bbox 3176 1568 3359 1638; x_wconf 87' lang='lat' dir='ltr'><strong>diligo,</strong></span> <span class='ocrx_word' id='word_1_238' title='bbox 3390 1572 3433 1624; x_wconf 92' lang='lat' dir='ltr'><strong>si</strong></span> <span class='ocrx_word' id='word_1_239' title='bbox 3468 1572 3579 1623; x_wconf 82' lang='lat' dir='ltr'><strong>vul-</strong></span> 
     </span>
    </p>
   </div>
   <div class='ocr_carea' id='block_1_32' title="bbox 1998 1656 3574 1730">
    <p class='ocr_par' dir='ltr' id='par_1_32' title="bbox 1998 1656 3574 1730">
     <span class='ocr_line' id='line_1_32' title="bbox 1998 1656 3574 1730; baseline 0.002 -18"><span class='ocrx_word' id='word_1_240' title='bbox 1998 1674 2099 1712; x_wconf 90' lang='lat' dir='ltr'><strong>nus</strong></span> <span class='ocrx_word' id='word_1_241' title='bbox 2120 1672 2227 1726; x_wconf 92' lang='lat' dir='ltr'><strong>quo</strong></span> <span class='ocrx_word' id='word_1_242' title='bbox 2254 1673 2376 1711; x_wconf 90' lang='lat' dir='ltr'><strong>eum</strong></span> <span class='ocrx_word' id='word_1_243' title='bbox 2410 1672 2515 1709; x_wconf 90' lang='lat' dir='ltr'><strong>non</strong></span> <span class='ocrx_word' id='word_1_244' title='bbox 2549 1656 2760 1726; x_wconf 80' lang='lat' dir='ltr'><strong>ambigo</strong></span> <span class='ocrx_word' id='word_1_245' title='bbox 2784 1656 3079 1711; x_wconf 88' lang='lat' dir='ltr'><strong>crudeliter</strong></span> <span class='ocrx_word' id='word_1_246' title='bbox 3109 1659 3268 1722; x_wconf 89' lang='lat' dir='ltr'><strong>mori,</strong></span> <span class='ocrx_word' id='word_1_247' title='bbox 3302 1661 3574 1730; x_wconf 84' lang='lat' dir='ltr'><strong>negligen-</strong></span> 
     </span>
    </p>
   </div>
   <div class='ocr_carea' id='block_1_33' title="bbox 314 1746 3576 1831">
    <p class='ocr_par' dir='ltr' id='par_1_33' title="bbox 314 1746 3576 1831">
     <span class='ocr_line' id='line_1_33' title="bbox 314 1746 3576 1831; baseline -0.002 -19"><span class='ocrx_word' id='word_1_248' title='bbox 314 1766 700 1831; x_wconf 71' lang='lat' dir='ltr'><strong>conscendcre,</strong></span> <span class='ocrx_word' id='word_1_249' title='bbox 740 1764 829 1818; x_wconf 84' lang='lat' dir='ltr'><strong>ubi</strong></span> <span class='ocrx_word' id='word_1_250' title='bbox 877 1763 1245 1819; x_wconf 84' lang='lat' dir='ltr'><strong>beatissimum</strong></span> <span class='ocrx_word' id='word_1_251' title='bbox 1289 1769 1374 1817; x_wconf 88' lang='lat' dir='ltr'><strong>est</strong></span> <span class='ocrx_word' id='word_1_252' title='bbox 1413 1760 1589 1830; x_wconf 84' lang='lat' dir='ltr'><strong>patria</strong></span> <span class='ocrx_word' id='word_1_253' title='bbox 1628 1756 1900 1828; x_wconf 80' lang='lat' dir='ltr'><strong>:equitatis</strong></span> <span class='ocrx_word' id='word_1_254' title='bbox 1927 1748 1972 1806; x_wconf 85' lang='grc' dir='ltr'><strong>Β</strong></span> <span class='ocrx_word' id='word_1_255' title='bbox 2002 1756 2083 1804; x_wconf 89' lang='lat' dir='ltr'><strong>ter</strong></span> <span class='ocrx_word' id='word_1_256' title='bbox 2111 1748 2226 1802; x_wconf 89' lang='lat' dir='ltr'><strong>fero</strong></span> <span class='ocrx_word' id='word_1_257' title='bbox 2254 1748 2304 1801; x_wconf 92' lang='lat' dir='ltr'><strong>in</strong></span> <span class='ocrx_word' id='word_1_258' title='bbox 2329 1746 2447 1817; x_wconf 88' lang='lat' dir='ltr'><strong>ejus</strong></span> <span class='ocrx_word' id='word_1_259' title='bbox 2470 1748 2634 1801; x_wconf 87' lang='lat' dir='ltr'><strong>corde</strong></span> <span class='ocrx_word' id='word_1_260' title='bbox 2661 1748 2931 1815; x_wconf 86' lang='lat' dir='ltr'><strong>grassari?</strong></span> <span class='ocrx_word' id='word_1_261' title='bbox 2968 1748 3156 1804; x_wconf 91' lang='lat' dir='ltr'><strong>videns</strong></span> <span class='ocrx_word' id='word_1_262' title='bbox 3192 1764 3321 1820; x_wconf 90' lang='lat' dir='ltr'><strong>ergo</strong></span> <span class='ocrx_word' id='word_1_263' title='bbox 3356 1752 3576 1806; x_wconf 85' lang='lat' dir='ltr'><strong>vulnera</strong></span> 
     </span>
    </p>
   </div>
   <div class='ocr_carea' id='block_1_34' title="bbox 307 1851 1892 1925">
    <p class='ocr_par' dir='ltr' id='par_1_34' title="bbox 307 1851 1892 1925">
     <span class='ocr_line' id='line_1_34' title="bbox 307 1851 1892 1925; baseline -0.004 -15"><span class='ocrx_word' id='word_1_264' title='bbox 307 1856 431 1925; x_wconf 89' lang='lat' dir='ltr'><strong>jura</strong></span> <span class='ocrx_word' id='word_1_265' title='bbox 491 1872 728 1911; x_wconf 87' lang='lat' dir='ltr'><strong>servare.</strong></span> <span class='ocrx_word' id='word_1_266' title='bbox 782 1854 1044 1909; x_wconf 86' lang='lat' dir='ltr'><strong>Nimirum</strong></span> <span class='ocrx_word' id='word_1_267' title='bbox 1102 1856 1240 1909; x_wconf 90' lang='lat' dir='ltr'><strong>sicut</strong></span> <span class='ocrx_word' id='word_1_268' title='bbox 1290 1862 1581 1909; x_wconf 88' lang='lat' dir='ltr'><strong>attestante</strong></span> <span class='ocrx_word' id='word_1_269' title='bbox 1628 1851 1892 1915; x_wconf 81' lang='lat' dir='ltr'><strong>Veritate,</strong></span> 
     </span>
    </p>
   </div>
   <div class='ocr_carea' id='block_1_35' title="bbox 313 1940 1895 2015">
    <p class='ocr_par' dir='ltr' id='par_1_35' title="bbox 313 1940 1895 2015">
     <span class='ocr_line' id='line_1_35' title="bbox 313 1940 1895 2015; baseline -0.005 -15"><span class='ocrx_word' id='word_1_270' title='bbox 313 1962 417 2001; x_wconf 93' lang='lat' dir='ltr'><strong>uon</strong></span> <span class='ocrx_word' id='word_1_271' title='bbox 441 1961 630 2002; x_wconf 91' lang='lat' dir='ltr'><strong>omnes</strong></span> <span class='ocrx_word' id='word_1_272' title='bbox 652 1946 871 2015; x_wconf 82' lang='lat' dir='ltr'><strong>capiunt</strong></span> <span class='ocrx_word' id='word_1_273' title='bbox 891 1946 1115 1999; x_wconf 84' lang='lat' dir='ltr'><strong>verbum</strong></span> <span class='ocrx_word' id='word_1_274' title='bbox 1141 1945 1245 1998; x_wconf 92' lang='lat' dir='ltr'><strong>hoc</strong></span> <span class='ocrx_word' id='word_1_275' title='bbox 1266 1944 1317 1997; x_wconf 90' lang='lat' dir='ltr'><strong>in</strong></span> <span class='ocrx_word' id='word_1_276' title='bbox 1339 1943 1442 1997; x_wconf 92' lang='lat' dir='ltr'><strong>hoc</strong></span> <span class='ocrx_word' id='word_1_277' title='bbox 1463 1940 1658 1996; x_wconf 66' lang='lat' dir='ltr'><strong>sreculo</strong></span> <span class='ocrx_word' id='word_1_278' title='bbox 1678 1940 1895 2010; x_wconf 76' lang='lat' dir='ltr'><strong>(Matth.</strong></span> 
     </span>
    </p>
   </div>
   <div class='ocr_carea' id='block_1_36' title="bbox 316 2033 1897 2108">
    <p class='ocr_par' dir='ltr' id='par_1_36' title="bbox 316 2033 1897 2108">
     <span class='ocr_line' id='line_1_36' title="bbox 316 2033 1897 2108; baseline -0.003 -17"><span class='ocrx_word' id='word_1_279' title='bbox 316 2038 466 2108; x_wconf 84' lang='lat' dir='ltr'><strong>xIx);</strong></span> <span class='ocrx_word' id='word_1_280' title='bbox 499 2038 579 2092; x_wconf 92' lang='lat' dir='ltr'><strong>sic</strong></span> <span class='ocrx_word' id='word_1_281' title='bbox 609 2037 675 2091; x_wconf 89' lang='lat' dir='ltr'><strong>ad</strong></span> <span class='ocrx_word' id='word_1_282' title='bbox 707 2037 848 2091; x_wconf 91' lang='lat' dir='ltr'><strong>illam</strong></span> <span class='ocrx_word' id='word_1_283' title='bbox 900 2037 1130 2107; x_wconf 64' lang='lat' dir='ltr'><strong>egregia:</strong></span> <span class='ocrx_word' id='word_1_284' title='bbox 1178 2035 1633 2090; x_wconf 83' lang='lat' dir='ltr'><strong>remunerationis</strong></span> <span class='ocrx_word' id='word_1_285' title='bbox 1667 2033 1897 2103; x_wconf 78' lang='lat' dir='ltr'><strong>gleriam</strong></span> 
     </span>
    </p>
   </div>
   <div class='ocr_carea' id='block_1_37' title="bbox 315 2123 1369 2195">
    <p class='ocr_par' dir='ltr' id='par_1_37' title="bbox 315 2123 1369 2195">
     <span class='ocr_line' id='line_1_37' title="bbox 315 2123 1369 2195; baseline -0.006 -13"><span class='ocrx_word' id='word_1_286' title='bbox 315 2142 422 2182; x_wconf 90' lang='lat' dir='ltr'><strong>non</strong></span> <span class='ocrx_word' id='word_1_287' title='bbox 465 2142 653 2181; x_wconf 88' lang='lat' dir='ltr'><strong>omnes</strong></span> <span class='ocrx_word' id='word_1_288' title='bbox 697 2126 1019 2195; x_wconf 88' lang='lat' dir='ltr'><strong>perveniunt</strong></span> <span class='ocrx_word' id='word_1_289' title='bbox 1062 2125 1114 2178; x_wconf 94' lang='lat' dir='ltr'><strong>in</strong></span> <span class='ocrx_word' id='word_1_290' title='bbox 1166 2123 1369 2177; x_wconf 91' lang='lat' dir='ltr'><strong>futuro.</strong></span> 
     </span>
    </p>
   </div>
   <div class='ocr_carea' id='block_1_38' title="bbox 394 2209 1901 2282">
    <p class='ocr_par' dir='ltr' id='par_1_38' title="bbox 394 2209 1901 2282">
     <span class='ocr_line' id='line_1_38' title="bbox 394 2209 1901 2282; baseline -0.005 -13"><span class='ocrx_word' id='word_1_291' title='bbox 394 2216 537 2278; x_wconf 85' lang='lat' dir='ltr'><strong>llaec,</strong></span> <span class='ocrx_word' id='word_1_292' title='bbox 564 2224 618 2269; x_wconf 89' lang='lat' dir='ltr'><strong>et</strong></span> <span class='ocrx_word' id='word_1_293' title='bbox 663 2215 766 2269; x_wconf 90' lang='lat' dir='ltr'><strong>alia</strong></span> <span class='ocrx_word' id='word_1_294' title='bbox 814 2214 984 2269; x_wconf 90' lang='lat' dir='ltr'><strong>multa</strong></span> <span class='ocrx_word' id='word_1_295' title='bbox 1018 2213 1340 2282; x_wconf 86' lang='lat' dir='ltr'><strong>hujusmodi,</strong></span> <span class='ocrx_word' id='word_1_296' title='bbox 1369 2211 1686 2266; x_wconf 89' lang='lat' dir='ltr'><strong>cbarissime</strong></span> <span class='ocrx_word' id='word_1_297' title='bbox 1710 2209 1901 2274; x_wconf 83' lang='lat' dir='ltr'><strong>frater,</strong></span> 
     </span>
    </p>
   </div>
   <div class='ocr_carea' id='block_1_39' title="bbox 323 2301 1900 2373">
    <p class='ocr_par' dir='ltr' id='par_1_39' title="bbox 323 2301 1900 2373">
     <span class='ocr_line' id='line_1_39' title="bbox 323 2301 1900 2373; baseline -0.004 -15"><span class='ocrx_word' id='word_1_298' title='bbox 323 2306 568 2373; x_wconf 86' lang='lat' dir='ltr'><strong>quisquis</strong></span> <span class='ocrx_word' id='word_1_299' title='bbox 596 2321 675 2369; x_wconf 92' lang='lat' dir='ltr'><strong>es,</strong></span> <span class='ocrx_word' id='word_1_300' title='bbox 710 2305 849 2359; x_wconf 90' lang='lat' dir='ltr'><strong>intra</strong></span> <span class='ocrx_word' id='word_1_301' title='bbox 879 2305 1074 2359; x_wconf 90' lang='lat' dir='ltr'><strong>mentis</strong></span> <span class='ocrx_word' id='word_1_302' title='bbox 1102 2313 1203 2357; x_wconf 75' lang='lat' dir='ltr'><strong>tuae</strong></span> <span class='ocrx_word' id='word_1_303' title='bbox 1233 2310 1439 2357; x_wconf 88' lang='lat' dir='ltr'><strong>secreta</strong></span> <span class='ocrx_word' id='word_1_304' title='bbox 1467 2301 1748 2356; x_wconf 88' lang='lat' dir='ltr'><strong>considera</strong></span> <span class='ocrx_word' id='word_1_305' title='bbox 1770 2340 1785 2363; x_wconf 95' lang='lat'><strong>,</strong></span> <span class='ocrx_word' id='word_1_306' title='bbox 1817 2308 1900 2352; x_wconf 85' lang='lat' dir='ltr'><strong>to-</strong></span> 
     </span>
    </p>
   </div>
   <div class='ocr_carea' id='block_1_40' title="bbox 321 2386 1904 2463">
    <p class='ocr_par' dir='ltr' id='par_1_40' title="bbox 321 2386 1904 2463">
     <span class='ocr_line' id='line_1_40' title="bbox 321 2386 1904 2463; baseline -0.005 -16"><span class='ocrx_word' id='word_1_307' title='bbox 321 2395 503 2463; x_wconf 88' lang='lat' dir='ltr'><strong>tisque</strong></span> <span class='ocrx_word' id='word_1_308' title='bbox 530 2393 736 2448; x_wconf 92' lang='lat' dir='ltr'><strong>viribus</strong></span> <span class='ocrx_word' id='word_1_309' title='bbox 761 2408 979 2449; x_wconf 91' lang='lat' dir='ltr'><strong>carnem</strong></span> <span class='ocrx_word' id='word_1_310' title='bbox 1016 2402 1160 2447; x_wconf 89' lang='lat' dir='ltr'><strong>tuam</strong></span> <span class='ocrx_word' id='word_1_311' title='bbox 1198 2392 1265 2446; x_wconf 86' lang='lat' dir='ltr'><strong>ab</strong></span> <span class='ocrx_word' id='word_1_312' title='bbox 1294 2391 1440 2444; x_wconf 92' lang='lat' dir='ltr'><strong>omni</strong></span> <span class='ocrx_word' id='word_1_313' title='bbox 1476 2400 1627 2459; x_wconf 91' lang='lat' dir='ltr'><strong>peste</strong></span> <span class='ocrx_word' id='word_1_314' title='bbox 1654 2386 1904 2441; x_wconf 86' lang='lat' dir='ltr'><strong>libidinis</strong></span> 
     </span>
    </p>
   </div>
   <div class='ocr_carea' id='block_1_41' title="bbox 329 2468 1907 2549">
    <p class='ocr_par' dir='ltr' id='par_1_41' title="bbox 329 2468 1907 2549">
     <span class='ocr_line' id='line_1_41' title="bbox 329 2468 1907 2549; baseline -0.004 -11"><span class='ocrx_word' id='word_1_315' title='bbox 329 2486 621 2538; x_wconf 89' lang='lat' dir='ltr'><strong>immunem</strong></span> <span class='ocrx_word' id='word_1_316' title='bbox 646 2498 865 2538; x_wconf 88' lang='lat' dir='ltr'><strong>servare</strong></span> <span class='ocrx_word' id='word_1_317' title='bbox 892 2482 1087 2538; x_wconf 85' lang='lat' dir='ltr'><strong>festina</strong></span> <span class='ocrx_word' id='word_1_318' title='bbox 1108 2524 1121 2548; x_wconf 93' lang='lat'><strong>,</strong></span> <span class='ocrx_word' id='word_1_319' title='bbox 1154 2480 1414 2549; x_wconf 85' lang='lat' dir='ltr'><strong>ut,-juxta</strong></span> <span class='ocrx_word' id='word_1_320' title='bbox 1452 2479 1763 2547; x_wconf 72' lang='lat' dir='ltr'><strong>apostolica:</strong></span> <span class='ocrx_word' id='word_1_321' title='bbox 1810 2468 1907 2531; x_wconf 82' lang='lat' dir='ltr'><strong>do-</strong></span> 
     </span>
    </p>
   </div>
   <div class='ocr_carea' id='block_1_42' title="bbox 324 2568 1904 2640">
    <p class='ocr_par' dir='ltr' id='par_1_42' title="bbox 324 2568 1904 2640">
     <span class='ocr_line' id='line_1_42' title="bbox 324 2568 1904 2640; baseline -0.005 -11"><span class='ocrx_word' id='word_1_322' title='bbox 324 2576 516 2630; x_wconf 65' lang='lat' dir='ltr'><strong>ctrinae</strong></span> <span class='ocrx_word' id='word_1_323' title='bbox 569 2575 933 2638; x_wconf 89' lang='lat' dir='ltr'><strong>sententiam,</strong></span> <span class='ocrx_word' id='word_1_324' title='bbox 992 2575 1132 2629; x_wconf 89' lang='lat' dir='ltr'><strong>scias</strong></span> <span class='ocrx_word' id='word_1_325' title='bbox 1192 2588 1287 2626; x_wconf 91' lang='lat' dir='ltr'><strong>vas</strong></span> <span class='ocrx_word' id='word_1_326' title='bbox 1338 2581 1486 2626; x_wconf 91' lang='lat' dir='ltr'><strong>tuum</strong></span> <span class='ocrx_word' id='word_1_327' title='bbox 1528 2570 1804 2640; x_wconf 86' lang='lat' dir='ltr'><strong>possidere</strong></span> <span class='ocrx_word' id='word_1_328' title='bbox 1850 2568 1904 2621; x_wconf 92' lang='lat' dir='ltr'><strong>in</strong></span> 
     </span>
    </p>
   </div>
   <div class='ocr_carea' id='block_1_43' title="bbox 322 2657 1902 2729">
    <p class='ocr_par' dir='ltr' id='par_1_43' title="bbox 322 2657 1902 2729">
     <span class='ocr_line' id='line_1_43' title="bbox 322 2657 1902 2729; baseline -0.006 -9"><span class='ocrx_word' id='word_1_329' title='bbox 322 2664 770 2728; x_wconf 78' lang='lat' dir='ltr'><strong>sanctificatione,</strong></span> <span class='ocrx_word' id='word_1_330' title='bbox 792 2674 847 2719; x_wconf 91' lang='lat' dir='ltr'><strong>et</strong></span> <span class='ocrx_word' id='word_1_331' title='bbox 874 2665 1099 2726; x_wconf 84' lang='lat' dir='ltr'><strong>honore,</strong></span> <span class='ocrx_word' id='word_1_332' title='bbox 1131 2679 1236 2718; x_wconf 92' lang='lat' dir='ltr'><strong>non</strong></span> <span class='ocrx_word' id='word_1_333' title='bbox 1268 2662 1320 2714; x_wconf 93' lang='lat' dir='ltr'><strong>iu</strong></span> <span class='ocrx_word' id='word_1_334' title='bbox 1347 2661 1596 2729; x_wconf 88' lang='lat' dir='ltr'><strong>passione</strong></span> <span class='ocrx_word' id='word_1_335' title='bbox 1620 2657 1902 2721; x_wconf 89' lang='lat' dir='ltr'><strong>desiderii;</strong></span> 
     </span>
    </p>
   </div>
   <div class='ocr_carea' id='block_1_44' title="bbox 325 2748 1904 2826">
    <p class='ocr_par' dir='ltr' id='par_1_44' title="bbox 325 2748 1904 2826">
     <span class='ocr_line' id='line_1_44' title="bbox 325 2748 1904 2826; baseline -0.007 -15"><span class='ocrx_word' id='word_1_336' title='bbox 325 2758 466 2811; x_wconf 90' lang='lat' dir='ltr'><strong>sicut</strong></span> <span class='ocrx_word' id='word_1_337' title='bbox 509 2765 564 2810; x_wconf 90' lang='lat' dir='ltr'><strong>et</strong></span> <span class='ocrx_word' id='word_1_338' title='bbox 601 2766 807 2826; x_wconf 84' lang='lat' dir='ltr'><strong>gentes,</strong></span> <span class='ocrx_word' id='word_1_339' title='bbox 859 2772 979 2825; x_wconf 67' lang='lat' dir='ltr'><strong>qua:</strong></span> <span class='ocrx_word' id='word_1_340' title='bbox 1029 2755 1279 2824; x_wconf 85' lang='lat' dir='ltr'><strong>ignorant</strong></span> <span class='ocrx_word' id='word_1_341' title='bbox 1326 2753 1491 2806; x_wconf 90' lang='lat' dir='ltr'><strong>Deum</strong></span> <span class='ocrx_word' id='word_1_342' title='bbox 1519 2750 1567 2821; x_wconf 88' lang='lat'><strong>(1</strong></span> <span class='ocrx_word' id='word_1_343' title='bbox 1597 2750 1777 2803; x_wconf 84' lang='lat' dir='ltr'><strong>Thess.</strong></span> <span class='ocrx_word' id='word_1_344' title='bbox 1808 2748 1904 2816; x_wconf 84' lang='lat' dir='ltr'><strong>Iv).</strong></span> 
     </span>
    </p>
   </div>
   <div class='ocr_carea' id='block_1_45' title="bbox 334 2842 1909 2916">
    <p class='ocr_par' dir='ltr' id='par_1_45' title="bbox 334 2842 1909 2916">
     <span class='ocr_line' id='line_1_45' title="bbox 334 2842 1909 2916; baseline -0.003 -15"><span class='ocrx_word' id='word_1_345' title='bbox 334 2847 389 2901; x_wconf 89' lang='lat' dir='ltr'><strong>Si</strong></span> <span class='ocrx_word' id='word_1_346' title='bbox 423 2849 599 2901; x_wconf 88' lang='lat' dir='ltr'><strong>adhuc</strong></span> <span class='ocrx_word' id='word_1_347' title='bbox 623 2861 756 2911; x_wconf 89' lang='lat' dir='ltr'><strong>stas,</strong></span> <span class='ocrx_word' id='word_1_348' title='bbox 787 2847 1143 2916; x_wconf 66' lang='lat' dir='ltr'><strong>praecipitium</strong></span> <span class='ocrx_word' id='word_1_349' title='bbox 1176 2860 1306 2898; x_wconf 87' lang='lat' dir='ltr'><strong>cave</strong></span> <span class='ocrx_word' id='word_1_350' title='bbox 1333 2862 1346 2897; x_wconf 89' lang='lat'>:</span> <span class='ocrx_word' id='word_1_351' title='bbox 1381 2844 1521 2912; x_wconf 91' lang='lat' dir='ltr'><strong>quod</strong></span> <span class='ocrx_word' id='word_1_352' title='bbox 1550 2844 1593 2896; x_wconf 92' lang='lat' dir='ltr'><strong>si</strong></span> <span class='ocrx_word' id='word_1_353' title='bbox 1622 2842 1801 2912; x_wconf 89' lang='lat' dir='ltr'><strong>lapsus</strong></span> <span class='ocrx_word' id='word_1_354' title='bbox 1828 2853 1909 2907; x_wconf 88' lang='lat' dir='ltr'><strong>es,</strong></span> 
     </span>
    </p>
   </div>
   <div class='ocr_carea' id='block_1_46' title="bbox 333 2936 1910 3006">
    <p class='ocr_par' dir='ltr' id='par_1_46' title="bbox 333 2936 1910 3006">
     <span class='ocr_line' id='line_1_46' title="bbox 333 2936 1910 3006; baseline -0.002 -16"><span class='ocrx_word' id='word_1_355' title='bbox 333 2938 399 2990; x_wconf 90' lang='lat' dir='ltr'><strong>ad</strong></span> <span class='ocrx_word' id='word_1_356' title='bbox 428 2953 624 2991; x_wconf 91' lang='lat' dir='ltr'><strong>uncum</strong></span> <span class='ocrx_word' id='word_1_357' title='bbox 649 2938 1000 3004; x_wconf 65' lang='lat' dir='ltr'><strong>poenitentiae,</strong></span> <span class='ocrx_word' id='word_1_358' title='bbox 1034 2937 1125 3006; x_wconf 90' lang='lat' dir='ltr'><strong>qui</strong></span> <span class='ocrx_word' id='word_1_359' title='bbox 1172 2936 1371 3004; x_wconf 87' lang='lat' dir='ltr'><strong>ubique</strong></span> <span class='ocrx_word' id='word_1_360' title='bbox 1411 2944 1608 3005; x_wconf 89' lang='lat' dir='ltr'><strong>praesto</strong></span> <span class='ocrx_word' id='word_1_361' title='bbox 1648 2941 1750 2997; x_wconf 91' lang='lat' dir='ltr'><strong>est,</strong></span> <span class='ocrx_word' id='word_1_362' title='bbox 1793 2949 1910 2987; x_wconf 88' lang='lat' dir='ltr'><strong>ma-</strong></span> 
     </span>
    </p>
   </div>
   <div class='ocr_carea' id='block_1_47' title="bbox 334 3025 1909 3094">
    <p class='ocr_par' dir='ltr' id='par_1_47' title="bbox 334 3025 1909 3094">
     <span class='ocr_line' id='line_1_47' title="bbox 334 3025 1909 3094; baseline -0.002 -15"><span class='ocrx_word' id='word_1_363' title='bbox 334 3042 460 3079; x_wconf 91' lang='lat' dir='ltr'><strong>num</strong></span> <span class='ocrx_word' id='word_1_364' title='bbox 510 3026 830 3079; x_wconf 83' lang='lat' dir='ltr'><strong>tiducialiter</strong></span> <span class='ocrx_word' id='word_1_365' title='bbox 882 3027 1067 3089; x_wconf 80' lang='lat' dir='ltr'><strong>tende;</strong></span> <span class='ocrx_word' id='word_1_366' title='bbox 1119 3034 1178 3080; x_wconf 90' lang='lat' dir='ltr'><strong>ut</strong></span> <span class='ocrx_word' id='word_1_367' title='bbox 1226 3026 1317 3094; x_wconf 90' lang='lat' dir='ltr'><strong>qui</strong></span> <span class='ocrx_word' id='word_1_368' title='bbox 1367 3041 1471 3079; x_wconf 91' lang='lat' dir='ltr'><strong>non</strong></span> <span class='ocrx_word' id='word_1_369' title='bbox 1523 3025 1743 3093; x_wconf 91' lang='lat' dir='ltr'><strong>potuisti</strong></span> <span class='ocrx_word' id='word_1_370' title='bbox 1789 3039 1909 3079; x_wconf 91' lang='lat' dir='ltr'><strong>cum</strong></span> 
     </span>
    </p>
   </div>
   <div class='ocr_carea' id='block_1_48' title="bbox 333 3115 1914 3185">
    <p class='ocr_par' dir='ltr' id='par_1_48' title="bbox 333 3115 1914 3185">
     <span class='ocr_line' id='line_1_48' title="bbox 333 3115 1914 3185; baseline 0.001 -18"><span class='ocrx_word' id='word_1_371' title='bbox 333 3115 607 3168; x_wconf 58' lang='lat' dir='ltr'><strong>Abraham</strong></span> <span class='ocrx_word' id='word_1_372' title='bbox 640 3117 828 3183; x_wconf 86' lang='lat' dir='ltr'><strong>procul</strong></span> <span class='ocrx_word' id='word_1_373' title='bbox 859 3132 887 3168; x_wconf 88' lang='lat' dir='ltr'><strong>a</strong></span> <span class='ocrx_word' id='word_1_374' title='bbox 932 3116 1180 3170; x_wconf 84' lang='lat' dir='ltr'><strong>Sodomis</strong></span> <span class='ocrx_word' id='word_1_375' title='bbox 1206 3117 1401 3185; x_wconf 85' lang='lat' dir='ltr'><strong>degere</strong></span> <span class='ocrx_word' id='word_1_376' title='bbox 1422 3157 1435 3180; x_wconf 92' lang='lat'><strong>,</strong></span> <span class='ocrx_word' id='word_1_377' title='bbox 1481 3116 1638 3171; x_wconf 90' lang='lat' dir='ltr'><strong>liceat</strong></span> <span class='ocrx_word' id='word_1_378' title='bbox 1679 3116 1761 3169; x_wconf 88' lang='lat' dir='ltr'><strong>vel</strong></span> <span class='ocrx_word' id='word_1_379' title='bbox 1792 3131 1914 3170; x_wconf 90' lang='lat' dir='ltr'><strong>cum</strong></span> 
     </span>
    </p>
   </div>
   <div class='ocr_carea' id='block_1_49' title="bbox 338 3205 1918 3275">
    <p class='ocr_par' dir='ltr' id='par_1_49' title="bbox 338 3205 1918 3275">
     <span class='ocr_line' id='line_1_49' title="bbox 338 3205 1918 3275; baseline 0.001 -17"><span class='ocrx_word' id='word_1_380' title='bbox 338 3205 470 3259; x_wconf 85' lang='lat' dir='ltr'><strong>Loth</strong></span> <span class='ocrx_word' id='word_1_381' title='bbox 514 3206 829 3275; x_wconf 65' lang='lat' dir='ltr'><strong>pr0pinqum</strong></span> <span class='ocrx_word' id='word_1_382' title='bbox 877 3206 1270 3261; x_wconf 89' lang='lat' dir='ltr'><strong>combustionis</strong></span> <span class='ocrx_word' id='word_1_383' title='bbox 1316 3206 1528 3261; x_wconf 79' lang='lat' dir='ltr'><strong>excidio</strong></span> <span class='ocrx_word' id='word_1_384' title='bbox 1560 3205 1781 3274; x_wconf 85' lang='lat' dir='ltr'><strong>jamjam</strong></span> <span class='ocrx_word' id='word_1_385' title='bbox 1829 3222 1918 3260; x_wconf 89' lang='lat' dir='ltr'><strong>ur-</strong></span> 
     </span>
    </p>
   </div>
   <div class='ocr_carea' id='block_1_50' title="bbox 336 3297 1916 3366">
    <p class='ocr_par' dir='ltr' id='par_1_50' title="bbox 336 3297 1916 3366">
     <span class='ocr_line' id='line_1_50' title="bbox 336 3297 1916 3366; baseline 0.003 -17"><span class='ocrx_word' id='word_1_386' title='bbox 336 3305 517 3366; x_wconf 90' lang='lat' dir='ltr'><strong>gente,</strong></span> <span class='ocrx_word' id='word_1_387' title='bbox 568 3297 824 3366; x_wconf 85' lang='lat' dir='ltr'><strong>migrare.</strong></span> <span class='ocrx_word' id='word_1_388' title='bbox 869 3298 1078 3366; x_wconf 83' lang='lat' dir='ltr'><strong>Quique</strong></span> <span class='ocrx_word' id='word_1_389' title='bbox 1110 3299 1231 3351; x_wconf 91' lang='lat' dir='ltr'><strong>navi</strong></span> <span class='ocrx_word' id='word_1_390' title='bbox 1276 3298 1560 3355; x_wconf 91' lang='lat' dir='ltr'><strong>incolumis</strong></span> <span class='ocrx_word' id='word_1_391' title='bbox 1588 3300 1770 3354; x_wconf 90' lang='lat' dir='ltr'><strong>subire</strong></span> <span class='ocrx_word' id='word_1_392' title='bbox 1811 3314 1916 3354; x_wconf 91' lang='lat' dir='ltr'><strong>non</strong></span> 
     </span>
    </p>
   </div>
   <div class='ocr_carea' id='block_1_51' title="bbox 336 3387 1920 3459">
    <p class='ocr_par' dir='ltr' id='par_1_51' title="bbox 336 3387 1920 3459">
     <span class='ocr_line' id='line_1_51' title="bbox 336 3387 1920 3459; baseline 0.004 -21"><span class='ocrx_word' id='word_1_393' title='bbox 336 3387 585 3441; x_wconf 87' lang='lat' dir='ltr'><strong>valueras</strong></span> <span class='ocrx_word' id='word_1_394' title='bbox 613 3398 851 3456; x_wconf 89' lang='lat' dir='ltr'><strong>portum,</strong></span> <span class='ocrx_word' id='word_1_395' title='bbox 880 3388 1110 3442; x_wconf 77' lang='lat' dir='ltr'><strong>suillciat</strong></span> <span class='ocrx_word' id='word_1_396' title='bbox 1140 3388 1329 3444; x_wconf 89' lang='lat' dir='ltr'><strong>saltem</strong></span> <span class='ocrx_word' id='word_1_397' title='bbox 1361 3389 1550 3459; x_wconf 89' lang='lat' dir='ltr'><strong>perlati</strong></span> <span class='ocrx_word' id='word_1_398' title='bbox 1580 3389 1770 3445; x_wconf 83' lang='lat' dir='ltr'><strong>fluctus</strong></span> <span class='ocrx_word' id='word_1_399' title='bbox 1795 3404 1920 3445; x_wconf 87' lang='lat' dir='ltr'><strong>eva—</strong></span> 
     </span>
    </p>
   </div>
   <div class='ocr_carea' id='block_1_52' title="bbox 341 3476 1919 3545">
    <p class='ocr_par' dir='ltr' id='par_1_52' title="bbox 341 3476 1919 3545">
     <span class='ocr_line' id='line_1_52' title="bbox 341 3476 1919 3545; baseline 0.001 -16"><span class='ocrx_word' id='word_1_400' title='bbox 341 3477 478 3530; x_wconf 81' lang='lat' dir='ltr'><strong>sisse</strong></span> <span class='ocrx_word' id='word_1_401' title='bbox 512 3476 851 3544; x_wconf 79' lang='lat' dir='ltr'><strong>naufragium</strong></span> <span class='ocrx_word' id='word_1_402' title='bbox 902 3495 913 3529; x_wconf 88' lang='lat'>:</span> <span class='ocrx_word' id='word_1_403' title='bbox 959 3486 1013 3530; x_wconf 92' lang='lat' dir='ltr'><strong>et</strong></span> <span class='ocrx_word' id='word_1_404' title='bbox 1044 3478 1134 3545; x_wconf 88' lang='lat' dir='ltr'><strong>qui</strong></span> <span class='ocrx_word' id='word_1_405' title='bbox 1179 3493 1284 3530; x_wconf 91' lang='lat' dir='ltr'><strong>non</strong></span> <span class='ocrx_word' id='word_1_406' title='bbox 1318 3478 1561 3533; x_wconf 88' lang='lat' dir='ltr'><strong>meruisti</strong></span> <span class='ocrx_word' id='word_1_407' title='bbox 1611 3479 1678 3533; x_wconf 87' lang='lat' dir='ltr'><strong>ad</strong></span> <span class='ocrx_word' id='word_1_408' title='bbox 1724 3478 1919 3532; x_wconf 88' lang='lat' dir='ltr'><strong>littoris</strong></span> 
     </span>
    </p>
   </div>
   <div class='ocr_carea' id='block_1_53' title="bbox 341 3569 1918 3640">
    <p class='ocr_par' dir='ltr' id='par_1_53' title="bbox 341 3569 1918 3640">
     <span class='ocr_line' id='line_1_53' title="bbox 341 3569 1918 3640; baseline 0.003 -21"><span class='ocrx_word' id='word_1_409' title='bbox 341 3569 516 3621; x_wconf 84' lang='lat' dir='ltr'><strong>sinum</strong></span> <span class='ocrx_word' id='word_1_410' title='bbox 544 3569 658 3622; x_wconf 88' lang='lat' dir='ltr'><strong>sine</strong></span> <span class='ocrx_word' id='word_1_411' title='bbox 676 3569 887 3637; x_wconf 88' lang='lat' dir='ltr'><strong>jactura</strong></span> <span class='ocrx_word' id='word_1_412' title='bbox 912 3569 1239 3638; x_wconf 86' lang='lat' dir='ltr'><strong>pertingere,</strong></span> <span class='ocrx_word' id='word_1_413' title='bbox 1266 3569 1427 3623; x_wconf 90' lang='lat' dir='ltr'><strong>libeat</strong></span> <span class='ocrx_word' id='word_1_414' title='bbox 1455 3570 1633 3622; x_wconf 88' lang='lat' dir='ltr'><strong>arenis</strong></span> <span class='ocrx_word' id='word_1_415' title='bbox 1656 3571 1918 3640; x_wconf 87' lang='lat' dir='ltr'><strong>exposito,</strong></span> 
     </span>
    </p>
   </div>
   <div class='ocr_carea' id='block_1_54' title="bbox 343 3656 1920 3725">
    <p class='ocr_par' dir='ltr' id='par_1_54' title="bbox 343 3656 1920 3725">
     <span class='ocr_line' id='line_1_54' title="bbox 343 3656 1920 3725; baseline 0.003 -17"><span class='ocrx_word' id='word_1_416' title='bbox 343 3665 462 3725; x_wconf 86' lang='lat' dir='ltr'><strong>post</strong></span> <span class='ocrx_word' id='word_1_417' title='bbox 506 3657 801 3725; x_wconf 85' lang='lat' dir='ltr'><strong>perieulum</strong></span> <span class='ocrx_word' id='word_1_418' title='bbox 853 3657 1031 3710; x_wconf 89' lang='lat' dir='ltr'><strong>alacri.</strong></span> <span class='ocrx_word' id='word_1_419' title='bbox 1072 3673 1202 3713; x_wconf 91' lang='lat' dir='ltr'><strong>voce</strong></span> <span class='ocrx_word' id='word_1_420' title='bbox 1257 3657 1385 3712; x_wconf 88' lang='lat' dir='ltr'><strong>illud</strong></span> <span class='ocrx_word' id='word_1_421' title='bbox 1433 3657 1576 3712; x_wconf 86' lang='lat' dir='ltr'><strong>beati</strong></span> <span class='ocrx_word' id='word_1_422' title='bbox 1627 3656 1776 3712; x_wconf 63' lang='lat' dir='ltr'><strong>Jonas</strong></span> <span class='ocrx_word' id='word_1_423' title='bbox 1829 3674 1920 3712; x_wconf 89' lang='lat' dir='ltr'><strong>ce-</strong></span> 
     </span>
    </p>
   </div>
   <div class='ocr_carea' id='block_1_55' title="bbox 344 3745 1923 3816">
    <p class='ocr_par' dir='ltr' id='par_1_55' title="bbox 344 3745 1923 3816">
     <span class='ocr_line' id='line_1_55' title="bbox 344 3745 1923 3816; baseline 0.003 -20"><span class='ocrx_word' id='word_1_424' title='bbox 344 3746 544 3798; x_wconf 68' lang='lat' dir='ltr'><strong>ltrusma</strong></span> <span class='ocrx_word' id='word_1_425' title='bbox 575 3754 838 3799; x_wconf 86' lang='lat' dir='ltr'><strong>cantare:</strong></span> <span class='ocrx_word' id='word_1_426' title='bbox 875 3763 892 3794; x_wconf 75' lang='grc' dir='ltr'>ι</span> <span class='ocrx_word' id='word_1_427' title='bbox 934 3745 1131 3799; x_wconf 89' lang='lat' dir='ltr'><strong>Omnes</strong></span> <span class='ocrx_word' id='word_1_428' title='bbox 1177 3746 1412 3816; x_wconf 86' lang='lat' dir='ltr'><strong>gurgites</strong></span> <span class='ocrx_word' id='word_1_429' title='bbox 1455 3746 1571 3811; x_wconf 85' lang='lat' dir='ltr'><strong>tui,</strong></span> <span class='ocrx_word' id='word_1_430' title='bbox 1614 3755 1670 3799; x_wconf 88' lang='lat' dir='ltr'><strong>et</strong></span> <span class='ocrx_word' id='word_1_431' title='bbox 1726 3745 1923 3801; x_wconf 87' lang='lat' dir='ltr'><strong>ﬂuctus</strong></span> 
     </span>
    </p>
   </div>
   <div class='ocr_carea' id='block_1_56' title="bbox 346 3835 1922 3906">
    <p class='ocr_par' dir='ltr' id='par_1_56' title="bbox 346 3835 1922 3906">
     <span class='ocr_line' id='line_1_56' title="bbox 346 3835 1922 3906; baseline 0.002 -18"><span class='ocrx_word' id='word_1_432' title='bbox 346 3836 419 3888; x_wconf 92' lang='lat' dir='ltr'><strong>tui</strong></span> <span class='ocrx_word' id='word_1_433' title='bbox 453 3850 615 3906; x_wconf 89' lang='lat' dir='ltr'><strong>super</strong></span> <span class='ocrx_word' id='word_1_434' title='bbox 644 3851 727 3889; x_wconf 91' lang='lat' dir='ltr'><strong>me</strong></span> <span class='ocrx_word' id='word_1_435' title='bbox 759 3835 1117 3901; x_wconf 79' lang='lat' dir='ltr'><strong>transierunt;</strong></span> <span class='ocrx_word' id='word_1_436' title='bbox 1140 3845 1195 3890; x_wconf 91' lang='lat' dir='ltr'><strong>et</strong></span> <span class='ocrx_word' id='word_1_437' title='bbox 1220 3850 1319 3905; x_wconf 89' lang='lat' dir='ltr'><strong>ego</strong></span> <span class='ocrx_word' id='word_1_438' title='bbox 1346 3835 1455 3889; x_wconf 90' lang='lat' dir='ltr'><strong>dixi</strong></span> <span class='ocrx_word' id='word_1_439' title='bbox 1482 3850 1497 3890; x_wconf 87' lang='lat'><strong><em>:</em></strong></span> <span class='ocrx_word' id='word_1_440' title='bbox 1521 3835 1781 3905; x_wconf 83' lang='lat' dir='ltr'><strong>Abjectus</strong></span> <span class='ocrx_word' id='word_1_441' title='bbox 1805 3851 1922 3891; x_wconf 90' lang='lat' dir='ltr'><strong>sum</strong></span> 
     </span>
    </p>
   </div>
   <div class='ocr_carea' id='block_1_57' title="bbox 344 3927 1925 3997">
    <p class='ocr_par' dir='ltr' id='par_1_57' title="bbox 344 3927 1925 3997">
     <span class='ocr_line' id='line_1_57' title="bbox 344 3927 1925 3997; baseline 0.003 -18"><span class='ocrx_word' id='word_1_442' title='bbox 344 3945 372 3979; x_wconf 87' lang='lat' dir='ltr'><strong>a</strong></span> <span class='ocrx_word' id='word_1_443' title='bbox 402 3936 691 3997; x_wconf 87' lang='lat' dir='ltr'><strong>conspectu</strong></span> <span class='ocrx_word' id='word_1_444' title='bbox 722 3927 1004 3981; x_wconf 89' lang='lat' dir='ltr'><strong>oculorum</strong></span> <span class='ocrx_word' id='word_1_445' title='bbox 1036 3937 1248 3981; x_wconf 91' lang='lat' dir='ltr'><strong>tuorum</strong></span> <span class='ocrx_word' id='word_1_446' title='bbox 1274 3968 1288 3991; x_wconf 97' lang='lat'><strong>,</strong></span> <span class='ocrx_word' id='word_1_447' title='bbox 1329 3932 1925 3983; x_wconf 68' lang='lat' dir='ltr'><strong>verumtamen&#39;rursus</strong></span> 
     </span>
    </p>
   </div>
   <div class='ocr_carea' id='block_1_58' title="bbox 346 4017 1645 4091">
    <p class='ocr_par' dir='ltr' id='par_1_58' title="bbox 346 4017 1645 4091">
     <span class='ocr_line' id='line_1_58' title="bbox 346 4017 1645 4091; baseline 0.002 -22"><span class='ocrx_word' id='word_1_448' title='bbox 346 4017 825 4087; x_wconf 83' lang='lat' dir='ltr'><strong>videbotemplum</strong></span> <span class='ocrx_word' id='word_1_449' title='bbox 857 4027 1102 4072; x_wconf 90' lang='lat' dir='ltr'><strong>sanctum</strong></span> <span class='ocrx_word' id='word_1_450' title='bbox 1142 4028 1291 4073; x_wconf 90' lang='lat' dir='ltr'><strong>tuum</strong></span> <span class='ocrx_word' id='word_1_451' title='bbox 1323 4018 1472 4089; x_wconf 81' lang='lat' dir='ltr'><strong>(Jan.</strong></span> <span class='ocrx_word' id='word_1_452' title='bbox 1504 4018 1590 4091; x_wconf 88' lang='lat' dir='ltr'><strong>It).</strong></span> <span class='ocrx_word' id='word_1_453' title='bbox 1626 4039 1645 4071; x_wconf 75' lang='grc' dir='ltr'><strong><em>ι</em></strong></span> 
     </span>
    </p>
   </div>
   <div class='ocr_carea' id='block_1_59' title="bbox 318 4102 1353 4165">
    <p class='ocr_par' dir='ltr' id='par_1_59' title="bbox 318 4102 1353 4165">
     <span class='ocr_line' id='line_1_59' title="bbox 318 4102 1353 4165; baseline -0.001 0"><span class='ocrx_word' id='word_1_454' title='bbox 318 4102 321 4105; x_wconf 25' lang='grc' dir='ltr'><strong>λ</strong></span> <span class='ocrx_word' id='word_1_455' title='bbox 908 4110 1135 4165; x_wconf 75' lang='lat' dir='ltr'><strong>CAPUT</strong></span> <span class='ocrx_word' id='word_1_456' title='bbox 1186 4109 1353 4164; x_wconf 79' lang='lat' dir='ltr'><strong>XXV.</strong></span> 
     </span>
    </p>
   </div>
   <div class='ocr_carea' id='block_1_60' title="bbox 618 4196 1664 4268">
    <p class='ocr_par' dir='ltr' id='par_1_60' title="bbox 618 4196 1664 4268">
     <span class='ocr_line' id='line_1_60' title="bbox 618 4196 1664 4268; baseline 0.002 -19"><span class='ocrx_word' id='word_1_457' title='bbox 618 4196 716 4251; x_wconf 85' lang='lat' dir='ltr'><strong>Ubi</strong></span> <span class='ocrx_word' id='word_1_458' title='bbox 746 4200 970 4267; x_wconf 82' lang='lat' dir='ltr'><strong>scriptor</strong></span> <span class='ocrx_word' id='word_1_459' title='bbox 996 4199 1333 4268; x_wconf 81' lang='lat' dir='ltr'><strong>probabiliter</strong></span> <span class='ocrx_word' id='word_1_460' title='bbox 1353 4216 1406 4253; x_wconf 88' lang='lat' dir='ltr'><strong>se</strong></span> <span class='ocrx_word' id='word_1_461' title='bbox 1429 4209 1664 4253; x_wconf 79' lang='lat' dir='ltr'><strong>excusat.</strong></span> 
     </span>
    </p>
   </div>
   <div class='ocr_carea' id='block_1_61' title="bbox 419 4287 1922 4356">
    <p class='ocr_par' dir='ltr' id='par_1_61' title="bbox 419 4287 1922 4356">
     <span class='ocr_line' id='line_1_61' title="bbox 419 4287 1922 4356; baseline 0.001 -14"><span class='ocrx_word' id='word_1_462' title='bbox 419 4287 476 4342; x_wconf 90' lang='lat' dir='ltr'><strong>Si</strong></span> <span class='ocrx_word' id='word_1_463' title='bbox 505 4303 634 4342; x_wconf 90' lang='lat' dir='ltr'><strong>vero</strong></span> <span class='ocrx_word' id='word_1_464' title='bbox 658 4289 709 4341; x_wconf 91' lang='lat' dir='ltr'><strong>in</strong></span> <span class='ocrx_word' id='word_1_465' title='bbox 741 4287 1027 4356; x_wconf 86' lang='lat' dir='ltr'><strong>cujuslibet</strong></span> <span class='ocrx_word' id='word_1_466' title='bbox 1050 4305 1241 4343; x_wconf 90' lang='lat' dir='ltr'><strong>manus</strong></span> <span class='ocrx_word' id='word_1_467' title='bbox 1262 4289 1471 4344; x_wconf 82' lang='lat' dir='ltr'><strong>libellus</strong></span> <span class='ocrx_word' id='word_1_468' title='bbox 1498 4290 1600 4344; x_wconf 90' lang='lat' dir='ltr'><strong>iste</strong></span> <span class='ocrx_word' id='word_1_469' title='bbox 1628 4288 1922 4354; x_wconf 85' lang='lat' dir='ltr'><strong>devenerit,</strong></span> 
     </span>
    </p>
   </div>
   <div class='ocr_carea' id='block_1_62' title="bbox 2001 1837 3578 1908">
    <p class='ocr_par' dir='ltr' id='par_1_62' title="bbox 2001 1837 3578 1908">
     <span class='ocr_line' id='line_1_62' title="bbox 2001 1837 3578 1908; baseline 0.003 -15"><span class='ocrx_word' id='word_1_470' title='bbox 2001 1838 2260 1894; x_wconf 82' lang='lat' dir='ltr'><strong>mentium</strong></span> <span class='ocrx_word' id='word_1_471' title='bbox 2283 1878 2298 1902; x_wconf 97' lang='lat'><strong>,</strong></span> <span class='ocrx_word' id='word_1_472' title='bbox 2335 1851 2528 1892; x_wconf 91' lang='lat' dir='ltr'><strong>curare</strong></span> <span class='ocrx_word' id='word_1_473' title='bbox 2551 1838 2816 1908; x_wconf 88' lang='lat' dir='ltr'><strong>negligam</strong></span> <span class='ocrx_word' id='word_1_474' title='bbox 2838 1837 3078 1893; x_wconf 90' lang='lat' dir='ltr'><strong>sectione</strong></span> <span class='ocrx_word' id='word_1_475' title='bbox 3110 1841 3436 1895; x_wconf 81' lang='lat' dir='ltr'><strong>verborum?</strong></span> <span class='ocrx_word' id='word_1_476' title='bbox 3464 1841 3578 1897; x_wconf 83' lang='lat' dir='ltr'><strong>Non</strong></span> 
     </span>
    </p>
   </div>
   <div class='ocr_carea' id='block_1_63' title="bbox 2001 1930 3580 2002">
    <p class='ocr_par' dir='ltr' id='par_1_63' title="bbox 2001 1930 3580 2002">
     <span class='ocr_line' id='line_1_63' title="bbox 2001 1930 3580 2002; baseline 0 -15"><span class='ocrx_word' id='word_1_477' title='bbox 2001 1947 2086 1987; x_wconf 91' lang='lat' dir='ltr'><strong>me</strong></span> <span class='ocrx_word' id='word_1_478' title='bbox 2123 1933 2196 1985; x_wconf 88' lang='lat' dir='ltr'><strong>ita</strong></span> <span class='ocrx_word' id='word_1_479' title='bbox 2220 1931 2469 2002; x_wconf 87' lang='lat' dir='ltr'><strong>egregius</strong></span> <span class='ocrx_word' id='word_1_480' title='bbox 2493 1930 2816 2000; x_wconf 75' lang='lat' dir='ltr'><strong>prtedicator</strong></span> <span class='ocrx_word' id='word_1_481' title='bbox 2844 1930 3019 1997; x_wconf 89' lang='lat' dir='ltr'><strong>docet,</strong></span> <span class='ocrx_word' id='word_1_482' title='bbox 3047 1932 3137 2000; x_wconf 91' lang='lat' dir='ltr'><strong>qui</strong></span> <span class='ocrx_word' id='word_1_483' title='bbox 3162 1946 3228 1987; x_wconf 88' lang='lat' dir='ltr'><strong>eo</strong></span> <span class='ocrx_word' id='word_1_484' title='bbox 3256 1948 3315 1987; x_wconf 92' lang='lat' dir='ltr'><strong>se</strong></span> <span class='ocrx_word' id='word_1_485' title='bbox 3345 1948 3373 1986; x_wconf 91' lang='lat' dir='ltr'><strong>a</strong></span> <span class='ocrx_word' id='word_1_486' title='bbox 3396 1935 3580 2001; x_wconf 76' lang='lat' dir='ltr'><strong>proxi-</strong></span> 
     </span>
    </p>
   </div>
   <div class='ocr_carea' id='block_1_64' title="bbox 2002 2008 3585 2092">
    <p class='ocr_par' dir='ltr' id='par_1_64' title="bbox 2002 2008 3585 2092">
     <span class='ocr_line' id='line_1_64' title="bbox 2002 2008 3585 2092; baseline 0.001 -14"><span class='ocrx_word' id='word_1_487' title='bbox 2002 2008 2217 2078; x_wconf 90' lang='lat' dir='ltr'><strong>morum</strong></span> <span class='ocrx_word' id='word_1_488' title='bbox 2260 2022 2521 2090; x_wconf 84' lang='lat' dir='ltr'><strong>sanguine</strong></span> <span class='ocrx_word' id='word_1_489' title='bbox 2566 2021 2826 2074; x_wconf 92' lang='lat' dir='ltr'><strong>mundum</strong></span> <span class='ocrx_word' id='word_1_490' title='bbox 2866 2021 3129 2086; x_wconf 87' lang='lat' dir='ltr'><strong>credidit,</strong></span> <span class='ocrx_word' id='word_1_491' title='bbox 3176 2038 3283 2092; x_wconf 89' lang='lat' dir='ltr'><strong>quo</strong></span> <span class='ocrx_word' id='word_1_492' title='bbox 3331 2023 3585 2079; x_wconf 89' lang='lat' dir='ltr'><strong>feriendis</strong></span> 
     </span>
    </p>
   </div>
   <div class='ocr_carea' id='block_1_65' title="bbox 2000 2112 3588 2181">
    <p class='ocr_par' dir='ltr' id='par_1_65' title="bbox 2000 2112 3588 2181">
     <span class='ocr_line' id='line_1_65' title="bbox 2000 2112 3588 2181; baseline 0.001 -14"><span class='ocrx_word' id='word_1_493' title='bbox 2000 2129 2187 2167; x_wconf 89' lang='lat' dir='ltr'><strong>eorum</strong></span> <span class='ocrx_word' id='word_1_494' title='bbox 2218 2112 2365 2166; x_wconf 89' lang='lat' dir='ltr'><strong>vitiis</strong></span> <span class='ocrx_word' id='word_1_495' title='bbox 2411 2128 2518 2164; x_wconf 88' lang='lat' dir='ltr'><strong>non</strong></span> <span class='ocrx_word' id='word_1_496' title='bbox 2566 2112 2836 2181; x_wconf 87' lang='lat' dir='ltr'><strong>pepercit;</strong></span> <span class='ocrx_word' id='word_1_497' title='bbox 2869 2112 3001 2165; x_wconf 90' lang='lat' dir='ltr'><strong>dicit</strong></span> <span class='ocrx_word' id='word_1_498' title='bbox 3025 2112 3169 2166; x_wconf 90' lang='lat' dir='ltr'><strong>enim</strong></span> <span class='ocrx_word' id='word_1_499' title='bbox 3200 2131 3212 2167; x_wconf 91' lang='lat'><strong>:</strong></span> <span class='ocrx_word' id='word_1_500' title='bbox 3252 2131 3269 2164; x_wconf 73' lang='grc' dir='ltr'>ι</span> <span class='ocrx_word' id='word_1_501' title='bbox 3300 2114 3588 2170; x_wconf 87' lang='lat' dir='ltr'><strong>Coutestor</strong></span> 
     </span>
    </p>
   </div>
   <div class='ocr_carea' id='block_1_66' title="bbox 2002 2200 3588 2275">
    <p class='ocr_par' dir='ltr' id='par_1_66' title="bbox 2002 2200 3588 2275">
     <span class='ocr_line' id='line_1_66' title="bbox 2002 2200 3588 2275; baseline 0.002 -19"><span class='ocrx_word' id='word_1_502' title='bbox 2002 2217 2099 2256; x_wconf 91' lang='lat' dir='ltr'><strong>vos</strong></span> <span class='ocrx_word' id='word_1_503' title='bbox 2146 2202 2406 2255; x_wconf 88' lang='lat' dir='ltr'><strong>hodierna</strong></span> <span class='ocrx_word' id='word_1_504' title='bbox 2452 2200 2571 2265; x_wconf 90' lang='lat' dir='ltr'><strong>die,</strong></span> <span class='ocrx_word' id='word_1_505' title='bbox 2622 2200 2748 2267; x_wconf 87' lang='lat' dir='ltr'><strong>quia</strong></span> <span class='ocrx_word' id='word_1_506' title='bbox 2797 2201 3028 2255; x_wconf 91' lang='lat' dir='ltr'><strong>mundus</strong></span> <span class='ocrx_word' id='word_1_507' title='bbox 3073 2216 3190 2255; x_wconf 89' lang='lat' dir='ltr'><strong>sum</strong></span> <span class='ocrx_word' id='word_1_508' title='bbox 3245 2218 3276 2256; x_wconf 89' lang='lat' dir='ltr'><strong>a</strong></span> <span class='ocrx_word' id='word_1_509' title='bbox 3327 2206 3588 2275; x_wconf 87' lang='lat' dir='ltr'><strong>sanguine</strong></span> 
     </span>
    </p>
   </div>
   <div class='ocr_carea' id='block_1_67' title="bbox 2004 2292 3590 2362">
    <p class='ocr_par' dir='ltr' id='par_1_67' title="bbox 2004 2292 3590 2362">
     <span class='ocr_line' id='line_1_67' title="bbox 2004 2292 3590 2362; baseline 0 -14"><span class='ocrx_word' id='word_1_510' title='bbox 2004 2294 2247 2349; x_wconf 90' lang='lat' dir='ltr'><strong>omnium</strong></span> <span class='ocrx_word' id='word_1_511' title='bbox 2274 2310 2286 2345; x_wconf 94' lang='lat'>:</span> <span class='ocrx_word' id='word_1_512' title='bbox 2317 2307 2422 2346; x_wconf 88' lang='lat' dir='ltr'><strong>non</strong></span> <span class='ocrx_word' id='word_1_513' title='bbox 2455 2292 2599 2347; x_wconf 90' lang='lat' dir='ltr'><strong>enim</strong></span> <span class='ocrx_word' id='word_1_514' title='bbox 2629 2292 3081 2362; x_wconf 82' lang='lat' dir='ltr'><strong>subterfugi,.quo</strong></span> <span class='ocrx_word' id='word_1_515' title='bbox 3110 2293 3286 2349; x_wconf 86' lang='lat' dir='ltr'><strong>minus</strong></span> <span class='ocrx_word' id='word_1_516' title='bbox 3306 2296 3590 2348; x_wconf 80' lang='lat' dir='ltr'><strong>annuntia-</strong></span> 
     </span>
    </p>
   </div>
   <div class='ocr_carea' id='block_1_68' title="bbox 2005 2382 3585 2454">
    <p class='ocr_par' dir='ltr' id='par_1_68' title="bbox 2005 2382 3585 2454">
     <span class='ocr_line' id='line_1_68' title="bbox 2005 2382 3585 2454; baseline 0.001 -16"><span class='ocrx_word' id='word_1_517' title='bbox 2005 2400 2121 2439; x_wconf 90' lang='lat' dir='ltr'><strong>rem</strong></span> <span class='ocrx_word' id='word_1_518' title='bbox 2143 2398 2302 2437; x_wconf 91' lang='lat' dir='ltr'><strong>omne</strong></span> <span class='ocrx_word' id='word_1_519' title='bbox 2334 2382 2618 2438; x_wconf 90' lang='lat' dir='ltr'><strong>consilium</strong></span> <span class='ocrx_word' id='word_1_520' title='bbox 2662 2384 2751 2436; x_wconf 87' lang='lat' dir='ltr'><strong>Dei</strong></span> <span class='ocrx_word' id='word_1_521' title='bbox 2800 2382 2950 2436; x_wconf 90' lang='lat' dir='ltr'><strong>vobis</strong></span> <span class='ocrx_word' id='word_1_522' title='bbox 2980 2384 3118 2451; x_wconf 78' lang='lat' dir='ltr'><strong>(Act.</strong></span> <span class='ocrx_word' id='word_1_523' title='bbox 3142 2385 3257 2454; x_wconf 79' lang='lat' dir='ltr'><strong>xx).</strong></span> <span class='ocrx_word' id='word_1_524' title='bbox 3314 2406 3332 2438; x_wconf 74' lang='grc' dir='ltr'><strong><em>ι</em></strong></span> <span class='ocrx_word' id='word_1_525' title='bbox 3369 2386 3483 2440; x_wconf 85' lang='grc' dir='ltr'><strong>Νυη</strong></span> <span class='ocrx_word' id='word_1_526' title='bbox 3514 2388 3585 2440; x_wconf 92' lang='lat' dir='ltr'><strong>ita</strong></span> 
     </span>
    </p>
   </div>
   <div class='ocr_carea' id='block_1_69' title="bbox 2009 2471 3589 2543">
    <p class='ocr_par' dir='ltr' id='par_1_69' title="bbox 2009 2471 3589 2543">
     <span class='ocr_line' id='line_1_69' title="bbox 2009 2471 3589 2543; baseline 0.001 -16"><span class='ocrx_word' id='word_1_527' title='bbox 2009 2489 2096 2527; x_wconf 91' lang='lat' dir='ltr'><strong>me</strong></span> <span class='ocrx_word' id='word_1_528' title='bbox 2125 2471 2361 2527; x_wconf 87' lang='lat' dir='ltr'><strong>Joannes</strong></span> <span class='ocrx_word' id='word_1_529' title='bbox 2385 2472 2662 2537; x_wconf 88' lang='lat' dir='ltr'><strong>instruxit,</strong></span> <span class='ocrx_word' id='word_1_530' title='bbox 2692 2473 2775 2526; x_wconf 92' lang='lat' dir='ltr'><strong>cui</strong></span> <span class='ocrx_word' id='word_1_531' title='bbox 2809 2472 3057 2527; x_wconf 85' lang='lat' dir='ltr'><strong>videlicet</strong></span> <span class='ocrx_word' id='word_1_532' title='bbox 3085 2475 3324 2543; x_wconf 88' lang='lat' dir='ltr'><strong>angelica</strong></span> <span class='ocrx_word' id='word_1_533' title='bbox 3347 2475 3589 2529; x_wconf 63' lang='lat' dir='ltr'><strong>admonio</strong></span> 
     </span>
    </p>
   </div>
   <div class='ocr_carea' id='block_1_70' title="bbox 2011 2561 3585 2634">
    <p class='ocr_par' dir='ltr' id='par_1_70' title="bbox 2011 2561 3585 2634">
     <span class='ocr_line' id='line_1_70' title="bbox 2011 2561 3585 2634; baseline -0.001 -17"><span class='ocrx_word' id='word_1_534' title='bbox 2011 2564 2157 2618; x_wconf 90' lang='lat' dir='ltr'><strong>tione</strong></span> <span class='ocrx_word' id='word_1_535' title='bbox 2184 2564 2495 2634; x_wconf 79' lang='lat' dir='ltr'><strong>praecipitur</strong></span> <span class='ocrx_word' id='word_1_536' title='bbox 2526 2580 2540 2615; x_wconf 90' lang='lat'><strong>:</strong></span> <span class='ocrx_word' id='word_1_537' title='bbox 2573 2581 2591 2612; x_wconf 84' lang='grc'><em>‹</em></span> <span class='ocrx_word' id='word_1_538' title='bbox 2642 2561 2744 2629; x_wconf 85' lang='lat' dir='ltr'><strong>Qui</strong></span> <span class='ocrx_word' id='word_1_539' title='bbox 2792 2561 2965 2626; x_wconf 90' lang='lat' dir='ltr'><strong>audit,</strong></span> <span class='ocrx_word' id='word_1_540' title='bbox 3015 2563 3193 2616; x_wconf 88' lang='lat' dir='ltr'><strong>dicat:</strong></span> <span class='ocrx_word' id='word_1_541' title='bbox 3226 2564 3356 2617; x_wconf 83' lang='lat' dir='ltr'><strong>Veni</strong></span> <span class='ocrx_word' id='word_1_542' title='bbox 3404 2564 3585 2633; x_wconf 77' lang='lat' dir='ltr'><strong>(Apoc.</strong></span> 
     </span>
    </p>
   </div>
   <div class='ocr_carea' id='block_1_71' title="bbox 2011 2652 3589 2723">
    <p class='ocr_par' dir='ltr' id='par_1_71' title="bbox 2011 2652 3589 2723">
     <span class='ocr_line' id='line_1_71' title="bbox 2011 2652 3589 2723; baseline -0.001 -16"><span class='ocrx_word' id='word_1_543' title='bbox 2011 2654 2175 2723; x_wconf 83' lang='lat' dir='ltr'><strong>xxn).</strong></span> <span class='ocrx_word' id='word_1_544' title='bbox 2207 2674 2225 2705; x_wconf 75' lang='grc' dir='ltr'><strong><em>ι</em></strong></span> <span class='ocrx_word' id='word_1_545' title='bbox 2260 2653 2331 2709; x_wconf 96' lang='lat' dir='ltr'><strong>Ut</strong></span> <span class='ocrx_word' id='word_1_546' title='bbox 2385 2653 2640 2707; x_wconf 89' lang='lat' dir='ltr'><strong>nimirum</strong></span> <span class='ocrx_word' id='word_1_547' title='bbox 2691 2652 2773 2706; x_wconf 91' lang='lat' dir='ltr'><strong>cui</strong></span> <span class='ocrx_word' id='word_1_548' title='bbox 2830 2667 2889 2706; x_wconf 92' lang='lat' dir='ltr'><strong>se</strong></span> <span class='ocrx_word' id='word_1_549' title='bbox 2924 2667 3027 2706; x_wconf 86' lang='lat' dir='ltr'><strong>vox</strong></span> <span class='ocrx_word' id='word_1_550' title='bbox 3065 2652 3272 2707; x_wconf 87' lang='lat' dir='ltr'><strong>interna</strong></span> <span class='ocrx_word' id='word_1_551' title='bbox 3322 2654 3589 2717; x_wconf 88' lang='lat' dir='ltr'><strong>insinuat,</strong></span> 
     </span>
    </p>
   </div>
   <div class='ocr_carea' id='block_1_72' title="bbox 2011 2743 3587 2813">
    <p class='ocr_par' dir='ltr' id='par_1_72' title="bbox 2011 2743 3587 2813">
     <span class='ocr_line' id='line_1_72' title="bbox 2011 2743 3587 2813; baseline -0.001 -15"><span class='ocrx_word' id='word_1_552' title='bbox 2011 2744 2136 2798; x_wconf 88' lang='lat' dir='ltr'><strong>illuc</strong></span> <span class='ocrx_word' id='word_1_553' title='bbox 2158 2745 2321 2798; x_wconf 90' lang='lat' dir='ltr'><strong>etiam</strong></span> <span class='ocrx_word' id='word_1_554' title='bbox 2349 2743 2652 2807; x_wconf 90' lang='lat' dir='ltr'><strong>clamando,</strong></span> <span class='ocrx_word' id='word_1_555' title='bbox 2679 2744 2813 2798; x_wconf 91' lang='lat' dir='ltr'><strong>alios</strong></span> <span class='ocrx_word' id='word_1_556' title='bbox 2837 2758 2945 2812; x_wconf 92' lang='lat' dir='ltr'><strong>quo</strong></span> <span class='ocrx_word' id='word_1_557' title='bbox 2976 2744 3087 2812; x_wconf 87' lang='lat' dir='ltr'><strong>ipse</strong></span> <span class='ocrx_word' id='word_1_558' title='bbox 3118 2744 3344 2813; x_wconf 89' lang='lat' dir='ltr'><strong>rapitttr,</strong></span> <span class='ocrx_word' id='word_1_559' title='bbox 3380 2745 3587 2809; x_wconf 75' lang='lat' dir='ltr'><strong>trahat;</strong></span> 
     </span>
    </p>
   </div>
   <div class='ocr_carea' id='block_1_73' title="bbox 2012 2833 3592 2897">
    <p class='ocr_par' dir='ltr' id='par_1_73' title="bbox 2012 2833 3592 2897">
     <span class='ocr_line' id='line_1_73' title="bbox 2012 2833 3592 2897; baseline -0.001 -8"><span class='ocrx_word' id='word_1_560' title='bbox 2012 2849 2081 2889; x_wconf 91' lang='lat' dir='ltr'><strong>ne</strong></span> <span class='ocrx_word' id='word_1_561' title='bbox 2111 2834 2325 2889; x_wconf 89' lang='lat' dir='ltr'><strong>clausas</strong></span> <span class='ocrx_word' id='word_1_562' title='bbox 2368 2834 2511 2888; x_wconf 85' lang='lat' dir='ltr'><strong>fores</strong></span> <span class='ocrx_word' id='word_1_563' title='bbox 2537 2834 2700 2888; x_wconf 90' lang='lat' dir='ltr'><strong>etiam</strong></span> <span class='ocrx_word' id='word_1_564' title='bbox 2732 2845 2976 2897; x_wconf 89' lang='lat' dir='ltr'><strong>vocatus,</strong></span> <span class='ocrx_word' id='word_1_565' title='bbox 3008 2833 3268 2897; x_wconf 89' lang='lat' dir='ltr'><strong>inveniat,</strong></span> <span class='ocrx_word' id='word_1_566' title='bbox 3297 2835 3341 2888; x_wconf 95' lang='lat' dir='ltr'><strong>si</strong></span> <span class='ocrx_word' id='word_1_567' title='bbox 3373 2837 3592 2889; x_wconf 86' lang='lat' dir='ltr'><strong>vocanti</strong></span> 
     </span>
    </p>
   </div>
   <div class='ocr_carea' id='block_1_74' title="bbox 2016 2923 2659 2993">
    <p class='ocr_par' dir='ltr' id='par_1_74' title="bbox 2016 2923 2659 2993">
     <span class='ocr_line' id='line_1_74' title="bbox 2016 2923 2659 2993; baseline -0.003 -17"><span class='ocrx_word' id='word_1_568' title='bbox 2016 2940 2215 2978; x_wconf 89' lang='lat' dir='ltr'><strong>vacuus</strong></span> <span class='ocrx_word' id='word_1_569' title='bbox 2242 2923 2659 2993; x_wconf 84' lang='lat' dir='ltr'><strong>apprOpinquat.</strong></span> 
     </span>
    </p>
   </div>
   <div class='ocr_carea' id='block_1_75' title="bbox 2093 3013 3597 3084">
    <p class='ocr_par' dir='ltr' id='par_1_75' title="bbox 2093 3013 3597 3084">
     <span class='ocr_line' id='line_1_75' title="bbox 2093 3013 3597 3084; baseline -0.001 -15"><span class='ocrx_word' id='word_1_570' title='bbox 2093 3013 2233 3069; x_wconf 88' lang='lat' dir='ltr'><strong>Sane</strong></span> <span class='ocrx_word' id='word_1_571' title='bbox 2259 3015 2302 3068; x_wconf 88' lang='lat' dir='ltr'><strong>si</strong></span> <span class='ocrx_word' id='word_1_572' title='bbox 2335 3030 2421 3069; x_wconf 90' lang='lat' dir='ltr'><strong>me</strong></span> <span class='ocrx_word' id='word_1_573' title='bbox 2454 3022 2630 3067; x_wconf 90' lang='lat' dir='ltr'><strong>ratum</strong></span> <span class='ocrx_word' id='word_1_574' title='bbox 2654 3014 2806 3069; x_wconf 88' lang='lat' dir='ltr'><strong>ducis</strong></span> <span class='ocrx_word' id='word_1_575' title='bbox 2822 3013 3200 3084; x_wconf 91' lang='lat' dir='ltr'><strong>corripientem</strong></span> <span class='ocrx_word' id='word_1_576' title='bbox 3229 3013 3521 3083; x_wconf 87' lang='lat' dir='ltr'><strong>corripere,</strong></span> <span class='ocrx_word' id='word_1_577' title='bbox 3542 3022 3597 3068; x_wconf 91' lang='lat' dir='ltr'><strong>et</strong></span> 
     </span>
    </p>
   </div>
   <div class='ocr_carea' id='block_1_76' title="bbox 2021 3105 3596 3177">
    <p class='ocr_par' dir='ltr' id='par_1_76' title="bbox 2021 3105 3596 3177">
     <span class='ocr_line' id='line_1_76' title="bbox 2021 3105 3596 3177; baseline -0.001 -18"><span class='ocrx_word' id='word_1_578' title='bbox 2021 3114 2078 3159; x_wconf 83' lang='grc' dir='ltr'><strong>ιιι</strong></span> <span class='ocrx_word' id='word_1_579' title='bbox 2122 3107 2192 3159; x_wconf 91' lang='lat' dir='ltr'><strong>ita</strong></span> <span class='ocrx_word' id='word_1_580' title='bbox 2241 3106 2457 3177; x_wconf 75' lang='lat' dir='ltr'><strong>loquar,</strong></span> <span class='ocrx_word' id='word_1_581' title='bbox 2501 3105 2923 3175; x_wconf 62' lang='lat' dir='ltr'><strong>praesumptorize</strong></span> <span class='ocrx_word' id='word_1_582' title='bbox 2968 3105 3267 3175; x_wconf 91' lang='lat' dir='ltr'><strong>argutionis</strong></span> <span class='ocrx_word' id='word_1_583' title='bbox 3329 3120 3596 3173; x_wconf 84' lang='lat' dir='ltr'><strong>arguere,</strong></span> 
     </span>
    </p>
   </div>
   <div class='ocr_carea' id='block_1_77' title="bbox 2019 3196 3598 3265">
    <p class='ocr_par' dir='ltr' id='par_1_77' title="bbox 2019 3196 3598 3265">
     <span class='ocr_line' id='line_1_77' title="bbox 2019 3196 3598 3265; baseline -0.001 -15"><span class='ocrx_word' id='word_1_584' title='bbox 2019 3212 2115 3250; x_wconf 88' lang='lat' dir='ltr'><strong>cur</strong></span> <span class='ocrx_word' id='word_1_585' title='bbox 2147 3211 2252 3250; x_wconf 92' lang='lat' dir='ltr'><strong>non</strong></span> <span class='ocrx_word' id='word_1_586' title='bbox 2296 3196 2686 3265; x_wconf 78' lang='lat' dir='ltr'><strong>Hieronymum</strong></span> <span class='ocrx_word' id='word_1_587' title='bbox 2733 3196 2964 3262; x_wconf 87' lang='lat' dir='ltr'><strong>corripis</strong></span> <span class='ocrx_word' id='word_1_588' title='bbox 3005 3196 3095 3264; x_wconf 92' lang='lat' dir='ltr'><strong>qui</strong></span> <span class='ocrx_word' id='word_1_589' title='bbox 3139 3205 3327 3249; x_wconf 89' lang='lat' dir='ltr'><strong>contra</strong></span> <span class='ocrx_word' id='word_1_590' title='bbox 3357 3197 3598 3249; x_wconf 83' lang='lat' dir='ltr'><strong>diversas</strong></span> 
     </span>
    </p>
   </div>
   <div class='ocr_carea' id='block_1_78' title="bbox 2021 3285 3601 3354">
    <p class='ocr_par' dir='ltr' id='par_1_78' title="bbox 2021 3285 3601 3354">
     <span class='ocr_line' id='line_1_78' title="bbox 2021 3285 3601 3354; baseline 0.001 -16"><span class='ocrx_word' id='word_1_591' title='bbox 2021 3286 2399 3339; x_wconf 62' lang='lat' dir='ltr'><strong>haereticorum</strong></span> <span class='ocrx_word' id='word_1_592' title='bbox 2446 3292 2623 3338; x_wconf 89' lang='lat' dir='ltr'><strong>sectas</strong></span> <span class='ocrx_word' id='word_1_593' title='bbox 2676 3292 2783 3337; x_wconf 90' lang='lat' dir='ltr'><strong>tam</strong></span> <span class='ocrx_word' id='word_1_594' title='bbox 2831 3285 3156 3338; x_wconf 88' lang='lat' dir='ltr'><strong>mordaciter</strong></span> <span class='ocrx_word' id='word_1_595' title='bbox 3185 3285 3455 3354; x_wconf 86' lang='lat' dir='ltr'><strong>disputat?</strong></span> <span class='ocrx_word' id='word_1_596' title='bbox 3491 3286 3601 3340; x_wconf 86' lang='lat' dir='ltr'><strong>Cur</strong></span> 
     </span>
    </p>
   </div>
   <div class='ocr_carea' id='block_1_79' title="bbox 2020 3375 3600 3446">
    <p class='ocr_par' dir='ltr' id='par_1_79' title="bbox 2020 3375 3600 3446">
     <span class='ocr_line' id='line_1_79' title="bbox 2020 3375 3600 3446; baseline -0.001 -14"><span class='ocrx_word' id='word_1_597' title='bbox 2020 3394 2127 3432; x_wconf 86' lang='lat' dir='ltr'><strong>non</strong></span> <span class='ocrx_word' id='word_1_598' title='bbox 2180 3376 2526 3430; x_wconf 84' lang='lat' dir='ltr'><strong>Ambrosium</strong></span> <span class='ocrx_word' id='word_1_599' title='bbox 2571 3375 2777 3431; x_wconf 88' lang='lat' dir='ltr'><strong>laceras</strong></span> <span class='ocrx_word' id='word_1_600' title='bbox 2806 3416 2821 3439; x_wconf 91' lang='lat'><strong>,</strong></span> <span class='ocrx_word' id='word_1_601' title='bbox 2873 3377 2965 3445; x_wconf 90' lang='lat' dir='ltr'><strong>qui</strong></span> <span class='ocrx_word' id='word_1_602' title='bbox 3014 3378 3064 3430; x_wconf 93' lang='lat' dir='ltr'><strong>in</strong></span> <span class='ocrx_word' id='word_1_603' title='bbox 3109 3376 3341 3431; x_wconf 86' lang='lat' dir='ltr'><strong>Arianos</strong></span> <span class='ocrx_word' id='word_1_604' title='bbox 3388 3378 3600 3446; x_wconf 78' lang='lat' dir='ltr'><strong>publice</strong></span> 
     </span>
    </p>
   </div>
   <div class='ocr_carea' id='block_1_80' title="bbox 2020 3469 3602 3538">
    <p class='ocr_par' dir='ltr' id='par_1_80' title="bbox 2020 3469 3602 3538">
     <span class='ocr_line' id='line_1_80' title="bbox 2020 3469 3602 3538; baseline -0.001 -14"><span class='ocrx_word' id='word_1_605' title='bbox 2020 3470 2408 3524; x_wconf 85' lang='lat' dir='ltr'><strong>conciouatur?</strong></span> <span class='ocrx_word' id='word_1_606' title='bbox 2438 3469 2547 3523; x_wconf 91' lang='lat' dir='ltr'><strong>Cur</strong></span> <span class='ocrx_word' id='word_1_607' title='bbox 2594 3484 2700 3523; x_wconf 90' lang='lat' dir='ltr'><strong>non</strong></span> <span class='ocrx_word' id='word_1_608' title='bbox 2730 3478 2785 3523; x_wconf 90' lang='lat' dir='ltr'><strong>et</strong></span> <span class='ocrx_word' id='word_1_609' title='bbox 2810 3469 3191 3538; x_wconf 87' lang='lat' dir='ltr'><strong>Augustinum,</strong></span> <span class='ocrx_word' id='word_1_610' title='bbox 3219 3470 3309 3537; x_wconf 90' lang='lat' dir='ltr'><strong>qui</strong></span> <span class='ocrx_word' id='word_1_611' title='bbox 3341 3471 3393 3524; x_wconf 93' lang='lat' dir='ltr'><strong>in</strong></span> <span class='ocrx_word' id='word_1_612' title='bbox 3431 3469 3602 3523; x_wconf 79' lang='lat' dir='ltr'><strong>Matii-</strong></span> 
     </span>
    </p>
   </div>
   <div class='ocr_carea' id='block_1_81' title="bbox 2022 3558 3604 3629">
    <p class='ocr_par' dir='ltr' id='par_1_81' title="bbox 2022 3558 3604 3629">
     <span class='ocr_line' id='line_1_81' title="bbox 2022 3558 3604 3629; baseline -0.001 -15"><span class='ocrx_word' id='word_1_613' title='bbox 2022 3561 2201 3614; x_wconf 67' lang='lat' dir='ltr'><strong>chmos</strong></span> <span class='ocrx_word' id='word_1_614' title='bbox 2225 3567 2385 3627; x_wconf 90' lang='lat' dir='ltr'><strong>atque</strong></span> <span class='ocrx_word' id='word_1_615' title='bbox 2419 3558 2724 3612; x_wconf 87' lang='lat' dir='ltr'><strong>Donatistas</strong></span> <span class='ocrx_word' id='word_1_616' title='bbox 2760 3566 2866 3611; x_wconf 89' lang='lat' dir='ltr'><strong>tam</strong></span> <span class='ocrx_word' id='word_1_617' title='bbox 2896 3566 3147 3612; x_wconf 87' lang='lat' dir='ltr'><strong>austerus</strong></span> <span class='ocrx_word' id='word_1_618' title='bbox 3174 3558 3412 3629; x_wconf 83' lang='lat' dir='ltr'><strong>litigator</strong></span> <span class='ocrx_word' id='word_1_619' title='bbox 3454 3559 3604 3613; x_wconf 88' lang='lat' dir='ltr'><strong>inve-</strong></span> 
     </span>
    </p>
   </div>
   <div class='ocr_carea' id='block_1_82' title="bbox 2024 3646 3599 3718">
    <p class='ocr_par' dir='ltr' id='par_1_82' title="bbox 2024 3646 3599 3718">
     <span class='ocr_line' id='line_1_82' title="bbox 2024 3646 3599 3718; baseline -0.001 -14"><span class='ocrx_word' id='word_1_620' title='bbox 2024 3649 2204 3704; x_wconf 87' lang='lat' dir='ltr'><strong>hitur?</strong></span> <span class='ocrx_word' id='word_1_621' title='bbox 2252 3649 2396 3703; x_wconf 90' lang='lat' dir='ltr'><strong>Dicis</strong></span> <span class='ocrx_word' id='word_1_622' title='bbox 2429 3648 2560 3702; x_wconf 90' lang='lat' dir='ltr'><strong>mihi</strong></span> <span class='ocrx_word' id='word_1_623' title='bbox 2592 3666 2604 3701; x_wconf 92' lang='lat'><strong>:</strong></span> <span class='ocrx_word' id='word_1_624' title='bbox 2637 3646 2768 3703; x_wconf 89' lang='lat' dir='ltr'><strong>Jure</strong></span> <span class='ocrx_word' id='word_1_625' title='bbox 2797 3648 2894 3716; x_wconf 89' lang='lat' dir='ltr'><strong>illi,</strong></span> <span class='ocrx_word' id='word_1_626' title='bbox 2927 3649 3052 3718; x_wconf 90' lang='lat' dir='ltr'><strong>quia</strong></span> <span class='ocrx_word' id='word_1_627' title='bbox 3077 3660 3262 3704; x_wconf 90' lang='lat' dir='ltr'><strong>contra</strong></span> <span class='ocrx_word' id='word_1_628' title='bbox 3296 3650 3599 3714; x_wconf 87' lang='lat' dir='ltr'><strong>haereticos,</strong></span> 
     </span>
    </p>
   </div>
   <div class='ocr_carea' id='block_1_83' title="bbox 2025 3739 3603 3809">
    <p class='ocr_par' dir='ltr' id='par_1_83' title="bbox 2025 3739 3603 3809">
     <span class='ocr_line' id='line_1_83' title="bbox 2025 3739 3603 3809; baseline 0.003 -17"><span class='ocrx_word' id='word_1_629' title='bbox 2025 3751 2211 3793; x_wconf 90' lang='lat' dir='ltr'><strong>contra</strong></span> <span class='ocrx_word' id='word_1_630' title='bbox 2262 3739 2637 3807; x_wconf 80' lang='lat' dir='ltr'><strong>blasphemos;</strong></span> <span class='ocrx_word' id='word_1_631' title='bbox 2684 3748 2738 3793; x_wconf 93' lang='lat' dir='ltr'><strong>tu</strong></span> <span class='ocrx_word' id='word_1_632' title='bbox 2792 3748 2971 3794; x_wconf 90' lang='lat' dir='ltr'><strong>autem</strong></span> <span class='ocrx_word' id='word_1_633' title='bbox 3017 3754 3123 3793; x_wconf 91' lang='lat' dir='ltr'><strong>nou</strong></span> <span class='ocrx_word' id='word_1_634' title='bbox 3175 3740 3332 3794; x_wconf 92' lang='lat' dir='ltr'><strong>times</strong></span> <span class='ocrx_word' id='word_1_635' title='bbox 3379 3755 3603 3809; x_wconf 85' lang='lat' dir='ltr'><strong>carpere</strong></span> 
     </span>
    </p>
   </div>
   <div class='ocr_carea' id='block_1_84' title="bbox 2026 3831 2387 3886">
    <p class='ocr_par' dir='ltr' id='par_1_84' title="bbox 2026 3831 2387 3886">
     <span class='ocr_line' id='line_1_84' title="bbox 2026 3831 2387 3886; baseline -0.008 0"><span class='ocrx_word' id='word_1_636' title='bbox 2026 3831 2387 3886; x_wconf 88' lang='lat' dir='ltr'><strong>Christianos.</strong></span> 
     </span>
    </p>
   </div>
   <div class='ocr_carea' id='block_1_85' title="bbox 2095 3920 3604 3992">
    <p class='ocr_par' dir='ltr' id='par_1_85' title="bbox 2095 3920 3604 3992">
     <span class='ocr_line' id='line_1_85' title="bbox 2095 3920 3604 3992; baseline 0.001 -17"><span class='ocrx_word' id='word_1_637' title='bbox 2095 3923 2175 3975; x_wconf 83' lang='lat' dir='ltr'><strong>Ad</strong></span> <span class='ocrx_word' id='word_1_638' title='bbox 2204 3921 2346 3991; x_wconf 93' lang='lat' dir='ltr'><strong>quod</strong></span> <span class='ocrx_word' id='word_1_639' title='bbox 2375 3935 2474 3990; x_wconf 91' lang='lat' dir='ltr'><strong>ego</strong></span> <span class='ocrx_word' id='word_1_640' title='bbox 2503 3922 2603 3975; x_wconf 87' lang='lat' dir='ltr'><strong>sub</strong></span> <span class='ocrx_word' id='word_1_641' title='bbox 2644 3920 2908 3977; x_wconf 87' lang='lat' dir='ltr'><strong>brevitate</strong></span> <span class='ocrx_word' id='word_1_642' title='bbox 2946 3923 3273 3992; x_wconf 89' lang='lat' dir='ltr'><strong>respondeo;</strong></span> <span class='ocrx_word' id='word_1_643' title='bbox 3304 3923 3433 3992; x_wconf 91' lang='lat' dir='ltr'><strong>quia</strong></span> <span class='ocrx_word' id='word_1_644' title='bbox 3463 3922 3604 3977; x_wconf 91' lang='lat' dir='ltr'><strong>sicut</strong></span> 
     </span>
    </p>
   </div>
   <div class='ocr_carea' id='block_1_86' title="bbox 2030 4012 3605 4082">
    <p class='ocr_par' dir='ltr' id='par_1_86' title="bbox 2030 4012 3605 4082">
     <span class='ocr_line' id='line_1_86' title="bbox 2030 4012 3605 4082; baseline 0.002 -17"><span class='ocrx_word' id='word_1_645' title='bbox 2030 4012 2101 4066; x_wconf 92' lang='lat' dir='ltr'><strong>illi</strong></span> <span class='ocrx_word' id='word_1_646' title='bbox 2131 4012 2441 4066; x_wconf 85' lang='lat' dir='ltr'><strong>nitebantur</strong></span> <span class='ocrx_word' id='word_1_647' title='bbox 2484 4027 2734 4082; x_wconf 85' lang='lat' dir='ltr'><strong>egressos</strong></span> <span class='ocrx_word' id='word_1_648' title='bbox 2761 4022 2816 4067; x_wconf 89' lang='lat' dir='ltr'><strong>et</strong></span> <span class='ocrx_word' id='word_1_649' title='bbox 2838 4013 2947 4080; x_wconf 91' lang='lat' dir='ltr'><strong>jam</strong></span> <span class='ocrx_word' id='word_1_650' title='bbox 2974 4023 3220 4068; x_wconf 88' lang='lat' dir='ltr'><strong>errantes</strong></span> <span class='ocrx_word' id='word_1_651' title='bbox 3247 4015 3314 4068; x_wconf 89' lang='lat' dir='ltr'><strong>ad</strong></span> <span class='ocrx_word' id='word_1_652' title='bbox 3348 4013 3489 4067; x_wconf 88' lang='lat' dir='ltr'><strong>ovile</strong></span> <span class='ocrx_word' id='word_1_653' title='bbox 3518 4029 3605 4068; x_wconf 80' lang='lat' dir='ltr'><strong>re-</strong></span> 
     </span>
    </p>
   </div>
   <div class='ocr_carea' id='block_1_87' title="bbox 2029 4102 3602 4172">
    <p class='ocr_par' dir='ltr' id='par_1_87' title="bbox 2029 4102 3602 4172">
     <span class='ocr_line' id='line_1_87' title="bbox 2029 4102 3602 4172; baseline -0.003 -13"><span class='ocrx_word' id='word_1_654' title='bbox 2029 4105 2258 4167; x_wconf 91' lang='lat' dir='ltr'><strong>ducere;</strong></span> <span class='ocrx_word' id='word_1_655' title='bbox 2313 4104 2382 4156; x_wconf 91' lang='lat' dir='ltr'><strong>ita</strong></span> <span class='ocrx_word' id='word_1_656' title='bbox 2434 4103 2595 4157; x_wconf 89' lang='lat' dir='ltr'><strong>etiam</strong></span> <span class='ocrx_word' id='word_1_657' title='bbox 2641 4113 2837 4158; x_wconf 67' lang='lat' dir='ltr'><strong>nostra:</strong></span> <span class='ocrx_word' id='word_1_658' title='bbox 2870 4104 3185 4158; x_wconf 88' lang='lat' dir='ltr'><strong>intentionis</strong></span> <span class='ocrx_word' id='word_1_659' title='bbox 3214 4114 3330 4168; x_wconf 88' lang='lat' dir='ltr'><strong>est,</strong></span> <span class='ocrx_word' id='word_1_660' title='bbox 3360 4120 3477 4168; x_wconf 91' lang='lat' dir='ltr'><strong>eos,</strong></span> <span class='ocrx_word' id='word_1_661' title='bbox 3510 4102 3602 4172; x_wconf 91' lang='lat' dir='ltr'><strong>qui</strong></span> 
     </span>
    </p>
   </div>
   <div class='ocr_carea' id='block_1_88' title="bbox 2029 4192 3605 4267">
    <p class='ocr_par' dir='ltr' id='par_1_88' title="bbox 2029 4192 3605 4267">
     <span class='ocr_line' id='line_1_88' title="bbox 2029 4192 3605 4267; baseline 0 -22"><span class='ocrx_word' id='word_1_662' title='bbox 2029 4194 2476 4267; x_wconf 82' lang='lat' dir='ltr'><strong>qualitercunque</strong></span> <span class='ocrx_word' id='word_1_663' title='bbox 2518 4192 2804 4256; x_wconf 91' lang='lat' dir='ltr'><strong>intersunt,</strong></span> <span class='ocrx_word' id='word_1_664' title='bbox 2838 4208 2905 4246; x_wconf 92' lang='lat' dir='ltr'><strong>ne</strong></span> <span class='ocrx_word' id='word_1_665' title='bbox 2942 4201 3158 4257; x_wconf 84' lang='lat' dir='ltr'><strong>exeant,</strong></span> <span class='ocrx_word' id='word_1_666' title='bbox 3185 4194 3490 4263; x_wconf 88' lang='lat' dir='ltr'><strong>prohibere.</strong></span> <span class='ocrx_word' id='word_1_667' title='bbox 3527 4192 3605 4245; x_wconf 90' lang='lat' dir='ltr'><strong>Illi</strong></span> 
     </span>
    </p>
   </div>
   <div class='ocr_carea' id='block_1_89' title="bbox 2030 4284 3606 4347">
    <p class='ocr_par' dir='ltr' id='par_1_89' title="bbox 2030 4284 3606 4347">
     <span class='ocr_line' id='line_1_89' title="bbox 2030 4284 3606 4347; baseline -0.001 -8"><span class='ocrx_word' id='word_1_668' title='bbox 2030 4286 2317 4339; x_wconf 87' lang='lat' dir='ltr'><strong>dicebant:</strong></span> <span class='ocrx_word' id='word_1_669' title='bbox 2371 4304 2388 4336; x_wconf 89' lang='grc'><strong>‹</strong></span> <span class='ocrx_word' id='word_1_670' title='bbox 2438 4285 2515 4338; x_wconf 87' lang='lat' dir='ltr'><strong>Ex</strong></span> <span class='ocrx_word' id='word_1_671' title='bbox 2546 4284 2701 4338; x_wconf 89' lang='lat' dir='ltr'><strong>nobis</strong></span> <span class='ocrx_word' id='word_1_672' title='bbox 2731 4284 3017 4347; x_wconf 84' lang='lat' dir='ltr'><strong>exierunt,</strong></span> <span class='ocrx_word' id='word_1_673' title='bbox 3063 4286 3158 4339; x_wconf 90' lang='lat' dir='ltr'><strong>sed</strong></span> <span class='ocrx_word' id='word_1_674' title='bbox 3192 4301 3295 4339; x_wconf 93' lang='lat' dir='ltr'><strong>non</strong></span> <span class='ocrx_word' id='word_1_675' title='bbox 3343 4294 3501 4339; x_wconf 90' lang='lat' dir='ltr'><strong>erant</strong></span> <span class='ocrx_word' id='word_1_676' title='bbox 3539 4301 3606 4338; x_wconf 82' lang='lat' dir='ltr'><strong>ex</strong></span> 
     </span>
    </p>
   </div>
   <div class='ocr_carea' id='block_1_90' title="bbox 345 4376 3608 4462">
    <p class='ocr_par' dir='ltr' id='par_1_90' title="bbox 345 4376 3608 4462">
     <span class='ocr_line' id='line_1_90' title="bbox 345 4376 3608 4462; baseline -0.002 -27"><span class='ocrx_word' id='word_1_677' title='bbox 345 4382 434 4435; x_wconf 88' lang='lat' dir='ltr'><strong>cui</strong></span> <span class='ocrx_word' id='word_1_678' title='bbox 475 4380 809 4435; x_wconf 88' lang='lat' dir='ltr'><strong>conscientia</strong></span> <span class='ocrx_word' id='word_1_679' title='bbox 844 4381 1064 4434; x_wconf 91' lang='lat' dir='ltr'><strong>minime</strong></span> <span class='ocrx_word' id='word_1_680' title='bbox 1114 4380 1467 4449; x_wconf 75' lang='lat' dir='ltr'><strong>suffragante,</strong></span> <span class='ocrx_word' id='word_1_681' title='bbox 1496 4382 1745 4450; x_wconf 88' lang='lat' dir='ltr'><strong>superius</strong></span> <span class='ocrx_word' id='word_1_682' title='bbox 1784 4396 1929 4435; x_wconf 84' lang='lat' dir='ltr'><strong>com—</strong></span> <span class='ocrx_word' id='word_1_683' title='bbox 1958 4404 2006 4462; x_wconf 70' lang='grc' dir='ltr'><strong>ι)</strong></span> <span class='ocrx_word' id='word_1_684' title='bbox 2033 4377 2208 4440; x_wconf 87' lang='lat' dir='ltr'><strong>nobis,</strong></span> <span class='ocrx_word' id='word_1_685' title='bbox 2250 4392 2373 4429; x_wconf 90' lang='lat' dir='ltr'><strong>nam</strong></span> <span class='ocrx_word' id='word_1_686' title='bbox 2414 4377 2456 4429; x_wconf 90' lang='lat' dir='ltr'><strong>si</strong></span> <span class='ocrx_word' id='word_1_687' title='bbox 2486 4384 2669 4430; x_wconf 89' lang='lat' dir='ltr'><strong>essent</strong></span> <span class='ocrx_word' id='word_1_688' title='bbox 2713 4391 2782 4430; x_wconf 78' lang='lat' dir='ltr'><strong>ex</strong></span> <span class='ocrx_word' id='word_1_689' title='bbox 2832 4376 3006 4440; x_wconf 90' lang='lat' dir='ltr'><strong>nobis,</strong></span> <span class='ocrx_word' id='word_1_690' title='bbox 3052 4377 3375 4431; x_wconf 90' lang='lat' dir='ltr'><strong>mansissent</strong></span> <span class='ocrx_word' id='word_1_691' title='bbox 3426 4377 3608 4444; x_wconf 85' lang='lat' dir='ltr'><strong>utique</strong></span> 
     </span>
    </p>
   </div>
   <div class='ocr_carea' id='block_1_91' title="bbox 350 4469 1928 4540">
    <p class='ocr_par' dir='ltr' id='par_1_91' title="bbox 350 4469 1928 4540">
     <span class='ocr_line' id='line_1_91' title="bbox 350 4469 1928 4540; baseline 0.001 -20"><span class='ocrx_word' id='word_1_692' title='bbox 350 4470 619 4538; x_wconf 83' lang='lat' dir='ltr'><strong>prehensa</strong></span> <span class='ocrx_word' id='word_1_693' title='bbox 651 4469 786 4524; x_wconf 88' lang='lat' dir='ltr'><strong>forte</strong></span> <span class='ocrx_word' id='word_1_694' title='bbox 808 4469 1159 4540; x_wconf 88' lang='lat' dir='ltr'><strong>displiceant,</strong></span> <span class='ocrx_word' id='word_1_695' title='bbox 1183 4484 1373 4537; x_wconf 90' lang='lat' dir='ltr'><strong>meque</strong></span> <span class='ocrx_word' id='word_1_696' title='bbox 1397 4470 1727 4539; x_wconf 90' lang='lat' dir='ltr'><strong>proditorem</strong></span> <span class='ocrx_word' id='word_1_697' title='bbox 1746 4510 1760 4533; x_wconf 96' lang='lat'><strong>,</strong></span> <span class='ocrx_word' id='word_1_698' title='bbox 1784 4469 1928 4525; x_wconf 89' lang='lat' dir='ltr'><strong>dela-</strong></span> 
     </span>
    </p>
   </div>
   <div class='ocr_carea' id='block_1_92' title="bbox 353 4558 1929 4629">
    <p class='ocr_par' dir='ltr' id='par_1_92' title="bbox 353 4558 1929 4629">
     <span class='ocr_line' id='line_1_92' title="bbox 353 4558 1929 4629; baseline 0.001 -18"><span class='ocrx_word' id='word_1_699' title='bbox 353 4568 634 4627; x_wconf 86' lang='lat' dir='ltr'><strong>toremque</strong></span> <span class='ocrx_word' id='word_1_700' title='bbox 658 4558 881 4613; x_wconf 85' lang='lat' dir='ltr'><strong>fraterni</strong></span> <span class='ocrx_word' id='word_1_701' title='bbox 907 4559 1150 4614; x_wconf 89' lang='lat' dir='ltr'><strong>criminis</strong></span> <span class='ocrx_word' id='word_1_702' title='bbox 1179 4569 1405 4629; x_wconf 88' lang='lat' dir='ltr'><strong>arguat,</strong></span> <span class='ocrx_word' id='word_1_703' title='bbox 1432 4560 1643 4613; x_wconf 87' lang='lat' dir='ltr'><strong>noverit</strong></span> <span class='ocrx_word' id='word_1_704' title='bbox 1669 4574 1752 4613; x_wconf 88' lang='lat' dir='ltr'><strong>me</strong></span> <span class='ocrx_word' id='word_1_705' title='bbox 1782 4558 1929 4612; x_wconf 89' lang='lat' dir='ltr'><strong>favo-</strong></span> 
     </span>
    </p>
   </div>
   <div class='ocr_carea' id='block_1_93' title="bbox 354 4650 1922 4719">
    <p class='ocr_par' dir='ltr' id='par_1_93' title="bbox 354 4650 1922 4719">
     <span class='ocr_line' id='line_1_93' title="bbox 354 4650 1922 4719; baseline -0.001 -15"><span class='ocrx_word' id='word_1_706' title='bbox 354 4666 465 4705; x_wconf 92' lang='lat' dir='ltr'><strong>rem</strong></span> <span class='ocrx_word' id='word_1_707' title='bbox 497 4650 692 4704; x_wconf 90' lang='lat' dir='ltr'><strong>interni</strong></span> <span class='ocrx_word' id='word_1_708' title='bbox 717 4650 921 4705; x_wconf 87' lang='lat' dir='ltr'><strong>Judicis</strong></span> <span class='ocrx_word' id='word_1_709' title='bbox 946 4659 1057 4705; x_wconf 91' lang='lat' dir='ltr'><strong>toto</strong></span> <span class='ocrx_word' id='word_1_710' title='bbox 1088 4652 1403 4706; x_wconf 76' lang='lat' dir='ltr'><strong>intentionis</strong></span> <span class='ocrx_word' id='word_1_711' title='bbox 1442 4650 1621 4705; x_wconf 89' lang='lat' dir='ltr'><strong>studio</strong></span> <span class='ocrx_word' id='word_1_712' title='bbox 1645 4665 1922 4719; x_wconf 79' lang='lat' dir='ltr'><strong>quaerere;</strong></span> 
     </span>
    </p>
   </div>
   <div class='ocr_carea' id='block_1_94' title="bbox 353 4741 1924 4812">
    <p class='ocr_par' dir='ltr' id='par_1_94' title="bbox 353 4741 1924 4812">
     <span class='ocr_line' id='line_1_94' title="bbox 353 4741 1924 4812; baseline 0.001 -19"><span class='ocrx_word' id='word_1_713' title='bbox 353 4756 642 4809; x_wconf 90' lang='lat' dir='ltr'><strong>pravorum</strong></span> <span class='ocrx_word' id='word_1_714' title='bbox 672 4755 803 4796; x_wconf 88' lang='lat' dir='ltr'><strong>vero</strong></span> <span class='ocrx_word' id='word_1_715' title='bbox 843 4742 966 4796; x_wconf 88' lang='lat' dir='ltr'><strong>odia</strong></span> <span class='ocrx_word' id='word_1_716' title='bbox 1008 4741 1088 4796; x_wconf 88' lang='lat' dir='ltr'><strong>vel</strong></span> <span class='ocrx_word' id='word_1_717' title='bbox 1132 4743 1342 4812; x_wconf 89' lang='lat' dir='ltr'><strong>linguas</strong></span> <span class='ocrx_word' id='word_1_718' title='bbox 1381 4741 1775 4796; x_wconf 89' lang='lat' dir='ltr'><strong>detrahentium</strong></span> <span class='ocrx_word' id='word_1_719' title='bbox 1820 4756 1924 4794; x_wconf 91' lang='lat' dir='ltr'><strong>non</strong></span> 
     </span>
    </p>
   </div>
   <div class='ocr_carea' id='block_1_95' title="bbox 355 4831 1927 4905">
    <p class='ocr_par' dir='ltr' id='par_1_95' title="bbox 355 4831 1927 4905">
     <span class='ocr_line' id='line_1_95' title="bbox 355 4831 1927 4905; baseline 0.001 -19"><span class='ocrx_word' id='word_1_720' title='bbox 355 4833 566 4887; x_wconf 91' lang='lat' dir='ltr'><strong>timere.</strong></span> <span class='ocrx_word' id='word_1_721' title='bbox 592 4831 730 4887; x_wconf 81' lang='lat' dir='ltr'><strong>Malo</strong></span> <span class='ocrx_word' id='word_1_722' title='bbox 753 4834 949 4904; x_wconf 86' lang='lat' dir='ltr'><strong>quippe</strong></span> <span class='ocrx_word' id='word_1_723' title='bbox 973 4850 1095 4889; x_wconf 92' lang='lat' dir='ltr'><strong>cum</strong></span> <span class='ocrx_word' id='word_1_724' title='bbox 1130 4833 1349 4905; x_wconf 83' lang='lat' dir='ltr'><strong>Josepb,</strong></span> <span class='ocrx_word' id='word_1_725' title='bbox 1381 4833 1470 4902; x_wconf 93' lang='lat' dir='ltr'><strong>qui</strong></span> <span class='ocrx_word' id='word_1_726' title='bbox 1513 4833 1788 4888; x_wconf 88' lang='lat' dir='ltr'><strong>accusavit</strong></span> <span class='ocrx_word' id='word_1_727' title='bbox 1818 4832 1927 4887; x_wconf 87' lang='lat' dir='ltr'><strong>fra-</strong></span> 
     </span>
    </p>
   </div>
   <div class='ocr_carea' id='block_1_96' title="bbox 356 4923 1928 4994">
    <p class='ocr_par' dir='ltr' id='par_1_96' title="bbox 356 4923 1928 4994">
     <span class='ocr_line' id='line_1_96' title="bbox 356 4923 1928 4994; baseline -0.002 -16"><span class='ocrx_word' id='word_1_728' title='bbox 356 4934 465 4978; x_wconf 88' lang='lat' dir='ltr'><strong>tres</strong></span> <span class='ocrx_word' id='word_1_729' title='bbox 488 4924 627 4992; x_wconf 90' lang='lat' dir='ltr'><strong>apud</strong></span> <span class='ocrx_word' id='word_1_730' title='bbox 652 4934 861 4992; x_wconf 90' lang='lat' dir='ltr'><strong>patrem</strong></span> <span class='ocrx_word' id='word_1_731' title='bbox 891 4925 1116 4979; x_wconf 89' lang='lat' dir='ltr'><strong>crimine</strong></span> <span class='ocrx_word' id='word_1_732' title='bbox 1144 4926 1412 4994; x_wconf 83' lang='lat' dir='ltr'><strong>pessimo,</strong></span> <span class='ocrx_word' id='word_1_733' title='bbox 1444 4924 1495 4978; x_wconf 91' lang='lat' dir='ltr'><strong>in</strong></span> <span class='ocrx_word' id='word_1_734' title='bbox 1520 4923 1814 4978; x_wconf 88' lang='lat' dir='ltr'><strong>cisternam</strong></span> <span class='ocrx_word' id='word_1_735' title='bbox 1847 4923 1928 4976; x_wconf 91' lang='lat' dir='ltr'><strong>in-</strong></span> 
     </span>
    </p>
   </div>
   <div class='ocr_carea' id='block_1_97' title="bbox 357 5010 1930 5081">
    <p class='ocr_par' dir='ltr' id='par_1_97' title="bbox 357 5010 1930 5081">
     <span class='ocr_line' id='line_1_97' title="bbox 357 5010 1930 5081; baseline 0.001 -16"><span class='ocrx_word' id='word_1_736' title='bbox 357 5026 557 5065; x_wconf 89' lang='lat' dir='ltr'><strong>nocens</strong></span> <span class='ocrx_word' id='word_1_737' title='bbox 584 5010 770 5079; x_wconf 87' lang='lat' dir='ltr'><strong>projici</strong></span> <span class='ocrx_word' id='word_1_738' title='bbox 817 5010 968 5072; x_wconf 83' lang='lat' dir='ltr'><strong>(Cen.</strong></span> <span class='ocrx_word' id='word_1_739' title='bbox 1021 5014 1258 5081; x_wconf 79' lang='lat' dir='ltr'><strong>xxxvii);</strong></span> <span class='ocrx_word' id='word_1_740' title='bbox 1303 5027 1464 5080; x_wconf 82' lang='lat' dir='ltr'><strong>quam</strong></span> <span class='ocrx_word' id='word_1_741' title='bbox 1507 5028 1626 5065; x_wconf 91' lang='lat' dir='ltr'><strong>cum</strong></span> <span class='ocrx_word' id='word_1_742' title='bbox 1673 5012 1810 5074; x_wconf 81' lang='lat' dir='ltr'><strong>Heli,</strong></span> <span class='ocrx_word' id='word_1_743' title='bbox 1838 5013 1930 5081; x_wconf 90' lang='lat' dir='ltr'><strong>qui</strong></span> 
     </span>
    </p>
   </div>
   <div class='ocr_carea' id='block_1_98' title="bbox 357 5098 1935 5175">
    <p class='ocr_par' dir='ltr' id='par_1_98' title="bbox 357 5098 1935 5175">
     <span class='ocr_line' id='line_1_98' title="bbox 357 5098 1935 5175; baseline -0.003 -11"><span class='ocrx_word' id='word_1_744' title='bbox 357 5111 588 5165; x_wconf 79' lang='lat' dir='ltr'><strong>filiorum</strong></span> <span class='ocrx_word' id='word_1_745' title='bbox 633 5108 773 5162; x_wconf 89' lang='lat' dir='ltr'><strong>mala</strong></span> <span class='ocrx_word' id='word_1_746' title='bbox 802 5098 953 5171; x_wconf 83' lang='lat' dir='ltr'><strong>vidit,</strong></span> <span class='ocrx_word' id='word_1_747' title='bbox 985 5117 1039 5162; x_wconf 90' lang='lat' dir='ltr'><strong>et</strong></span> <span class='ocrx_word' id='word_1_748' title='bbox 1071 5110 1257 5175; x_wconf 90' lang='lat' dir='ltr'><strong>tacuit,</strong></span> <span class='ocrx_word' id='word_1_749' title='bbox 1282 5109 1445 5163; x_wconf 88' lang='lat' dir='ltr'><strong>divint</strong></span> <span class='ocrx_word' id='word_1_750' title='bbox 1489 5108 1686 5163; x_wconf 89' lang='lat' dir='ltr'><strong>furoris</strong></span> <span class='ocrx_word' id='word_1_751' title='bbox 1734 5108 1935 5161; x_wconf 91' lang='lat' dir='ltr'><strong>ultione</strong></span> 
     </span>
    </p>
   </div>
   <div class='ocr_carea' id='block_1_99' title="bbox 359 5196 1932 5268">
    <p class='ocr_par' dir='ltr' id='par_1_99' title="bbox 359 5196 1932 5268">
     <span class='ocr_line' id='line_1_99' title="bbox 359 5196 1932 5268; baseline -0.003 -16"><span class='ocrx_word' id='word_1_752' title='bbox 359 5200 602 5254; x_wconf 89' lang='lat' dir='ltr'><strong>mulctari</strong></span> <span class='ocrx_word' id='word_1_753' title='bbox 628 5198 678 5267; x_wconf 90' lang='grc'><strong>(1</strong></span> <span class='ocrx_word' id='word_1_754' title='bbox 691 5197 814 5268; x_wconf 83' lang='lat' dir='ltr'><strong>Reg.</strong></span> <span class='ocrx_word' id='word_1_755' title='bbox 833 5199 995 5265; x_wconf 88' lang='lat' dir='ltr'>II,Iv).</span> <span class='ocrx_word' id='word_1_756' title='bbox 1021 5196 1153 5263; x_wconf 90' lang='lat' dir='ltr'><strong>Cum</strong></span> <span class='ocrx_word' id='word_1_757' title='bbox 1181 5199 1324 5252; x_wconf 90' lang='lat' dir='ltr'><strong>enim</strong></span> <span class='ocrx_word' id='word_1_758' title='bbox 1349 5213 1444 5266; x_wconf 92' lang='lat' dir='ltr'><strong>per</strong></span> <span class='ocrx_word' id='word_1_759' title='bbox 1466 5212 1526 5251; x_wconf 92' lang='lat' dir='ltr'><strong>os</strong></span> <span class='ocrx_word' id='word_1_760' title='bbox 1552 5197 1827 5265; x_wconf 61' lang='lat' dir='ltr'><strong>prophetae</strong></span> <span class='ocrx_word' id='word_1_761' title='bbox 1850 5196 1932 5248; x_wconf 91' lang='lat' dir='ltr'><strong>di-</strong></span> 
     </span>
    </p>
   </div>
   <div class='ocr_carea' id='block_1_100' title="bbox 360 5276 1989 5353">
    <p class='ocr_par' dir='ltr' id='par_1_100' title="bbox 360 5276 1989 5353">
     <span class='ocr_line' id='line_1_100' title="bbox 360 5276 1989 5353; baseline -0.001 -12"><span class='ocrx_word' id='word_1_762' title='bbox 360 5292 487 5345; x_wconf 87' lang='lat' dir='ltr'><strong>vina</strong></span> <span class='ocrx_word' id='word_1_763' title='bbox 517 5308 619 5346; x_wconf 83' lang='lat' dir='ltr'><strong>vox</strong></span> <span class='ocrx_word' id='word_1_764' title='bbox 647 5289 961 5346; x_wconf 88' lang='lat' dir='ltr'><strong>terribiliter</strong></span> <span class='ocrx_word' id='word_1_765' title='bbox 984 5290 1360 5353; x_wconf 85' lang='lat' dir='ltr'><strong>committetur,</strong></span> <span class='ocrx_word' id='word_1_766' title='bbox 1394 5288 1577 5342; x_wconf 87' lang='lat' dir='ltr'><strong>dicens</strong></span> <span class='ocrx_word' id='word_1_767' title='bbox 1604 5304 1616 5341; x_wconf 92' lang='lat'>:</span> <span class='ocrx_word' id='word_1_768' title='bbox 1650 5306 1666 5338; x_wconf 76' lang='grc' dir='ltr'>ι</span> <span class='ocrx_word' id='word_1_769' title='bbox 1705 5286 1758 5341; x_wconf 91' lang='lat' dir='ltr'><strong>Si</strong></span> <span class='ocrx_word' id='word_1_770' title='bbox 1790 5286 1938 5339; x_wconf 85' lang='lat' dir='ltr'><strong>vide-</strong></span> <span class='ocrx_word' id='word_1_771' title='bbox 1982 5276 1989 5283; x_wconf 77' lang='grc'><em>’</em></span> 
     </span>
    </p>
   </div>
   <div class='ocr_carea' id='block_1_101' title="bbox 364 5377 1932 5449">
    <p class='ocr_par' dir='ltr' id='par_1_101' title="bbox 364 5377 1932 5449">
     <span class='ocr_line' id='line_1_101' title="bbox 364 5377 1932 5449; baseline -0.003 -15"><span class='ocrx_word' id='word_1_772' title='bbox 364 5383 438 5437; x_wconf 91' lang='lat' dir='ltr'><strong>ris</strong></span> <span class='ocrx_word' id='word_1_773' title='bbox 480 5382 702 5437; x_wconf 88' lang='lat' dir='ltr'><strong>fratrem</strong></span> <span class='ocrx_word' id='word_1_774' title='bbox 747 5391 894 5437; x_wconf 88' lang='lat' dir='ltr'><strong>tuttm</strong></span> <span class='ocrx_word' id='word_1_775' title='bbox 945 5381 1129 5449; x_wconf 90' lang='lat' dir='ltr'><strong>inique</strong></span> <span class='ocrx_word' id='word_1_776' title='bbox 1178 5388 1456 5448; x_wconf 89' lang='lat' dir='ltr'><strong>agentem,</strong></span> <span class='ocrx_word' id='word_1_777' title='bbox 1498 5386 1552 5432; x_wconf 90' lang='lat' dir='ltr'><strong>et</strong></span> <span class='ocrx_word' id='word_1_778' title='bbox 1608 5392 1711 5432; x_wconf 89' lang='lat' dir='ltr'><strong>non</strong></span> <span class='ocrx_word' id='word_1_779' title='bbox 1763 5377 1932 5431; x_wconf 88' lang='lat' dir='ltr'><strong>corri-</strong></span> 
     </span>
    </p>
   </div>
   <div class='ocr_carea' id='block_1_102' title="bbox 363 5468 1928 5543">
    <p class='ocr_par' dir='ltr' id='par_1_102' title="bbox 363 5468 1928 5543">
     <span class='ocr_line' id='line_1_102' title="bbox 363 5468 1928 5543; baseline -0.004 -18"><span class='ocrx_word' id='word_1_780' title='bbox 363 5473 546 5542; x_wconf 78' lang='lat' dir='ltr'><strong>pueris</strong></span> <span class='ocrx_word' id='word_1_781' title='bbox 586 5489 732 5538; x_wconf 90' lang='lat' dir='ltr'><strong>eum,</strong></span> <span class='ocrx_word' id='word_1_782' title='bbox 762 5473 1074 5543; x_wconf 89' lang='lat' dir='ltr'><strong>sanguinem</strong></span> <span class='ocrx_word' id='word_1_783' title='bbox 1106 5470 1221 5540; x_wconf 91' lang='lat' dir='ltr'><strong>ejus</strong></span> <span class='ocrx_word' id='word_1_784' title='bbox 1258 5469 1325 5524; x_wconf 90' lang='lat' dir='ltr'><strong>de</strong></span> <span class='ocrx_word' id='word_1_785' title='bbox 1351 5484 1510 5520; x_wconf 89' lang='lat' dir='ltr'><strong>manu</strong></span> <span class='ocrx_word' id='word_1_786' title='bbox 1546 5476 1631 5521; x_wconf 91' lang='lat' dir='ltr'><strong>tua</strong></span> <span class='ocrx_word' id='word_1_787' title='bbox 1658 5468 1928 5536; x_wconf 89' lang='lat' dir='ltr'><strong>requiram</strong></span> 
     </span>
    </p>
   </div>
   <div class='ocr_carea' id='block_1_103' title="bbox 367 5557 1932 5632">
    <p class='ocr_par' dir='ltr' id='par_1_103' title="bbox 367 5557 1932 5632">
     <span class='ocr_line' id='line_1_103' title="bbox 367 5557 1932 5632; baseline -0.003 -17"><span class='ocrx_word' id='word_1_788' title='bbox 367 5562 583 5627; x_wconf 72' lang='lat' dir='ltr'><strong>(Ezech.</strong></span> <span class='ocrx_word' id='word_1_789' title='bbox 635 5565 760 5631; x_wconf 88' lang='lat' dir='ltr'>III);</span> <span class='ocrx_word' id='word_1_790' title='bbox 800 5583 818 5615; x_wconf 72' lang='grc' dir='ltr'><strong><em>ι</em></strong></span> <span class='ocrx_word' id='word_1_791' title='bbox 858 5565 978 5631; x_wconf 87' lang='lat' dir='ltr'><strong>quis</strong></span> <span class='ocrx_word' id='word_1_792' title='bbox 1022 5578 1121 5632; x_wconf 89' lang='lat' dir='ltr'><strong>ego</strong></span> <span class='ocrx_word' id='word_1_793' title='bbox 1152 5576 1290 5626; x_wconf 90' lang='lat' dir='ltr'><strong>sum,</strong></span> <span class='ocrx_word' id='word_1_794' title='bbox 1322 5559 1410 5629; x_wconf 88' lang='lat' dir='ltr'><strong>qui</strong></span> <span class='ocrx_word' id='word_1_795' title='bbox 1446 5559 1498 5612; x_wconf 92' lang='lat' dir='ltr'><strong>in</strong></span> <span class='ocrx_word' id='word_1_796' title='bbox 1558 5573 1713 5612; x_wconf 88' lang='lat' dir='ltr'><strong>sacro</strong></span> <span class='ocrx_word' id='word_1_797' title='bbox 1744 5557 1932 5611; x_wconf 89' lang='lat' dir='ltr'><strong>ordine</strong></span> 
     </span>
    </p>
   </div>
   <div class='ocr_carea' id='block_1_104' title="bbox 367 5651 1933 5724">
    <p class='ocr_par' dir='ltr' id='par_1_104' title="bbox 367 5651 1933 5724">
     <span class='ocr_line' id='line_1_104' title="bbox 367 5651 1933 5724; baseline -0.003 -16"><span class='ocrx_word' id='word_1_798' title='bbox 367 5654 578 5709; x_wconf 88' lang='lat' dir='ltr'><strong>videam</strong></span> <span class='ocrx_word' id='word_1_799' title='bbox 610 5662 719 5709; x_wconf 92' lang='lat' dir='ltr'><strong>tam</strong></span> <span class='ocrx_word' id='word_1_800' title='bbox 749 5656 1006 5724; x_wconf 89' lang='lat' dir='ltr'><strong>pestilens</strong></span> <span class='ocrx_word' id='word_1_801' title='bbox 1057 5654 1264 5711; x_wconf 86' lang='lat' dir='ltr'><strong>facinus</strong></span> <span class='ocrx_word' id='word_1_802' title='bbox 1312 5652 1644 5717; x_wconf 83' lang='lat' dir='ltr'><strong>inolescere,</strong></span> <span class='ocrx_word' id='word_1_803' title='bbox 1693 5660 1744 5704; x_wconf 82' lang='lat' dir='ltr'><strong>cl</strong></span> <span class='ocrx_word' id='word_1_804' title='bbox 1789 5651 1933 5705; x_wconf 87' lang='lat' dir='ltr'><strong>velut</strong></span> 
     </span>
    </p>
   </div>
   <div class='ocr_carea' id='block_1_105' title="bbox 2035 4466 3608 4537">
    <p class='ocr_par' dir='ltr' id='par_1_105' title="bbox 2035 4466 3608 4537">
     <span class='ocr_line' id='line_1_105' title="bbox 2035 4466 3608 4537; baseline 0 -16"><span class='ocrx_word' id='word_1_805' title='bbox 2035 4468 2313 4521; x_wconf 85' lang='lat' dir='ltr'><strong>nobiscum</strong></span> <span class='ocrx_word' id='word_1_806' title='bbox 2371 4466 2421 4536; x_wconf 91' lang='lat' dir='ltr'><strong>(I</strong></span> <span class='ocrx_word' id='word_1_807' title='bbox 2451 4467 2611 4520; x_wconf 84' lang='lat' dir='ltr'><strong>Joan.</strong></span> <span class='ocrx_word' id='word_1_808' title='bbox 2660 4466 2740 4537; x_wconf 89' lang='lat' dir='ltr'>II).</span> <span class='ocrx_word' id='word_1_809' title='bbox 2782 4487 2799 4518; x_wconf 75' lang='grc' dir='ltr'><strong>ι</strong></span> <span class='ocrx_word' id='word_1_810' title='bbox 2852 4468 2913 4521; x_wconf 91' lang='lat' dir='ltr'><strong>Et</strong></span> <span class='ocrx_word' id='word_1_811' title='bbox 2948 4484 3045 4523; x_wconf 92' lang='lat' dir='ltr'><strong>nos</strong></span> <span class='ocrx_word' id='word_1_812' title='bbox 3090 4469 3318 4524; x_wconf 89' lang='lat' dir='ltr'><strong>dicimus</strong></span> <span class='ocrx_word' id='word_1_813' title='bbox 3360 4486 3373 4521; x_wconf 83' lang='lat'><strong>;</strong></span> <span class='ocrx_word' id='word_1_814' title='bbox 3418 4467 3608 4521; x_wconf 84' lang='lat' dir='ltr'><strong>Nobis-</strong></span> 
     </span>
    </p>
   </div>
   <div class='ocr_carea' id='block_1_106' title="bbox 2034 4557 3611 4633">
    <p class='ocr_par' dir='ltr' id='par_1_106' title="bbox 2034 4557 3611 4633">
     <span class='ocr_line' id='line_1_106' title="bbox 2034 4557 3611 4633; baseline -0.001 -21"><span class='ocrx_word' id='word_1_815' title='bbox 2034 4574 2155 4612; x_wconf 92' lang='lat' dir='ltr'><strong>cum</strong></span> <span class='ocrx_word' id='word_1_816' title='bbox 2180 4557 2394 4626; x_wconf 90' lang='lat' dir='ltr'><strong>quidem</strong></span> <span class='ocrx_word' id='word_1_817' title='bbox 2427 4564 2576 4620; x_wconf 89' lang='lat' dir='ltr'><strong>sunt,</strong></span> <span class='ocrx_word' id='word_1_818' title='bbox 2604 4557 2699 4613; x_wconf 89' lang='lat' dir='ltr'><strong>sed</strong></span> <span class='ocrx_word' id='word_1_819' title='bbox 2727 4557 2885 4612; x_wconf 89' lang='lat' dir='ltr'><strong>male.</strong></span> <span class='ocrx_word' id='word_1_820' title='bbox 2911 4557 3235 4614; x_wconf 90' lang='lat' dir='ltr'><strong>Studeamus</strong></span> <span class='ocrx_word' id='word_1_821' title='bbox 3260 4574 3389 4629; x_wconf 89' lang='lat' dir='ltr'><strong>ergo</strong></span> <span class='ocrx_word' id='word_1_822' title='bbox 3417 4560 3460 4613; x_wconf 79' lang='lat' dir='ltr'><strong>si</strong></span> <span class='ocrx_word' id='word_1_823' title='bbox 3494 4574 3611 4633; x_wconf 79' lang='lat' dir='ltr'><strong>pos-</strong></span> 
     </span>
    </p>
   </div>
   <div class='ocr_carea' id='block_1_107' title="bbox 2033 4647 3607 4716">
    <p class='ocr_par' dir='ltr' id='par_1_107' title="bbox 2033 4647 3607 4716">
     <span class='ocr_line' id='line_1_107' title="bbox 2033 4647 3607 4716; baseline -0.001 -15"><span class='ocrx_word' id='word_1_824' title='bbox 2033 4648 2190 4702; x_wconf 89' lang='lat' dir='ltr'><strong>sibile</strong></span> <span class='ocrx_word' id='word_1_825' title='bbox 2237 4656 2351 4711; x_wconf 89' lang='lat' dir='ltr'><strong>est,</strong></span> <span class='ocrx_word' id='word_1_826' title='bbox 2382 4656 2442 4701; x_wconf 89' lang='lat' dir='ltr'><strong>ut</strong></span> <span class='ocrx_word' id='word_1_827' title='bbox 2484 4647 2737 4716; x_wconf 87' lang='lat' dir='ltr'><strong>deinceps</strong></span> <span class='ocrx_word' id='word_1_828' title='bbox 2785 4647 2921 4702; x_wconf 87' lang='lat' dir='ltr'><strong>bene</strong></span> <span class='ocrx_word' id='word_1_829' title='bbox 2966 4648 3077 4703; x_wconf 90' lang='lat' dir='ltr'><strong>sint</strong></span> <span class='ocrx_word' id='word_1_830' title='bbox 3123 4648 3421 4702; x_wconf 82' lang='lat' dir='ltr'><strong>nobiscum.</strong></span> <span class='ocrx_word' id='word_1_831' title='bbox 3479 4647 3607 4701; x_wconf 91' lang='lat' dir='ltr'><strong>Illud</strong></span> 
     </span>
    </p>
   </div>
   <div class='ocr_carea' id='block_1_108' title="bbox 2032 4737 3606 4808">
    <p class='ocr_par' dir='ltr' id='par_1_108' title="bbox 2032 4737 3606 4808">
     <span class='ocr_line' id='line_1_108' title="bbox 2032 4737 3606 4808; baseline -0.001 -16"><span class='ocrx_word' id='word_1_832' title='bbox 2032 4738 2196 4792; x_wconf 91' lang='lat' dir='ltr'><strong>etiam</strong></span> <span class='ocrx_word' id='word_1_833' title='bbox 2220 4738 2489 4801; x_wconf 86' lang='lat' dir='ltr'><strong>addimus,</strong></span> <span class='ocrx_word' id='word_1_834' title='bbox 2518 4737 2641 4807; x_wconf 88' lang='lat' dir='ltr'><strong>quia</strong></span> <span class='ocrx_word' id='word_1_835' title='bbox 2672 4738 2717 4791; x_wconf 92' lang='lat' dir='ltr'><strong>si</strong></span> <span class='ocrx_word' id='word_1_836' title='bbox 2753 4738 2987 4806; x_wconf 91' lang='lat' dir='ltr'><strong>pessima</strong></span> <span class='ocrx_word' id='word_1_837' title='bbox 3012 4747 3090 4793; x_wconf 90' lang='lat' dir='ltr'><strong>est</strong></span> <span class='ocrx_word' id='word_1_838' title='bbox 3118 4739 3477 4808; x_wconf 88' lang='lat' dir='ltr'><strong>blasphemia,</strong></span> <span class='ocrx_word' id='word_1_839' title='bbox 3511 4755 3606 4791; x_wconf 88' lang='lat' dir='ltr'><strong>ne-</strong></span> 
     </span>
    </p>
   </div>
   <div class='ocr_carea' id='block_1_109' title="bbox 2032 4827 3609 4897">
    <p class='ocr_par' dir='ltr' id='par_1_109' title="bbox 2032 4827 3609 4897">
     <span class='ocr_line' id='line_1_109' title="bbox 2032 4827 3609 4897; baseline 0.002 -16"><span class='ocrx_word' id='word_1_840' title='bbox 2032 4828 2164 4892; x_wconf 89' lang='lat' dir='ltr'><strong>scio,</strong></span> <span class='ocrx_word' id='word_1_841' title='bbox 2191 4828 2241 4880; x_wconf 90' lang='lat' dir='ltr'><strong>in</strong></span> <span class='ocrx_word' id='word_1_842' title='bbox 2268 4842 2374 4896; x_wconf 92' lang='lat' dir='ltr'><strong>quo</strong></span> <span class='ocrx_word' id='word_1_843' title='bbox 2397 4828 2468 4881; x_wconf 89' lang='lat' dir='ltr'><strong>sit</strong></span> <span class='ocrx_word' id='word_1_844' title='bbox 2492 4827 2683 4881; x_wconf 90' lang='lat' dir='ltr'><strong>melior</strong></span> <span class='ocrx_word' id='word_1_845' title='bbox 2705 4829 2967 4897; x_wconf 76' lang='lat' dir='ltr'><strong>sodomia,</strong></span> <span class='ocrx_word' id='word_1_846' title='bbox 2999 4828 3089 4882; x_wconf 91' lang='lat' dir='ltr'><strong>llla</strong></span> <span class='ocrx_word' id='word_1_847' title='bbox 3114 4830 3256 4883; x_wconf 89' lang='lat' dir='ltr'><strong>enim</strong></span> <span class='ocrx_word' id='word_1_848' title='bbox 3283 4829 3413 4883; x_wconf 87' lang='lat' dir='ltr'><strong>facit</strong></span> <span class='ocrx_word' id='word_1_849' title='bbox 3436 4831 3609 4884; x_wconf 84' lang='lat' dir='ltr'><strong>homi-</strong></span> 
     </span>
    </p>
   </div>
   <div class='ocr_carea' id='block_1_110' title="bbox 2034 4918 3605 4988">
    <p class='ocr_par' dir='ltr' id='par_1_110' title="bbox 2034 4918 3605 4988">
     <span class='ocr_line' id='line_1_110' title="bbox 2034 4918 3605 4988; baseline 0 -15"><span class='ocrx_word' id='word_1_850' title='bbox 2034 4935 2154 4973; x_wconf 85' lang='lat' dir='ltr'><strong>nem</strong></span> <span class='ocrx_word' id='word_1_851' title='bbox 2184 4934 2397 4983; x_wconf 88' lang='lat' dir='ltr'><strong>errare;</strong></span> <span class='ocrx_word' id='word_1_852' title='bbox 2435 4919 2536 4973; x_wconf 90' lang='lat' dir='ltr'><strong>ista</strong></span> <span class='ocrx_word' id='word_1_853' title='bbox 2565 4920 2761 4988; x_wconf 90' lang='lat' dir='ltr'><strong>perire.</strong></span> <span class='ocrx_word' id='word_1_854' title='bbox 2794 4918 2885 4973; x_wconf 90' lang='lat' dir='ltr'><strong>llla</strong></span> <span class='ocrx_word' id='word_1_855' title='bbox 2915 4935 2944 4973; x_wconf 90' lang='lat' dir='ltr'><strong>a</strong></span> <span class='ocrx_word' id='word_1_856' title='bbox 2972 4920 3078 4974; x_wconf 87' lang='lat' dir='ltr'><strong>Deo</strong></span> <span class='ocrx_word' id='word_1_857' title='bbox 3103 4923 3339 4974; x_wconf 85' lang='lat' dir='ltr'><strong>animam</strong></span> <span class='ocrx_word' id='word_1_858' title='bbox 3383 4922 3605 4981; x_wconf 83' lang='lat' dir='ltr'><strong>dividit;</strong></span> 
     </span>
    </p>
   </div>
   <div class='ocr_carea' id='block_1_111' title="bbox 2034 5009 3608 5080">
    <p class='ocr_par' dir='ltr' id='par_1_111' title="bbox 2034 5009 3608 5080">
     <span class='ocr_line' id='line_1_111' title="bbox 2034 5009 3608 5080; baseline 0.001 -17"><span class='ocrx_word' id='word_1_859' title='bbox 2034 5010 2249 5065; x_wconf 86' lang='lat' dir='ltr'><strong>diabolo</strong></span> <span class='ocrx_word' id='word_1_860' title='bbox 2276 5011 2375 5064; x_wconf 90' lang='lat' dir='ltr'><strong>ista</strong></span> <span class='ocrx_word' id='word_1_861' title='bbox 2398 5009 2695 5078; x_wconf 80' lang='lat' dir='ltr'><strong>conjungit.</strong></span> <span class='ocrx_word' id='word_1_862' title='bbox 2728 5010 2819 5064; x_wconf 85' lang='lat' dir='ltr'><strong>Illa</strong></span> <span class='ocrx_word' id='word_1_863' title='bbox 2847 5011 2911 5065; x_wconf 91' lang='lat' dir='ltr'><strong>de</strong></span> <span class='ocrx_word' id='word_1_864' title='bbox 2939 5012 3189 5080; x_wconf 88' lang='lat' dir='ltr'><strong>paradiso</strong></span> <span class='ocrx_word' id='word_1_865' title='bbox 3221 5010 3394 5079; x_wconf 81' lang='lat' dir='ltr'><strong>cjicit;</strong></span> <span class='ocrx_word' id='word_1_866' title='bbox 3424 5013 3525 5065; x_wconf 89' lang='lat' dir='ltr'><strong>ista</strong></span> <span class='ocrx_word' id='word_1_867' title='bbox 3554 5012 3608 5065; x_wconf 91' lang='lat' dir='ltr'><strong>in</strong></span> 
     </span>
    </p>
   </div>
   <div class='ocr_carea' id='block_1_112' title="bbox 2039 5100 3610 5170">
    <p class='ocr_par' dir='ltr' id='par_1_112' title="bbox 2039 5100 3610 5170">
     <span class='ocr_line' id='line_1_112' title="bbox 2039 5100 3610 5170; baseline 0.001 -16"><span class='ocrx_word' id='word_1_868' title='bbox 2039 5110 2300 5155; x_wconf 88' lang='lat' dir='ltr'><strong>tartarum</strong></span> <span class='ocrx_word' id='word_1_869' title='bbox 2334 5101 2547 5170; x_wconf 86' lang='lat' dir='ltr'><strong>mergit.</strong></span> <span class='ocrx_word' id='word_1_870' title='bbox 2580 5100 2672 5154; x_wconf 90' lang='lat' dir='ltr'><strong>llla</strong></span> <span class='ocrx_word' id='word_1_871' title='bbox 2699 5101 2894 5155; x_wconf 92' lang='lat' dir='ltr'><strong>mentis</strong></span> <span class='ocrx_word' id='word_1_872' title='bbox 2922 5103 3105 5156; x_wconf 86' lang='lat' dir='ltr'><strong>oculos</strong></span> <span class='ocrx_word' id='word_1_873' title='bbox 3134 5112 3331 5167; x_wconf 69' lang='lat' dir='ltr'><strong>etecat;</strong></span> <span class='ocrx_word' id='word_1_874' title='bbox 3363 5103 3412 5155; x_wconf 92' lang='lat' dir='ltr'><strong>in</strong></span> <span class='ocrx_word' id='word_1_875' title='bbox 3441 5102 3610 5155; x_wconf 82' lang='lat' dir='ltr'><strong>ruinae</strong></span> 
     </span>
    </p>
   </div>
   <div class='ocr_carea' id='block_1_113' title="bbox 2036 5191 3609 5263">
    <p class='ocr_par' dir='ltr' id='par_1_113' title="bbox 2036 5191 3609 5263">
     <span class='ocr_line' id='line_1_113' title="bbox 2036 5191 3609 5263; baseline 0.001 -18"><span class='ocrx_word' id='word_1_876' title='bbox 2036 5194 2349 5262; x_wconf 88' lang='lat' dir='ltr'><strong>voraginem</strong></span> <span class='ocrx_word' id='word_1_877' title='bbox 2384 5191 2485 5245; x_wconf 89' lang='lat' dir='ltr'><strong>ista</strong></span> <span class='ocrx_word' id='word_1_878' title='bbox 2514 5192 2831 5260; x_wconf 63' lang='lat' dir='ltr'><strong>prmcipitat.</strong></span> <span class='ocrx_word' id='word_1_879' title='bbox 2872 5192 2938 5246; x_wconf 87' lang='lat' dir='ltr'><strong>Et</strong></span> <span class='ocrx_word' id='word_1_880' title='bbox 2976 5193 3017 5246; x_wconf 91' lang='lat' dir='ltr'><strong>si</strong></span> <span class='ocrx_word' id='word_1_881' title='bbox 3055 5193 3324 5247; x_wconf 67' lang='lat' dir='ltr'><strong>subtiliter</strong></span> <span class='ocrx_word' id='word_1_882' title='bbox 3354 5193 3609 5263; x_wconf 84' lang='lat' dir='ltr'><strong>indagare</strong></span> 
     </span>
    </p>
   </div>
   <div class='ocr_carea' id='block_1_114' title="bbox 2036 5282 3607 5354">
    <p class='ocr_par' dir='ltr' id='par_1_114' title="bbox 2036 5282 3607 5354">
     <span class='ocr_line' id='line_1_114' title="bbox 2036 5282 3607 5354; baseline -0.002 -16"><span class='ocrx_word' id='word_1_883' title='bbox 2036 5284 2357 5354; x_wconf 88' lang='lat' dir='ltr'><strong>satagimus,</strong></span> <span class='ocrx_word' id='word_1_884' title='bbox 2385 5282 2524 5351; x_wconf 90' lang='lat' dir='ltr'><strong>quod</strong></span> <span class='ocrx_word' id='word_1_885' title='bbox 2550 5284 2829 5352; x_wconf 85' lang='lat' dir='ltr'><strong>utriusque</strong></span> <span class='ocrx_word' id='word_1_886' title='bbox 2860 5284 3104 5339; x_wconf 87' lang='lat' dir='ltr'><strong>criminis</strong></span> <span class='ocrx_word' id='word_1_887' title='bbox 3129 5286 3180 5338; x_wconf 89' lang='lat' dir='ltr'><strong>in</strong></span> <span class='ocrx_word' id='word_1_888' title='bbox 3217 5294 3415 5338; x_wconf 83' lang='lat' dir='ltr'><strong>statera</strong></span> <span class='ocrx_word' id='word_1_889' title='bbox 3443 5285 3607 5338; x_wconf 88' lang='lat' dir='ltr'><strong>divini</strong></span> 
     </span>
    </p>
   </div>
   <div class='ocr_carea' id='block_1_115' title="bbox 2038 5373 3609 5444">
    <p class='ocr_par' dir='ltr' id='par_1_115' title="bbox 2038 5373 3609 5444">
     <span class='ocr_line' id='line_1_115' title="bbox 2038 5373 3609 5444; baseline 0 -16"><span class='ocrx_word' id='word_1_890' title='bbox 2038 5374 2304 5428; x_wconf 79' lang='lat' dir='ltr'><strong>examinis</strong></span> <span class='ocrx_word' id='word_1_891' title='bbox 2330 5374 2545 5442; x_wconf 84' lang='lat' dir='ltr'><strong>gravius</strong></span> <span class='ocrx_word' id='word_1_892' title='bbox 2585 5384 2792 5442; x_wconf 89' lang='lat' dir='ltr'><strong>penset,</strong></span> <span class='ocrx_word' id='word_1_893' title='bbox 2840 5374 3093 5444; x_wconf 77' lang='lat' dir='ltr'><strong>inquisita</strong></span> <span class='ocrx_word' id='word_1_894' title='bbox 3140 5390 3291 5429; x_wconf 88' lang='lat' dir='ltr'><strong>sacra</strong></span> <span class='ocrx_word' id='word_1_895' title='bbox 3331 5373 3609 5443; x_wconf 88' lang='lat' dir='ltr'><strong>Scriptura</strong></span> 
     </span>
    </p>
   </div>
   <div class='ocr_carea' id='block_1_116' title="bbox 2038 5464 3606 5535">
    <p class='ocr_par' dir='ltr' id='par_1_116' title="bbox 2038 5464 3606 5535">
     <span class='ocr_line' id='line_1_116' title="bbox 2038 5464 3606 5535; baseline -0.003 -17"><span class='ocrx_word' id='word_1_896' title='bbox 2038 5466 2252 5534; x_wconf 84' lang='lat' dir='ltr'><strong>plenius</strong></span> <span class='ocrx_word' id='word_1_897' title='bbox 2278 5465 2453 5519; x_wconf 88' lang='lat' dir='ltr'><strong>docet.</strong></span> <span class='ocrx_word' id='word_1_898' title='bbox 2498 5464 2598 5520; x_wconf 90' lang='lat' dir='ltr'><strong>Ubi</strong></span> <span class='ocrx_word' id='word_1_899' title='bbox 2642 5465 2906 5534; x_wconf 88' lang='lat' dir='ltr'><strong>siquidem</strong></span> <span class='ocrx_word' id='word_1_900' title='bbox 2940 5465 3034 5518; x_wconf 86' lang='lat' dir='ltr'><strong>ﬁlii</strong></span> <span class='ocrx_word' id='word_1_901' title='bbox 3083 5465 3265 5527; x_wconf 85' lang='lat' dir='ltr'><strong>lsrael,</strong></span> <span class='ocrx_word' id='word_1_902' title='bbox 3318 5464 3410 5535; x_wconf 90' lang='lat' dir='ltr'><strong>qui</strong></span> <span class='ocrx_word' id='word_1_903' title='bbox 3443 5464 3606 5516; x_wconf 87' lang='lat' dir='ltr'><strong>Deum</strong></span> 
     </span>
    </p>
   </div>
   <div class='ocr_carea' id='block_1_117' title="bbox 2040 5554 3613 5626">
    <p class='ocr_par' dir='ltr' id='par_1_117' title="bbox 2040 5554 3613 5626">
     <span class='ocr_line' id='line_1_117' title="bbox 2040 5554 3613 5626; baseline -0.004 -15"><span class='ocrx_word' id='word_1_904' title='bbox 2040 5558 2491 5626; x_wconf 85' lang='lat' dir='ltr'><strong>blasphemantes,</strong></span> <span class='ocrx_word' id='word_1_905' title='bbox 2521 5557 2659 5611; x_wconf 92' lang='lat' dir='ltr'><strong>idola</strong></span> <span class='ocrx_word' id='word_1_906' title='bbox 2685 5557 2987 5620; x_wconf 84' lang='lat' dir='ltr'><strong>coluerunt,</strong></span> <span class='ocrx_word' id='word_1_907' title='bbox 3032 5557 3084 5610; x_wconf 93' lang='lat' dir='ltr'><strong>in</strong></span> <span class='ocrx_word' id='word_1_908' title='bbox 3126 5557 3490 5624; x_wconf 79' lang='lat' dir='ltr'><strong>Captivitatem</strong></span> <span class='ocrx_word' id='word_1_909' title='bbox 3514 5554 3613 5607; x_wconf 62' lang='lat' dir='ltr'><strong>du~</strong></span> 
     </span>
    </p>
   </div>
   <div class='ocr_carea' id='block_1_118' title="bbox 2040 5643 3594 5713">
    <p class='ocr_par' dir='ltr' id='par_1_118' title="bbox 2040 5643 3594 5713">
     <span class='ocr_line' id='line_1_118' title="bbox 2040 5643 3594 5713; baseline -0.005 -12"><span class='ocrx_word' id='word_1_910' title='bbox 2040 5648 2145 5709; x_wconf 84' lang='lat' dir='ltr'><strong>eti;</strong></span> <span class='ocrx_word' id='word_1_911' title='bbox 2178 5646 2472 5702; x_wconf 76' lang='lat' dir='ltr'><strong>Sodomita:</strong></span> <span class='ocrx_word' id='word_1_912' title='bbox 2496 5654 2673 5700; x_wconf 89' lang='lat' dir='ltr'><strong>autem</strong></span> <span class='ocrx_word' id='word_1_913' title='bbox 2705 5646 2937 5701; x_wconf 76' lang='lat' dir='ltr'><strong>cmlcstis</strong></span> <span class='ocrx_word' id='word_1_914' title='bbox 2964 5646 3120 5708; x_wconf 77' lang='lat' dir='ltr'><strong>ignis.</strong></span> <span class='ocrx_word' id='word_1_915' title='bbox 3147 5653 3197 5698; x_wconf 89' lang='lat' dir='ltr'><strong>et</strong></span> <span class='ocrx_word' id='word_1_916' title='bbox 3231 5643 3499 5713; x_wconf 88' lang='lat' dir='ltr'><strong>sulphuris</strong></span> <span class='ocrx_word' id='word_1_917' title='bbox 3527 5659 3594 5695; x_wconf 65' lang='lat' dir='ltr'><strong>re»</strong></span> 
     </span>
    </p>
   </div>
  </div>
