3996 6184
330 320 436 376 189

1281 326 1524 386 OPIISC.
1570 331 1675 387 V'll.
1697 365 1763 372 —
1791 333 1989 388 LIBER
2028 334 2600 398 GOMORBHIANUS.

3496 351 3600 405 190

319 436 610 504 periuntur
640 434 888 490 inccndio
917 436 1171 506 devorati"
1204 436 1353 508 (Gen.
1411 445 1549 510 χιχ).
1593 443 1772 514 Neque
1803 462 1902 516 ego
1931 454 1976 511 Α
2007 447 2107 502 tire
2136 466 2238 504 non
2285 453 2649 518 erubesceret,
2679 457 2942 525 sopiatur.
2961 459 3074 514 Non
3099 461 3240 515 enim
3265 463 3421 517 facile
3450 474 3598 533 patet

323 537 545 580 sanctos
581 527 834 581 doctores
878 529 1079 585 idcirco
1119 535 1407 601 proposui,
1457 545 1515 588 ut
1553 537 1906 608 fumigantem

325 626 528 669 torrem
548 617 752 672 clarius
773 635 1098 686 praesumant
1125 625 1372 680 conferre
1393 628 1659 685 sideribus
1677 671 1691 694 ,
1713 631 1908 700 quippe

321 705 414 770 qui
454 705 539 757 vix
571 706 786 776 indigno
820 723 915 762 ore
949 719 1054 764 tam
1088 714 1572 772 excellentissimos
1603 720 1750 773 viros
1790 723 1906 775 sine

318 794 619 852 offensione
649 813 1035 866 commemoro,
1062 805 1153 857 sed
1177 805 1277 858 hoc
1309 802 1451 869 dico,
1481 809 1605 877 quia
1638 813 1778 879 quod
1804 813 1902 881 ipsi

320 888 451 940 vitia
477 889 821 958 terrigendo,
846 892 1296 951 etconfundeudo
1322 897 1584 958 fecerunt.
1611 903 1713 956 hoc
1743 905 1903 958 etiam

309 976 581 1045 iuniores,
604 989 664 1034 ut
684 980 927 1041 facerent
947 987 1241 1042 docuerunt
1263 1007 1275 1042 :
1300 1000 1355 1044 et
1379 992 1424 1045 si
1447 1007 1633 1048 eorum
1662 1003 1904 1063 tempore

315 1083 440 1121 cum
477 1078 625 1124 tanta
670 1072 1014 1142 impudentia:
1062 1077 1309 1134 libertate
1360 1084 1472 1138 haec
1510 1089 1675 1154 pestis
1717 1089 1905 1144 fuisset

315 1161 530 1224 oborta,
566 1163 724 1232 177
756 1159 863 1218 non
895 1167 1054 1222 dubie
1078 1171 1369 1237 credimus,
1392 1177 1548 1243 quod'
1564 1178 1767 1246 prolixa
1800 1182 1900 1235 ho-

314 1249 408 1301 die
436 1251 750 1305 viderentur
779 1264 969 1310 contra
999 1273 1120 1312 eam
1169 1261 1436 1318 volumina
1479 1267 1726 1323 codicum
1773 1287 1902 1326 exa-

317 1351 457 1392 rata.

385 1450 555 1508 Nemo
600 1469 682 1508 me
721 1471 851 1526 ergo
883 1456 1156 1525 dijudicet,
1211 1463 1336 1518 dum
1372 1466 1628 1523 adversus
1675 1472 1902 1528 mortale

312 1543 502 1595 vitium
532 1544 780 1612 disputo:
807 1547 896 1601 ubi
928 1564 1034 1602 non
1059 1554 1429 1620 opprobrium,
1456 1559 1548 1612 sed
1583 1570 1895 1628 provectum

308 1641 488 1699 potzus
519 1631 772 1690 fraternae
793 1637 986 1693 salutis
1009 1638 1245 1710 inquiro,
1270 1658 1338 1698 ne
1364 1645 1490 1700 dum
1511 1650 1894 1719 corripientem

309 1726 676 1792 persequitur,
734 1728 1065 1798 delinqueuti
1117 1732 1303 1790 favere
1357 1737 1621 1793 videatur.
1679 1740 1784 1796 Sed
1837 1753 1894 1797 ut

305 1814 476 1882 Moysi
506 1816 683 1871 verbis
710 1827 916 1872 utar:‘¢
954 1821 1009 1875 Si
1053 1825 1176 1891 quis
1234 1835 1318 1880 est
1362 1826 1591 1891 Domini,
1635 1829 1896 1903 jungatur

313 1919 525 1958 meeum
565 1905 768 1971 (Exod.
807 1913 998 1981 χχχιι).
1037 1932 1054 1964 ι
1096 1915 1354 1972 Videlicet
1377 1929 1433 1973 ut
1460 1921 1548 1989 qui
1579 1937 1637 1976 se
1659 1922 1751 1982 Dei
1799 1926 1897 1978 tui-

305 1996 453 2050 litem
501 2003 860 2067 recognoscit,
890 2004 955 2057 ad
983 2007 1420 2065 confundendum
1453 2013 1556 2068 hoc
1598 2016 1790 2070 vitium
1838 2033 1897 2074 se

309 2085 585 2142 ferventer
612 2093 873 2162 accingat,
908 2096 1007 2150 boc
1033 2100 1160 2153 totis
1192 2101 1397 2157 viribus
1431 2120 1739 2174 expugnare
1788 2126 1892 2164 non

303 2178 546 2233 desinat:
575 2189 632 2234 et
687 2183 990 2255 ubicunque
1017 2188 1180 2244 fuerit
1219 2204 1511 2262 repertum,
1562 2201 1894 2258 acutissimis

305 2268 598 2323 verbm-um
625 2272 846 2340 spiculis
877 2277 1187 2348 confodere,
1210 2291 1266 2337 et
1289 2285 1557 2350 trucidare
1581 2294 1891 2357 contendat;

302 2371 573 2425 quatenus
606 2361 731 2415 dum
760 2367 1064 2433 captivator
1092 2372 1256 2427 densa
1288 2391 1583 2432 cuneorum
1631 2383 1747 2436 acie
1787 2385 1896 2437 cir-

302 2450 694 2516 cumfunditur,
726 2460 970 2526 captivus
996 2463 1062 2517 ab
1086 2464 1188 2530 bis,
1218 2468 1414 2536 quibus
1439 2474 1725 2538 servierat,
1777 2477 1895 2529 vin-

299 2538 440 2593 culis
467 2542 808 2610 absolvatur;
837 2557 890 2600 et
921 2551 1044 2604 dum
1064 2555 1323 2610 adversus
1349 2567 1637 2627 tyrannum
1653 2578 1890 2620 consona

300 2644 405 2682 vox
431 2634 674 2687 omnium
706 2640 1035 2694 unanimiter
1057 2642 1274 2708 clamat,
1323 2650 1369 2704 is
1407 2651 1498 2718 qui
1549 2654 1888 2720 trahebatur,

300 2721 480 2787 prreda
513 2723 629 2778 ﬁeri
663 2727 889 2784 furentis
911 2737 1133 2789 monstri
1156 2741 1402 2806 protinus
1427 2745 1739 2800 erubeScat:
1773 2749 1891 2818 qui-

297 2827 408 2877 que
435 2813 502 2866 ad
528 2827 754 2871 mortem
786 2838 843 2876 se
874 2825 982 2892 rapi
1015 2826 1369 2895 plurimorum
1407 2837 1719 2892 testimonio
1767 2856 1888 2908 per-

297 2901 521 2958 hibente
546 2923 650 2960 non
676 2910 906 2977 dubitat,
939 2917 989 2969 in
1017 2922 1364 2990 semetipsum
1391 2942 1663 2995 reversus,
1702 2931 1767 2984 ad
1810 2933 1884 2986 vi-

299 3003 408 3045 tam
435 2998 614 3052 redire
645 3006 968 3070 quantocius
999 3024 1103 3064 non
1143 3014 1429 3081 pigrescat.

870 3156 1097 3214 CAPUT
1139 3163 1326 3218 XXVI.

481 3279 582 3336 Ubi
604 3287 676 3338 ad
701 3288 966 3346 dominum
996 3312 1184 3368 papam
1205 3316 1374 3356 sermo
1401 3305 1702 3372 reﬂectitur.

365 3403 523 3509 {\I‘unc
549 3425 726 3471 autem
749 3421 816 3475 ad
849 3431 923 3488 te,
947 3440 1081 3494 papa
1105 3427 1432 3497 beatissime,
1467 3435 1516 3487 in
1543 3436 1708 3504 ipsius
1731 3438 1876 3509 Opu-

291 3498 430 3553 sculi
459 3504 612 3560 calce
639 3513 990 3577 recurrimus,
1016 3518 1083 3569 ad
1134 3528 1186 3572 te
1221 3521 1348 3590 styli
1398 3523 1554 3592 hujus
1590 3498 1876 3584 articulum

293 3603 633 3659 τυνοι-ειιιιιιε,
664 3609 720 3652 ιιι
738 3602 823 3654 cui
850 3603 1157 3674 incipientis
1172 3611 1326 3679 origo
1338 3612 1605 3684 dirigitur,
1635 3618 1686 3671 in
1703 3620 1874 3687 ipsum

291 3690 489 3735 merito
516 3690 718 3753 peracti
758 3694 940 3760 operis
966 3697 1203 3753 clausula
1238 3705 1574 3760 terntinetur.
1631 3710 1872 3764 Petimus

292 3769 476 3835 igitur,
504 3782 558 3826 et
588 3775 860 3834 humiliter
885 3783 1257 3853 imploramus,
1286 3801 1342 3844 ut
1366 3793 1651 3850 clementia
1676 3809 1872 3863 vestra,

290 3858 540 3915 silicere
582 3863 663 3919 fas
690 3877 793 3932 est,
844 3874 1122 3929 sacrarum
1171 3892 1437 3934 canonum
1489 3884 1722 3950 decreta,
1754 3902 1874 3956 qua:

292 3956 471 4003 tamen
494 3954 647 4007 vobis
679 3959 958 4016 notissima
989 3977 1135 4031 sunt,
1167 3968 1398 4025 solerter
1438 3972 1718 4042 inspiciat;
1759 3954 1869 4046 spi-

288 4043 510 4098 r.tuales
534 4055 586 4099 et
616 4051 907 4116 prudentes
930 4057 1075 4113 viros
1095 4062 1162 4116 ad
1203 4065 1507 4120 consultum
1559 4069 1719 4138 bujus
1772 4087 1870 4125 ne-

286 4135 538 4189 cessariae
574 4138 933 4212 indagationis
967 4150 1231 4219 asciscat;
1281 4156 1543 4228 nobisqttc
1583 4175 1744 4230 super
1787 4162 1872 4217 bis

283 4237 361 4285 ea;
383 4225 532 4281 itulis
558 4229 632 4283 ita
665 4239 1008 4304 respondeat,
1040 4251 1098 4295 ut
1124 4259 1284 4301 omne
1326 4249 1392 4303 de
1419 4225 1607 4305 nostro
1647 4263 1870 4322 pectore

283 4315 575 4374 dubietatis
604 4329 917 4395 scrupulum
943 4333 1109 4388 tollat.
1137 4335 1320 4406 Neque
1337 4340 1438 4395 hoc
1459 4315 1868 4403 dicere-idcirco

282 4410 679 4476 praesumimus,
707 4426 765 4470 ut
790 4419 856 4473 ad
880 4420 1007 4486 hoc,
1036 4424 1144 4480 Deo
1168 4437 1410 4495 auctore,
1432 4432 1678 4490 sufficere
1696 4437 1864 4491 solam

281 4497 670 4562 profunditatis
693 4517 912 4564 .vestra:
939 4513 1189 4579 peritiam
1240 4518 1576 4590 ignoremus;
1616 4525 1708 4580 sed
1737 4528 1861 4582 dum

279 4599 451 4640 sacrm
473 4595 818 4652 auctoritatis
848 4603 1211 4661 testimonium
1238 4610 1544 4677 adhibetur,
1574 4615 1699 4669 dum
1738 4617 1860 4686 plu-

281 4677 542 4733 rimorum
574 4697 841 4742 consensu
873 4700 926 4745 et
945 4692 1151 4761 judicio
1180 4714 1269 4754 res
1315 4702 1539 4770 geritur,
1572 4720 1858 4775 perverso-

279 4775 400 4819 rum
425 4767 705 4830 hominum
737 4781 975 4850 querela,
1007 4800 1126 4855 quae
1152 4788 1401 4847 fortassis
1423 4810 1454 4849 e
1481 4796 1696 4853 diverso
1740 4815 1859 4853 mu-

2008 543 2242 610 querela:
2284 547 2425 612 quod
2457 547 2746 606 multorum
2783 549 2986 620 judicio
3036 553 3400 608 constituitur.
3443 554 3596 624 Saepe

2008 643 2186 686 autem
2209 637 2498 701 sententia,
2530 651 2649 706 qua:
2678 640 2744 693 ab
2767 655 2874 694 uno
2907 643 3245 697 considerata
3270 642 3411 711 juris
3432 645 3597 714 atqui-

2009 732 2116 777 tate
2144 726 2498 793 depromitur,
2535 731 2602 782 ab
2624 730 2744 783 aliis
2766 731 3129 801 prccjudicium
3171 735 3476 805 deputatur.
3647 735 3652 740 ’

2081 814 2241 884 1'73
2255 813 2496 881 Quatuor
2518 819 2680 888 igitur
2704 822 2860 892 hujus
2880 824 2994 877 vitii
3012 825 3433 894 diversitatibus,
3456 842 3593 896 quas

2006 905 2254 972 superius
2277 909 2736 972 enuttteravimus,
2771 911 3059 980 diligenter
3085 914 3364 985 inspectis,
3397 916 3589 987 digne-

2006 1001 2091 1046 tur
2122 1009 2207 1047 me
2233 995 2505 1052 beatitudo
2558 1009 2733 1053 vestra
2761 1000 3016 1057 decretali
3047 1005 3243 1074 pagina
3293 1006 3591 1063 clementer

2004 1086 2293 1151 instruere,
2319 1089 2400 1142 cui
2426 1103 2610 1142 earum
2628 1091 2893 1148 obnoxius
2908 1095 3098 1150 debeat
3119 1098 3187 1150 ab
3221 1097 3590 1154 ecclesiastico

2001 1178 2192 1234 ordine
2217 1180 2680 1238 irretractabilitcr
2709 1185 2906 1255 adjici;
2947 1189 3035 1242 cui
3077 1205 3208 1244 vero
3234 1191 3455 1259 praelato
3506 1191 3608 1252 di-.‘

2002 1272 2287 1326 scretionis
2318 1274 2538 1340 intuitu,
2583 1277 2750 1345 possit
2775 1279 2875 1333 boc
2902 1279 3135 1334 officium
3166 1276 3607 1339 misericorditer

2002 1358 2304 1431 indulgeri;
2336 1377 2442 1431 quo
2462 1365 2895 1433 supradictorum
2923 1370 3103 1435 modo,
3131 1378 3184 1423 et
3211 1385 3331 1424 cum
3369 1372 3588 1440 quantis

2003 1448 2150 1517 lapso
2177 1450 2336 1506 liceat
2363 1454 2561 1523 cuique
2593 1455 2646 1509 in
2683 1457 3054 1514 ecclesiastica
3105 1461 3372 1531 dignitate
3417 1465 3607 1532 persia

2001 1544 2437 1612 stcre;qualiter
2463 1555 2669 1615 autem,
2713 1557 2768 1603 et
2811 1565 2933 1604 cum
2979 1553 3214 1621 quantis,
3271 1554 3317 1608 si
3349 1553 3586 1611 fmdatus

1999 1629 2182 1699 fuerit,
2212 1637 2612 1705 compellendus
2634 1648 2716 1694 est
2740 1640 2792 1693 in
2819 1641 2963 1695 dicta
2991 1644 3313 1698 necessitate
3344 1659 3580 1701 cessare.

2002 1719 2071 1775 Ut
2097 1737 2163 1778 ex
2187 1739 2270 1789 eo,
2301 1727 2440 1794 quod
2466 1727 2556 1780 uni
2580 1728 2860 1799 dirigitur;
2893 1730 3044 1785 multi
3066 1732 3252 1786 eadem
3278 1732 3584 1791 laborantes

2003 1810 2325 1879 ignorantia,
2355 1814 2669 1879 doceantur,
2697 1827 2964 1886 quatenus
2991 1821 3359 1890 ambiguitatis
3384 1833 3583 1879 nostrae

2000 1901 2305 1972 caliginem,
2338 1907 2676 1961 auctoritatis
2703 1918 2896 1963 vestra:
2919 1909 3136 1964 lucerna
3168 1911 3470 1978 dimoveat;
3498 1923 3580 1966 at-

1998 2007 2122 2060 que,
2149 2003 2206 2047 ut
2239 1995 2312 2049 ita
2358 1995 2568 2065 loquar,
2601 1999 2910 2067 apostolica:
2955 2002 3098 2057 sedis
3129 2001 3333 2058 ferrum
3355 2019 3423 2060 ex
3451 2018 3582 2076 agro

1999 2086 2241 2140 nutantis
2270 2087 2613 2144 conscientia:
2637 2091 2802 2144 totius
2829 2092 3034 2147 erroris
3062 2093 3323 2149 radicitus
3355 2109 3580 2164 germen

1996 2173 2209 2228 evellat.

2062 2262 2276 2316 Aunuat
2298 2265 2633 2335 omnipotens
2659 2269 2822 2334 Deus,
2843 2270 3290 2326 reverendissime
3316 2271 3497 2338 Pater,
3522 2282 3582 2327 ut

1995 2359 2238 2420 tempore
2265 2356 2598 2423 apostolatus
2625 2363 2807 2423 vestri,
2839 2371 2892 2415 et
2935 2360 3090 2428 hujus
3134 2363 3246 2416 vitii
3277 2373 3579 2418 monstrum

1993 2456 2216 2510 prorsus
2245 2444 2494 2510 intereat,
2520 2457 2574 2500 et
2593 2449 2826 2517 jacentis
2852 2450 3106 2506 Ecclesia:
3139 2463 3315 2508 status
3343 2454 3577 2524 undique

1991 2532 2056 2585 ad
2078 2534 2159 2587 sui
2185 2535 2384 2604 vigoris
2399 2537 2523 2608 jura
2553 2549 2816 2610 resurgat.

2625 2720 2933 2776 SCllOLlA.

2061 2803 2209 2872 Legis
2234 2816 2548 2876 prtcceptum
2574 2819 2671 2874 est,
2701 2821 2755 2862 ut
2782 2827 2899 2863 cum
2937 2812 3054 2881 quis
3100 2812 3242 2882 lepra
3295 2815 3571 2884 perfundi-

1986 2905 2091 2958 tur,
2115 2899 2468 2953 sacerdotibus
2490 2902 2824 2954 ostendatur:
2847 2914 2968 2956 tunc
2991 2916 3162 2958 autem
3190 2922 3292 2960 non
3322 2908 3567 2961 sacerdo—

1985 2985 2144 3049 tibus,
2167 2989 2256 3041 sed
2287 2988 2490 3058 leproso
2537 2993 2712 3059 potius
2743 2994 3056 3058 ostenditur,
3109 3011 3228 3048 tum
3270 2996 3571 3052 immundus

1984 3077 2254 3134 immundo
2275 3092 2542 3149 peractam
2572 3101 2894 3138 communem
2941 3090 3219 3156 nequitiam
3271 3088 3566 3156 conﬁtetur.

1985 3166 2061 3221 De
2087 3168 2335 3238 his,quzc
2384 3172 2486 3226 hoc
2525 3173 2577 3226 in
2609 3173 2878 3242 Opusculo
2931 3178 3120 3231 scribit
3149 3177 3209 3230 Β.
3253 3178 3565 3246 Datnianus,

1982 3261 2100 3330 ejus
2123 3277 2274 3318 mens
2302 3265 2480 3334 potius
2501 3267 2789 3335 spectanda
2819 3283 2979 3336 quam
2995 3270 3177 3324 verba.
3211 3269 3396 3338 Neque
3419 3271 3566 3326 enim

1961 3353 2072 3408 ille
2101 3354 2369 3426 significat
2398 3357 2793 3412 confessionem
2825 3359 2966 3427 ejus,
2993 3359 3083 3428 qui
3121 3360 3389 3414 sacerdoti
3421 3375 3567 3414 com-

1980 3449 2103 3518 plici
2151 3450 2460 3516 confitetur,
2502 3450 2572 3506 ob
2611 3453 2896 3521 petestatis
2937 3453 3227 3521 defectum,
3273 3454 3563 3512 invalidam

1978 3543 2119 3604 esse,
2147 3541 2190 3593 si
2217 3540 2304 3594 ille
2326 3542 2534 3610 justum
2561 3543 2774 3596 titulum
2801 3553 2965 3614 atque
2991 3544 3421 3614 iurisdictionem
3464 3549 3564 3605 ob-

1981 3628 2142 3692 tinet;
2175 3630 2266 3683 sed
2291 3630 2402 3683 vult
2423 3631 2606 3686 dicere
2630 3632 2934 3701 bujusmodi
2955 3634 3348 3690 confessionem
3380 3637 3560 3692 fructu

1976 3733 2184 3781 carere,
2214 3734 2278 3773 ac
2312 3722 2709 3788 quodaminodo
2750 3721 3074 3778 deluseriam
3101 3739 3250 3789 esse;
3304 3727 3559 3794 quoniam

1975 3809 2312 3862 verecundiae
2357 3810 2616 3865 ruborem
2667 3813 2940 3880 paenitens
2980 3829 3081 3868 nec
3103 3815 3290 3879 sentit,
3339 3831 3441 3871 nec
3489 3818 3558 3872 ad

1973 3899 2438 3963 compunctionem
2485 3901 2711 3954 excitari
2760 3911 2937 3970 potest
2985 3903 3055 3958 ab
3099 3918 3186 3970 eo,
3211 3903 3364 3972 cujus
3405 3909 3553 3974 pravi

1971 3985 2200 4054 exempli
2249 3987 2455 4056 species
2485 3997 2612 4045 ante
2659 3990 2843 4058 oculos
2896 4000 3161 4046 versatur.
3214 3992 3342 4058 Quae
3373 3998 3556 4051 omnia

1972 4086 2162 4130 auctor
2179 4079 2459 4146 expendit,
2488 4080 2632 4133 utin
2683 4088 2831 4135 textu
2861 4081 3047 4136 videre
3092 4090 3208 4146 est;
3255 4082 3345 4136 ubi
3388 4084 3553 4138 etiam

1971 4167 2076 4221 ait:
2110 4167 2512 4224 Confessionem
2542 4170 2738 4226 factam
2762 4172 3009 4241 complici
3036 4173 3326 4236 sacerdoti,
3354 4189 3458 4229 non
3489 4191 3553 4230 ea

1970 4259 2261 4314 severitate
2282 4260 2397 4314 fieri
2423 4261 2492 4316 ob
2520 4261 2732 4317 facilem
2765 4263 3139 4333 paenitentiam
3167 4263 3548 4319 condonantis.

1969 4346 2150 4414 Quare
2168 4365 2357 4405 omnes
2384 4349 2692 4407 Summista:
2723 4353 2849 4408 licet
2877 4352 3269 4409 confessionem
3294 4354 3436 4408 illam
3458 4371 3548 4410 va-

1969 4434 2130 4490 lidam
2168 4453 2288 4493 esse
2309 4447 2545 4505 teneant,
2576 4455 2682 4496 non
2715 4450 2892 4497 tamen
2918 4442 3157 4509 laudant,
3205 4443 3248 4498 si
3299 4443 3414 4510 ﬁat;
3446 4445 3550 4500 nisi

1969 4530 2020 4586 in
2052 4546 2181 4587 casu
2226 4543 2484 4590 extremae
2538 4536 2898 4592 necessitatis.
2947 4535 3039 4591 Sic
3068 4535 3459 4592 censeutGlos.
3494 4537 3547 4591 in

1964 4638 2084 4694 cap.
2113 4625 2325 4692 Omnes,
2349 4626 2440 4692 50,
2463 4638 2654 4696 quaest.
2678 4627 2737 4694 l;
2771 4628 3043 4698 Sylvester
3069 4627 3547 4698 verboﬂonjessio,

1969 4714 2022 4779 1,
2053 4731 2107 4768 ιι.
2135 4715 2221 4782 17,
2249 4725 2410 4785 atque
2431 4717 2542 4771 alii.

2286 4805 2368 4860 Sit
2400 4823 2584 4866 nomen
2611 4807 2822 4862 Donum
2843 4809 3192 4864 benedictum.
