3996 6184
1976 170 2047 187 εκ

882 262 940 318 S.
972 261 1175 318 PETRI
1215 260 1497 316 DAMIANI
1534 259 1685 317 OPP.
1710 259 1947 316 TOMUS
1986 258 2115 314 SEU
2153 256 2331 312 PARS
2366 256 2451 312 lll.
2480 285 2550 297 ——
2578 250 2945 311 OPUSCULA
2988 249 3215 315 VARIA.

418 262 515 318 191

425 433 3227 464 _______—_____________________________________.___

3577 250 3678 305 192

3240 427 3607 446 -ῃ

1003 570 1364 644 "Hm
1434 588 2293 706 OPUSCULUM
2378 585 3114 705 OCTAVUM.

608 822 714 883 DE
755 819 1250 882 PARENTELzE
1295 814 1715 878 GRADIBUS.
1761 812 1868 873 AD
1912 810 2284 871 JOANNEM
2323 808 2763 869 EPISCOPUM
2807 806 3479 882 CESENATENSEM,

1207 920 1307 978 ET
1350 917 1425 976 D.
1471 915 1547 975 Ι).
1592 906 2263 973 ARCHIDIACONUM
2306 908 2883 969 RAVENNATEM.

826 1078 1062 1140 Addita
1101 1074 1365 1160 ejusdem
1410 1071 1760 1152 argumenti
1802 1068 2357 1131 dissertatiuncula
2399 1069 2554 1130 alibi
2596 1070 2668 1131 ab
2715 1081 2971 1131 auctore
3009 1069 3245 1131 habita.

1811 1265 2204 1280 -ᾔ

408 1398 809 1454 Attamen-ruat.
869 1422 939 1434 ——
985 1393 1184 1449 Contra
1212 1392 1349 1457 juris
1400 1392 1574 1446 civilis
1596 1389 1875 1447 consultos
1900 1386 2194 1449 invehitur,
2227 1386 2317 1457 qui
2340 1385 2540 1457 gradus
2562 1383 3044 1454 consanguinitatis
3068 1399 3138 1457 ex
3162 1383 3331 1439 latere
3351 1384 3678 1457 descenden—

481 1468 614 1521 tium
643 1465 955 1535 longissime
970 1454 1394 1535 enumerabant:
1428 1475 1566 1535 quos
1588 1473 1768 1535 tamen
1796 1459 2079 1535 canonica,
2111 1466 2166 1511 et
2196 1454 2377 1510 divina
2407 1456 2493 1535 lex
2528 1455 2579 1507 in
2626 1464 2817 1535 quarta
2840 1455 3191 1535 generatione
3213 1454 3514 1535 constituit.
3558 1455 3671 1535 liae

482 1537 557 1591 illi
585 1524 1023 1606 pravaVOpinione
1048 1534 1257 1606 imbuti,
1282 1547 1386 1587 non
1420 1524 1736 1586 dubitabant
1766 1544 2035 1606 asserere.
2061 1526 2203 1606 inter
2232 1534 2558 1606 pronepotes
2588 1524 2989 1605 matrimonium
3009 1524 3236 1606 invicem
3249 1524 3399 1606 Ilic‘ite
3421 1525 3672 1606 contrahi

482 1593 661 1675 posse.
693 1606 746 1659 ld
771 1593 931 1673 quam
961 1604 1032 1675 sit
1054 1593 1368 1675 absurdum,
1403 1615 1670 1675 quamque
1689 1599 1969 1675 catholicw
1984 1593 2245 1651 Ecclesiae
2268 1594 2917 1657 traditionicontrarium,
2942 1593 3121 1648 multis
3148 1594 3358 1662 probat,
3386 1604 3441 1648 et
3488 1596 3678 1649 adver-

483 1670 752 1730 sariorum
769 1670 1090 1729 sententiam
1106 1672 1346 1741 pluribus
1369 1672 1667 1727 rationibus
1682 1670 1943 1725 confutat.

481 1828 967 1885 Beverendissimls
999 1828 1052 1883 in
1079 1827 1297 1882 Christo
1315 1828 1466 1888 viris,
1495 1826 1683 1882 JOANNI
1728 1825 1992 1882 Caesenati
2022 1827 2067 1886 Α
2099 1825 2258 1889 vinas,
2284 1832 2338 1880 et
2371 1822 2554 1881 saeculi
2585 1821 2733 1893 leges
2759 1821 3188 1891 consanguineos
3214 1821 3503 1890 appellant,
3542 1825 3674 1880 etin

409 1923 683 1991 episcOpo,
710 1928 766 1974 et
786 1919 846 1972 D.
887 1918 951 1972 D.
979 1919 1364 1973 archidiacono
1393 1918 1716 1981 Raveimati,
1771 1918 1990 1972 Perses

410 2022 661 2082 peccator
682 2011 976 2066 monachus
998 2010 1143 2080 digni
1167 2009 1457 2065 fanmlatus
1483 2010 1825 2079 obsequium.

482 2126 812 2187 Ravennam,
844 2131 903 2176 ut
941 2123 1136 2185 nostis,
1170 2136 1341 2189 nuper
1365 2121 1494 2181 adii,
1523 2135 1684 2189 quam
1733 2134 1856 2172 mox
1900 2133 1992 2188 pe-

410 2213 631 2270 riculosi
652 2213 853 2269 erroris
889 2211 1143 2280 scrupulo
1176 2210 1443 2265 turbatam
1472 2210 1722 2264 vacillare
1743 2209 1985 2278 cognovi.

410 2304 538 2358 Erat
561 2312 739 2357 autem
767 2302 832 2357 de
860 2302 1345 2372 consanguinitatis
1373 2300 1628 2371 gradibus
1655 2300 1886 2370 plurima
1913 2302 1991 2355 di~

407 2392 704 2462 sceptatio;
737 2400 901 2461 atque
914 2390 1027 2459 jam
1056 2404 1145 2445 res
1192 2403 1258 2445 eo
1304 2403 1477 2457 usque
1520 2398 1884 2458 processerat,
1932 2398 1992 2443 ut

410 2486 684 2553 sapientes
714 2484 950 2538 civitatis
980 2484 1029 2537 in
1062 2500 1225 2537 unum
1253 2484 1660 2549 convenientes,
1704 2483 1991 2538 sciscitan-

409 2576 555 2631 tibus
584 2575 1021 2629 Florentinorum
1052 2573 1366 2638 veredariis,
1390 2574 1441 2627 in
1467 2590 1751 2628 commune
1791 2575 1989 2628 rescri-

408 2665 634 2733 pserint,
665 2666 949 2734 septimam
968 2664 1370 2733 generationem
1394 2665 1652 2719 canonica
1669 2666 1993 2720 auctoritate

411 2755 684 2822 pmiixam
733 2755 805 2807 ita
842 2755 1041 2809 debere
1063 2754 1309 2823 intelligi,
1364 2762 1425 2807 ut
1450 2755 1749 2809 numeratis
1792 2770 1859 2808 ex
1884 2772 1991 2811 uno

410 2842 625 2914 generis
656 2843 823 2898 latere
847 2852 1079 2912 quatuor
1122 2842 1394 2913 gradibus,
1440 2852 1602 2912 atque
1662 2858 1726 2899 ex
1756 2844 1860 2899 alio
1892 2846 1989 2900 tri-

411 2934 422 2983 ι
446 2945 532 2992 us,
547 2930 668 2998 jure
691 2931 798 2996 jam
824 2931 1225 2985 matrimonium
1251 2945 1415 3000 posse
1434 2932 1678 2986 contrahi
1698 2934 1986 2989 videretur.

410 3022 489 3077 Ad
511 3024 854 3076 astrucntlam
881 3037 1093 3092 quoque
1116 3032 1458 3093 praepostera
1476 3025 1635 3095 hujus
1656 3025 1991 3095 allegationis

409 3115 691 3184 ineptiam,
742 3115 868 3169 illud
900 3115 1064 3170 etiam
1120 3116 1175 3169 in
1230 3115 1593 3169 testimonium
1630 3116 1985 3181 deducebant,

2093 1912 2465 1967 baareditatem
2490 1912 2812 1980 suscipiunt,
2870 1925 2972 1964 nec
3015 1910 3195 1979 repelli
3228 1919 3470 1979 possunt.
3523 1930 3539 1961 ι
3592 1913 3677 1966 ln-

2094 2009 2437 2071 terrogentur
2470 2000 2637 2071 igitur
2658 1999 2747 2070 qui
2778 1999 2829 2053 in
2861 1997 3223 2053 tribunalibus
3265 1996 3531 2065 indicant,
3583 2003 3675 2070 qui

2091 2111 2381 2149 causarum
2428 2095 2639 2165 negotia
2686 2086 2965 2157 dirimunt,
3017 2093 3108 2164 qui
3147 2095 3455 2149 scrutandis
3500 2096 3675 2165 legum

2093 2186 2890 2255 decretisinsistunt,nunquid
2923 2185 2967 2238 si
3009 2186 3420 2254 prOpiuquiores
3468 2187 3670 2249 desint,

2093 2298 2264 2351 usque
2289 2282 2355 2335 ad
2387 2280 2672 2350 septimum
2701 2280 2923 2350 gradum
2951 2279 3128 2349 agnati
3153 2279 3264 2332 sive
3293 2279 3345 2331 in
3386 2256 3670 2331 [neredita-

2094 2382 2223 2435 tem,
2250 2371 2362 2425 sive
2396 2371 2449 2424 in
2486 2370 2707 2425 tutelam
2741 2385 2845 2423 non
2868 2369 3269 2423 admittuntur?
3302 2368 3353 2421 in
3402 2370 3557 2438 cujus
3582 2385 3676 2423 au-

2096 2472 2199 2515 tem
2232 2461 2599 2516 [nereditatem
2625 2476 2689 2515 ex
2713 2459 2835 2527 jure
2850 2461 3328 2529 consanguinitatis
3348 2462 3670 2526 admitteris,

2092 2568 2197 2622 quo
2223 2563 2379 2622 pacto
2406 2553 2551 2607 velut
2574 2563 2865 2607 extraneus
2895 2551 3010 2620 ejus
3043 2552 3347 2622 coniugium
3392 2553 3673 2607 son-tiaris?

2093 2643 2162 2698 Ut
2205 2644 2332 2712 quid
2365 2644 2527 2697 etiam
2578 2651 2686 2696 tam
2732 2658 2958 2713 Operose
3004 2643 3144 2698 inter
3191 2658 3374 2698 sacros
3436 2659 3671 2699 canones

2096 2732 2264 2802 figura
2294 2732 2621 2802 depingitur,
2650 2740 2709 2785 ut
2738 2747 2841 2786 non
2870 2732 3028 2787 modo
3076 2746 3236 2801 supra
3258 2733 3342 2787 vel
3382 2732 3540 2795 inira,
3572 2732 3668 2787 sed

2092 2839 2158 2878 ex
2189 2834 2419 2892 utroque
2452 2823 2617 2877 etiam
2646 2822 2834 2887 latere,
2862 2839 2954 2878 sex
2978 2824 3235 2893 gradibus
3261 2825 3594 2889 terminetur,
3621 2824 3668 2877 si

2093 2914 2318 2982 septima
2342 2913 2640 2983 generatio.
2666 2920 2722 2964 ut
2744 2922 3017 2975 asserunt,
3066 2912 3237 2965 tribus
3292 2913 3418 2966 hinc
3444 2928 3669 2966 enume-

2034 3025 2042 3031 -
2096 3002 2225 3056 ratis
2249 3002 2512 3071 personis,
2536 3010 2700 3070 atque
2722 3002 2865 3057 illinc
2891 3006 3122 3071 quatuor
3141 3003 3451 3071 expleatur?
3486 3002 3669 3072 Neque

2093 3094 2236 3148 enim
2258 3094 2628 3149 conditoribus
2656 3109 2924 3149 canonum
2955 3094 3252 3150 cavendum
3278 3094 3396 3157 fuit,
3421 3110 3486 3149 ne
3514 3095 3671 3147 trita-

404 3165 553 3273 qudd
572 3165 909 3259 Juslinianus
937 3205 1049 3259 suis
1065 3204 1349 3260 interserit
1379 3204 1644 3262 lustitutis
1671 3206 1793 3277 (lib.
1827 3224 1864 3267 ι.
1902 3165 1987 3263 tit:
2024 3165 2064 3222 Β
2094 3199 2191 3277 “is
2222 3183 2377 3277 “vim,
2408 3199 2527 3277 qui“
2558 3184 2810 3238 nimirum
2841 3185 2942 3240 “ibi
2975 3185 3235 3277 ίτίηθβίίδί
3262 3196 3376 3248 es“
3408 3185 3491 3240 "el
3526 3184 3669 3238 ﬁlius

410 3295 486 3350 De
515 3295 948 3364 Nupt.,'paragr.
977 3294 1125 3349 Inter
1148 3294 1268 3365 eas)
1298 3315 1311 3349 :
1338 3315 1358 3347 ι
1391 3281 1622 3352 Sednec
1652 3308 1887 3367 neptem,
1914 3299 1996 3352 in-

406 3383 549 3453 quit,
569 3383 770 3449 fratris,
801 3383 883 3436 vel
912 3384 1115 3438 sororis
1138 3384 1335 3439 ducere
1372 3386 1493 3454 quis
1517 3394 1714 3453 potest,
1744 3387 1993 3454 quamvis

408 3476 463 3529 in
487 3483 681 3543 quarto
709 3477 876 3543 gradu
907 3475 997 3529 sit.
1039 3495 1057 3527 ι
1087 3476 1163 3529 Ex
1189 3475 1385 3544 quibus
1413 3476 1666 3531 nimirum
1688 3477 1868 3531 verbis
1907 3477 1990 3530 in-

408 3565 657 3635 ductoria
687 3565 931 3633 quaedam
979 3565 1305 3635 colligebant
1352 3575 1670 3635 argumenta
1714 3566 1989 3620 dicentes:

412 3674 435 3708 ι
470 3655 527 3710 Si
555 3655 732 3725 neptis
755 3654 940 3710 fratris
970 3656 1074 3709 mei
1096 3665 1293 3725 quarto
1315 3654 1426 3723 jam
1451 3670 1479 3707 a
1512 3670 1599 3710 me
1624 3656 1794 3725 gradu
1846 3656 1990 3709 divi-

410 3744 576 3807 ditur,
607 3754 1001 3813 consequenter
1031 3745 1194 3798 etiam
1226 3744 1369 3799 illius
1390 3757 1542 3798 meus
1584 3744 1793 3813 quinto.
1827 3760 1994 3814 nepos

411 3837 539 3890 item
564 3845 735 3900 sexto,
759 3852 1030 3907 pronepos
1060 3846 1238 3892 antem
1265 3852 1419 3892 meus
1446 3845 1650 3906 septem
1676 3838 1746 3891 ab
1764 3852 1828 3892 ea
1868 3854 1993 3908 pro-

406 3927 494 3980 cul
524 3926 806 3998 elongatus
830 3927 1085 3996 gradibus
1112 3928 1403 3983 invenitur.
1434 3947 1453 3981 ν
1502 3928 1570 3982 Ει
1619 3928 1839 3997 quidem
1891 3944 1992 3999 ego

409 4018 567 4072 nudis
593 4020 771 4074 verbis
802 4019 905 4073 ista
967 4020 1457 4090 dogmatizantibus
1506 4020 1701 4080 restiti.
1726 4035 1790 4073 ac
1834 4031 1994 4088 prout

406 4108 463 4161 in
495 4110 835 4178 expeditione
863 4110 1108 4173 licuerat,
1136 4121 1521 4180 emergentem,
1554 4121 1615 4165 ut
1671 4111 1744 4163 ita
1799 4110 1990 4176 fatear,

409 4199 658 4255 haeresim
686 4202 958 4255 canonicae
1008 4203 1335 4257 testimoniis
1383 4202 1723 4257 auctoritatis
1773 4203 1987 4257 attrivi:

409 4305 516 4357 quo
549 4297 726 4343 tamen
758 4305 853 4344 vos
876 4292 1099 4345 minime
1120 4292 1381 4356 contenti,
1412 4292 1635 4361 dignum
1664 4306 1785 4347 esse
1802 4292 1994 4346 decre-

410 4379 584 4443 vistis,
618 4390 680 4434 ut
706 4381 848 4450 quod
876 4396 970 4435 ore
994 4382 1348 4451 protuleratn,
1396 4383 1644 4451 apicibus
1684 4383 1987 4446 traderem;

409 4478 569 4539 atque
594 4470 672 4525 ita
713 4486 818 4524 non
846 4474 1052 4541 paucis,
1098 4473 1193 4527 sed
1224 4473 1475 4527 omnibus
1524 4472 1629 4527 hoc
1677 4488 1864 4529 errore
1893 4489 1991 4527 nu-
2019 4504 2061 4565 ε

408 4559 667 4627 tantibus,
696 4559 840 4615 facili
875 4563 1191 4632 compendio
1214 4564 1617 4634 responderem.

934 4694 1162 4751 CAPUT
1196 4691 1483 4751 PRIMUM.

408 4782 563 4847 Quod
584 4782 719 4840 inter
749 4802 877 4855 quos
907 4797 980 4840 est
1010 4785 1452 4869 leaghrrreditarire
1462 4786 1821 4853 successionis,
1840 4788 1986 4842 nulla

932 4866 1049 4910 sunt
1070 4866 1195 4925 jura
1220 4866 1338 4927 conj
1344 4866 1473 4927 ugti.

480 4983 591 5054 Ego
622 4992 803 5037 autem
836 4985 1007 5049 vobis,
1048 4994 1107 5039 ut
1156 4986 1211 5040 in
1249 4988 1522 5053 omnibus,
1573 4989 1733 5042 etiam
1788 4989 1839 5042 in
1879 4989 1984 5042 hac

366 5064 369 5069 ’
407 5082 561 5140 parte
586 5071 815 5125 libenter
838 5072 1180 5142 obtempero;
1205 5074 1300 5128 sed
1348 5076 1474 5130 huic
1514 5076 1857 5147 disputationi
1908 5077 1981 5131 nil

406 5176 629 5229 prorsus
649 5159 1006 5228 adjiciendum
1037 5162 1208 5225 video,
1268 5163 1370 5218 nisi
1412 5167 1553 5233 quod
1605 5182 1635 5219 a
1689 5166 1980 5235 majoribus

410 5252 664 5305 traditum
691 5266 812 5306 esse
842 5252 1129 5322 perpendo.
1158 5253 1194 5305 A
1245 5254 1439 5323 quibus
1468 5256 1721 5309 nimirum
1773 5257 1845 5311 ita
1895 5266 1979 5312 est

407 5342 645 5411 undique
675 5343 1032 5410 satisfactum,
1060 5353 1116 5397 ut
1145 5345 1189 5399 si
1218 5346 1535 5400 humilitatis
1580 5348 1720 5401 adsit
1766 5347 1970 5409 oculus.

408 5428 542 5483 nihil
571 5448 734 5500 super
762 5435 862 5489 bac
912 5449 969 5488 re
998 5435 1067 5489 sit
1116 5434 1340 5489 ulterius
1395 5436 1788 5504 inquirendum.
1837 5436 1975 5503 Quid

410 5517 553 5569 enim
583 5522 820 5588 apertius
850 5536 934 5582 eo.
990 5521 1132 5591 quod
1158 5538 1290 5591 papa
1337 5521 1579 5578 Calixtus
1612 5525 1862 5589 asseruit,
1899 5525 1980 5580 di-

413 5622 539 5663 cens
564 5627 576 5663 ε
609 5627 627 5661 t
656 5610 759 5667 Eos
786 5622 965 5668 autem
999 5614 1427 5683 consanguineos
1457 5616 1706 5681 dicimus,
1733 5631 1866 5685 quos
1899 5614 1980 5670 di-

2094 3274 2333 3345 trinepti,
2376 3276 2461 3330 cui
2510 3286 2565 3331 et
2616 3276 2729 3346 ipse
2778 3277 3004 3330 tritavus
3052 3284 3156 3339 est,
3224 3276 3277 3329 in
3330 3276 3671 3330 matrimonio

2096 3367 2249 3435 181
2286 3364 2621 3437 jungeretur.
2685 3367 2801 3437 Ipsa
2832 3382 3066 3437 namque
3106 3384 3283 3422 rerum
3331 3377 3519 3421 natura
3561 3383 3669 3420 non

2094 3458 2314 3527 patitur,
2370 3468 2428 3512 ut
2461 3464 2711 3528 suprema
2743 3473 2975 3528 persona
3016 3457 3250 3523 inﬁma),
3281 3458 3443 3511 etiam
3473 3458 3516 3511 si
3560 3472 3666 3510 non

2091 3556 2236 3602 esset
2260 3547 2567 3611 inhibitum,
2602 3549 2903 3617 copuletur.

2163 3634 2268 3688 Sed
2294 3636 2435 3703 quod
2465 3637 2634 3690 sancti
2663 3638 2913 3691 doctores
2947 3637 3195 3691 humanae
3232 3634 3669 3703 consanguinita-

2094 3726 2161 3779 tis
2187 3724 2382 3779 lineam
2412 3734 2490 3779 tot
2515 3727 2768 3795 gradibus
2788 3736 3090 3787 numerant,
3126 3727 3190 3779 ad
3221 3727 3321 3780 hoc
3345 3726 3629 3779 enituntur
3650 3764 3666 3788 ,

2092 3830 2160 3869 ne
2204 3831 2448 3884 persona:
2478 3831 2540 3870 ex
2574 3816 2740 3870 latere
2786 3817 3060 3871 venientes
3102 3831 3269 3883 usque
3295 3814 3361 3868 ad
3390 3812 3665 3883 praefixum

2094 3905 2382 3959 terminum
2406 3920 2466 3960 se
2494 3906 2723 3960 invicem
2751 3904 2999 3975 jungaut,
3028 3904 3263 3972 alioquin
3297 3913 3576 3974 postquam
3600 3902 3667 3955 ad

2090 3995 2435 4065 abnepotem,
2460 4011 2582 4065 qua:
2611 3995 2858 4050 videlicet
2892 3996 3013 4049 hinc
3042 4002 3234 4062 quarta
3276 4008 3503 4060 persona
3525 4001 3608 4044 est
3634 4006 3664 4043 a

2093 4088 2225 4153 lilio.
2249 4100 2305 4145 et
2332 4099 2700 4159 pronepotem,
2725 4105 2845 4157 quae
2868 4088 3012 4142 illiue
3040 4088 3213 4145 tertia.
3241 4102 3304 4141 ex
3329 4085 3516 4138 ordine
3543 4100 3667 4152 pcr-

2091 4180 2329 4239 venitur,
2360 4195 2459 4234 cur
2508 4180 2572 4232 ad
2602 4178 3000 4232 citumerandas
3045 4177 3222 4231 adhuc
3276 4177 3411 4230 alias
3460 4176 3667 4229 frustra

2092 4269 2389 4332 descendit,
2422 4269 2466 4324 si
2491 4268 2632 4323 nulla
2661 4284 2753 4323 cas
2775 4268 3177 4337 propinquitate
3213 4268 3354 4323 inter
3394 4281 3453 4321 se
3496 4267 3664 4320 alter-

2092 4368 2271 4413 utrum
2319 4359 2587 4429 pertinere
2633 4359 2937 4413 noverunt?
2992 4359 3160 4412 Porro
3198 4357 3329 4412 satis
3375 4370 3666 4410 onerosum

2091 4456 2272 4510 esset,
2339 4456 2499 4515 atque
2545 4446 2870 4517 superﬂuum
2922 4448 2974 4501 in
3028 4446 3353 4514 genealogis:
3405 4446 3667 4515 gradibus

2095 4536 2481 4599 describendis,
2529 4535 2648 4591 illas
2684 4536 3026 4593 extrinsecus
3071 4536 3330 4591 adbibere
3378 4549 3663 4604 persmas,

2092 4643 2212 4697 quae
2260 4627 2435 4682 nullas
2481 4627 2621 4682 inter
2646 4644 2702 4682 se
2739 4627 3015 4681 alliuitatis
3050 4626 3295 4683 obtinent
3326 4640 3670 4693 consequen-

2095 4719 2218 4775 tias.
2249 4717 2355 4773 Sed
2386 4733 2509 4773 cum
2541 4716 2825 4773 inferiores
2853 4717 3048 4787 gradus
3074 4718 3144 4772 ab
3164 4718 3352 4773 eodem
3384 4718 3666 4771 videamus

2090 4826 2242 4879 asque
2271 4809 2630 4875 denominari,
2662 4824 2692 4861 a
2741 4824 2847 4877 quo
2884 4817 2939 4860 et
2984 4809 3291 4878 superiores
3336 4808 3663 4861 relationum

2091 4917 2310 4955 suarum
2344 4899 2601 4955 vocabula
2632 4899 2948 4959 sortiuntur,
2980 4898 3233 4952 nimirum
3257 4907 3315 4951 ut
3348 4898 3501 4965 cujus
3535 4904 3663 4951 sunt

2090 4989 2201 5052 isti,
2233 4988 2394 5052 illius,
2419 5002 2602 5057 nepos,
2647 5001 2931 5055 pronepos,
2966 4987 3225 5055 abnepos,
3274 4986 3412 5039 idem
3444 4999 3662 5054 quoque

2087 5078 2456 5141 nihilominus,
2484 5085 2541 5131 et
2567 5076 2642 5130 illi
2673 5077 2785 5131 sint
2806 5077 3061 5145 adnepos,
3086 5076 3346 5144 trinepos,
3370 5075 3508 5130 sicut
3534 5088 3659 5143 pos-

2085 5185 2269 5223 sumus
2304 5169 2511 5239 genitos
2563 5184 2591 5220 a
2647 5168 2989 5236 progenitore
3036 5167 3315 5230 dividere,
3368 5167 3447 5221 sic
3492 5166 3657 5220 etiam

2085 5257 2239 5311 nefas
2267 5256 2544 5319 ducimus,
2582 5257 2650 5309 ab
2679 5271 2787 5309 uno
2815 5256 3067 5323 utrinque
3110 5255 3495 5309 descendentes
3519 5269 3655 5308 con-

2082 5350 2293 5418 genitos
2332 5360 2604 5416 separare.
2632 5347 2791 5401 Verbi
2819 5348 2990 5417 gratia
3016 5387 3031 5411 ,
3061 5346 3200 5400 sicut
3231 5346 3471 5415 trinepos
3499 5360 3528 5398 a
3555 5359 3653 5414 pa-

2081 5447 2180 5500 tre,
2214 5438 2305 5507 qni
2333 5438 2433 5492 sibi
2472 5435 2723 5490 videlicet
2749 5436 2977 5489 tritavns
3000 5442 3105 5499 est,
3139 5435 3243 5489 dici
3267 5434 3655 5503 nequitextra-

2080 5540 2249 5590 netis;
2280 5526 2360 5579 sic
2407 5524 2572 5577 etiam
2608 5538 2641 5575 a
2685 5522 2937 5591 trinepte,
2964 5537 3082 5591 quae
3120 5521 3188 5575 ab
3213 5522 3403 5577 eodem
3433 5518 3592 5576 simul
3620 5534 3658 5574 α

2078 5616 2296 5687 regione
2317 5615 2615 5680 descendit,
2649 5630 2751 5668 non
2788 5614 3060 5668 invenitur
3085 5614 3311 5669 alienus.
