3996 6184
309 388 417 444 195

937 493 1163 550 CAPUT
1200 495 1262 550 ll.

421 589 576 657 Quod
618 598 787 642 instar
833 587 1050 639 humani
1107 587 1337 657 corporis
1393 602 1482 639 sex
1541 585 1790 654 gradibus

707 657 1132 724 consanguinitas
1171 656 1497 708 terminetur.

387 772 480 826 Sic
505 770 650 826 enim
682 784 872 823 omnes
899 768 952 822 hi
985 767 1184 836 gradus
1228 769 1295 821 ad
1324 778 1560 824 veterem
1586 769 1896 825 referuntur

300 863 598 933 originem,
645 867 704 912 ut
747 859 1167 912 commeantium
1216 873 1396 912 secum
1444 874 1638 913 novam
1667 876 1772 913 non
1801 859 1894 914 de—

302 961 498 1007 serant
524 947 862 1010 aﬁinitatem,
907 947 1000 1003 sed
1046 963 1115 1002 ne
1148 963 1233 1002 res
1259 949 1310 1002 in
1341 948 1606 1003 inﬁnitqu
1643 948 1892 1019 prodeat,

303 1052 627 1112 competens
675 1055 705 1093 a
763 1039 967 1093 sanctis
1019 1038 1332 1092 doctoribus
1384 1048 1524 1092 meta
1574 1038 1892 1108 przeﬁgitur,

305 1134 522 1188 scilicet
569 1140 628 1186 ut
660 1141 942 1200 quousque
973 1139 1056 1182 est
1084 1128 1487 1182 successionum
1535 1129 1774 1198 reperire
1803 1145 1895 1183 vo-

305 1223 542 1284 cabula,
594 1220 752 1275 duret
785 1219 952 1274 etiam
1000 1217 1349 1272 nihilominus
1396 1217 1688 1288 parentela.
1741 1217 1894 1272 Unde

308 1331 431 1368 mos
468 1312 729 1374 inolevit,
780 1318 840 1364 ut
885 1309 986 1363 sub
1041 1308 1210 1379 ﬁgura
1257 1308 1476 1362 humani
1517 1309 1760 1377 corporis
1807 1307 1894 1362 illa

307 1401 801 1473 consanguinitatis
830 1399 1122 1468 descriptio
1175 1398 1508 1468 pingeretur.
1559 1396 1712 1452 Sicut
1748 1399 1894 1452 enim

308 1510 514 1561 corpus
541 1491 771 1545 hominis
799 1505 890 1544 sex
928 1488 1089 1554 infra,
1134 1489 1464 1555 totidemque
1494 1501 1674 1554 supra,
1714 1487 1805 1556 qui
1840 1495 1896 1541 et

309 1586 417 1655 ipsi
445 1584 700 1638 dicuntur
729 1597 795 1635 ex
823 1582 1013 1647 latere,
1041 1579 1287 1634 articulis
1323 1586 1536 1632 constat
1561 1594 1576 1643 ;
1607 1577 1748 1631 unde
1775 1585 1828 1630 et
1855 1577 1895 1647 1-

306 1692 478 1730 sexus
510 1675 720 1738 dicitur,
753 1673 843 1741 qni
872 1671 922 1725 in
952 1671 1129 1725 medio
1159 1678 1261 1733 est,
1301 1668 1454 1739 quasi
1486 1677 1708 1734 sextus;
1752 1667 1894 1735 quod

309 1769 572 1822 nimirum
615 1782 643 1819 a
691 1764 944 1820 secundis
989 1779 1277 1828 manuum,
1329 1763 1442 1816 sive
1488 1761 1682 1830 pedum
1713 1761 1895 1831 digitis

1215 382 1457 439 OPUSC.
1493 383 1623 439 Vill.
1654 415 1722 425 —
1744 384 1832 440 DE
1869 384 2302 442 PARENTEL/E
2339 386 2709 445 GRADIBUS.

3475 395 3575 449 194

1823 561 1828 566 _
1919 514 1969 572 Α
2003 503 2159 550 terra:
2189 497 2490 550 secundum
2527 499 2740 572 species
2776 515 2902 554 suas
2937 501 2955 570 (
2987 501 3126 558 Ibid.
3167 504 3216 564 i;
3249 521 3268 556 ι
3311 519 3435 559 mox
3480 507 3578 561 ho-

1997 586 2229 649 minem,
2263 599 2368 640 non
2397 585 2620 650 multos,
2635 568 2760 640 ‘sed
2805 568 2969 646 unum
3008 594 3268 661 condidit,
3317 604 3480 663 atque
3507 614 3576 652 εχ

1993 677 2110 745 ejus
2153 677 2321 733 latere
2376 687 2628 742 costam,
2682 692 2752 732 ex
2800 691 2905 746 qua
2958 676 3155 730 mulier
3203 685 3572 751 formai-erm,

1993 767 2200 822 eduxit.

2066 858 2136 913 Ut
2165 859 2294 929 quid
2336 859 2480 914 enim
2529 858 2870 928 omnipotens
2920 856 3064 912 Deus
3113 873 3233 911 cum
3262 875 3328 912 ex
3358 861 3570 914 c:eteris

1996 949 2365 1003 animantibus
2413 947 2566 1017 plura
2617 946 2923 1008 creaverit,
2974 961 3140 999 unum
3184 955 3472 1002 contentus
3495 958 3579 1002 est

1998 1040 2275 1095 hominem
2310 1040 2519 1094 facere:
2548 1053 2613 1093 ex
2643 1053 2752 1107 quo
2772 1038 3054 1101 nimirum,
3084 1045 3340 1107 tanquam
3366 1039 3579 1095 deesset

1998 1130 2226 1186 materia
2283 1129 2486 1202 ﬁgulo,
2532 1129 2848 1184 muliebrem
2909 1143 3126 1198 quoque
3173 1143 3362 1184 sexum
3412 1130 3582 1184 voluit

1993 1238 2325 1295 propagare;
2377 1223 2478 1278 nisi
2510 1232 2569 1276 ut
2597 1222 2918 1277 charitatem
2952 1220 3263 1276 hominibus
3304 1235 3588 1276 commen-

1996 1317 2175 1379 daret,
2203 1321 2252 1367 et
2288 1313 2340 1367 in
2366 1312 2592 1367 fraterni
2617 1313 2823 1367 amoris
2852 1325 2947 1365 eos
2977 1309 3184 1365 unitate
3207 1318 3580 1378 connecteret,

2002 1411 2272 1471 quatenus
2307 1402 2538 1472 propria:
2578 1401 2770 1471 origini
2823 1409 3208 1470 congruentes,
3238 1416 3576 1470 nequaquam

1993 1493 2191 1548 diversi
2233 1492 2506 1546 resilirent
2551 1500 2754 1554 mente,
2804 1491 2894 1558 qui
2927 1505 3092 1543 unum
3124 1489 3484 1558 probarentur
3513 1505 3580 1544 ex

1995 1584 2262 1654 corpore?
2291 1582 2444 1638 Unde
2473 1590 2529 1636 et
2556 1581 2754 1635 Paulus
2788 1580 2894 1634 ait:
2943 1599 2960 1630 ε
2985 1579 3164 1634 Unum
3196 1594 3412 1649 corpus,
3438 1595 3580 1634 unus

1995 1675 2252 1745 spiritus,
2300 1676 2443 1730 sicut
2485 1674 2659 1730 vocati
2703 1674 2835 1728 estis
2881 1673 2936 1728 in
2989 1687 3094 1726 una
3143 1687 3238 1742 Spe
3280 1671 3581 1726 vocationis

1993 1775 2189 1823 vestra:
2219 1765 2436 1838 (Ephes.
2480 1767 2609 1838 lV).t
2644 1765 3034 1820 Verumtamen
3066 1779 3188 1819 cum
3233 1763 3463 1818 afﬁnitas
3493 1779 3586 1834 ge-

307 1859 472 1915 facile
508 1866 591 1914 est
637 1856 865 1910 inveniri
895 1874 908 1908 :
944 1855 1015 1908 ita
1060 1853 1313 1907 nimirum
1341 1860 1395 1926 et
1422 1851 1509 1905 illa
1540 1852 1900 1908 successionis
1933 1859 1974 1916 Β
2005 1858 2150 1914 neris
2206 1857 2454 1928 elongata
2507 1856 2775 1920 discedit,
2828 1856 3077 1910 humanm
3125 1853 3408 1923 pravitatis
3451 1854 3585 1908 vitio

307 1950 562 2004 humana:
607 1946 776 2016 ﬁgura
820 1944 966 1999 senis
1014 1944 1198 2012 utique
1247 1941 1497 2010 superius
1542 1949 1597 1995 et
1649 1939 1898 2008 inferius,

307 2049 476 2108 atque
504 2038 555 2091 in
587 2037 693 2100 his,
722 2035 813 2105 qui
844 2049 908 2089 ex
936 2033 1105 2087 latere
1151 2031 1394 2097 veniunt,
1426 2030 1683 2102 gradibus
1711 2031 1900 2086 termi-

308 2142 512 2184 natur:
541 2143 849 2198 quanquam
879 2126 945 2179 ad
976 2123 1352 2194 propensionis
1381 2122 1604 2177 cautela:
1635 2123 1893 2192 gratiam,

308 2230 363 2275 et
422 2219 648 2289 septima
697 2217 781 2270 his
827 2217 900 2270 sit
956 2213 1234 2284 generatio
1279 2220 1674 2282 consequenter
1723 2225 1902 2264 annn-

311 2319 543 2364 morata.

384 2399 642 2468 Quisquis
669 2411 799 2466 ergo
829 2396 944 2450 vult
972 2396 1112 2450 inter
1139 2405 1255 2460 eos,
1287 2393 1380 2463 qui
1420 2393 1489 2448 ab
1518 2405 1625 2446 uno
1654 2406 1719 2445 ex
1753 2398 1904 2443 utra-

309 2507 422 2560 que
459 2499 616 2558 parte
643 2488 998 2550 descendunt,
1053 2499 1224 2555 usque
1275 2485 1343 2540 ad
1395 2485 1642 2539 ultimum
1671 2481 1899 2553 gradum

309 2580 656 2654 cognationis
694 2580 817 2651 jura
861 2580 1198 2641 rescindere,
1246 2578 1519 2631 fateantur
1560 2588 1774 2644 quoque
1805 2586 1900 2627 ne-

310 2690 469 2730 cesse
495 2682 597 2740 est,
635 2673 856 2727 dextera
887 2671 1120 2724 hominis
1144 2668 1380 2724 n'iembra
1406 2666 1665 2721 membris
1688 2662 1899 2720 sinistri

311 2769 502 2826 lateris
536 2766 757 2821 minime
798 2764 1108 2840 pertinere;
1147 2773 1310 2832 atque
1362 2769 1423 2814 ut
1477 2758 1618 2828 quod
1667 2757 1898 2813 dicimus

311 2858 573 2928 liquidius
612 2855 901 2912 elncescat,
933 2853 1023 2922 qui
1076 2853 1393 2920 trinepotem
1436 2849 1505 2903 ab
1537 2863 1622 2912 ea,
1675 2862 1794 2916 qua:
1822 2846 1903 2900 al-

316 2951 588 3003 trinsecus
615 2955 732 3009 est,
760 2945 1026 3013 trinepte,
1077 2940 1351 2996 aliinitatis
1396 2937 1610 2993 vinculo
1665 2937 1898 2992 solutum

309 3038 543 3110 judicat,
572 3037 716 3090 inter
749 3034 962 3104 digitos,
995 3032 1191 3101 quibus
1221 3031 1336 3085 haec
1359 3029 1559 3093 scribo,
1591 3036 1643 3080 et
1669 3027 1902 3082 sinistrae

315 3144 513 3184 manus
566 3126 822 3181 articulos
873 3123 1308 3180 communionem
1353 3121 1540 3175 deesse
1589 3119 1896 3174 contendat.

1999 1947 2152 2018 quasi
2194 1948 2445 2002 submoto
2475 1945 2663 2002 fomite
2700 1943 2902 2000 amoris
2937 1943 3152 1999 ﬂamma
3200 1943 3462 2014 frigescit.
3502 1943 3584 1997 Ad

2000 2037 2361 2106 reparandum
2385 2051 2515 2106 ergo
2536 2045 2734 2090 mutuae
2755 2034 3042 2090 cbaritatis
3069 2033 3360 2104 igniculum
3399 2049 3587 2088 accur-

2002 2134 2130 2182 runt
2158 2127 2385 2182 subinde
2415 2126 2620 2182 fcedera
2651 2125 2983 2196 nuptiarum.
3010 2125 3300 2180 Enimvero
3326 2127 3453 2196 quia
3489 2141 3585 2180 sex

1999 2218 2252 2272 aetatibus
2277 2227 2330 2273 et
2358 2219 2542 2272 mundi
2578 2227 2789 2288 tempus
2811 2216 3098 2282 evolvitur,
3140 2227 3195 2272 et
3228 2219 3586 2273 humanitatis

1999 2309 2110 2362 vita
2132 2308 2339 2374 finitur,
2365 2310 2478 2379 ipsa
2510 2322 2716 2363 naturae
2737 2311 2819 2364 vis
2839 2310 3066 2381 praebet,
3091 2319 3150 2364 ut
3169 2325 3342 2380 usque
3367 2312 3434 2365 ad
3460 2327 3585 2367 sex-

2004 2407 2116 2452 tum
2143 2398 2566 2468 propinquitatis
2609 2399 2838 2468 gradum
2869 2415 3162 2468 germanus
3187 2407 3358 2471 4amor
3391 2402 3445 2456 in
3482 2403 3586 2455 hn-

2000 2489 2178 2544 manis
2208 2489 2507 2545 visceribus
2554 2491 2771 2560 sapiat,
2821 2501 2874 2546 et
2921 2492 3316 2560 quodammodo
3363 2493 3586 2548 odorem

2003 2580 2148 2635 inter
2173 2596 2232 2636 se
2257 2581 2506 2652 genuinae
2537 2583 2814 2637 societatis
2843 2583 3073 2637 emittat.
3113 2581 3212 2637 Ubi
3257 2593 3436 2639 autem
3473 2600 3590 2638 ma-

2001 2689 2103 2728 nus
2131 2674 2638 2746 consanguinitatis,
2690 2690 2811 2746 qua:
2858 2684 3074 2744 captum
3125 2690 3156 2729 a
3200 2689 3262 2730 se
3311 2675 3584 2740 trahebat,

2002 2762 2223 2826 deﬁcit,
2272 2762 2415 2817 illico
2445 2762 2777 2818 matrimonii
2809 2778 3004 2828 uncus,
3050 2777 3160 2833 quo
3194 2761 3407 2834 fugiens
3432 2779 3591 2817 revo—

2001 2863 2177 2919 cetur,
2203 2853 2460 2908 occurrit.
3000 2886 3002 2889 -

2617 2941 2844 2998 CAPUT
2883 2941 2972 2997 ιν.

2037 3037 2190 3103 Quod
2235 3036 2424 3108 quibus
2463 3044 2539 3089 est
2567 3036 2661 3105 jus
2699 3017 3024 3116 hmreditatis
3047 3075 3062 3101 ,
3102 3043 3176 3090 est
3206 3044 3256 3090 et
3295 3036 3518 3106 afﬁnitas

2685 3121 2909 3174 generis.

315 3220 424 3273 Sed
458 3218 581 3272 huic
611 3231 790 3286 pravae
813 3213 1099 3269 assertioni
1139 3212 1398 3268 reclamat
1431 3210 1736 3280 Apostolus,
1773 3225 1897 3263 cum
1929 3200 1972 3263 C
2076 3215 2219 3285 Sed,
2261 3225 2320 3272 ut
2358 3216 2426 3271 de
2473 3215 2686 3270 caneris
2732 3215 2916 3270 sileam
2947 3254 2962 3280 ,
3011 3215 3182 3269 miror
3225 3215 3413 3269 saltem
3461 3215 3593 3285 legis

313 3310 482 3364 dicit:
517 3327 537 3359 ι
567 3307 719 3362 Sicut
748 3306 889 3359 enim
939 3317 1137 3374 corpus
1183 3318 1349 3358 unum
1399 3310 1504 3368 est,
1557 3308 1611 3355 et
1655 3299 1900 3354 membra

317 3403 486 3459 habet
519 3399 718 3465 innlta;
770 3397 950 3452 omnia
1005 3404 1185 3451 autem
1227 3393 1468 3448 membra
1499 3391 1743 3462 corporis
1779 3405 1902 3445 cum

321 3491 485 3562 182
525 3490 633 3545 sint
681 3487 845 3542 multa
875 3526 890 3551 ,
943 3500 1109 3539 unum
1147 3499 1340 3553 corpus
1367 3491 1492 3538 sunt
1517 3479 1568 3554 (1
1591 3479 1712 3535 Cor.
1745 3479 1896 3550 xu)»

320 3582 478 3636 Sicut
511 3595 638 3650 ergo
670 3578 834 3633 multa
885 3575 1128 3630 membra
1171 3589 1268 3644 per
1314 3572 1784 3642 participationem
1820 3568 1902 3625 sui

319 3672 490 3726 totius
513 3669 671 3725 simul
695 3676 912 3731 coeunt,
947 3674 1006 3719 ut
1033 3679 1196 3717 unum
1229 3663 1481 3717 dicantur
1505 3660 1902 3730 irreprehensi-

317 3761 506 3816 biliter
531 3774 762 3827 corpus;
795 3759 866 3809 ita
914 3753 1166 3809 nimirum
1216 3752 1446 3806 diversae
1494 3764 1756 3820 personae,
1786 3764 1905 3818 qua:

321 3851 392 3906 ab
441 3865 550 3904 uno
593 3847 935 3918 progenitore
979 3842 1338 3900 communiter
1388 3841 1686 3912 prodeunt,
1740 3853 1903 3891 unum

319 3949 446 3996 sunt
478 3939 667 4009 procul
694 3937 854 3993 dubio
876 3951 1063 4008 genus.

945 4045 1171 4102 CAPUT
1211 4043 1296 4099 lll.

397 4143 508 4198 Cur
535 4142 676 4196 Deus
701 4141 757 4194 in
775 4137 1030 4259 primipilo
1052 4152 1215 4217 unum
1236 4132 1562 4189 solummodo
1587 4131 1837 4186 creaverit

1003 4221 1266 4259 tonunem.

1003 4221 1266 4261 tommem.

395 4301 606 4356 idcirco
628 4306 807 4354 autem
830 4295 1162 4352 matrimonii
1184 4295 1272 4348 lex
1301 4302 1446 4347 tanta
1474 4292 1770 4364 magisterii
1792 4300 1912 4348 arte

326 4394 432 4448 sub
484 4388 851 4446 ecclesiastica
893 4386 1178 4456 disciplina
1229 4383 1595 4453 componitur,
1627 4391 1684 4436 ut
1712 4392 1913 4437 mutua:

325 4483 617 4539 charitatis
642 4461 914 4535 vinculum
941 4481 1081 4532 inter
1116 4477 1364 4531 homines
1390 4474 1698 4529 necessario
1725 4481 1912 4526 tenea-

328 4585 440 4638 tur,
471 4571 742 4636 videlicet,
767 4579 827 4624 ut
847 4581 1123 4638 quousque
1154 4565 1512 4621 successionis
1539 4567 1672 4619 ordo
1701 4572 1910 4633 protra-

326 4670 505 4726 hitur.
533 4667 768 4722 vicarius
804 4678 957 4718 amor
995 4661 1225 4733 proximi
1267 4675 1332 4714 ex
1375 4660 1488 4728 ipsa
1535 4658 1911 4728 germanitatis

329 4759 734 4814 necessitudine
775 4754 1096 4827 praebeatur.
1141 4751 1274 4808 Cum
1306 4761 1490 4805 autem
1533 4749 1909 4805 deﬁcientibus
1946 4773 1949 4777 -

327 4850 609 4906 vocabulis
649 4848 832 4905 deﬁcit
875 4847 987 4918 jam
1029 4859 1198 4914 genus
1248 4828 1626 4912 cognitionis,
1672 4839 1911 4894 occurrit

332 4944 586 5012 protinus
612 4941 696 4994 lex
724 4936 1076 5000 matrimonii,
1113 4944 1166 4991 et
1207 4933 1432 5004 jamjam
1467 4932 1682 5004 longius
1710 4931 1914 4986 abeun-

334 5043 446 5087 tem
473 5030 627 5100 quasi
657 5029 950 5099 fugientem
983 5035 1219 5089 revocat,
1253 5035 1308 5078 et
1349 5022 1585 5091 antiqute
1606 5021 1911 5076 dilectionis

334 5123 482 5178 inter
510 5135 678 5176 nevos
701 5119 954 5175 homines
993 5115 1114 5186 jura
1154 5114 1433 5170 reformat.
1471 5113 1580 5168 Nec
1625 5113 1821 5168 mirum
1866 5112 1911 5167 si

336 5215 395 5267 in
419 5211 742 5284 generandis
773 5209 1080 5266 hominibus
1105 5205 1360 5262 charitati
1403 5205 1703 5261 consulitur
1725 5245 1741 5270 ,
1789 5219 1913 5259 cum

337 5305 396 5357 in
426 5303 674 5358 creandis
703 5315 919 5371 quoque
967 5299 1198 5370 idipsam
1249 5298 1391 5353 Deus
1441 5313 1624 5352 rerum
1672 5297 1912 5351 omnium

334 5393 626 5456 conditor,
675 5406 998 5462 procurasse
1039 5391 1306 5444 videatur.
1361 5389 1490 5443 Nam
1538 5404 1660 5444 cum
1713 5390 1764 5442 in
1797 5388 1914 5456 ipso

335 5493 552 5539 natura:
576 5483 881 5552 incipientis
907 5482 1150 5542 exordio,
1186 5495 1255 5534 ex
1297 5479 1523 5549 singulis
1551 5481 1915 5534 animantibus

335 5590 449 5629 non
471 5588 604 5636 una,
633 5573 726 5627 sed
753 5572 918 5626 multa
944 5578 1205 5635 creasset,
1228 5569 1369 5624 sicut
1398 5569 1624 5640 legitur:
1662 5586 1680 5620 ι
1700 5567 1915 5623 meavit

336 5665 486 5719 Deus
521 5671 640 5718 cete
669 5661 894 5732 grandia
927 5659 1080 5730 (Gen.
1115 5659 1231 5731 1);)
1263 5667 1316 5715 et
1344 5659 1501 5729 paulo
1528 5669 1652 5729 post
1687 5677 1700 5713 :
1745 5677 1763 5710 ι
1784 5658 1915 5713 Pro-

335 5755 528 5818 ducat,
561 5751 756 5823 inquit,
793 5750 1228 5820 terrajumenta,
1274 5758 1329 5804 et
1355 5750 1590 5822 reptilia,
1622 5757 1674 5805 et
1710 5747 1914 5803 bestias

2005 3307 2209 3375 peritos
2245 3307 2319 3360 ita
2349 3306 2588 3374 potuisse
2638 3305 2914 3374 desipere,
2961 3313 3021 3358 ut
3056 3306 3296 3375 subjecta
3339 3306 3495 3376 183
3533 3306 3594 3359 ﬁ-

2006 3413 2136 3470 gura
2171 3439 2186 3464 ,
2249 3398 2424 3453 oculis
2481 3397 2769 3451 videantur
2822 3397 2877 3452 in
2926 3397 3282 3468 supputandis
3335 3398 3592 3468 gradibus

2005 3488 2262 3560 caligare.
2296 3487 2396 3555 Qui
2421 3485 2678 3541 nimirum
2708 3487 2835 3542 dum
2859 3497 3110 3557 quartum
3134 3487 3345 3558 generis
3368 3489 3592 3558 gradum

2004 3590 2252 3635 octavum
2287 3577 2512 3645 faciunt,
2559 3577 2688 3650 quid
2731 3593 2895 3648 super
2944 3578 3047 3634 hac
3093 3586 3247 3649 parte
3277 3579 3442 3634 etiam
3483 3595 3594 3634 suae

2006 3673 2153 3743 leges
2184 3671 2478 3738 deﬁniant,
2526 3685 2636 3725 non
2685 3671 2989 3726 attendunt.
3040 3669 3146 3726 Sed
3185 3680 3245 3725 ut
3286 3672 3352 3725 ad
3388 3671 3593 3726 exitum

2008 3762 2218 3819 facilius
2243 3761 2424 3818 valeat
2453 3761 2742 3831 pervenire
2764 3761 2905 3830 quod
2931 3759 3180 3823 dicimus,
3213 3775 3400 3814 sacros
3428 3775 3595 3814 cano-

2009 3866 2105 3906 nes
2139 3867 2264 3906 cum
2292 3850 2422 3920 ipsis
2451 3848 2740 3904 mundanis
2770 3847 2974 3917 legibus
3011 3849 3373 3903 conferamus.
3421 3847 3596 3903 Habet

2009 3953 2187 3998 autem
2235 3943 2339 3997 hoc
2377 3940 2648 4002 Meldense
2675 3938 2999 3994 concilium:
3038 3957 3057 3990 ο
3080 3938 3155 3993 De
3181 3937 3443 3993 afﬁnitate
3463 3978 3479 4003 ,
3513 3939 3599 3992 in-

2010 4035 2152 4104 quit,
2175 4032 2457 4102 sanguinis
2477 4045 2575 4100 per
2603 4031 2805 4100 gradus
2831 4029 3168 4099 cognationis
3197 4028 3396 4099 placuit
3423 4043 3594 4098 usque

2012 4123 2299 4193 septimam
2335 4121 2738 4191 generationem
2785 4120 3128 4175 observare.»
3172 4118 3304 4173 Nam
3335 4129 3389 4173 et
3416 4119 3594 4174 luere-

2013 4216 2156 4272 ditas
2184 4229 2366 4270 rerum
2409 4229 2508 4284 per
2544 4211 2744 4284 legales
2788 4211 3127 4268 deﬁnitiones
3157 4212 3400 4266 sancitur
3421 4227 3597 4280 usque

2014 4304 2082 4361 ad
2108 4305 2396 4376 septimum
2439 4302 2662 4375 gradum
2693 4302 3027 4372 prmtendere
3055 4301 3330 4356 haeredum
3375 4316 3596 4356 succes-

2015 4396 2257 4452 sionem:
2295 4410 2403 4449 non
2441 4392 2584 4448 enim
2621 4393 3006 4458 succederent,
3053 4391 3156 4447 nisi
3203 4391 3375 4451 eisde
3400 4407 3598 4464 propa-

1938 4535 1988 4593 Β
2017 4486 2142 4557 gine
2167 4483 2507 4555 cognationis
2540 4482 2847 4539 deberetur.

2089 4575 2397 4631 Secundum
2421 4575 2523 4629 hoc
2550 4575 2714 4644 igitur
2735 4574 3018 4630 sententias
3039 4575 3312 4643 synodalia
3334 4575 3595 4643 edictum,

2019 4665 2108 4720 cui
2133 4665 2393 4734 competit
2410 4662 2501 4731 jus
2522 4664 2873 4726 liwreditatis,
2900 4663 3158 4730 competit
3187 4665 3352 4718 etiam
3378 4667 3598 4734 propin-

2021 4755 2202 4825 quitas
2230 4753 2464 4824 generis.
2492 4752 2679 4823 Neque
2703 4753 2869 4817 enim,
2896 4761 2954 4805 ut
2979 4751 3196 4818 dicitur,
3227 4753 3278 4808 in
3313 4755 3596 4810 haeredita-

2021 4853 2129 4899 tem
2161 4843 2556 4906 succederent,
2611 4841 2713 4896 nisi
2763 4840 2828 4894 ad
2862 4843 3203 4912 cognationis
3248 4847 3595 4916 propaginem

2021 4932 2372 5001 pertinerent.
2400 4931 2472 4985 At
2495 4929 2584 4985 hic
2611 4927 2834 4985 forsitan
2881 4933 3271 5002 respondetur,
3302 4936 3426 5004 quia
3452 4938 3596 5006 quod

2014 5023 2101 5078 his
2124 5021 2305 5077 verbis
2326 5030 2530 5091 septem
2555 5021 2930 5091 generationes
2958 5023 3240 5078 observari
3263 5024 3596 5096 praecipitur,

2015 5130 2360 5185 nequaquam
2392 5113 2495 5169 illis
2526 5113 2738 5181 attinet,
2770 5115 2860 5184 qui
2893 5131 2957 5170 ex
3011 5117 3179 5172 latere
3205 5118 3466 5172 veniunt:
3505 5119 3598 5174 sed

2015 5201 2083 5256 ad
2107 5217 2200 5258 eos
2225 5203 2423 5272 potius,
2451 5202 2545 5274 qui
2575 5211 2721 5258 recta
2746 5203 2889 5258 linea
2914 5220 2943 5257 a
2977 5220 3231 5274 supremo
3254 5208 3599 5276 progenitore

2017 5294 2373 5349 descendunt.
2405 5293 2512 5350 Sed
2542 5295 2588 5350 si
2614 5293 2921 5361 hujusmodi
2958 5297 3200 5365 personis
3249 5299 3332 5353 vel
3375 5299 3442 5352 ad
3475 5314 3598 5354 suc-

2022 5388 2340 5453 cedendum,
2369 5387 2454 5442 vel
2485 5387 2551 5441 ad
2579 5387 2972 5458 conjugandum
3000 5390 3288 5445 terminum
3318 5392 3597 5462 Scriptura

2023 5479 2345 5549 pra-ﬁgeret,
2369 5477 2613 5548 profecto
2638 5495 2751 5536 rem
2775 5479 3038 5535 inﬁnitam
3069 5485 3315 5552 angustis
3336 5485 3601 5544 limitibus

2023 5579 2355 5634 coarctaret,
2390 5569 2694 5628 Iustiniano
2747 5582 2920 5638 teste,
2963 5574 3052 5644 qui
3095 5576 3225 5630 dicit
3266 5577 3462 5647 (lnstit.
3503 5579 3596 5633 lib.

2024 5677 2064 5725 ι,
2098 5661 2178 5715 tit.
2219 5661 2298 5715 De
2325 5671 2492 5732 nupt.,
2524 5677 2739 5735 paragr.
2786 5663 2927 5734 Ergo
2976 5682 3079 5720 non
3127 5672 3369 5738 omnes):
3414 5669 3602 5723 «Inter

1972 5786 1974 5788 τ
2023 5765 2118 5805 eas
2144 5766 2430 5823 personas,
2476 5768 2597 5822 cum
2640 5765 2921 5823 parentum
2951 5795 2966 5820 ,
3011 5755 3594 5818 liberorumvelocum
