3996 6184
406 384 509 438 195

864 379 920 432 S.
957 376 1158 433 PETRI
1198 371 1483 428 DAMIANl
1522 370 1674 440 OPP.
1706 363 1943 423 TOMUS
1982 363 2113 419 SEU
2148 364 2329 419 PARS
2369 365 2455 418 111.
2482 363 2933 420 —0PUSCULA
2979 363 3207 419 VARlA.

3569 365 3671 420 196

408 503 550 556 inter
569 514 627 554 se
649 497 917 557 obtinent,
944 492 1143 562 nuptiae
1164 487 1410 544 contrahi
1434 502 1540 540 non
1571 492 1795 555 possunt
1824 500 1836 533 ;
1871 480 1983 532 vcl—
2015 480 2062 538 A
2089 479 2253 532 etiam
2284 479 2411 547 quid
2443 479 2745 532 Romanum
2786 486 3005 533 censeat
3038 477 3107 533 de
3141 478 3460 549 cognatione
3494 480 3674 533 conci-

406 602 468 647 ut
521 592 662 646 inter
703 597 915 657 patrem
961 592 1017 636 et
1065 582 1227 635 ﬁliam
1254 617 1267 638 .
1311 579 1487 627 aviam
1530 582 1586 627 et
1627 580 1898 641 nepotem,
1930 580 1985 623 et.

408 697 578 750 usque
607 680 672 734 ad
702 677 1017 731 inﬁnitum.)
1074 665 1261 718 Restat
1310 678 1442 732 ergo
1487 671 1547 714 ιιι
1597 660 1981 730 intelligamus,

408 772 529 830 αυίει
554 771 603 812 in
633 769 717 812 tus
739 754 1004 825 personis,
1029 768 1147 821 qum
1168 752 1490 805 altrinsecus
1513 750 1757 812 veniunt,
1781 760 1984 817 septem

395 849 786 919 generationes
820 847 1115 899 observare
1144 842 1421 896 debemus.

1028 955 1258 1010 CAPUT
1303 956 1362 1009 V.

459 1051 521 1106 In
566 1051 691 1121 legis
744 1050 937 1121 peritos
985 1049 1282 1121 invehitur,
1328 1063 1457 1121 quos
1508 1057 1556 1100 et
1615 1047 1680 1100 de
1713 1047 1938 1116 propriis

978 1118 1173 1186 legibus
1197 1118 1447 1169 convenit.
1496 1176 1501 1177 ν

479 1211 634 1266 Nunc
660 1211 827 1281 igitur
856 1208 1214 1277 inquiramus,
1265 1220 1295 1258 a
1339 1205 1546 1259 duobus
1577 1205 1849 1274 germanis
1876 1203 1955 1256 fra

408 1301 579 1354 tribus
604 1299 1014 1360 descendentes,
1038 1303 1203 1365 quoto
1245 1295 1412 1365 gradu
1461 1295 1564 1348 sibi
1598 1296 1825 1349 invicem
1863 1310 1988 1362 pos-

406 1398 532 1443 sunt
562 1388 613 1442 in
648 1387 1019 1464 hmreditatem
1043 1385 1375 1440 succedere?
1403 1383 1508 1438 Vos
1536 1383 1732 1448 denuo,
1754 1383 1986 1451 judices,

405 1480 666 1548 alloquor,
690 1493 786 1533 vos
808 1478 873 1531 de
901 1476 1018 1546 lege
1046 1486 1230 1530 vestra
1257 1476 1520 1529 convenio
1546 1490 1561 1528 :
1600 1490 1712 1539 vos,
1741 1476 1984 1545 inquam,

407 1576 542 1647 legis
563 1576 743 1646 periti,
768 1575 858 1643 qui
882 1573 1004 1641 jura
1034 1572 1348 1627 scrutamini
1372 1613 1386 1632 ,
1415 1573 1505 1640 qui
1545 1588 1738 1626 causas
1771 1588 1989 1642 perora-

409 1667 498 1727 tis.
540 1666 755 1734 inquiro
783 1682 795 1717 :
840 1662 1029 1718 Utrum
1060 1663 1126 1725 is,
1153 1662 1245 1730 qui
1279 1671 1433 1716 sexto
1459 1661 1577 1715 loco
1602 1662 1668 1715 ab
1690 1678 1796 1716 uno
1823 1662 1989 1717 fratre

408 1756 711 1819 descendit,
737 1754 859 1824 jure
893 1762 1117 1806 vocetur
1164 1752 1215 1805 in
1262 1752 1630 1806 litereditatem
1682 1752 1843 1816 illius,
1895 1752 1985 1822 qui

2085 567 2236 621 lium.
2272 568 2365 623 «Si
2409 569 2565 638 quis,
2613 569 2807 637 inquit,
2838 569 2904 623 de
2947 568 3162 637 propria
3196 568 3551 636 cognatione,
3583 569 3668 622 vcl

2086 672 2247 725 quam
2295 667 2558 728 cognatus
2600 658 2809 719 habuit,
2862 659 2914 711 in
2961 658 3211 729 conjugio
3256 658 3489 719 duxerit,
3539 673 3672 713 aua-

2088 747 2267 799 tbema
2299 747 2386 799 sit.
2406 768 2423 798 ι

2705 835 2934 891 CAPUT
2976 837 3063 890 Vl.

2124 928 2276 994 Quod
2312 928 2669 998 generationes
2691 967 2706 990 ,
2731 942 2849 998 qua;
2884 927 3124 995 utrinque
3144 926 3207 979 ob
3234 942 3336 979 uno
3357 929 3634 995 prodeunt,

2436 998 2651 1051 debeant
2691 996 2994 1065 simpliciter
3040 998 3326 1049 numerari.

2160 1110 2465 1165 Debuerant
2494 1110 2707 1178 quidem
2753 1107 2868 1176 jam
2908 1110 3023 1163 haec
3065 1124 3235 1179 pauca
3263 1108 3528 1173 sullieere,
3557 1111 3602 1165 si
3636 1111 3671 1165 ii

2086 1217 2210 1256 cum
2247 1200 2443 1270 quibus
2473 1216 2607 1270 ago,
2642 1207 2827 1270 utpote
2858 1200 3042 1254 litibus
3087 1201 3317 1265 assueti,
3363 1200 3566 1255 scirent
3621 1202 3674 1255 in

2090 1292 2523 1347 controversiam
2553 1307 2724 1361 pauca
2755 1306 2992 1346 movere.
3035 1290 3169 1344 Illud
3206 1292 3389 1360 itaque
3420 1294 3526 1345 sub
3544 1308 3676 1345 ocu-

2090 1384 2169 1438 los
2198 1397 2551 1446 revocemus,
2602 1383 2744 1452 quod
2771 1383 3078 1438 causidicos
3111 1392 3324 1437 nostros
3354 1398 3417 1435 ex
3452 1386 3563 1436 suis
3596 1384 3671 1434 lc-

2091 1475 2249 1546 gibus
2271 1474 2429 1529 nobis
2450 1472 2715 1543 objecissc
2738 1488 2899 1543 supra
2933 1473 3234 1533 retulimus.
3260 1474 3507 1528 videlicet
3534 1474 3675 1542 quod

2091 1579 2306 1640 neptem
2336 1568 2550 1633 fratris,
2594 1567 2676 1623 vel
2708 1554 2912 1622 sororis
2943 1567 3141 1621 ducere
3171 1568 3294 1635 quis
3329 1581 3436 1620 non
3469 1575 3671 1637 potest,

2092 1659 2341 1729 quamvis
2370 1666 2566 1727 quarto
2609 1657 2776 1728 gradu
2826 1657 2915 1711 sit.
2966 1655 3211 1725 Cumque
3262 1656 3313 1709 in
3369 1655 3676 1711 astruendis

2092 1747 2324 1817 propriis
2360 1745 2775 1817 allegationibus
2800 1746 2998 1815 sarpius
3036 1746 3199 1799 verba
3229 1745 3341 1799 haec
3378 1746 3671 1799 iterarent:

409 1862 475 1898 ex
507 1844 679 1898 altero
724 1853 874 1896 sexta
929 1857 1115 1895 rursus
1165 1841 1510 1909 generatione
1557 1841 1834 1909 procedit?
1883 1820 1988 1895 Sed
2023 1820 2063 1877 Β
2094 1839 2291 1894 deinde
2328 1838 2723 1902 ratiocinando,
2766 1837 3110 1899 assumendo,
3145 1836 3465 1907 colligendo.
3498 1836 3677 1890 multi-

408 1944 558 1988 certe
590 1932 772 2001 negari
802 1932 1024 1985 omnino
1048 1946 1150 1984 non
1176 1940 1369 2000 potest,
1395 1930 1524 1999 quin
1549 1931 1593 1984 si
1620 1930 1758 1984 alter
1778 1946 1990 1993 eorum,

410 2036 546 2090 quos
573 2019 949 2089 proposuimus
976 2058 991 2081 ,
1040 2018 1325 2072 intestatus
1374 2017 1603 2071 moritur
1626 2058 1641 2081 ,
1690 2033 1812 2071 cmn
1848 2017 1993 2071 nulla

408 2120 583 2165 exstet
624 2125 855 2180 persona
904 2108 1264 2178 propinquior
1290 2148 1306 2170 ,
1348 2106 1484 2160 alter
1523 2108 1574 2160 in
1621 2107 1991 2161 haereditate":

409 2200 526 2269 ejus
552 2199 758 2268 legibus
785 2198 1106 2251 admittatur
1128 2236 1143 2262 ,
1197 2206 1379 2267 atque,
1414 2206 1471 2249 ut
1498 2196 1597 2266 ipsi
1625 2196 1870 2250 debeatis
1900 2212 1996 2265 ap-

409 2291 641 2359 probare
669 2290 811 2359 quod
844 2288 1105 2349 dicimus,
1156 2288 1221 2342 de
1269 2288 1467 2343 vestris
1492 2303 1683 2343 rursus
1727 2288 1993 2343 Institutis

413 2380 789 2436 testimonium
830 2381 1186 2450 proferamus.
1230 2378 1435 2432 Dicitur
1463 2380 1606 2432 enim
1651 2377 1768 2447 (lib.
1800 2395 1881 2442 ιιι,
1908 2379 1990 2431 tit.

408 2472 487 2526 De
516 2456 655 2540 legit.
685 2481 864 2540 agitat.
893 2487 1140 2534 σπείρει,
1170 2484 1383 2540 paragr.
1423 2467 1705 2537 Cmterttm)
1738 2487 1749 2520 :
1792 2486 1809 2519 ι
1850 2468 1996 2522 Inter

410 2563 681 2617 masculos
707 2562 1154 2632 agnationisjure
1185 2562 1491 2621 hrcrcditas,
1520 2562 1685 2614 etiam
1716 2561 1759 2614 si
1792 2560 1994 2629 longis-

408 2656 548 2709 simo
578 2654 745 2725 gradu
778 2655 907 2717 sint,
937 2654 1112 2717 ultro,
1158 2654 1403 2723 citroque
1442 2653 1707 2722 capitur.»
1742 2652 1809 2706 Et
1836 2652 1995 2721 paulo

407 2754 571 2815 post:
618 2763 636 2794 ι
660 2743 881 2798 Masculi
933 2759 1061 2797 vero
1092 2743 1159 2795 ad
1194 2759 1378 2797 eorum
1424 2742 1670 2796 videlicet
1705 2741 1992 2796 mulierum

409 2838 778 2901 lucredilates,
811 2836 973 2891 etiam
1007 2836 1051 2888 si
1084 2835 1396 2905 longissimo
1424 2836 1589 2905 gradu
1620 2835 1750 2893 sint.
1799 2834 1995 2888 admit-

409 2938 649 2983 tantur.»
705 2928 761 2981 Si
804 2942 932 2995 ergo
975 2926 1288 2994 longissimo
1328 2926 1492 2996 gradu
1548 2941 1653 2979 non
1695 2924 1869 2987 infra,
1909 2924 1992 2978 vel

409 3033 612 3087 supra;
667 3018 760 3071 sed
810 3017 953 3071 ultro
994 3016 1239 3084 citroque
1283 3016 1572 3070 hzcreditas
1616 3016 1869 3085 capitur:
1913 3024 1989 3079 et,

410 3110 551 3164 sicut
582 3110 921 3178 praemissum
953 3117 1056 3167 est,
1090 3123 1192 3161 non
1243 3117 1420 3176 potest
1465 3110 1588 3177 quis
1615 3109 1667 3162 in
1701 3109 1987 3163 [neredita-

410 3209 518 3255 tem
551 3200 806 3261 defuncto
853 3199 1177 3256 succedere.
1232 3199 1330 3253 nisi
1369 3216 1529 3270 quem
1577 3201 1881 3255 constiterit
1923 3203 1990 3255 ad

408 3289 652 3345 eamdem
695 3290 1007 3360 progeniem
1062 3289 1363 3358 pertinere;
1408 3290 1565 3344 valde
1602 3298 1988 3359 pmpostcrum

408 3388 494 3433 est
535 3388 697 3449 atque
723 3381 1030 3443 confusum,
1064 3388 1123 3432 ut
1163 3378 1198 3432 ii
1240 3379 1331 3448 qui
1372 3390 1570 3448 quarto
1612 3380 1782 3449 gradu
1812 3395 1840 3433 a
1868 3396 1992 3450 ger-

410 3469 589 3521 manis
614 3468 871 3523 fratribus
894 3469 1180 3538 prodeunt,
1204 3467 1314 3535 jam
1344 3468 1484 3524 inter
1505 3484 1562 3522 se
1587 3470 1990 3525 matrimonium

409 3556 762 3621 contrahant;
797 3572 919 3611 cum
948 3557 981 3611 ii
1013 3558 1103 3626 qui
1132 3557 1293 3629 184
1326 3567 1444 3627 post
1466 3574 1560 3613 eos
1588 3569 1731 3622 sunt,
1761 3559 1990 3615 necdum

403 3644 494 3719 jus
515 3647 868 3702 haereditarire
894 3650 1252 3704 successionis
1274 3650 1542 3703 amittant.
1580 3651 1756 3707 Unum
1793 3654 1992 3721 quippe

404 3738 495 3807 jus
523 3738 753 3792 alterum
777 3738 932 3806 tollit,
962 3748 1021 3793 ut
1044 3739 1291 3794 videlicet
1320 3741 1403 3794 cui
1429 3750 1580 3810 potes
1616 3741 1846 3797 haeredis
1866 3743 1990 3810 jure

408 3833 720 3896 succedere,
752 3847 871 3886 eam
899 3830 1052 3887 nefas
1081 3834 1153 3886 sit
1176 3832 1441 3901 conjugali
1475 3834 1568 3888 tibi
1598 3833 1801 3889 fmtlere
1827 3853 1991 3905 copu-

408 3920 523 3976 lare
548 3962 563 3985 ,
593 3931 648 3976 et
676 3920 957 3977 ediverso
999 3924 1049 3976 in
1089 3939 1251 3992 quatn
1297 3926 1555 3995 competit
1592 3924 1682 3993 jus
1730 3928 1988 3998 conjugii,

408 4022 585 4068 cessat
609 4028 805 4067 nomen
839 4015 1082 4068 bmrcdis.

478 4102 552 4155 At
578 4100 811 4156 fortasse
839 4103 1054 4167 dicitis,
1093 4105 1215 4173 quia
1259 4105 1603 4173 longissimus
1635 4108 1853 4177 gradus,
1883 4102 1991 4163 nOn

408 4191 705 4261 incongrue
734 4193 895 4245 etiam
918 4204 1171 4261 quartus,
1207 4196 1298 4263 qui
1337 4198 1478 4263 apud
1507 4212 1602 4249 vos
1629 4207 1857 4253 octavus
1887 4209 1989 4262 est,

408 4281 582 4351 possit
610 4282 851 4351 intelligi.
882 4281 1221 4352 Quapropter
1242 4284 1309 4336 ad
1339 4293 1547 4338 vestros
1576 4287 1812 4350 codices,
1841 4302 1989 4356 qua:-

408 4384 491 4433 so,
520 4370 807 4434 recurrite,
839 4379 893 4424 et
934 4380 1110 4424 utrum
1145 4371 1248 4425 hoc
1286 4371 1454 4426 limite
1484 4373 1557 4426 sit
1580 4383 1830 4428 contenta
1869 4391 1992 4445 pro-

2098 1932 2257 1987 moda
2300 1930 2703 1985 cavillationum
2758 1938 3080 1998 argumenta
3134 1936 3566 1997 componerent;
3622 1927 3674 1980 in

2096 2033 2248 2079 arcto
2283 2024 2512 2093 positus,
2566 2022 2670 2076 hac
2718 2036 2838 2091 quae
2882 2034 2947 2073 eo
3001 2019 3103 2073 loci
3157 2033 3444 2073 occurrere
3484 2016 3675 2086 potuit.

2093 2130 2224 2169 voce
2254 2113 2505 2183 respondi
2536 2128 2552 2167 :
2582 2111 2755 2174 Hanc,
2803 2112 3042 2179 inquam,
3076 2109 3533 2179 supputationem,
3558 2121 3678 2176 qua:

2094 2188 2300 2269 fratris,
2338 2205 2421 2259 vel
2462 2204 2666 2259 sororis
2702 2212 2916 2273 neptem
2961 2218 2990 2256 a
3033 2211 3245 2272 patruo,
3294 2200 3378 2256 vel
3415 2199 3679 2254 avunculo

2096 2309 2292 2365 magno
2322 2305 2517 2363 quarto
2545 2294 2822 2349 constituit
2847 2293 3049 2363 gradu;
3087 2291 3252 2346 lilium
3282 2306 3410 2346 vero
3436 2290 3675 2358 ejusdem

2096 2388 2311 2457 patrui,
2351 2386 2437 2441 vel
2479 2385 2749 2448 avunculi,
2777 2385 2919 2439 sicut
2944 2384 3144 2446 dicitis,
3172 2384 3379 2452 quin'o,
3429 2394 3677 2453 nepotem

2094 2486 2290 2534 sexto:
2331 2485 2680 2544 pronepotem
2713 2484 2891 2527 autem
2931 2474 3048 2543 ejus
3083 2474 3150 2526 ab
3178 2473 3365 2528 eadem
3393 2489 3510 2541 quae
3542 2489 3679 2542 pra:-

2095 2566 2260 2619 tnissa
2306 2573 2422 2630 cst,
2472 2573 2632 2633 nepte
2662 2563 2951 2632 septimum
2983 2570 3259 2626 numerat;
3292 2560 3533 2615 forenses
3559 2560 3679 2630 qui-

2095 2656 2214 2708 dem
2251 2655 2394 2725 leges
2424 2653 2626 2707 habere
2648 2694 2662 2717 ,
2714 2654 2839 2723 quia
2890 2653 2956 2705 ad
3006 2652 3057 2706 id
3090 2660 3371 2720 tantopere
3400 2650 3673 2715 insistitis,

2094 2755 2341 2814 possunt,
2381 2745 2473 2798 sed
2522 2759 2640 2798 eam
2674 2745 2810 2798 sacri
2858 2749 3093 2797 canones
3134 2758 3236 2796 non
3269 2741 3576 2796 admittunt.
3610 2740 3679 2795 Et

2097 2851 2281 2889 revera
2325 2850 2417 2889 eas
2472 2835 2776 2904 progenies,
2831 2849 2949 2904 qua:
2990 2850 3085 2903 per
3122 2834 3363 2888 diversas
3409 2834 3579 2887 lineas
3609 2834 3679 2885 ab

2094 2942 2201 2979 uno
2232 2926 2445 2996 generis
2485 2935 2707 2980 auctore
2744 2926 3066 2994 procedunt,
3123 2940 3460 2994 nequaquam
3494 2925 3674 2978 divina

2095 3016 2179 3071 lex
2222 3017 2508 3086 dupliciter
2538 3024 2826 3070 numerat:
2868 3015 2959 3069 sed
2999 3017 3125 3069 licet
3164 3016 3343 3082 plures
3376 3015 3502 3068 hinc
3554 3014 3678 3081 inde

2093 3106 2643 3178 proﬂuantgeniti,ab
2666 3122 2773 3161 uno
2794 3115 2970 3159 tamen
2990 3107 3249 3176 genitore,
3280 3105 3321 3159 si
3354 3102 3681 3173 generaliter

2094 3199 2435 3267 colligantur,
2452 3197 2551 3251 sub
2567 3211 2669 3250 una
2694 3196 3035 3266 reperiuntur
3050 3193 3396 3264 generatione
3409 3192 3674 3247 concludi.

2166 3289 2273 3344 Sed
2326 3288 2455 3357 quia
2506 3302 2628 3341 cum
2686 3286 2821 3356 legis
2878 3285 3176 3356 peritorum
3230 3282 3405 3337 faceta
3458 3283 3681 3335 urbani-

2095 3388 2204 3435 tate
2266 3378 2644 3449 conﬂigimus,
2706 3376 2839 3446 legis
2903 3376 3132 3444 peritum
3196 3388 3410 3443 quoque
3465 3373 3517 3426 in
3584 3388 3681 3426 no-

2093 3480 2220 3525 strae
2280 3471 2451 3541 partis
2540 3468 2907 3523 testimonium
2975 3467 3388 3537 producamus:
3454 3466 3676 3535 Moysen

2093 3561 2347 3626 scilicet,
2405 3576 2510 3614 non
2554 3559 2965 3629 improbandum
3018 3573 3148 3611 sane
3194 3554 3674 3624 jurisconsultuut,

2092 3647 2255 3719 185
2281 3650 2373 3703 sed
2414 3649 2525 3703 sive
2548 3649 2613 3701 ad
2653 3647 3042 3717 depromendos
3083 3645 3355 3713 judicialis
3395 3646 3677 3715 sententia:

2092 3740 2348 3804 calculos,
2380 3741 2494 3793 sive
2536 3740 2699 3793 etiam
2750 3740 2800 3792 in
2848 3739 2979 3808 ipsis
3021 3738 3225 3808 legibus
3271 3737 3677 3807 promulgandis

2092 3846 2199 3885 non
2223 3831 2516 3901 vulgariter
2540 3831 2831 3885 eruditum.
2858 3830 2910 3882 In
2940 3829 3199 3898 magistro
3228 3830 3491 3898 siquidem
3517 3828 3676 3881 disci-

2092 3936 2235 3985 mus,
2282 3922 2410 3990 quid
2448 3919 2515 3974 de
2557 3934 2666 3973 non
2714 3924 3117 3995 contemnendae
3176 3918 3366 3972 indolis
3414 3918 3675 3988 discipulo

2091 4017 2409 4072 sentiamus.
2435 4015 2628 4070 Veniat
2657 4029 2806 4083 ergo,
2841 4022 2895 4067 et
2927 4013 3074 4067 litem
3106 4013 3248 4066 inter
3270 4026 3391 4074 nos,
3416 4026 3532 4080 qua:
3557 4025 3679 4063 ver-

2091 4119 2277 4173 satur,
2307 4109 2373 4162 de
2423 4107 2776 4176 generatione
2823 4105 3045 4159 definiat
3077 4124 3091 4157 :
3130 4105 3207 4158 ait
3236 4117 3470 4171 namque
3495 4102 3563 4156 de
3586 4100 3680 4155 «ἰο-

2090 4201 2222 4267 scph
2257 4216 2269 4251 :
2309 4216 2327 4248 ι
2378 4198 2630 4264 V'ixitque
2670 4205 2883 4250 centum
2945 4210 3150 4260 annos;
3220 4213 3239 4245 ι
3295 4194 3487 4248 deinde
3548 4196 3680 4247 sub-

2082 4289 2263 4358 junxit
2295 4308 2308 4343 :
2346 4307 2365 4340 ι
2408 4289 2475 4342 Ει
2523 4289 2659 4342 vidit
2719 4288 2978 4357 Ephraim
3032 4288 3169 4343 filios
3232 4303 3401 4357 usque
3461 4288 3527 4342 ad
3569 4296 3677 4342 ter-

2093 4384 2223 4438 tiam
2259 4383 2662 4454 generationem
2701 4380 2853 4451 (Gen.
2904 4383 2979 4451 L).
3020 4402 3038 4434 ι
3080 4382 3181 4449 Qui
3224 4382 3477 4435 nimirum
3533 4381 3577 4433 si
3619 4382 3673 4435 in

410 4465 760 4535 genies,quia
784 4465 1007 4521 forsitan
1032 4468 1253 4531 excidit,
1287 4468 1338 4521 in
1368 4470 1683 4525 memoriam
1716 4483 1985 4528 revocate.
2016 4490 2066 4548 ο
2092 4472 2533 4543 generationibus
2579 4471 2935 4541 supputandis
2991 4486 3112 4525 cum
3168 4472 3367 4525 nostris
3405 4470 3676 4538 iudicibus

409 4555 501 4608 Ait
531 4570 763 4625 namque
791 4557 877 4611 ubi
916 4573 1076 4627 supra
1109 4558 1248 4612 idem
1285 4559 1621 4616 Justinianus
1645 4562 1761 4631 (lib.
1789 4580 1869 4629 Ill,
1904 4568 1985 4620 tit.

411 4643 489 4700 De
508 4663 731 4702 success.
756 4664 929 4718 cogn.,
948 4665 1191 4721 paragr.,
1222 4651 1337 4706 Hoc
1367 4652 1500 4724 loco)
1520 4671 1533 4707 :
1557 4673 1573 4705 ι
1600 4654 1711 4709 Hoc
1734 4656 1868 4721 loco,
1903 4660 1985 4712 in-

411 4735 547 4804 quit,
573 4746 628 4790 et
658 4736 784 4791 illud
831 4740 1134 4794 necessario
1163 4741 1482 4797 admonendi
1514 4760 1722 4803 sumus.
1750 4747 1989 4814 agnatio-

413 4827 496 4881 nis
533 4827 749 4896 quidem
784 4827 908 4896 jure
948 4832 1159 4885 admitti
1198 4832 1429 4908 aliquem
1478 4835 1544 4887 ad
1594 4836 1959 4891 baereditatem

410 4918 514 4971 etsi
546 4918 752 4971 decimo
781 4920 946 4987 gradu
981 4921 1068 4974 sit.
1110 4941 1128 4973 ι
1159 4922 1292 4977 Cum
1324 4940 1453 4996 ergo
1479 4935 1719 4990 constet,
1765 4928 1887 4995 quia
1931 4928 1988 4982 in

413 5006 777 5061 ltzereditatem
799 5008 1045 5088 intestati
1068 5012 1245 5071 nullus
1274 5014 1593 5080 admittitur,
1618 5016 1719 5070 nisi
1753 5017 1981 5071 affinita-

413 5096 483 5151 tis
510 5095 582 5150 illi
606 5095 730 5163 jure
751 5095 1036 5166 jungatur,
1062 5116 1168 5168 quo
1200 5112 1359 5172 pacto
1403 5103 1643 5159 decimus
1675 5107 1725 5158 in
1760 5108 1983 5161 Incredi-

413 5195 578 5239 tatem
605 5188 907 5256 agnationis
930 5188 1049 5258 jure
1078 5193 1341 5254 succedit,
1370 5209 1488 5247 cum
1510 5194 1621 5262 jam
1652 5207 1896 5263 quartus,
1926 5209 1989 5253 ut

411 5277 612 5342 dicitis,
645 5293 766 5333 cum
798 5278 1099 5349 hujusntodi
1132 5283 1375 5350 personis
1404 5283 1550 5337 licito
1580 5288 1988 5340 matrimonium

412 5371 716 5437 contrahit,
764 5373 1017 5425 nimirum
1068 5382 1315 5441 tanquam
1366 5372 1609 5431 decimus
1653 5378 1721 5431 sit
1765 5380 1985 5448 pr0pin-

414 5475 584 5527 quus,
626 5471 679 5514 et
725 5474 949 5530 quartus
984 5464 1232 5518 videatur
1260 5468 1589 5519 extraneus?
1625 5467 1777 5533 Quod
1806 5471 1848 5523 si
1871 5472 1981 5540 jam

414 5561 512 5615 per
540 5549 671 5613 haec,
699 5566 818 5618 qua:
844 5554 1091 5621 superius
1127 5555 1513 5625 comprehensa
1554 5568 1678 5609 sunt
1703 5598 1716 5616 .
1750 5570 1983 5625 constat,

414 5637 537 5703 quia
582 5638 615 5689 ii
678 5641 765 5707 qui
824 5642 965 5694 ultro
1014 5645 1260 5712 citroque
1302 5645 1352 5697 in
1401 5656 1593 5715 quarto
1644 5648 1985 5716 reperiuntur

412 5728 605 5801 gradu,
648 5745 856 5799 cognati
915 5745 1059 5797 sunt,
1115 5745 1273 5804 atque
1328 5737 1647 5806 pr0pinqui;
1703 5738 1983 5794 audiamus

2090 4564 2487 4627 concordaret,
2546 4564 2613 4618 ad
2694 4562 2991 4618 Manasscm
3063 4577 3275 4632 quoque
3353 4562 3673 4631 respiciens,

2089 4653 2344 4723 Ephraim
2372 4654 2682 4722 progeniem
2707 4668 2812 4706 non
2838 4654 2948 4723 jam
2980 4653 3213 4717 tertiam,
3233 4653 3324 4707 sed
3348 4664 3555 4706 sextam
3578 4668 3675 4721 po-

2093 4744 2197 4798 tius
2241 4742 2584 4796 astruxisset.
2642 4740 2775 4795 Nam
2834 4751 2889 4795 et
2946 4757 3067 4795 mox
3117 4742 3383 4809 sequitur,
3434 4743 3668 4795 dicens:

2096 4852 2114 4884 ι
2154 4833 2271 4886 Filii
2317 4848 2530 4901 quoque
2571 4831 2776 4885 Machir
2805 4831 2894 4885 lilii
2927 4831 3169 4885 Manasse
3195 4832 3307 4885 nati
3338 4841 3461 4885 sunt
3492 4832 3544 4883 in
3580 4848 3673 4901 ge-

2089 4924 2246 4977 nibus
2271 4922 2469 4990 Joseph
2499 4921 2705 4991 (Ibid.).
2746 4940 2762 4971 ι
2799 4921 2930 4975 Cum
2986 4922 3149 4989 igitur
3180 4922 3338 4975 tertia
3386 4921 3671 4990 progenies

2089 5014 2367 5083 Ephraim,
2398 5014 2631 5081 itemque
2661 5012 2818 5065 tertia
2873 5012 3116 5066 Manasse
3156 5028 3498 5082 nequaquam
3540 5028 3668 5080 pro-

2089 5114 2211 5172 pter
2231 5104 2544 5158 alterutram
2594 5102 2736 5155 intcr
2782 5118 2839 5155 se
2865 5103 3234 5156 habitudinem
3292 5104 3542 5159 tenditur.
3574 5105 3669 5157 sed

2088 5193 2407 5268 simpliciter
2445 5197 2696 5265 utrinque
2733 5197 2923 5257 tertia,
2964 5204 3195 5249 testante
3243 5212 3399 5250 sacro
3430 5196 3665 5263 eloquio,

2089 5289 2435 5358 perhibetur;
2469 5304 2573 5357 qua
2621 5288 2962 5351 auctoritate,
2993 5303 3095 5355 qua
3146 5288 3382 5340 novitate
3404 5287 3668 5341 dOCtrintt‘

2090 5378 2316 5432 affinitas
2350 5380 2428 5432 sic
2476 5379 2729 5431 moderna
2777 5378 3053 5441 dividitur,
3080 5386 3136 5429 ut
3169 5377 3397 5430 duorum
3435 5376 3664 5429 fratrum

2087 5479 2408 5539 pronepotes
2451 5478 2571 5521 octo
2611 5468 2721 5537 jam
2766 5467 2984 5522 differre
3025 5470 3163 5521 inter
3192 5484 3249 5521 se
3290 5469 3539 5537 gradibus
3568 5468 3668 5522 do-

2087 5563 2343 5616 ceantur?
2377 5558 2605 5613 Abrahae
2657 5574 2874 5627 quoque
2915 5559 2980 5609 de
3037 5558 3158 5610 filiis
3205 5557 3320 5625 ejus
3374 5557 3662 5627 Aigyptum

2088 5650 2424 5717 postmodum
2472 5648 2815 5716 profcctunis,
2860 5650 3045 5701 eodem
3080 5649 3258 5717 Moyse
3288 5660 3442 5707 teste,
3482 5648 3663 5700 Domi-

2089 5753 2189 5791 nus
2221 5738 2349 5791 dicit
2381 5753 2393 5790 :
2433 5756 2449 5787 ι
2487 5737 2866 5799 Genet-alioue,
2916 5738 3106 5806 inquit,
3144 5750 3335 5807 quarta
3390 5745 3652 5791 reterteu-
