3996 6184
368 332 467 384 197

1329 331 1569 388 OI’USC.
1606 330 1733 384 Vlll.
1769 361 1831 369 —
1857 328 1943 383 DE
1984 327 2419 385 PARENTELE
2452 331 2822 390 GRADIBUS.

3520 344 3624 401 198

359 450 454 499 tur
475 442 578 494 huc
605 440 758 512 (Gen.
793 442 904 509 xv).
936 461 954 494 ι
991 441 1145 497 Enim
1183 459 1311 497 vero
1355 444 1399 497 si
1426 456 1616 496 omnes
1639 441 1944 511 generatio-
1973 450 2022 504 Α
2051 456 2204 496 mens
2229 455 2566 513 argumento,
2599 447 2965 515 Florentinus,
2989 463 3138 522 puto,
3173 457 3349 512 verbis
3375 475 3462 515 me
3483 461 3623 517 beati

365 545 478 589 nes.
509 546 628 599 qua:
680 531 780 585 sub
812 530 991 601 Moyse
1028 533 1094 586 de
1141 531 1378 602 [Egypto
1427 533 1477 585 in
1507 542 1649 585 terra
1691 529 1946 584 Chansan

364 635 596 674 reversae
625 630 772 685 sunt,
799 619 953 688 juxta
1003 624 1304 676 sententias
1334 634 1642 676 nostrorum
1677 619 1946 688 judicum,

360 727 465 764 vox
490 711 675 765 divina
702 712 985 778 divideret,
1011 729 1115 767 non
1140 713 1539 780 generationem
1566 720 1834 779 quartam,
1856 708 1950 763 sed

362 802 710 856 millesimam
760 805 956 871 potius,
992 804 1074 856 vel
1123 805 1433 858 ulteriorem
1475 812 1622 857 certe
1661 818 1948 856 numerum

360 895 696 960 protulisset.
728 895 859 948 Illud
907 896 1094 958 etiam,
1127 896 1270 964 quod
1302 911 1400 965 per
1426 893 1765 948 Psalmistam
1817 893 1950 948 dici-

362 994 491 1036 tur:
531 1002 551 1034 r
594 984 799 1039 Memor
829 985 925 1038 fuit
961 986 1108 1039 verbi
1155 986 1327 1040 sancti
1369 986 1472 1045 sui,
1503 985 1645 1054 quod
1676 984 1953 1038 mandavit

363 1072 418 1124 in
467 1072 616 1126 mille
663 1074 1047 1142 generationes
1075 1071 1250 1144 (Psal.
1276 1075 1419 1142 etv);
1458 1092 1476 1124 ι
1511 1089 1614 1126 non
1645 1073 1710 1126 ad
1740 1071 1950 1125 illarum

363 1163 603 1220 refertur
642 1167 1054 1235 generationem
1112 1167 1532 1229 multitudinem,
1568 1182 1688 1236 qua:
1716 1165 1816 1220 sub
1847 1180 1953 1219 uno

367 1265 612 1325 tempore
640 1257 693 1309 in
722 1255 824 1310 hac
853 1257 961 1310 vita
990 1258 1293 1312 subsistunt
1321 1275 1336 1310 ;
1378 1257 1474 1310 sed
1506 1257 1573 1311 ad
1605 1257 1724 1312 illas
1753 1259 1950 1328 potius,

363 1361 488 1414 qua:
519 1346 620 1400 sibi
669 1346 898 1401 invicem
954 1361 1050 1416 per
1080 1347 1276 1402 saecula
1310 1347 1602 1418 prolixiora
1634 1350 1952 1402 succedunt.

365 1437 504 1490 Nam
527 1438 571 1491 si
595 1437 972 1508 generationes
1000 1436 1334 1508 singulorum
1383 1447 1667 1506 parentum
1700 1437 1802 1490 hoc
1837 1438 1955 1492 loco

365 1527 640 1598 Propheta
689 1528 949 1583 voluisset
993 1528 1241 1598 intelligi,
1271 1528 1446 1582 nullus
1469 1537 1552 1583 est
1594 1528 1732 1592 dies,
1761 1543 1867 1598 quo
1901 1530 1953 1582 in

370 1620 570 1690 populo
599 1620 692 1674 Dei
722 1621 866 1675 mille
896 1621 1273 1690 generationes
1305 1635 1410 1673 non
1443 1620 1657 1674 valeant
1689 1622 1909 1689 reperiri
1939 1639 1952 1674 :

368 1720 534 1777 atque
562 1711 680 1765 ideo
707 1710 839 1764 nihil
871 1711 988 1780 plus
1007 1719 1154 1764 esset
1182 1711 1436 1764 mandare
1468 1711 1690 1765 verbum
1724 1711 1776 1764 in
1810 1711 1954 1764 mille

2049 530 2292 600 Gregorii
2339 532 2635 587 insolenter
2664 542 2889 605 urgebat
2920 560 2933 594 :
2961 545 3155 612 quibus
3199 547 3454 603 nimirum
3491 567 3628 620 prae-

2050 622 2191 690 cepit
2219 620 2372 690 (Reg.
2403 622 2438 674 l.
2467 623 2566 676 υΙι.
2591 639 2678 692 0p.
2706 625 2796 687 51)
2853 626 3056 695 Anglos
3105 636 3214 696 jam
3265 648 3455 705 quarta
3481 679 3496 703 ,
3543 640 3626 694 vel

2048 714 2233 782 quinta
2255 713 2452 768 debere
2469 716 2812 783 generatione
2827 717 3096 786 conjungi.
3123 738 3140 769 ι
3169 719 3338 780 Licet,
3355 729 3627 792 inquiens,

2050 815 2270 861 sanctus
2295 805 2380 860 ille
2403 806 2486 860 vir
2511 807 2614 861 hoc
2641 809 2925 878 neophyta:
2953 811 3099 878 genti
3123 810 3488 878 dispensative
3503 827 3630 864 cea-

2051 895 2316 960 cesserit;
2352 905 2529 950 tamen
2555 898 2599 951 si
2631 899 3070 968 consanguinitas
3101 909 3381 969 tantopere
3407 911 3550 956 esset
3577 903 3626 957 iu

2053 987 2438 1041 matrimoniali
2462 988 2804 1058 copulatione
2826 992 3086 1056 cavenda,
3119 1008 3455 1062 nequaquam
3490 995 3629 1047 inter

2054 1087 2162 1131 tam
2183 1077 2514 1146 propinquos
2549 1081 2902 1135 conveniendi
2931 1081 3145 1136 licentia
3176 1082 3359 1137 fuisset
3391 1083 3628 1137 indulta:

2053 1177 2264 1223 constat
2285 1169 2495 1237 utique,
2517 1170 2641 1238 quia
2665 1186 2836 1240 super
2863 1172 2966 1226 hoc
2987 1173 3383 1240 conjunctionis
3406 1174 3634 1228 articulo

2055 1261 2445 1329 temperantius
2473 1262 2680 1326 sensit,
2708 1262 2800 1331 qui
2834 1263 2959 1318 licet
2990 1264 3212 1318 rudibus
3240 1276 3444 1332 quartae
3473 1280 3636 1334 geue~

2054 1349 2280 1404 rationis
2306 1349 2610 1419 conjugium
2640 1366 2746 1404 non
2781 1352 3015 1421 negavit.
3038 1372 3056 1404 ι
3086 1352 3194 1406 Nos
3221 1362 3397 1408 autem
3425 1364 3633 1407 utram-

2053 1453 2157 1507 que
2179 1441 2526 1504 sententiam,
2562 1440 2854 1495 Justiniaui
2894 1442 3122 1506 scilicet,
3151 1452 3204 1497 et
3237 1445 3482 1513 Gregorii
3509 1459 3636 1497 cono

2053 1528 2292 1584 feramus
2327 1548 2340 1584 :
2373 1539 2427 1583 et
2459 1539 2712 1599 tanquam
2757 1532 2892 1586 duos
2933 1531 3158 1600 lapides,
3188 1535 3276 1602 qui
3320 1535 3372 1587 in
3417 1551 3517 1588 nos
3567 1551 3637 1588 ex

2055 1620 2236 1676 hostili
2289 1621 2406 1675 acie
2440 1621 2664 1688 jaculati
2696 1632 2840 1686 sunt,
2870 1623 3098 1678 invicem
3141 1624 3476 1689 collidantus,
3507 1641 3642 1694 qua-

2058 1721 2218 1768 tenus
2262 1728 2326 1768 ex
2371 1729 2561 1767 eorum
2614 1717 3025 1783 repercussione
3059 1716 3326 1786 igniculus
3349 1727 3524 1781 exeat,
3546 1718 3638 1786 qui

371 1801 772 1867 generationes,
814 1815 975 1869 quam
1022 1801 1153 1854 dare
1186 1799 1355 1870 legem
1399 1799 1472 1852 illi
1495 1799 1714 1870 p0pulo,
1744 1801 1834 1854 ubi
1869 1814 1957 1854 es-
1988 1791 2030 1848 Β
2060 1803 2261 1856 eisdem
2296 1803 2497 1858 nostris
2540 1804 2871 1858 adversariis
2924 1819 3029 1859 non
3078 1805 3253 1859 dicam
3309 1807 3644 1860 caecutieuti-

369 1900 497 1944 sent
541 1890 684 1945 mille
733 1903 932 1960 patres.
978 1890 1054 1944 De
1095 1891 1256 1946 beato
1305 1906 1521 1960 quoque
1569 1891 1671 1946 .lob
1712 1891 1953 1960 legitur:

377 1999 396 2032 ι
436 1982 573 2048 Quia
625 1983 759 2036 vidit
804 1982 944 2038 ﬁlios
989 1998 1138 2048 suos,
1184 1992 1239 2038 et
1285 1983 1424 2037 ﬁlios
1465 1982 1697 2038 ﬁliorum
1738 1999 1959 2040 suorum

375 2087 547 2141 usque
583 2073 649 2126 ad
699 2083 945 2142 quartam
974 2074 1376 2143 generationem
1420 2074 1541 2145 (Job
1578 2076 1730 2145 xui).
1763 2095 1781 2127 ι
1824 2075 1960 2130 Nam

375 2180 500 2218 cmn
554 2163 832 2234 Scriptura
866 2179 972 2218 non
1016 2165 1182 2230 dicat,
1215 2165 1412 2220 vidisse
1462 2166 1668 2220 scilicet
1691 2165 1790 2221 Job
1824 2166 1962 2221 ﬁlios

379 2254 472 2308 ﬁlii
522 2257 627 2320 sui,
658 2255 727 2310 ab
763 2271 869 2310 uno
899 2257 1153 2310 nimirum
1195 2257 1540 2326 progenitore
1570 2257 1870 2327 simplicem
1900 2257 1963 2311 li-

383 2365 539 2402 neam
571 2349 986 2403 descendentem
1023 2365 1036 2401 :
1061 2347 1154 2402 sed
1186 2347 1325 2402 ﬁlios
1353 2349 1586 2402 ﬁliorum
1612 2364 1858 2414 suorum,
1883 2358 1964 2402 at-

379 2455 485 2508 que
539 2455 642 2502 .eos
696 2455 886 2494 omnes
939 2455 1046 2494 non
1094 2438 1161 2493 ad
1201 2448 1422 2509 quartas
1455 2441 1964 2510 generationes.se.l

377 2530 447 2582 ad
512 2538 761 2598 quartam
824 2528 1169 2599 singulariter
1201 2529 1603 2599 generationem
1636 2529 1870 2592 venisse,
1901 2544 1966 2582 eo

377 2619 621 2680 vivente,
669 2618 1020 2686 pronuntiet:
1053 2625 1201 2687 patet
1243 2617 1485 2687 profecto
1542 2618 1667 2685 quia
1729 2617 1964 2670 auctori-

381 2717 497 2761 tate
526 2707 694 2761 divini
727 2706 950 2775 eloquii,
979 2707 1376 2775 generationes,
1404 2722 1523 2776 qna:
1544 2724 1574 2760 a
1600 2706 1858 2760 fratribus
1881 2721 1968 2758 ve-

382 2801 564 2861 niunt,
593 2813 700 2851 non
744 2798 954 2860 divisae.
991 2798 1083 2853 sed
1118 2797 1434 2866 simpliciter
1475 2803 1847 2852 numerantur.
1893 2797 1970 2850 De

383 2886 551 2940 Tohia
583 2889 748 2942 etiam
773 2887 850 2941 sic
879 2887 1077 2942 dicitur
1105 2901 1120 2940 :
1155 2907 1174 2937 ι
1212 2888 1462 2956 Viditque
1494 2887 1692 2944 Tobias
1727 2889 1968 2958 quintam

381 2979 787 3050 generationeu‘t
819 2979 1048 3032 ﬁliorum
1075 2995 1294 3033 suormn
1323 2979 1473 3049 (Tob.
1513 2995 1646 3052 xw).
1693 3000 1711 3033 ι

459 3068 668 3124 Videtis
706 3070 906 3138 itaque,
931 3084 964 3123 ο
984 3070 1216 3139 judices,
1239 3084 1358 3136 quae
1379 3071 1666 3124 dicuntur:
1697 3069 1968 3135 videlicet,

2060 1893 2185 1954 bus,
2231 1900 2418 1959 utpote
2471 1891 2773 1945 reverentia
2819 1903 3053 1955 servata,
3098 1891 3417 1960 judiclbus:
3461 1904 3641 1948 tamen

2059 1979 2428 2050 lippientibus.
2461 1990 2516 2034 et
2535 1980 2892 2050 caligantibus
2919 1981 3097 2036 lumen
3132 1983 3387 2038 ostendit.

2130 2069 2327 2123 Audite
2372 2069 2552 2139 igitur,
2590 2070 2826 2137 judices,
2874 2071 3156 2141 utriusque
3201 2073 3441 2128 doctoris
3478 2074 3642 2128 verba

2061 2159 2346 2230 diligenter
2375 2159 2639 2216 attendite
2661 2175 2675 2214 :
2697 2171 2859 2231 atque
2886 2162 3012 2216 illud
3043 2164 3478 2218 tumultuantium
3501 2181 3646 2218 mur-

2064 2265 2204 2315 mur,
2233 2266 2340 2320 quo
2367 2253 2420 2306 in
2449 2251 2588 2316 foro,
2620 2253 2703 2306 vel
2745 2253 3103 2308 tribunalibus
3142 2257 3344 2310 assueti
3374 2257 3526 2320 estis,
3561 2257 3648 2310 hc

2066 2341 2120 2394 itt
2171 2341 2412 2396 Ecclesia
2459 2344 2573 2397 fieri
2605 2344 2909 2413 prohibete.
2959 2345 3209 2415 Litigium
3253 2359 3494 2401 nostrum
3539 2364 3644 2402 non

2064 2432 2287 2489 confusa
2311 2435 2543 2504 partium
2567 2435 2868 2504 loquacitas
2894 2446 3104 2506 augeat,
3129 2439 3222 2497 sed
3248 2439 3439 2492 intenti
3467 2441 3648 2493 cordis

2066 2524 2203 2576 ratio
2231 2533 2509 2592 sequestra
2550 2534 2858 2593 componat.
2903 2525 3210 2580 Clamemus
3237 2542 3367 2596 ergo
3394 2528 3550 2582 simul
3582 2527 3648 2581 ad

2067 2612 2375 2678 Dominum,
2406 2625 2568 2682 atque
2596 2614 2670 2668 illi
2693 2630 2820 2684 pars
2847 2624 3074 2684 utraque
3103 2615 3381 2671 dicamus:
3411 2637 3429 2668 ι
3453 2617 3648 2688 Surge,

2069 2703 2241 2770 Deus,
2301 2703 2484 2772 judica
2537 2721 2754 2762 causam
2807 2716 2954 2760 tuam
3005 2707 3176 2778 (Paul.
3211 2709 3426 2774 uxm).
3467 2730 3485 2762 ι
3539 2711 3654 2779 Age

2069 2794 2234 2864 igitur
2265 2809 2279 2848 :
2315 2797 2453 2850 Dicit
2495 2812 2689 2866 nempe
2717 2797 3060 2852 Justinianus
3086 2808 3283 2864 vester,
3310 2809 3368 2854 ut
3397 2815 3539 2870 smpe
3564 2819 3656 2854 stt-

2069 2887 2251 2956 perius
2287 2887 2490 2942 dictum
2530 2896 2652 2942 est:
2689 2908 2706 2939 r
2743 2888 2879 2955 Quia
2931 2890 3106 2958 neptis
3139 2890 3322 2945 fratris
3361 2892 3434 2946 tui
3461 2903 3656 2960 quarto

2065 2975 2175 3043 jam
2199 2993 2228 3030 a
2255 2986 2304 3032 te
2330 2980 2496 3048 gradu
2523 2979 2804 3042 dividitur,
2844 2999 2863 3030 ι
2899 2980 3154 3034 nimirum
3203 2991 3257 3036 tu
3303 2999 3463 3047 unus,
3491 2984 3658 3037 frater

2076 3076 2200 3122 tuus
2229 3069 2518 3132 secundus,
2545 3068 2685 3124 ﬁlius
2718 3069 2835 3140 ejus
2857 3071 3048 3124 tertius
3073 3087 3087 3134 ;
3133 3075 3310 3140 neptis
3338 3082 3514 3125 autem
3543 3073 3658 3140 ejus

385 3174 445 3218 et
478 3185 494 3214 ι
527 3164 957 3234 generationem,
986 3183 1004 3214 ι
1049 3172 1104 3217 et
1133 3181 1152 3214 r
1192 3163 1330 3216 ﬁlios
1377 3163 1609 3216 ﬁliorum
1663 3178 1905 3218 suorum.
1947 3183 1965 3216 ι
2000 3147 2044 3208 C
2076 3168 2270 3228 quarto
2306 3176 2336 3213 a
2369 3168 2421 3214 te
2453 3159 2800 3231 distinguitur
2842 3162 3034 3230 gradu.
3078 3161 3219 3230 Ergo
3247 3161 3292 3215 si
3319 3162 3389 3214 ita
3413 3172 3516 3224 est,
3552 3180 3656 3217 non

384 3258 446 3312 lu
475 3259 614 3314 ﬁlios
647 3260 810 3330 igitur
843 3259 1074 3314 ﬁliorum
1117 3258 1296 3326 plures
1329 3256 1765 3312 descendentium
1799 3255 1972 3310 lineas

387 3358 790 3417 consequenter
815 3349 1075 3402 attendite
1101 3366 1112 3401 :
1141 3349 1192 3401 in
1219 3347 1619 3417 generationem
1644 3353 1824 3398 autem
1855 3359 1974 3413 qua:

389 3441 616 3503 dicitur.
649 3455 839 3495 omnes
888 3439 1049 3494 simul
1103 3439 1356 3508 tanquam
1406 3438 1566 3492 unius
1613 3436 1975 3491 successionis

390 3532 641 3585 ordinem
692 3531 965 3600 deputate.
1009 3530 1214 3585 ldioma
1256 3527 1521 3598 siquidem
1568 3535 1652 3581 est
1682 3525 1976 3594 Scriptura:

393 3638 585 3686 sacrze,
617 3623 762 3692 quod
799 3623 1134 3677 diversorum
1167 3619 1395 3674 fratrum
1431 3619 1510 3673 sic
1544 3617 1598 3671 in
1619 3632 1784 3672 unum
1810 3633 1974 3685 gene-

394 3713 535 3768 ratio
585 3713 1081 3782 comprehenditur,
1115 3721 1368 3782 tanquam
1415 3710 1461 3764 si
1501 3710 1572 3764 ab
1612 3723 1719 3762 uno
1762 3707 1978 3762 homine

395 3805 778 3860 descendentis
829 3804 1185 3858 successionis
1226 3803 1398 3858 series
1439 3808 1803 3856 contexatur:
1836 3799 1979 3853 unde

396 3897 444 3948 si
467 3911 586 3964 quze
617 3895 671 3948 in
713 3895 884 3950 sacris
911 3893 1270 3948 voluminibus
1309 3894 1672 3964 reperiuntur,
1702 3890 1860 3946 velim
1891 3891 1980 3945 hic

402 3985 567 4055 186
591 3995 785 4039 cuncta
823 3984 1096 4055 colligere,
1124 3993 1248 4037 ante
1287 3983 1373 4038 lux
1403 3984 1470 4037 ad
1506 3996 1785 4045 occasum,
1816 3994 1979 4049 quam

398 4081 645 4148 exempla
678 4080 992 4148 perveniant
1016 4079 1082 4132 ad
1105 4078 1373 4134 effectum.
1405 4075 1855 4131 Auimadvertitis
1883 4073 1983 4143 igi-

403 4183 510 4235 tur,
540 4170 820 4238 ojudices,
848 4171 972 4240 quia
1003 4171 1128 4224 dum
1151 4169 1292 4224 male
1318 4169 1641 4231 numeratis,
1664 4181 1984 4222 numerosos

400 4267 689 4317 adversum
742 4277 838 4316 vos
894 4262 1252 4316 reclamantes
1290 4262 1428 4315 sacri
1469 4260 1667 4330 eloquii
1713 4269 1879 4315 testes
1905 4259 1985 4312 in-

400 4353 626 4408 curritis
653 4371 667 4406 :
699 4360 755 4408 et
783 4353 906 4406 dum
935 4352 1034 4406 sub
1061 4351 1241 4406 colore
1267 4349 1501 4419 conjugii
1536 4351 1774 4406 incestus
1796 4349 1985 4404 sordes

401 4446 682 4508 inducitis,
719 4444 1100 4499 ecclesiastica:
1135 4443 1400 4498 castitatis
1437 4442 1752 4496 munditiam
1780 4440 1988 4496 fiedare

2078 3257 2184 3301 tam
2216 3248 2427 3319 longius
2460 3247 2769 3319 fatigentur,
2794 3261 2983 3320 utpote
3035 3252 3125 3321 qui
3161 3253 3381 3321 propius
3417 3253 3659 3308 invenire

2075 3342 2541 3418 possumus,quod
2563 3341 2630 3394 ad
2653 3341 2794 3396 hanc
2813 3356 2926 3396 rem
2942 3342 3306 3396 necessarium
3329 3341 3658 3410 judicamus.

2147 3427 2278 3482 Cum
2309 3430 2473 3500 igitur
2497 3440 2572 3496 tu,
2610 3431 2750 3486 sicut
2803 3432 3004 3486 dictum
3041 3441 3146 3496 est,
3171 3449 3200 3485 a
3231 3432 3343 3486 ﬁlio
3372 3432 3556 3488 fratris
3585 3435 3661 3488 tui

2077 3525 2154 3578 sis
2187 3525 2396 3588 tertius,
2441 3535 2838 3595 consequenter
2880 3526 3044 3580 etiam
3079 3525 3184 3579 ﬁlia
3235 3534 3322 3578 tua
3365 3526 3432 3579 ab
3469 3526 3660 3580 eodem

2079 3616 2190 3672 filio
2216 3619 2402 3672 fratris
2426 3618 2502 3672 tui
2525 3626 2752 3688 quartus
2777 3627 2861 3673 est
2902 3619 3132 3688 gradus;
3164 3619 3312 3673 salvo
3339 3620 3549 3674 scilicet
3573 3636 3660 3684 eo,

2081 3709 2221 3762 sicut
2264 3710 2529 3775 asseritis,
2569 3711 2710 3780 quod
2765 3711 2965 3779 gradus
3011 3719 3065 3764 et
3090 3711 3367 3780 generatio
3395 3712 3536 3766 idem
3568 3714 3660 3766 sit.

2083 3798 2236 3864 Quod
2279 3798 2520 3867 profecto
2546 3800 2591 3853 si
2621 3815 2805 3852 verum
2835 3809 2939 3860 est,
2973 3808 3142 3853 toturn
3171 3799 3324 3863 illud,
3359 3800 3500 3867 quod
3531 3800 3664 3854 Gre-

2082 3889 2267 3960 gorius
2306 3888 2570 3957 permittit
2609 3897 2803 3956 quarta
2832 3888 2990 3957 187
3015 3888 3361 3957 generatione
3391 3887 3663 3958 conjungi,

2084 3981 2218 4037 nihil
2245 3989 2328 4036 est
2351 3980 2518 4042 aliud.
2551 3981 2653 4033 nisi
2690 3980 2814 4048 quia
2841 3979 3083 4034 duorum
3125 3979 3352 4032 fratrum
3381 3995 3666 4048 germano-

2084 4088 2224 4134 rum,
2252 4070 2338 4126 vel
2363 4070 2592 4124 duarum
2641 4085 2887 4124 sororum
2949 4070 3087 4124 ﬁlios
3131 4081 3186 4125 et
3229 4069 3368 4124 ﬁlias
3397 4081 3578 4125 censet
3610 4072 3664 4125 iu

2085 4160 2433 4216 matrimonio
2461 4160 2726 4230 copulari.
2764 4160 2870 4214 Sed
2911 4160 3000 4214 ubi
3038 4170 3151 4225 est,
3185 4163 3324 4230 quod
3365 4161 3504 4216 idem
3535 4162 3664 4217 Gre-

2085 4254 2271 4320 gorius
2294 4252 2516 4308 omnino
2541 4251 2817 4322 prohibet,
2857 4267 2925 4306 ne
2950 4253 3176 4306 duorum
3215 4252 3442 4306 fratrum
3469 4254 3550 4308 vel
3581 4271 3668 4310 so-

2089 4357 2273 4397 rorum
2304 4342 2446 4397 ﬁlius
2479 4351 2535 4396 et
2563 4342 2668 4396 ﬁlia
2701 4343 3173 4398 misceanturhtn
3201 4345 3528 4398 censendum
3559 4356 3664 4411 est,

2089 4435 2204 4503 ipse
2239 4434 2458 4489 sibimet
2485 4434 2763 4489 exstitisse
2788 4434 3113 4496 contrarius,
3145 4444 3204 4488 ut
3230 4437 3368 4503 quod
3393 4436 3668 4504 prohibuit

399 4537 645 4591 mutatis,
682 4535 977 4607 Erubescat
1021 4551 1150 4605 ergo
1189 4543 1418 4589 terrena;
1448 4535 1721 4603 sapientia:
1750 4535 1982 4598 vanitas,
2013 4518 2067 4580 Ῑ)
2092 4525 2231 4590 ﬁeri,
2277 4525 2421 4580 illico
2464 4525 2794 4580 decrevisset
2845 4526 3098 4594 impleri?
3143 4525 3248 4580 Sed
3293 4528 3414 4595 quis
3458 4528 3560 4582 hoc.
3603 4531 3670 4583 de

403 4644 503 4682 nec
542 4628 596 4682 in
623 4626 884 4682 Ecclesia:
910 4641 1131 4681 nemore
1175 4641 1426 4681 errorum
1473 4624 1687 4680 aculeos
1722 4634 1982 4696 spargat;

403 4720 498 4775 sed
550 4734 800 4790 repressa
830 4720 981 4788 pravi
1007 4718 1229 4788 spiritus
1250 4717 1560 4788 arrogantia
1590 4731 1756 4772 sacrae
1797 4733 1856 4772 se
1893 4733 1990 4770 au-

405 4808 646 4862 ctoritati
701 4808 978 4862 humiliter
1027 4805 1224 4861 subdat
1267 4821 1282 4860 :
1333 4821 1433 4860 nec
1483 4806 1728 4874 protinus
1779 4807 1986 4867 credat,

406 4898 667 4967 quidquid
699 4897 802 4951 sibi
843 4896 1167 4952 luxuriantis
1195 4895 1498 4950 intellectus
1520 4893 1809 4963 petulantia
1838 4893 1988 4950 leno-

409 4988 653 5050 cinante,
696 4989 1034 5057 suggeritur;
1081 4987 1174 5042 sed
1216 4986 1357 5055 quod
1386 4986 1653 5040 a'sanctis
1679 4985 1987 5040 doctoribus

408 5075 692 5130 deﬁnitum
715 5087 818 5141 est,
846 5077 948 5131 hoc
970 5090 1182 5130 sacrum
1208 5074 1535 5130 intellectum
1563 5073 1884 5128 omnimodis
1901 5065 1992 5127 ar-

410 5167 661 5222 bitretur.

1011 5255 1238 5311 CAPUT
1283 5255 1386 5310 νη.

415 5342 514 5399 Ubi
549 5348 882 5400 adversarros
909 5345 1195 5400 iuevitabili
1231 5346 1680 5415 argumentatione
1717 5345 1988 5398 conriucit.

485 5437 614 5491 Post
660 5437 805 5490 illam
854 5445 1036 5490 autem
1069 5436 1161 5488 vix
1198 5433 1518 5489 enatabilem
1549 5433 1836 5488 Justiniani
1874 5448 1989 5486 seno

419 5529 667 5591 tentiam,
696 5541 801 5596 qua
845 5525 1098 5580 videlicet
1137 5524 1310 5594 neptis
1361 5523 1544 5578 fratris
1579 5533 1773 5593 quarto
1801 5523 1992 5577 dicitur

415 5633 538 5673 esse
587 5619 791 5688 graduJ
813 5617 1031 5688 quidam
1063 5616 1419 5686 promptulus,
1449 5616 1790 5680 cerebrosus,
1825 5631 1887 5669 ac
1916 5615 1996 5667 di-

418 5724 541 5778 cax,
579 5709 788 5765 scilicet
829 5724 956 5765 acer
1002 5708 1248 5780 ingenio,
1290 5708 1513 5776 mordax
1561 5706 1796 5776 eloquio,
1833 5707 1991 5759 vehe-

2089 4614 2352 4683 Gregorio
2379 4613 2588 4678 credat,
2617 4615 2722 4669 nisi
2755 4614 2846 4683 qui
2869 4613 3099 4668 alienata
3135 4624 3312 4669 mente
3343 4632 3563 4684 prorsus
3587 4620 3667 4672 iu-

2090 4704 2302 4759 saniat?
2339 4705 2722 4759 Verumtamen
2748 4705 2860 4773 ipse
2885 4702 3249 4774 Gregorianus
3273 4705 3444 4772 slylus
3467 4708 3531 4759 ad
3553 4722 3672 4762 me-

2091 4798 2238 4852 dium
2268 4797 2470 4857 veniat,
2501 4805 2555 4851 et
2601 4805 2780 4850 utrum
2817 4794 3035 4848 sibimet
3077 4804 3308 4855 constet.
3355 4812 3419 4849 ex
3452 4796 3564 4866 ipso
3593 4797 3670 4850 le-

2100 4880 2297 4936 ctionis
2321 4880 2511 4934 ordine
2536 4880 2738 4935 clarius
2765 4883 3011 4936 iunotesc
3029 4893 3065 4934 ut
3084 4880 3232 4951 (Reg.
3257 4881 3292 4935 l.
3327 4881 3426 4934 ult.
3449 4898 3536 4950 ep.
3556 4881 3672 4949 51).

2096 4969 2378 5040 Quaadam,
2411 4971 2606 5043 inquit,
2651 4981 2870 5029 terrena
2919 4974 3001 5028 lex
3036 4974 3089 5026 iu
3124 4973 3366 5027 Romana
3400 4974 3673 5041 republica

2095 5067 2385 5138 permittit,
2440 5081 2498 5122 ut
2541 5067 2657 5124 sive
2691 5066 2879 5121 fratris
2916 5080 2968 5121 et
3006 5069 3234 5131 sororis,
3291 5081 3386 5121 seu
3438 5065 3670 5118 duorum

2095 5159 2328 5215 fratrum
2358 5175 2772 5230 germanorum,
2801 5161 2882 5214 vel
2913 5165 3139 5214 duarum
3171 5174 3420 5212 sororum
3445 5159 3586 5210 ﬁlius
3616 5169 3672 5211 et

2094 5253 2202 5309 ﬁlia
2238 5252 2594 5306 misceantur.
2641 5251 2746 5305 Sed
2800 5254 3172 5321 experimento
3223 5249 3542 5314 didicimus,
3599 5267 3666 5303 ex

2093 5345 2186 5400 tali
2217 5347 2474 5415 conjugio
2505 5343 2746 5400 sobolem
2783 5360 2890 5397 non
2917 5357 3077 5411 posse
3111 5357 3491 5406 succrescere;
3529 5344 3670 5396 unde

2091 5453 2319 5494 necesse
2361 5449 2465 5503 est,
2502 5447 2560 5491 ut
2588 5439 2700 5507 jam
2733 5445 2948 5505 quarta,
2985 5436 3064 5490 vel
3095 5437 3283 5504 quinta
3318 5436 3670 5505 generatione

2088 5531 2275 5586 ﬁdeles
2310 5530 2536 5585 licenter
2563 5530 2663 5584 sibi
2689 5529 3010 5599 jungantur.
3051 5545 3070 5578 ι

2171 5608 2310 5663 Ecce
2359 5607 2474 5675 ipsa
2517 5607 2796 5672 scripturae
2835 5613 3003 5658 series
3053 5607 3390 5674 comprobat,
3420 5606 3544 5674 quia
3581 5607 3672 5660 ﬁlii

2099 5713 2478 5771 germanorqu
2530 5695 2777 5758 fratrum,
2829 5695 2883 5749 in
2941 5705 3129 5765 quarta
3174 5696 3522 5765 generazione
3570 5708 3672 5748 non
