3996 6184
317 329 422 387 199

784 324 844 379 S.
887 320 1090 377 PETRI
1132 316 1412 372 DAMlANI
1452 313 1601 370 OPP.
1646 311 1883 368 TOMUS
1919 308 2052 367 SEU
2084 311 2266 367 PARS
2297 310 2381 365 ill.
2408 308 2864 367 —OPUSCULA
2896 308 3129 364 VABIA.

3475 308 3581 365 230

316 456 465 510 sunt,
497 444 622 498 dum
663 455 768 510 qua
804 436 877 494 illi
931 434 1285 505 prohibentur
1330 428 1661 485 auctoritate
1693 439 1896 478 connu-

2002 439 2235 494 namque
2279 435 2381 490 est,
2411 426 2553 495 quod
2599 426 2966 481 Antichristus
3018 424 3244 480 veniens
3299 424 3583 495 judaizzue

316 539 474 602 bere;
526 532 717 589 eadem
746 528 855 591 isti,
880 525 972 595 qui
1014 525 1072 577 in
1104 531 1296 584 quarta
1344 513 1696 586 generatione
1744 518 1894 574 sunt,

315 628 686 685 conceduntur
708 624 760 678 in
784 611 1112 669 matrimonii
1145 609 1348 664 hedera
1371 607 1680 663 convenire.
1696 604 1829 660 Nam
1850 605 1895 660 si

317 722 692 782 germanorum
714 704 809 758 ﬁlii
837 704 890 758 in
918 710 1112 772 quarta
1136 701 1491 770 generatione
1511 696 1893 763 consisterent,

313 800 440 869 quid
483 806 630 852 esset
669 795 814 849 aliud
843 794 1049 855 dicere,
1094 790 1186 844 tilii
1239 802 1621 860 germanorum
1662 785 1895 841 fratrum

315 905 418 944 non
442 889 760 958 jungantur,
787 895 842 941 et
867 885 1086 939 tertium
1114 884 1167 936 in
1193 888 1386 950 quarta
1418 878 1770 951 generatione
1797 879 1895 933 ho—

312 981 485 1035 mines
503 978 797 1041 socientur,
821 976 923 1031 nisi
948 984 1201 1041 tanquam
1233 972 1309 1026 sic
1338 985 1519 1028 sermo
1548 968 1891 1038 procederet:

311 1068 622 1124 consobrini
653 1066 884 1121 invicem
920 1075 974 1119 et
1003 1078 1107 1117 non
1130 1059 1447 1131 jungantur,
1484 1068 1540 1114 et
1561 1059 1895 1130 junguntur?

310 1163 464 1231 Quod
489 1162 677 1229 utique
707 1157 1052 1213 ridiculosum
1108 1154 1287 1224 potius
1330 1167 1495 1222 quam
1520 1150 1895 1206 authenticum

310 1253 619 1308 haberetur.
673 1248 823 1303 Unde
867 1257 922 1300 et
969 1246 1111 1300 idem
1156 1241 1483 1299 venerabilis
1523 1241 1713 1294 doctor
1748 1248 1896 1308 post.

308 1360 469 1415 quam
519 1342 822 1412 praemisit:
852 1357 870 1391 ι
909 1338 1144 1394 Necesse
1189 1345 1292 1401 est,
1321 1344 1379 1389 ut
1413 1333 1526 1402 jam
1569 1342 1785 1403 quarta,
1808 1333 1894 1389 vel

307 1439 497 1531 quinta
523 1434 873 1506 generatione
902 1430 1085 1484 ﬁdeles
1115 1429 1342 1483 licenter
1369 1427 1472 1481 sibi
1500 1425 1829 1531 jttngantur;
1851 1443 1891 1531 ἰ

308 1516 552 1597 protinus
594 1523 814 1578 intulit:
852 1540 870 1571 ς
911 1519 1044 1573 Nam
1076 1534 1107 1572 a
1137 1520 1396 1579 secunda,
1447 1531 1608 1587 quam
1641 1516 1897 1583 praedixi-

305 1634 449 1682 mus,
472 1615 783 1673 omnimodo
809 1612 965 1668 debet
988 1611 1270 1665 abstineri.
1310 1628 1328 1660 ι
1362 1608 1503 1674 Ecce
1520 1608 1632 1678 jam
1663 1607 1891 1677 lapides,

308 1724 445 1778 quos
474 1706 686 1761 hostilis
724 1718 917 1757 manus
949 1701 1261 1765 intorserat,
1293 1700 1497 1754 vicaria
1540 1700 1685 1753 inter
1709 1714 1766 1753 se
1796 1698 1893 1752 im-

1997 517 2243 572 homines
2282 517 2493 583 doceat,
2524 526 2579 572 et
2605 519 2798 571 vetusti
2835 518 3070 572 hominis
3101 520 3453 573 caeremonias
3484 536 3557 574 no

1995 608 2078 662 vis
2115 609 2437 678 evangelicae
2466 611 2650 679 gratiae
2680 610 2887 680 legibus
2912 617 3227 678 anteponat.
3262 611 3372 664 Vos
3400 622 3580 665 autem

1995 713 2102 752 non
2161 699 2271 763 sic,
2315 701 2409 754 sed
2464 701 2615 769 (licet
2664 700 2981 770 ignorantia:
3031 700 3205 770 caligo
3257 701 3321 753 ad
3373 711 3582 771 tempus

1994 790 2317 859 obrepserit)
2355 791 2421 844 ad
2469 792 2608 846 sacri
2661 791 2859 861 eloquii
2916 791 3163 862 paginas,
3196 792 3343 847 velut
3377 795 3583 863 perspi-

1994 894 2155 934 cuum
2185 879 2365 933 lumen
2406 888 2603 948 praesto
2631 881 2915 944 recurrite,
2946 881 3151 952 proprii
3183 896 3374 936 sensus
3422 898 3577 935 erro-

1994 985 2109 1026 rem
2151 986 2273 1025 cum
2320 972 2624 1026 humilitate
2650 973 2920 1043 deponite,
2959 981 3120 1043 atque
3151 975 3218 1027 ad
3242 984 3403 1028 rectae
3428 975 3584 1028 intel-

1994 1062 2229 1131 ligentia:
2279 1062 2547 1115 tramitem
2592 1062 2913 1130 quantocius
2940 1063 3226 1131 repedate:
3253 1071 3305 1115 ut
3331 1064 3418 1131 qui
3446 1066 3585 1117 inter

1994 1154 2273 1209 clientium
2307 1154 2493 1208 turbas
2546 1156 2742 1208 tenetis
2782 1155 2834 1208 in
2886 1157 3171 1224 gymnasio
3204 1155 3451 1219 ferulam,
3477 1173 3581 1211 non

1993 1246 2289 1301 vereamini
2315 1245 2499 1301 subire
2528 1247 2580 1300 in
2608 1245 2847 1299 Ecclesia
2872 1246 3242 1315 disciplinam;
3271 1258 3323 1300 et
3349 1248 3438 1317 qui
3467 1257 3582 1300 tan-

1995 1351 2155 1405 quam
2179 1335 2324 1390 docti
2352 1336 2621 1405 peroratis
2648 1336 2700 1388 in
2728 1335 3090 1390 tribunalibus
3111 1352 3323 1398 causas,
3354 1336 3584 1391 sufﬁciat

1994 1426 2148 1481 vobis
2183 1425 2324 1480 sicut
2361 1425 2605 1480 docentis
2636 1426 2687 1479 in
2715 1426 2959 1479 oratorio
2987 1425 3189 1481 Christi
3234 1427 3424 1480 audire
3462 1443 3585 1480 scn-

1997 1519 2213 1574 tentias.
2242 1518 2539 1574 Honestum
2565 1519 2765 1589 quippe
2788 1528 2894 1583 est,
2913 1528 2972 1574 ut
2998 1520 3099 1589 ipsi
3130 1521 3292 1574 etiam
3320 1522 3371 1575 in
3397 1523 3580 1591 mysti-

1997 1611 2099 1677 cis,
2122 1627 2187 1666 ac
2208 1611 2578 1682 spiritualibus
2602 1612 2782 1667 causis
2817 1628 2877 1667 se
2901 1614 3179 1681 przebeant
3210 1614 3459 1679 humiles,
3489 1617 3578 1685 qui

1998 1703 2249 1758 humanis
2284 1704 2515 1774 negotiis
2554 1714 2952 1759 consueverant
2986 1706 3276 1772 prmsidere
3306 1721 3578 1761 censores.

308 1799 558 1867 pactione
577 1796 939 1855 contudimus,
970 1791 1237 1847 scintillas
1266 1791 1569 1855 elicuimus,
1593 1789 1773 1844 lumen
1803 1789 1894 1843 ha-
1926 1767 1969 1826 Β
1999 1792 2262 1861 Quocirca
2287 1793 2532 1861 quisquis
2560 1808 2640 1857 es,
2666 1794 2757 1863 qui
2796 1790 3195 1863 cognationum”
3213 1796 3412 1865 gradus
3451 1812 3583 1850 enu-

307 1890 518 1944 hemus.
578 1884 934 1941 Ambulemus
960 1896 1091 1952 ergo
1121 1883 1172 1936 in
1202 1882 1404 1936 lumine
1437 1880 1665 1944 Domini,
1699 1895 1768 1935 ne
1796 1894 1894 1935 nos

208 2032 217 2045 .5
310 1982 544 2036 tenebrat
569 1977 1036 2048 comprehendant
1057 1974 1240 2043 (Joan.
1272 1976 1394 2044 xu).
1421 1974 1578 2042 Quod
1607 1974 1651 2029 si
1677 1989 1762 2029 me
1785 1973 1894 2028 for-

310 2082 455 2125 tasse
502 2070 806 2133 consulitis,
856 2066 1092 2137 qualiter
1148 2067 1236 2121 illa
1287 2066 1576 2121 Justiniani
1628 2066 1895 2120 sententia

306 2162 478 2231 possit
503 2161 731 2224 absolvi,
772 2158 905 2213 nihil
934 2170 1119 2213 nostra
1161 2158 1407 2213 interest.
1443 2157 1607 2212 Vobis
1627 2156 1895 2225 siquidem

306 2260 486 2307 vestra
532 2250 911 2320 relinquimus,
937 2264 1038 2303 nec
1086 2244 1246 2303 alieni
1286 2249 1440 2303 nobis
1459 2245 1617 2301 ofﬁcii
1646 2246 1894 2315 peritiam

308 2359 646 2416 arrogamus.
689 2341 803 2396 Hoc
852 2349 1084 2404 tantum,
1110 2338 1253 2409 quod
1299 2338 1363 2392 ad
1402 2353 1500 2391 nos
1542 2337 1757 2402 attinet,
1788 2351 1894 2391 non

306 2434 626 2498 omittimus,
657 2433 783 2501 quia
812 2446 917 2485 non
953 2444 1169 2499 semper
1197 2429 1299 2481 ima
1326 2427 1574 2491 summis,
1602 2441 1709 2481 non
1737 2442 1895 2481 mun-

307 2528 445 2582 dana
487 2524 680 2589 sacris,
712 2539 816 2579 non
855 2521 1190 2577 concordant
1238 2519 1474 2573 humana
1506 2516 1723 2571 divinis.
1757 2515 1894 2569 Nam

307 2634 432 2674 cum
485 2617 575 2672 ille
625 2623 840 2685 neptem
900 2612 1085 2667 fratris
1130 2611 1183 2665 in
1232 2618 1429 2679 quarto
1472 2608 1641 2678 gradu
1684 2614 1897 2663 asserat

308 2709 683 2771 constitutam,
715 2706 775 2758 Β.
805 2704 1122 2773 Gregorius,
1171 2710 1231 2752 ut
1262 2700 1314 2753 in
1345 2706 1596 2768 promptu
1635 2706 1739 2761 est,
1764 2698 1896 2751 duo-

308 2814 431 2853 rum
482 2797 734 2858 fratrum,
767 2793 852 2847 vel
882 2805 1131 2846 sororum
1160 2789 1300 2842 filios
1324 2796 1381 2843 et
1409 2786 1566 2848 ﬁlias,
1597 2787 1738 2852 quod
1786 2784 1892 2839 uti-

310 2905 416 2960 que
460 2886 805 2958 longinquius
846 2892 949 2948 est,
977 2890 1141 2949 atque
1172 2882 1453 2942 remotius,
1483 2877 1776 2932 secundam
1804 2890 1898 2945 ge—

310 2977 649 3034 nerationem
678 2981 861 3029 vocat.

904 3060 1134 3117 CAPUT
1175 3057 1307 3113 Vlil.

1999 1898 2214 1939 merare
2234 1884 2492 1954 disponis,
2515 1884 2621 1937 noli
2644 1884 2843 1939 lineam
2871 1885 3049 1948 linem,
3075 1901 3138 1939 ac
3163 1885 3205 1939 si
3231 1886 3410 1940 licium
3435 1885 3581 1951 licio,

1998 1977 2052 2030 in
2104 1975 2437 2045 longitudine
2493 1974 2795 2043 adjiciendo
2844 1978 3197 2040 suhneCIere,
3230 1978 3323 2032 sed
3360 1979 3585 2034 descen-

1997 2066 2184 2120 dentes
2220 2066 2347 2119 hinc
2374 2066 2499 2120 inde
2541 2081 2801 2134 personas
2848 2067 3099 2121 unimoda
3134 2077 3339 2122 tantum
3381 2085 3584 2139 suppu-

2000 2157 2205 2211 tatione
2252 2157 2835 2213 concludcznimirum
2884 2169 2943 2212 ut
2996 2176 3098 2213 non
3143 2161 3309 2224 dicas,
3351 2170 3585 2230 quatuor

1998 2248 2127 2302 hinc
2163 2249 2563 2314 generationes,
2595 2258 2646 2305 et
2686 2258 2918 2318 quatuor
2952 2251 3093 2315 inde,
3126 2260 3248 2306 octo
3281 2254 3585 2322 generatio-

1999 2355 2095 2394 nes
2122 2338 2297 2405 flunt;
2332 2339 2423 2393 sed
2447 2341 2625 2410 potius
2646 2341 2752 2407 dic,
2773 2342 2898 2411 quia
2922 2356 3167 2411 persona:
3198 2344 3313 2397 ista:
3338 2343 3388 2397 in
3416 2359 3580 2413 quar-

1998 2439 2052 2483 ta
2082 2429 2301 2485 sibimet
2338 2431 2688 2499 generatione
2725 2432 3049 2485 consistunt.

2612 2542 2839 2599 CAPUT
2878 2542 2969 2598 lx.

2000 2628 2152 2695 Quod
2190 2639 2348 2700 Juxta
2380 2632 2722 2701 pra'cedentis
2752 2649 2988 2698 persona?
3018 2634 3260 2701 gradum,
3295 2634 3581 2688 communis

2423 2703 2570 2754 debet
2592 2704 2818 2773 afﬁnitas
2840 2705 3147 2770 computari.

2070 2788 2129 2843 Si
2158 2804 2288 2845 vero
2316 2790 2553 2860 impares
2577 2790 2704 2854 sint,
2739 2791 2992 2845 nimirum
3020 2802 3077 2846 ut
3101 2792 3200 2848 iste
3242 2804 3396 2848 sexto
3430 2794 3580 2848 inve—

1997 2878 2182 2932 niatur
2230 2880 2421 2949 gradu,
2462 2879 2549 2933 illa
2579 2880 2831 2948 septimo,
2866 2880 2949 2934 vel
2988 2881 3281 2952 deinceps,
3328 2883 3392 2937 ad
3441 2898 3581 2952 prae-

1997 2970 2278 3028 cedentem
2305 2970 2550 3039 gradum,
2583 2980 2644 3023 ut
2667 2970 2796 3024 mihi
2827 2970 3061 3031 videtur,
3090 2982 3171 3025 est
3216 2971 3359 3027 illico
3400 2988 3584 3027 recur-

2000 3063 2228 3120 rendum
2261 3076 2277 3115 :
2310 3070 2472 3130 atque
2510 3061 2654 3114 illius
2704 3061 2899 3115 intuitur
2954 3064 3350 3117 decernendum
3395 3072 3501 3128 est,
3529 3065 3580 3117 in

311 3159 466 3227 Quod
491 3158 709 3220 septima
741 3152 1006 3223 generatio
1031 3150 1087 3203 in
1120 3144 1492 3219 pronepotibus
1525 3160 1628 3198 non
1652 3144 1894 3198 habetur.

2001 3155 2405 3211 matrimonium
2434 3154 2569 3207 tales
2598 3155 2893 3208 convenire
2918 3170 3021 3207 non
3052 3170 3227 3226 posse.
3255 3156 3405 3210 Licet
3440 3158 3581 3212 enim

381 3249 496 3305 Hoc
521 3247 685 3303 etiam
716 3260 821 3301 non
866 3241 1092 3297 minimo
1116 3246 1433 3309 argumento
1456 3244 1557 3301 est,
1589 3234 1895 3306 septimam,

309 3352 368 3399 et
410 3349 658 3397 octavam
709 3333 1118 3406 generationem
1163 3329 1218 3384 in
1263 3328 1490 3382 fratrum
1517 3340 1897 3397 germanorum

310 3433 726 3508 pronepotibus,
759 3438 819 3482 ut
868 3425 1091 3490 asseris,
1134 3437 1242 3477 non
1302 3419 1528 3490 expleri,
1580 3417 1706 3487 quia
1755 3417 1897 3508 sacri

310 3505 605 3597 prohibent
636 3531 876 3575 canones
907 3532 920 3568 :
952 3523 1013 3569 ut
1052 3511 1290 3583 quandiu
1323 3510 1460 3562 linea
1517 3505 1900 3576 consanguini-

311 3617 442 3673 tatis
488 3612 820 3684 agnoscitur,
846 3608 931 3662 vel
981 3607 1035 3660 in
1090 3601 1348 3657 memoria
1407 3601 1689 3664 retinetur,
1721 3597 1899 3654 nullus

309 3724 534 3764 uxorem
583 3705 650 3759 de
687 3701 905 3774 propria
940 3697 1263 3768 cognatione
1305 3702 1599 3763 praesumat
1627 3692 1895 3762 accipere.

310 3800 378 3853 Et
392 3806 539 3853 certe
561 3791 849 3850 nonnullos
871 3789 1030 3845 hodie
1053 3788 1105 3840 iu
1128 3800 1293 3840 carne
1316 3785 1557 3839 viventes
1584 3783 1895 3852 aspicimus,

315 3891 479 3961 188
502 3887 593 3958 qui
620 3901 679 3942 se
719 3884 989 3955 gaudeant
1034 3886 1289 3949 nepotum
1346 3889 1568 3931 suorum
1598 3874 1776 3928 adhuc
1807 3886 1897 3926 so-

309 3983 433 4038 bole
472 3978 773 4037 fecundari.
811 3972 1057 4030 Ceusetis
1086 3971 1271 4044 igitur,
1316 3976 1373 4022 ut
1400 3968 1585 4021 senior
1608 3964 1716 4030 ille,
1748 3961 1900 4031 cujus

310 4069 736 4143 posteritasjam
769 4067 821 4119 in
873 4071 1200 4133 pronepotes
1241 4058 1570 4121 extenditur,
1605 4071 1727 4110 cum
1780 4069 1901 4126 ger-

312 4181 475 4221 mano
501 4179 599 4218 suo
618 4175 773 4231 teque
785 4158 1032 4213 videlicet
1048 4169 1250 4225 proavo
1273 4152 1507 4222 conjugii
1531 4150 1707 4205 fredus
1732 4150 1896 4211 ineat,

310 4266 363 4311 ct
389 4261 742 4325 pronepotem
774 4250 918 4304 illius
955 4262 1056 4303 suo
1098 4243 1381 4313 pronepoti
1411 4242 1464 4295 in
1497 4238 1898 4294 matrimonium

315 4349 514 4403 tradat.
543 4344 697 4411 Quod
724 4341 966 4412 profecto
997 4352 1156 4407 quam
1192 4336 1260 4390 sit
1286 4333 1603 4392 absurdum,
1628 4344 1901 4400 quamque

291 4438 417 4508 ipsi
464 4443 672 4491 natura:
699 4432 948 4486 videatur
996 4425 1276 4489 horribile,
1330 4432 1491 4491 atque
1538 4420 1895 4483 contrarium,
1926 4452 1976 4515 Β

314 4530 459 4585 nulla
508 4528 714 4598 indiget
744 4520 1161 4593 exaggeratione
1194 4516 1503 4573 verborum.
1551 4515 1681 4581 Qua:
1716 4522 1895 4567 autem

315 4621 603 4694 progenies
647 4628 755 4673 tam
813 4613 1063 4685 ignobilis
1112 4611 1299 4673 lateat,
1334 4616 1394 4662 ut
1437 4606 1523 4661 vel
1575 4607 1716 4661 inter
1753 4604 1897 4673 ipsos

314 4713 647 4785 propinquos
674 4706 935 4762 memoria
963 4705 1029 4759 ad
1057 4702 1413 4773 proavoinon
1444 4694 1736 4752 recurrat?
1761 4709 1896 4765 prte-

315 4805 503 4860 sertim
524 4817 648 4857 cum
673 4800 776 4853 etsi
807 4799 922 4866 ipse
950 4804 1300 4864 utrorumque
1327 4802 1706 4862 germanorum
1744 4795 1899 4855 pater

316 4895 495 4948 adhuc
521 4891 683 4950 vivat,
718 4887 862 4957 quod
889 4886 1054 4940 etiam
1075 4886 1248 4954 ipsum
1278 4884 1530 4948 vidimus,
1560 4898 1748 4939 omnes
1778 4883 1897 4938 illas

318 4998 582 5058 personas
631 4981 685 5034 in
734 4994 829 5033 sua
868 4986 1134 5047 potestate
1159 4978 1281 5046 jure
1326 4976 1500 5046 possit
1538 4976 1757 5042 habere,
1785 4990 1900 5030 om-

321 5086 523 5144 nesque
556 5068 710 5139 legali
734 5066 1002 5121 sententia
1032 5066 1171 5118 filios
1198 5064 1487 5133 appellare.

393 5168 524 5233 Quae
548 5172 727 5217 autem
750 5173 932 5215 rerum
962 5167 1047 5212 est
1077 5157 1308 5225 species,
1342 5157 1387 5209 si
1419 5165 1572 5226 pater
1600 5157 1740 5212 inter
1761 5156 1901 5213 filios

321 5267 597 5325 utcunque
643 5251 968 5323 longinquus
1021 5246 1423 5301 matrimonium
1474 5247 1803 5301 contrahat:
1846 5258 1902 5302 et

322 5346 517 5415 quibus
546 5346 685 5399 inter
712 5357 773 5397 se
819 5340 1051 5395 invicem
1094 5335 1352 5391 fratribus
1380 5336 1492 5405 ipse
1527 5347 1680 5406 pater
1709 5347 1810 5402 est,
1844 5339 1897 5393 in

324 5435 617 5505 nuptialem
647 5433 892 5503 copulam
933 5428 1165 5500 jungat?
1187 5426 1394 5483 Videtis
1423 5426 1587 5497 igitur
1605 5426 1741 5497 jam,
1770 5428 1897 5497 quia

325 5542 447 5582 cum
509 5525 601 5578 filii
651 5525 771 5578 sitis
823 5521 1098 5585 Ecclesiae,
1129 5518 1195 5573 ad
1232 5517 1421 5572 matris
1472 5516 1724 5585 injuriam
1764 5518 1900 5571 ritus

326 5614 583 5672 inducitis
634 5612 928 5682 Synagogze
961 5628 974 5664 :
1008 5619 1062 5664 et
1122 5608 1221 5662 sub
1276 5606 1609 5677 professione
1669 5606 1902 5661 nominis

324 5704 620 5763 Christiani
664 5702 913 5758 haeresim
960 5699 1293 5770 praecurritis
1329 5697 1669 5753 Antichristi.
1706 5694 1901 5751 Notum

1998 3249 2119 3318 quis
2150 3247 2376 3300 limitem
2397 3247 2507 3312 jam
2554 3245 2897 3314 cognationis
2939 3247 3181 3311 excedat,
3232 3262 3333 3300 non
3360 3249 3580 3316 expedi-

2000 3350 2111 3394 tum
2142 3338 2356 3393 videtur
2384 3336 2528 3391 illam
2562 3337 2775 3397 ducere,
2817 3352 2979 3405 quam
3027 3338 3202 3392 adhuc
3236 3341 3467 3407 propriae
3522 3340 3577 3392 li-

1998 3443 2114 3482 nea:
2167 3442 2421 3481 mensura
2486 3435 2747 3482 coarctat.
2802 3426 3096 3499 Expleatur
3134 3414 3400 3495 siquidem
3431 3430 3582 3497 prius

2000 3525 2170 3570 totmn
2223 3516 2461 3585 undique
2509 3516 2801 3584 parenlelre
2848 3532 3067 3586 corpus,
3115 3526 3169 3571 et
3216 3518 3295 3572 sic
3338 3518 3447 3587 jam
3482 3518 3583 3572 foe-

1997 3607 2126 3662 dera
2185 3607 2409 3662 redeant
2458 3607 2790 3676 nuptiarum.
2822 3606 3022 3662 Verum
3076 3608 3119 3661 si
3171 3609 3256 3662 cui
3289 3624 3450 3677 super
3480 3610 3580 3663 hac

2000 3699 2269 3755 sententia
2340 3698 2590 3755 fortassis
2661 3700 2992 3771 ambigitur,
3054 3701 3215 3755 sedes
3286 3701 3578 3770 apostolica

1998 3788 2336 3844 consulatur.
2388 3788 2497 3843 Nos
2548 3790 2691 3843 enim
2744 3790 3027 3845 honestius
3091 3791 3339 3847 ducimus
3400 3793 3578 3861 inqui-

2000 3881 2167 3935 rendo
2195 3880 2356 3951 189
2384 3895 2504 3951 cum
2545 3881 2665 3935 aliis
2692 3882 2917 3944 discere,
2945 3897 3105 3950 quam
3141 3882 3239 3935 soli
3289 3883 3579 3937 nesciendo

1999 3972 2195 4025 docere
2224 3989 2237 4023 :
2270 3979 2325 4025 et
2370 3971 2422 4024 in
2464 3970 2661 4040 quibus
2709 3971 2808 4040 ipsi
2855 3971 3136 4034 lueremus,
3181 3970 3395 4027 firmare
3445 3972 3579 4027 alios

2001 4062 2347 4116 temerarium
2404 4061 2730 4132 judicamus.
2804 4061 3187 4116 Verumtamen
3245 4062 3367 4132 quia
3423 4063 3576 4132 juxta

1999 4153 2390 4221 praecedentem
2422 4152 2681 4206 linearum
2704 4153 2929 4220 gradum
2962 4154 3219 4209 debemus
3245 4156 3576 4224 generationi

2000 4243 2262 4298 calculum
2286 4258 2507 4314 ponere,
2545 4244 2673 4298 illud
2699 4243 2861 4299 etiam
2889 4245 3047 4299 datur
3075 4246 3294 4309 indicio,
3321 4249 3461 4317 quod
3488 4264 3581 4303 su-

2000 4335 2183 4403 peritis
2219 4334 2450 4388 Abrahae
2486 4335 2771 4389 Dominum
2801 4335 3114 4403 promisisse
3143 4338 3447 4402 retulimus,
3494 4339 3578 4391 vi-

2001 4426 2197 4481 delicet
2222 4445 2235 4480 :
2266 4426 2417 4493 Quod
2455 4426 2801 4496 generatione
2823 4436 3015 4496 quarta
3050 4437 3234 4483 essent
3254 4429 3345 4482 filii
3374 4430 3489 4498 ejus
3511 4431 3579 4485 de

2004 4517 2263 4571 servitute
2302 4515 2551 4585 Egyptia
2597 4514 2860 4569 liberandi
2913 4514 3065 4587 (Ceu.
3155 4518 3268 4589 xv).
3316 4518 3472 4585 Nam,
3521 4530 3582 4575 ut

2001 4610 2245 4681 egregias
2275 4608 2555 4663 lsraelitici
2595 4608 2807 4679 generis
2852 4608 3018 4663 lineas
3044 4624 3398 4680 apponamus,
3426 4626 3583 4681 rega-

2003 4700 2106 4754 lem
2153 4699 2401 4753 videlicet
2443 4707 2603 4768 atque
2645 4699 3031 4753 sacerdotalem
3056 4738 3073 4764 ,
3119 4698 3245 4754 Levi
3295 4701 3582 4771 progenies

2004 4802 2133 4846 tunc
2184 4800 2300 4845 erat
2339 4798 2549 4859 quarta.
2595 4790 2687 4844 sed
2731 4788 2881 4843 Iuda:
2928 4790 3204 4860 generatio
3233 4789 3343 4859 jam
3393 4790 3584 4859 quinta

2002 4889 2369 4949 praecesserat.
2409 4880 2543 4934 Cum
2587 4894 2716 4947 ergo
2744 4895 2791 4932 ηε
2816 4895 2848 4934 n
2878 4878 3194 4948 longiorem,
3236 4879 3329 4933 sed
3371 4878 3582 4932 brevio-

2003 4987 2117 5025 rem
2154 4970 2551 5025 successionum
2599 4969 2795 5023 lineam
2826 4968 3005 5022 divina
3055 4984 3159 5024 vox
3207 4972 3406 5038 posuit,
3448 4986 3582 5039 quo»

2004 5061 2312 5121 dammo'o,
2338 5070 2397 5111 ut
2437 5058 2775 5127 conjicimus,
2808 5057 3041 5127 regulam
3079 5059 3234 5113 nobis
3283 5061 3334 5112 in
3376 5074 3581 5130 suppuo

2002 5155 2180 5208 laudis
2205 5169 2318 5223 gr-n-
2340 5153 2637 5207 rationibus
2666 5166 2762 5205 sua
2791 5152 3110 5205 auctoritate
3136 5150 3364 5220 praefith
3390 5169 3403 5205 :
3438 5162 3495 5204 ut
3528 5155 3581 5205 in

2000 5261 2063 5301 ea
2121 5245 2243 5314 quis
2293 5244 2547 5313 progenie
2596 5257 2718 5297 cum
2774 5241 2881 5295 alio
2929 5252 3181 5296 constare
3244 5251 3529 5296 censeatur
3562 5284 3579 5307 ,

2003 5336 2056 5390 in
2086 5350 2193 5404 quo
2214 5332 2464 5388 videlicet
2485 5333 2648 5402 gradu
2685 5348 2795 5387 suae
2820 5332 2975 5387 lineae
3004 5332 3251 5403 superior
3286 5333 3579 5388 invenitur.

2612 5439 2838 5496 CAPUT
2895 5439 2963 5495 Χ.

2005 5536 2158 5602 Quod
2204 5535 2259 5587 in
2308 5533 2642 5586 numerandis
2672 5530 2920 5601 gradibus
2958 5548 3060 5585 una
3091 5530 3272 5585 debeat
3312 5529 3582 5583 abundare

2671 5618 2911 5670 persona.

2076 5694 2377 5751 Notandum
2403 5708 2614 5764 quoque
2634 5702 2736 5755 est,
2766 5694 2904 5761 quod
2927 5692 2980 5747 in
3006 5690 3384 5761 cognationum
3416 5700 3586 5755 gene-
