3996 6184
252 246 356 300 ΞΜ

1210 245 1454 302 OPUSC.
1487 247 1614 304 Vlll.
1645 280 1710 288 —
1742 249 1829 304 DE
1867 249 2302 307 PARENTELZE
2339 252 2708 314 GRADIBUS.

3423 257 3525 313 202

254 358 559 414 rationibus
583 359 928 414 numerandis
965 373 1070 414 una
1111 375 1329 429 semper
1371 370 1529 416 debet
1566 368 1841 418 abundare
1869 371 1915 425 Α
1944 371 2098 419 nobis
2141 373 2372 434 videtur,
2426 385 2792 426 necessarium
2839 373 2939 428 sibi
2979 383 3061 430 est
3110 392 3300 433 novem
3352 393 3519 436 utrin-

250 465 485 520 persona
517 466 532 504 :
565 464 664 504 nec
695 450 839 504 enim
869 463 934 505 ex
966 465 1070 503 una
1097 465 1324 519 persona
1355 461 1532 521 potest
1564 453 1839 524 generatio

254 540 396 593 ﬁeri.
436 537 588 592 Tunc
639 538 906 608 siquidem
956 540 1235 609 generatio
1277 540 1358 603 ﬁt,
1391 557 1511 594 cum
1553 542 1766 612 genitus
1811 556 1841 596 a

250 637 507 700 gignente
529 631 860 700 processerit
890 645 905 683 :
933 638 1095 699 atque
1133 639 1192 685 ut
1225 631 1528 701 exemplum
1575 633 1843 687 extrinse-

249 733 350 772 cus
381 733 489 771 non
516 731 846 787 quaeramus,
871 717 1100 773 sufﬁciat
1151 718 1272 782 hoc,
1329 719 1471 788 quod
1521 719 1694 774 adhuc
1731 735 1842 788 prae

248 809 507 862 manibus
566 817 832 863 tenemus.
895 808 1025 863 Levi
1087 823 1320 879 namque
1378 808 1564 879 genuit
1620 807 1836 876 Caath,

246 897 423 953 Caath
451 900 638 970 genuit
663 899 908 963 Amram.
939 899 1160 954 Amram
1203 901 1385 972 genuit
1415 900 1617 966 Aaron,
1655 901 1839 958 Aaron

246 992 436 1062 genuit
459 991 701 1057 Eleazar,
728 991 952 1046 Eleazar
977 1000 1156 1047 autem
1180 993 1366 1062 genuit
1387 991 1618 1048 Phinees
1646 993 1834 1064 (Nunt.

246 1086 424 1155 xxvi).
488 1085 658 1140 Caath
715 1099 841 1140 cum
895 1094 1045 1156 patre
1092 1101 1189 1141 suo
1243 1085 1370 1140 Levi
1424 1085 1700 1155 ingressus
1757 1095 1839 1141 est

245 1174 543 1245 Egyptum
567 1191 584 1238 ;
609 1172 839 1230 Pbinees
867 1183 1045 1228 autem
1075 1183 1276 1230 terram
1300 1174 1734 1244 repromissionis
1759 1175 1838 1229 in-

247 1263 434 1318 travit.
491 1264 549 1319 Si
595 1279 722 1334 ergo
759 1279 1013 1319 numeres
1039 1280 1067 1318 a
1098 1265 1269 1318 (Iaath
1301 1265 1366 1318 ad
1398 1264 1646 1326 Phinees,
1677 1266 1837 1334 qnin-

245 1370 352 1424 que
383 1370 646 1424 personas
676 1356 944 1420 invenies;
972 1369 1114 1418 cum,
1141 1363 1374 1410 testante
1395 1356 1575 1410 divino
1596 1356 1835 1421 oraculo,

244 1455 484 1514 quatuor
507 1461 628 1500 esse
658 1446 886 1500 debeant
918 1447 1314 1516 generationes.

316 1537 388 1590 Et
419 1537 548 1606 quia
573 1536 784 1607 Moyses
814 1537 864 1590 in
894 1537 1097 1601 Exodo,
1129 1536 1265 1592 ﬁlios
1295 1537 1456 1592 Israel
1491 1554 1556 1590 ex
1601 1537 1837 1608 Egypto

243 1629 436 1696 quinta
471 1627 820 1696 generatione
863 1635 1093 1681 testatur
1126 1643 1390 1697 egressos,
1423 1627 1659 1683 Judaica:
1706 1645 1836 1697 quo-

241 1734 350 1786 que
382 1718 557 1771 tribus
583 1716 825 1772 ordinem
853 1717 1130 1772 videamus
1162 1733 1176 1771 :
1214 1737 1231 1769 ι
1263 1718 1430 1773 Judas
1490 1720 1697 1774 scilicet
1750 1735 1843 1791 ge-
1872 1719 1918 1777 Β
2005 1777 2017 1787 ,

243 1811 363 1862 nuit
416 1808 643 1870 Phares,
694 1807 899 1862 Phares
948 1807 1132 1877 genuit
1182 1809 1374 1873 Esron,
1422 1811 1596 1864 Esron
1651 1811 1836 1880 genuit

240 1906 444 1966 Aram,
491 1903 654 1956 Aram
700 1902 886 1972 genuit
925 1902 1258 1969 Aminadab,
1305 1903 1604 1957 Aminadab
1655 1901 1840 1974 genuit

242 1990 510 2055 Naasson,
548 1987 784 2045 Naasson
812 1992 995 2060 genuit
1035 1990 1254 2044 Salmon
1289 1991 1501 2061 (ΜαιιΙι.
1537 1992 1597 2062 ι).
1628 2011 1647 2043 ι
1699 1989 1838 2044 Pha-

245 2098 333 2136 res
359 2098 485 2135 cum
516 2089 668 2150 patre
697 2096 815 2144 suo,
846 2081 1095 2136 videlicet
1127 2082 1288 2146 Juda,
1316 2079 1606 2152 Aigyputm
1647 2081 1832 2150 petiit;

242 2172 489 2226 Naasson
524 2188 648 2226 vero
684 2174 938 2241 princeps
970 2173 1142 2226 tribus
1169 2170 1316 2225 Judzc
1345 2170 1510 2225 luisse
1536 2170 1590 2223 in
1626 2171 1839 2224 deserto

245 2263 616 2317 describitur:
647 2263 800 2332 cujus
844 2261 988 2316 illius
1037 2260 1254 2314 Salmon
1304 2268 1503 2312 terram
1543 2259 1834 2327 repromis-

244 2356 416 2409 stonis
453 2357 729 2424 ingressus
757 2364 858 2409 est.
916 2353 972 2407 Si
1005 2367 1384 2408 recenseamus
1416 2352 1580 2422 igitur
1621 2367 1649 2404 a
1693 2350 1836 2405 Pha-

244 2459 333 2500 res
380 2460 554 2513 usque
597 2446 663 2498 ad
704 2446 922 2500 Salmon
950 2487 964 2511 ,
1012 2461 1104 2499 sex
1153 2445 1368 2514 quidem
1415 2457 1675 2512 personas
1719 2458 1838 2498 esse

243 2539 648 2608 perpendimus,
676 2537 938 2606 sedjuxta
967 2536 1179 2607 Moysen
1207 2535 1579 2606 generationes
1602 2537 1837 2604 quinque

244 2629 620 2682 tantummodo
680 2642 1041 2681 numeramus.
1101 2625 1156 2679 Si
1206 2640 1361 2694 quem
1414 2639 1544 2678 vero
1590 2632 1831 2688 moveat,

243 2719 415 2791 Moysi
463 2734 743 2772 numerum
780 2719 874 2782 illi,
921 2733 1077 2788 quem
1107 2717 1366 2771 Dominus
1410 2726 1688 2786 posuerat,
1729 2731 1835 2770 non

243 2819 522 2872 constare,
565 2811 688 2879 quia
736 2810 959 2864 alterius
1011 2819 1095 2864 est
1147 2808 1386 2879 negotii:
1424 2807 1573 2861 salvo
1617 2807 1835 2876 quidem

241 2901 421 2954 altiori
453 2902 730 2971 mysterio,
760 2899 974 2954 interim
1016 2898 1155 2953 scire
1194 2896 1442 2960 sulliciat,
1473 2897 1598 2966 quia
1629 2905 1838 2953 utrum-

241 3006 348 3060 que
382 3007 573 3046 verum
616 3005 739 3044 esse
785 2990 1146 3060 cognoscitur,
1184 2990 1229 3043 si
1265 2990 1332 3043 ad
1360 2985 1602 3043 diiersas
1635 2983 1832 3055 tribus,

241 3083 385 3136 sicut
425 3083 625 3135 dictum
661 3089 764 3145 est,
803 3079 1088 3135 referatur.

311 3169 370 3225 ld
423 3177 603 3223 autem
657 3169 799 3239 quod
853 3169 1110 3234 dicimus,
1163 3180 1423 3237 personas
1475 3167 1659 3239 plures
1714 3186 1834 3227 esse

238 3277 408 3332 quam
475 3261 676 3330 gradus
708 3301 724 3326 ,
777 3260 832 3314 in
899 3260 1012 3329 ipsa
1072 3273 1287 3329 quoque
1345 3273 1609 3316 canonum
1663 3261 1834 3334 ﬁgura

238 3353 453 3422 liquido
506 3353 953 3418 demonstratur,
1013 3366 1135 3405 cum
1189 3351 1426 3416 dicitur,
1479 3353 1603 3420 quia
1659 3356 1833 3424 primo

237 3443 413 3512 gradu
473 3441 736 3510 superiori
791 3431 931 3494 linea
983 3441 1331 3506 continetur,
1389 3448 1559 3510 pater,
1619 3451 1829 3510 mater;

240 3531 490 3586 inferiori
516 3571 532 3597 ,
574 3531 754 3596 ﬁlius,
793 3529 923 3585 ﬁlia.
975 3528 1110 3584 Cum
1149 3544 1279 3600 ergo
1315 3537 1470 3600 pater
1506 3538 1562 3585 et
1599 3531 1739 3587 ﬁlius
1777 3534 1830 3587 in

241 3639 351 3679 uno
385 3624 790 3679 constituantur
834 3622 1037 3692 gradu,
1085 3630 1300 3676 constat
1341 3621 1528 3691 procul
1577 3623 1740 3676 dubio
1776 3623 1834 3677 in

239 3715 730 3786 consanguinitatis
795 3715 938 3769 serie
997 3721 1052 3768 et
1111 3713 1369 3784 gradibus
1439 3713 1598 3785 190
1652 3714 1834 3784 plures

242 3820 365 3860 esse
397 3819 680 3876 personas.
730 3803 883 3870 Quod
918 3813 1097 3858 autem
1138 3803 1247 3858 illic
1283 3802 1657 3875 subiungitur,
1705 3804 1861 3875 quia.

243 3897 333 3953 his
382 3895 632 3966 personis
675 3894 833 3949 nullae
871 3894 991 3949 alia:
1022 3892 1340 3964 junguntur,
1388 3893 1500 3948 tale
1545 3901 1628 3949 est
1687 3909 1752 3948 ac
1785 3893 1832 3948 si

241 3989 591 4044 diceret:ex
643 3993 953 4040 transverso
998 3999 1107 4040 non
1156 3985 1396 4039 veniunt.
1435 3983 1568 4038 Nam
1627 3998 1730 4038 avo
1778 3992 1834 4038 et

241 4079 428 4148 nepoti
469 4118 485 4143 ,
543 4077 636 4148 qui
683 4077 738 4130 in
788 4075 1028 4131 secundo
1077 4084 1204 4129 sunt
1254 4075 1424 4144 gradu
1463 4114 1478 4138 ,
1535 4089 1604 4128 ex
1659 4083 1834 4130 trans-

241 4187 404 4228 verso
457 4171 542 4226 vel
577 4169 803 4240 obliquo
854 4168 1121 4234 veniunt;
1168 4166 1376 4232 frater,
1430 4180 1584 4222 soror
1629 4181 1832 4235 proavo

237 4263 330 4319 vel
378 4263 684 4335 pronepoti,
741 4260 991 4316 similiter
1035 4275 1102 4314 ex
1150 4259 1369 4327 obliquo
1415 4257 1668 4322 veniunt,
1721 4256 1833 4312 fra-

241 4356 348 4410 tris
400 4353 710 4422 sororisque
762 4351 902 4405 ﬁlius
935 4390 950 4416 ,
992 4349 1098 4404 ﬁlia
1136 4390 1151 4414 ,
1201 4357 1363 4418 atque
1400 4347 1470 4438 in
1519 4347 1664 4401 hunc
1715 4361 1828 4400 mo-
1855 4377 1908 4438 Β

242 4450 375 4502 dum
423 4447 545 4500 aliis
601 4444 724 4498 alia.
794 4441 889 4496 His
950 4450 1130 4495 autem
1193 4437 1484 4508 personis,
1533 4452 1654 4506 quae
1704 4446 1830 4491 sunt

240 4551 405 4610 pater
439 4547 496 4594 et
532 4537 710 4598 ﬁlius,
749 4533 869 4588 aliae
905 4547 1010 4588 non
1043 4530 1343 4600 junguntur
1365 4569 1380 4592 ,
1427 4527 1551 4597 quia
1590 4536 1830 4596 utraeque

244 4643 415 4684 unum
482 4626 686 4680 faciunt
737 4622 962 4692 gradum
995 4661 1010 4684 ,
1070 4635 1136 4674 ac
1193 4634 1290 4688 per
1346 4619 1450 4672 ltOc
1503 4618 1662 4671 nullm
1711 4616 1832 4671 alia:

245 4734 492 4792 personae
532 4725 759 4787 possunt
794 4714 872 4768 eis
923 4712 1126 4766 similes
1173 4711 1420 4765 inveniri.
1475 4710 1625 4776 Quod
1667 4711 1830 4764 etiam

245 4811 534 4867 Psalmista
584 4816 854 4870 testatur,
899 4818 1019 4857 cum
1067 4803 1199 4856 dicit
1239 4819 1250 4854 :
1297 4823 1312 4851 ι
1344 4793 1503 4856 Fiant
1557 4800 1669 4854 nati
1716 4799 1832 4867 ejus

243 4907 299 4959 in
357 4905 655 4965 interitum,
711 4902 766 4955 in
806 4915 911 4952 una
950 4898 1299 4968 generatione
1349 4895 1592 4950 deleatur
1635 4908 1832 4947 nomen

245 5000 368 5068 ejus
419 4995 590 5065 (Psal.
645 4994 818 5063 cvm).
849 5012 868 5044 ι
923 4989 1088 5058 Cujus
1134 4989 1278 5043 enim
1324 4986 1462 5042 ﬁlios
1510 4988 1834 5059 imprecatur

249 5089 302 5141 in
349 5087 572 5160 interitu
621 5085 738 5139 ﬁeri
765 5125 780 5149 ,
829 5083 910 5138 eis
960 5083 1189 5136 devovet
1234 5093 1428 5132 nomen
1469 5092 1571 5130 una
1609 5091 1836 5144 genera-

251 5183 400 5234 tione
433 5180 620 5234 deleri.
671 5180 876 5246 Quibus
916 5180 1159 5249 profecto
1187 5177 1367 5232 verbis
1418 5173 1703 5229 manifeste
1739 5173 1834 5225 de-

247 5259 458 5334 clarat,
517 5272 658 5340 quod
703 5280 858 5339 pater
899 5279 954 5325 et
1003 5269 1146 5323 ﬁlius
1193 5284 1298 5322 non
1353 5266 1513 5327 duae,
1579 5261 1676 5317 sed
1730 5276 1834 5316 una

249 5360 526 5429 generatio
557 5401 571 5422 ,
627 5375 874 5428 unusque
930 5359 1000 5413 sit
1051 5359 1266 5429 gradus.
1319 5355 1448 5409 Post
1508 5353 1606 5406 has
1657 5358 1836 5404 autem

247 5461 382 5521 quot
429 5461 556 5504 sunt
589 5466 853 5520 personae.
897 5466 1000 5503 non
1042 5456 1168 5504 sunt
1208 5445 1388 5515 procul
1429 5443 1590 5497 dubio
1619 5442 1834 5509 gradus.

249 5542 589 5610 Quapropter
641 5541 884 5609 quisquis
933 5541 985 5593 in
1039 5536 1400 5593 contrahendo
1438 5533 1685 5602 conjugio
1715 5545 1839 5596 per-

248 5637 392 5690 fecte
450 5636 564 5688 vult
625 5637 909 5702 septimam
958 5633 1360 5701 generationem
1413 5628 1660 5692 evadere,
1703 5626 1842 5680 sicut

499 5728 769 5784 Ρδτιιοι..
817 5725 1056 5786 CXLV.

1860 3051 1908 3118 C

1944 469 2048 523 que
2094 471 2349 525 personas
2397 463 2677 531 aequaliter
2725 481 3011 522 numerare
3052 487 3064 522 :
3102 481 3224 525 oczo
3277 474 3523 541 scilicet,

1944 543 2137 613 quibus
2195 555 2400 614 septem
2444 553 2820 617 generationes
2869 554 3040 622 ﬁant;
3093 575 3232 614 nona
3282 563 3355 618 sit
3406 565 3522 630 illa,

1942 643 2062 705 qua:
2109 637 2160 690 in
2211 639 2611 694 matrimonium
2657 649 2915 696 transeat.

2014 725 2071 781 Si
2126 727 2247 798 quis
2299 737 2475 784 autem
2516 730 2669 800 juxta
2731 732 2892 788 aliam
2952 735 3315 792 deﬁnitionem
3371 754 3524 796 sexta

1941 815 2103 886 elegit
2146 833 2262 872 esse
2313 821 2662 890 generatione
2709 833 2992 880 contentus
3021 865 3037 889 ,
3090 843 3188 882 nos
3240 831 3526 884 austerita-

1943 910 2051 956 tem
2100 920 2292 959 novam
2342 908 2575 976 antiquis
2627 911 2924 965 canonibus
2977 913 3231 969 inducere
3281 932 3387 970 non
3435 916 3523 987 ju-

1941 993 2202 1050 dicamus.
2259 995 2640 1054 Verumtamen
2689 1003 2812 1070 quia
2849 1003 2939 1056 alii
2977 1006 3220 1061 doctores
3269 1019 3517 1077 sextam,

1939 1081 2031 1137 alii
2070 1086 2352 1156 septimam
2401 1091 2806 1158 generationem
2849 1093 3236 1149 observandam
3274 1113 3394 1153 esse
3433 1101 3525 1154 de-

1939 1184 2204 1240 cernunt,
2257 1177 2371 1232 haec
2422 1179 2475 1232 in
2533 1180 2728 1235 talibus
2785 1192 2868 1236 est
2925 1187 3168 1240 tenenda.
3207 1188 3519 1246 discretio:

1939 1273 1998 1316 ut
2053 1265 2099 1319 si
2159 1281 2188 1320 a
2244 1266 2367 1322 ﬁliis
2415 1269 2640 1339 incipit,
2687 1273 2740 1326 in
2792 1283 2943 1328 sexta
2995 1278 3346 1346 generatione
3391 1295 3522 1350 sup-

1939 1357 2146 1424 putatio
2195 1358 2442 1425 desinat;
2499 1362 2544 1414 si
2601 1377 2729 1416 vero
2775 1379 2805 1416 a
2861 1366 3184 1434 nepotibus,
3243 1383 3410 1437 usque
3453 1371 3521 1424 ad

1938 1447 2220 1514 septimam
2279 1452 2482 1504 tendat.
2545 1452 2636 1506 Sic
2685 1453 2940 1508 nimirum
2995 1455 3347 1522 plurimorum
3401 1474 3525 1516 sen-

1941 1538 2104 1591 tentia
2164 1543 2467 1608 reperietur
2521 1560 2630 1598 una
2663 1585 2678 1608 ,
2732 1560 2852 1613 qua:
2904 1546 2961 1600 in
3014 1546 3316 1603 litterarum
3370 1551 3519 1606 vide-

1937 1627 2095 1682 batur
2138 1629 2506 1700 inaequalitate
2553 1635 2786 1689 diversa.

2547 1723 2777 1778 CAPUT
2831 1724 2920 1779 XI.

1941 1812 2093 1879 Quod
2141 1814 2288 1868 aliud
2339 1815 2408 1868 sit
2454 1813 2738 1883 aliquando
2782 1813 2998 1882 gradus,
3049 1815 3196 1868 aliud
3238 1821 3522 1886 generatio.

2007 1903 2142 1958 Illud
2196 1913 2375 1958 autem
2436 1902 2871 1973 prtetereundum
2935 1919 3041 1958 non
3102 1916 3232 1972 est,
3293 1909 3424 1976 quia
3470 1911 3525 1964 in

1940 1994 2024 2049 his
2073 1995 2378 2064 scripturis,
2438 2008 2556 2063 quae
2595 1994 2661 2046 de
2707 1994 3088 2063 cognationum
3143 1995 3401 2052 aﬁinitate
3441 1997 3523 2052 lo-

1938 2096 2198 2153 quuntur,
2239 2100 2347 2138 non
2391 2097 2604 2152 semper
2637 2083 2852 2157 .gradus
2896 2099 2994 2153 pro
3042 2087 3387 2169 generatione
3424 2104 3525 2160 po-

1938 2175 2076 2229 situs
2120 2175 2408 2229 invenitur.
2461 2173 2714 2243 Alioquin
2764 2189 3104 2244 nequaquam
3153 2176 3524 2246 Justinianus,

1937 2267 2081 2336 quod
2123 2267 2373 2335 superius
2421 2265 2621 2320 dictum
2672 2275 2776 2329 est,
2829 2275 3045 2336 neptem
3093 2269 3276 2324 fratris
3330 2282 3524 2340 quarto

1937 2358 2280 2412 constituerit
2333 2357 2539 2428 gradu;
2591 2357 2890 2425 prmsertim
2935 2373 3057 2413 cum
3097 2368 3150 2414 et
3190 2375 3255 2414 ex
3293 2341 3536 2430 quatuor

1937 2449 2278 2503 solummodo
2340 2447 2614 2518 personis,
2670 2457 2902 2517 quatuor
2957 2451 3334 2520 generationes
3407 2452 3524 2506 ﬁcri

1936 2540 2158 2594 omnino
2202 2556 2307 2594 non
2361 2548 2582 2608 possent
2637 2557 2651 2592 :
2711 2547 2766 2594 et
2813 2533 2984 2593 frater
3031 2543 3096 2594 ad
3148 2534 3372 2596 fratrem
3433 2559 3526 2612 ge-

1936 2629 2268 2684 nerationem
2304 2645 2410 2683 non
2448 2629 2659 2693 habeat,
2721 2636 2904 2699 utpote
2958 2645 3186 2698 quorum
3226 2640 3415 2685 neuter
3445 2632 3524 2686 al-

1939 2729 2110 2775 terum
2165 2719 2366 2789 gignat.
2431 2717 2622 2784 Unde,
2679 2725 2734 2772 ut
2787 2719 2916 2772 mihi
2968 2719 3214 2785 videtur,
3271 2720 3516 2790 disputa-

1937 2819 2082 2868 tores
2129 2810 2222 2871 illi,
2274 2824 2409 2880 quos
2459 2823 2620 2878 supra
2670 2809 3086 2876 nominavimus,
3141 2808 3297 2877 hujus
3344 2807 3521 2864 nomil

1936 2900 2021 2953 nis
2062 2899 2375 2954 diversitate
2418 2897 2672 2952 falluntur
2705 2916 2717 2952 :
2761 2899 2902 2968 quod
2943 2899 3192 2954 videlicet
3215 2900 3523 2970 -aliquando

1936 2991 2358 3062 generationem,
2398 2989 2684 3058 aliquando
2721 2988 2896 3043 locum
2937 2989 3269 3045 solummodo
3316 2978 3520 3046 invenF

1941 3089 2032 3135 tur
2082 3079 2386 3151 signiﬁcare
2437 3092 2698 3148 personaa.
2753 3078 3106 3133 Tantumdem
3165 3096 3394 3150 namque
3439 3091 3523 3136 est

1937 3171 2135 3235 dicere,
2184 3181 2399 3240 neptem
2440 3169 2621 3223 fratris
2659 3184 2778 3222 esse
2818 3179 3012 3238 quarto
3041 3171 3230 3237 gradu,
3263 3179 3518 3237 tanquam

1933 3263 1977 3318 si
2025 3263 2227 3318 diceret
2289 3269 2483 3331 quarto
2536 3261 2674 3316 loco.
2735 3262 2832 3325 Qui
2914 3261 3168 3314 nimirum
3217 3261 3517 3332 litigatores

1934 3354 2037 3408 tnei
2079 3353 2125 3407 si
2159 3354 2243 3407 vix
2290 3353 2413 3405 dum
2450 3351 2735 3406 mitescere
2772 3351 2958 3416 nescii,
2997 3350 3138 3419 quod
3170 3357 3296 3405 tunc
3325 3351 3516 3405 molie-

1933 3445 2132 3499 bantur
2186 3442 2466 3512 objicere,
2515 3457 2620 3496 non
2675 3450 2966 3496 vereantur
3028 3442 3280 3496 redivivis
3339 3442 3517 3496 adhuc

1933 3535 2328 3590 invectionibus
2358 3534 2578 3596 iterare,
2609 3547 2716 3587 non
2751 3532 2867 3586 sine
2907 3533 3137 3600 quodam
3170 3533 3375 3588 scilicet
3398 3533 3520 3602 jur-

1933 3626 2003 3697 gii
2033 3633 2242 3680 tumore
2282 3625 2522 3680 dicentes
2554 3637 2569 3676 :
2599 3623 2725 3692 quid
2771 3631 2877 3676 tam
2918 3622 3155 3691 prolixas
3197 3621 3515 3676 afﬁnitatem

1933 3716 2106 3770 lineas
2158 3715 2336 3780 texis,
2389 3716 2520 3768 doce
2575 3714 2735 3767 etiam
2782 3712 2826 3766 si
2875 3714 3145 3781 trinepos,
3200 3724 3258 3765 ut
3299 3715 3517 3776 asset-is,

1934 3804 2002 3858 ad
2048 3805 2332 3874 trineptem
2374 3817 2406 3857 e
2457 3803 2674 3873 regione
2723 3802 3134 3857 descendentem
3179 3800 3270 3868 jus
3323 3817 3520 3872 cogna-

1933 3894 2096 3948 tionis
2141 3895 2330 3954 habet.
2381 3907 2488 3962 quo
2544 3893 2686 3946 inter
2731 3905 2790 3946 se
2837 3890 3250 3959 propinquitatis
3299 3891 3522 3945 nomine

1933 3984 2330 4040 censebuntur?
2365 3982 2614 4052 Nunquid
2644 3981 2797 4051 191
2827 3980 3054 4044 sobrini,
3080 3980 3193 4034 sive
3223 3981 3517 4048 patrueles,

1933 4083 2026 4128 aut
2062 4073 2314 4128 amitini?
2361 4072 2513 4139 Quod
2553 4071 2597 4126 si
2637 4071 2783 4125 nullo
2815 4070 2952 4124 inter
2983 4084 3042 4124 se
3080 4069 3381 4138 hujusmodi
3425 4084 3523 4122 no-

1934 4166 2080 4220 mine
2121 4163 2506 4228 conferuntur,
2535 4177 2640 4231 quo
2665 4170 2824 4230 pacto
2848 4170 2972 4214 sunt
2995 4151 3400 4229 consanguinei,
3427 4157 3520 4227 qui

1935 4256 2078 4310 nulla
2118 4271 2148 4309 a
2189 4271 2248 4310 se
2285 4255 2532 4309 videntur
2565 4252 2882 4307 alterutrum
2922 4249 3392 4320 cognominatione
3430 4265 3516 4304 re-

1935 4348 2071 4402 lati?
2117 4349 2198 4402 Ad
2228 4363 2364 4417 quos
2399 4361 2500 4414 ego
2529 4363 2544 4399 :
2575 4345 2619 4400 si
2660 4345 2728 4399 de
2764 4342 3088 4408 nominibus,
3132 4341 3372 4412 inquam,
3411 4343 3524 4412 agi.

1934 4451 2040 4504 tur,
2085 4439 2190 4494 tale
2234 4438 2364 4508 quid
2410 4437 2606 4508 saepius
2640 4436 2929 4498 invenitur,
2986 4441 3045 4487 ut
3091 4433 3413 4502 quibusdam
3469 4442 3527 4487 et

1934 4531 2275 4588 necessitudo
2327 4529 2742 4600 propinquitatis
2781 4527 3014 4591 intersit,
3041 4534 3092 4578 et.
3120 4523 3393 4579 afﬁnitatis
3433 4540 3528 4580 vo-

1935 4621 2184 4677 cabulum
2224 4620 2384 4674 desit.

2006 4711 2206 4780 Atque,
2269 4719 2328 4763 ut
2377 4709 2520 4779 quod
2567 4708 2796 4764 dicimus
2839 4721 3010 4760 sacrm
3053 4706 3392 4760 auctoritatis
3445 4714 3524 4761 te-

1939 4801 2194 4857 stimonio
2249 4801 2704 4868 comprobemus,
2767 4797 3076 4867 prmtipitur
3131 4797 3184 4850 in
3235 4797 3522 4852 Levitico:

1946 4913 1962 4944 ι
1995 4891 2402 4962 Turpitudinem
2432 4930 2448 4955 ,
2509 4883 2682 4959 inQuit
2710 4930 2724 4953 ,
2777 4889 2980 4943 sororis
3026 4889 3212 4943 uxoris
3264 4898 3364 4942 tua:
3393 4929 3408 4952 ,
3471 4903 3526 4944 et

1941 4981 2063 5036 ﬁliae
2111 4981 2225 5051 ejus
2281 4997 2386 5034 non
2443 4978 2745 5048 revelabis;
2807 4980 2968 5034 ﬁliam
3020 4980 3112 5034 ﬁlii
3161 4979 3316 5049 ejus,
3369 4991 3424 5038 et
3467 4985 3525 5034 ti-

1936 5072 2068 5127 liam
2119 5071 2242 5126 ﬁliae
2291 5069 2430 5124 illius
2485 5085 2594 5124 non
2656 5085 2876 5136 sumes,
2929 5081 2986 5124 ut
3038 5072 3243 5125 reveles
3294 5072 3522 5138 ignomi-

1947 5168 2092 5222 niam
2139 5162 2274 5231 ejus,
2325 5162 2457 5233 quia
2504 5175 2632 5216 caro
2685 5153 2826 5216 illius
2873 5172 3019 5225 sunt,
3070 5171 3123 5214 et
3179 5161 3300 5214 talis
3350 5164 3522 5212 coitus

1941 5257 2177 5311 incestus
2224 5264 2307 5310 est
2353 5254 2539 5325 (Leuit.
2586 5263 2763 5326 xvru).
2794 5273 2811 5304 ι
2875 5255 3011 5307 Ecce
3063 5255 3285 5306 Vlll'lCUS
3334 5268 3362 5302 ει
3418 5253 3523 5305 lilia

1938 5346 2170 5416 privigni
2215 5347 2494 5413 utriusque
2539 5359 2701 5399 sexus
2747 5344 2920 5398 divina
2969 5358 3100 5396 voce
3143 5341 3522 5411 compescitur,

1942 5447 1996 5492 et
2042 5448 2218 5490 tamen
2266 5437 2538 5490 afﬁnitatis
2577 5450 2792 5498 nomen,
2836 5447 2941 5503 quo
2996 5433 3134 5484 inter
3186 5445 3244 5484 se
3299 5440 3527 5498 utraque

1944 5544 2171 5598 persona
2214 5527 2577 5596 cognominari
2631 5522 2860 5586 deleat,
2917 5538 3020 5574 non
3078 5522 3324 5574 habetur.
3390 5521 3525 5575 Cen-

1945 5621 2145 5677 setisne
2193 5633 2322 5686 ergo
2373 5616 2674 5685 hujusmodi
2724 5630 2980 5683 personas
3044 5622 3231 5666 contra
3283 5613 3523 5666 divinum

3138 5703 3174 5758 7
