3996 6184
494 236 600 295 et";

961 239 1018 292 S.
1051 238 1252 294 PETRI
1293 237 1574 293 DAMEANI
1606 237 1754 292 OPP.
1795 235 2024 291 TOMUS
2066 235 2197 292 SEU
2239 235 2417 294 PARS
2455 239 2538 295 lll.
2569 239 3022 299 —OPUSCULA
3059 243 3290 300 VAlllA.

3656 255 3760 311 εοι

497 367 818 430 praeceptum
867 357 1064 412 debere
1107 355 1378 427 conjungi,
1421 369 1542 408 cum
1591 369 1697 408 non
1745 354 2067 419 inveniatur,
2098 369 2145 425 Α
2174 368 2328 408 cessu
2379 364 2674 424 temporum
2728 357 2981 424 paulatim
3033 372 3248 425 semper
3297 361 3540 415 excrevit
3572 381 3586 416 :
3617 381 3763 420 nunc.

495 468 599 520 quo
627 448 1036 520 propinquitatis
1069 447 1278 516 possint
1303 445 1562 498 vocabulo
1600 447 1894 513 nuncupari
1917 445 1940 498 ?
1965 445 2072 498 Sed

497 542 668 594 videte
721 537 846 608 quid
911 537 962 589 in
1021 535 1126 588 fine
1174 533 1452 587 sententia:
1511 531 1729 593 dicitur,
1785 532 1906 600 quia
1949 533 2070 587 talis

494 630 666 684 coitus
712 627 947 680 incestus
1000 631 1101 674 est.
1165 622 1219 672 ln
1264 619 1505 675 Decretis
1547 635 1760 689 quoque
1815 621 2070 676 Innocen-

497 719 551 771 tii
607 731 754 780 papae
803 711 1033 778 legitur:
1072 728 1090 760 ι
1123 708 1404 773 Relictam,
1465 709 1656 776 inquit,
1716 711 1881 765 natris
1938 725 2072 763 uxo-

495 803 566 855 ris
606 817 737 864 suw,
781 799 1022 854 relictam
1061 797 1244 851 fratris
1284 798 1465 851 ux‘oris
1512 813 1642 862 sum,
1694 800 1930 852 relictam
1973 799 2066 853 filii

493 892 675 946 uxoris
716 905 844 950 sum.
899 890 1139 943 relictam
1189 889 1700 957 consanguineorum
1729 893 1910 944 uxoris
1937 906 2065 956 suae,

491 998 658 1051 usque
709 983 760 1036 in
803 983 1014 1035 tertiam
1070 980 1376 1048 progeniem
1426 994 1582 1032 nemo
1632 979 1681 1032 in
1723 995 1941 1034 uxorem
1982 995 2072 1033 su-

490 1083 621 1128 mat.
652 1091 670 1127 δ
728 1073 897 1128 Porro
955 1082 1133 1126 autem
1187 1072 1240 1124 in
1295 1071 1545 1123 omnibus
1594 1071 1678 1124 his
1732 1072 1976 1140 personis
2016 1079 2072 1125 et

490 1165 762 1219 affinitatis
809 1163 1122 1233 cognomina
1165 1176 1268 1214 non
1308 1162 1668 1229 reperiuntur,
1709 1172 1762 1217 et
1803 1163 1940 1217 inter
1977 1175 2070 1217 eas

491 1267 668 1310 tamen
717 1254 957 1308 contrahi
1010 1251 1409 1306 matrimonium
1455 1251 1786 1320 prohibetur.

557 1346 710 1413 Quod
769 1346 814 1398 si
868 1344 1092 1398 necdum
1142 1342 1228 1396 his
1275 1341 1639 1411 acquiescitis,
1691 1351 1850 1411 atque
1895 1341 2068 1396 adhuc

489 1440 801 1507 impugnare
861 1434 1076 1488 teutatis
1109 1473 1125 1498 ,
1183 1446 1251 1487 ex
1311 1433 1507 1488 vestris
1559 1433 1800 1503 profecto
1853 1433 2066 1488 exedris

489 1527 759 1580 munimen
819 1523 1136 1591 arripimus,
1189 1523 1330 1591 quod
1388 1521 1579 1577 vestris
1643 1524 1826 1578 itidem
1877 1522 2067 1590 jaculis

485 1627 834 1684 opponantus.
896 1612 1086 1666 VeSter
1142 1627 1372 1681 namque
1411 1612 1744 1668 Justinfanus
1782 1625 2063 1685 postquam

2175 453 2352 498 autem
2412 445 2592 499 divino
2640 445 2750 512 jam
2809 447 3120 504 imminente
3167 446 3413 516 judicio,
3460 464 3581 505 cum
3635 469 3764 508 sua-

2173 534 2330 588 dendi
2395 544 2574 589 essent
2635 536 2882 590 homines
2943 537 3164 590 omnino
3220 539 3404 591 carnis
3463 540 3761 608 voluptates

2172 624 2469 690 abscidere,
2508 625 2647 678 ultro
2696 627 2858 680 etiam
2902 636 3266 696 provocantur
3309 628 3612 686 incestuosa
3644 650 3759 688 ma-

2175 715 2421 770 trimonia
2470 715 2753 771 fmderare.
2814 716 3090 772 Adversus
3143 733 3270 788 ergo
3318 719 3620 788 huiusmodi
3669 740 3761 789 pe-

2173 811 2285 856 stes
2326 803 2677 857 sacerdotalis
2724 819 2784 859 se
2834 807 3128 858 auctoritas
3165 807 3356 876 erigat,
3401 816 3456 861 et
3504 810 3759 880 improbae

2173 893 2460 947 temeritati
2511 892 2892 947 ecclesiasticae
2950 894 3246 963 disciplina:
3308 895 3460 965 vigor
3507 899 3756 956 obsistat.

2172 981 2286 1034 Non
2346 981 2502 1034 detur
2553 997 2718 1035 cornu
2761 984 3052 1051 peceatori,
3104 984 3248 1038 nulla
3287 986 3621 1056 relinquatur
3655 1007 3758 1044 au-

2171 1067 2321 1120 dacia
2373 1068 2626 1122 vanitati.
2694 1067 2852 1122 Vivat
2912 1071 3090 1125 adhuc
3144 1072 3198 1126 iu
3255 1072 3498 1128 Ecclesia
3555 1075 3758 1133 Christi

2171 1155 2257 1209 ille
2312 1157 2578 1212 Mosaicus
2633 1174 2857 1232 serpens
2920 1159 3109 1231 (Num.
3165 1164 3320 1232 x31),
3368 1166 3460 1233 qui
3514 1166 3759 1222 incanta-

2172 1256 2344 1300 torum
2399 1248 2650 1302 colubros
2710 1250 2966 1316 sorbeat;
3028 1251 3193 1316 vivat,
3254 1255 3494 1322 inquam,
3545 1258 3758 1326 spirita-

2172 1337 2237 1390 lis
2285 1339 2590 1406 prudentia,
2636 1355 2754 1408 quze
2795 1341 3026 1395 carnalis
3077 1344 3328 1404 versutia
3378 1357 3584 1400 venena
3625 1364 3756 1402 cou-

2171 1437 2379 1492 sumat;
2434 1437 2492 1481 ut
2526 1444 2660 1498 quos
2710 1431 2912 1499 praprii
2962 1430 3170 1485 arbitrii
3224 1432 3441 1488 libertas
3491 1435 3758 1493 etlrenata

2169 1515 2488 1583 laxaverat,
2552 1519 2828 1574 canonica:
2894 1521 3196 1575 severitatis
3258 1539 3484 1580 censura
3542 1542 3759 1598 compe-

2170 1615 2330 1661 seat:
2372 1618 2427 1662 et
2471 1624 2604 1678 quos
2653 1617 2906 1679 tanquam
2959 1613 3187 1669 celebris
3244 1615 3398 1671 famae
3455 1627 3634 1675 tumor
3675 1622 3758 1674 iu-

485 1721 578 1757 sex
633 1704 867 1772 undique
920 1702 1295 1771 cognationum
1346 1703 1544 1770 gradus
1589 1711 1885 1764 enumerat,
1940 1719 2062 1757 mox
2096 1704 2138 1763 Β
2168 1697 2405 1761 ﬂaverat.
2457 1700 2678 1754 reddin
2737 1702 2961 1757 ralienis
3007 1706 3243 1774 graVilas
3297 1719 3553 1775 premat:
3590 1725 3751 1781 Quos-

485 1792 632 1848 atldit
681 1791 900 1862 (lnstiL,
955 1790 1047 1845 lib.
1105 1803 1183 1850 ιιι.
1222 1790 1300 1843 tit.
1341 1790 1413 1842 De
1453 1792 1601 1858 grad.
1643 1808 1789 1860 cogn.
1827 1792 2062 1862 perag.):

490 1902 509 1934 ε
540 1884 618 1938 Ex
669 1881 778 1946 his,
838 1881 1026 1948 inquit,
1076 1879 1252 1948 palam
1304 1889 1386 1933 est
1445 1880 1742 1948 intelligere
1803 1883 2062 1949 quemad-

486 1973 702 2028 modum
759 1970 1042 2026 ulteriores
1089 1985 1301 2038 quoque
1356 1970 1553 2040 gradus
1603 1986 1922 2025 enumerare
1976 1971 2066 2025 de-

476 2065 706 2117 beamus
752 2077 765 2113 :
817 2061 1012 2130 quippe
1074 2069 1326 2128 generata
1381 2075 1605 2128 quzeque
1660 2075 1889 2128 persona
1939 2077 2064 2131 gra—

485 2155 610 2207 dum
670 2153 927 2222 adjiciat,
989 2159 1045 2203 ut
1101 2151 1258 2219 longe
1336 2151 1543 2205 facilius
1601 2153 1670 2204 sit
1741 2154 2066 2222 respondere

483 2260 590 2314 quo
635 2244 862 2312 quisque
925 2243 1090 2312 gradu
1145 2243 1257 2304 sit,
1315 2257 1474 2310 quam
1531 2243 1746 2311 propria
1793 2243 2065 2331 cognatio-

484 2337 568 2390 nis
625 2334 976 2404 appellatione
1031 2346 1357 2401 quemquam
1421 2331 1757 2385 denotare.»
1832 2331 1886 2386 Si
1937 2347 2064 2402 ergo

483 2427 754 2498 legislalor
807 2426 918 2494 ipse
979 2423 1088 2477 illic
1139 2423 1619 2492 consanguinitatis
1681 2423 1877 2493 gradus
1935 2439 2065 2478 euu-

483 2523 674 2579 merat,
741 2515 828 2568 ubi
881 2513 1094 2566 nomina
1148 2513 1332 2567 deesse
1383 2521 1632 2578 testatur,
1690 2513 1817 2582 quid
1868 2513 2065 2566 mirum

481 2609 526 2663 si
573 2623 670 2662 nos
717 2607 903 2661 eadem
960 2603 1220 2659 facientes
1252 2645 1266 2670 ,
1322 2612 1378 2659 et
1431 2605 1573 2658 inter
1627 2605 1744 2659 illos
1799 2619 1916 2658 esse
1975 2604 2065 2672 jus

481 2698 896 2769 propinquitatis
953 2698 1246 2751 asserimus
1276 2737 1291 2760 ,
1335 2712 1562 2766 quorum
1622 2697 1871 2751 videlicet
1920 2695 2064 2751 rela-

481 2789 589 2844 tiva
642 2787 898 2842 vocabula
955 2781 1061 2841 non
1108 2787 1416 2842 habentur?
1467 2785 1636 2841 Tanto
1686 2788 1796 2857 jam
1849 2789 1915 2842 de
1971 2803 2064 2858 pa-

385 2928 394 2934 ,
480 2877 685 2934 reutela
734 2892 820 2930 me
886 2876 1088 2931 dixisse
1149 2875 1378 2931 suﬂiciat
1415 2917 1430 2942 ,
1499 2893 1566 2931 ne
1622 2892 1824 2946 pauper
1893 2877 2062 2947 stylus

481 2967 695 3023 modum
745 2967 844 3021 sibi
894 2981 1140 3037 congrum
1183 2966 1461 3022 brevitatis
1507 2969 1732 3022 excedat
1759 2986 1771 3021 :
1800 2969 1940 3040 quod
1982 2977 2061 3022 ta-

482 3072 603 3112 men
632 3055 691 3112 ut
715 3057 969 3122 arbitror,
997 3056 1039 3111 si
1069 3056 1348 3126 diligenter
1377 3058 1685 3122 attenditur,
1721 3059 1914 3122 omnis,
1943 3073 2062 3128 qua:
2089 3043 2133 3103 C

478 3163 640 3218 super
669 3147 769 3202 hoc
807 3147 1018 3217 negotio
1046 3161 1217 3215 nuper
1246 3157 1560 3214 emerserat,
1584 3148 1806 3219 querela
1833 3150 2057 3220 sopitur.

1078 3257 1304 3314 CAPUT
1353 3258 1466 3313 xu.
1643 3331 1646 3334 _

833 3368 1118 3424 Excusalio
1165 3368 1412 3438 longioris
1456 3369 1710 3439 opusculi.

549 3481 754 3537 Dixerit
798 3496 883 3534 me
933 3481 1196 3550 quispiam
1243 3481 1422 3536 verbis
1469 3482 1690 3537 liberius
1730 3490 2012 3553 evagatum
2038 3521 2054 3546 ,

478 3573 572 3628 sed
621 3571 751 3624 mihi
807 3570 940 3624 tanti
1000 3578 1084 3624 est
1139 3571 1508 3639 proximorum
1566 3587 1806 3627 meorum
1871 3572 2053 3634 salus,

482 3669 542 3713 ut
597 3675 704 3713 nou
764 3659 996 3712 otiosum
1039 3659 1255 3712 credam
1306 3659 1596 3713 multorum
1651 3659 1918 3729 lignorum
1963 3675 2057 3731 py-

480 3764 593 3803 ram
639 3751 969 3812 accendere,
1023 3763 1128 3816 qua
1183 3747 1527 3814 basiliscum,
1581 3749 1706 3803 licet
1763 3750 2052 3818 exiguum,

478 3838 732 3895 incolumi
783 3838 977 3908 papulo
1029 3852 1250 3892 necesse
1299 3840 1371 3892 sit
1425 3839 1644 3894 interire
1684 3857 1698 3892 :
1738 3854 1840 3895 nec
1887 3840 2054 3896 multa

477 3948 616 4004 aqua
661 3932 894 3988 inaniter
929 3929 1171 3985 funditur
1216 3931 1260 3986 si
1305 3931 1529 3986 scintilla
1578 3932 1736 4001 ignis,
1785 3947 1888 4001 qua
1927 3931 2054 3986 urbs

475 4022 767 4079 cremanda
813 4019 1008 4086 fuerat,
1057 4020 1444 4090 exstinguatur.
1489 4019 1624 4074 Vilis
1671 4019 1830 4088 plane
1859 4020 2053 4089 sagitta

438 4091 704 4183 'pectori‘
733 4109 981 4166 bellantis
1037 4109 1311 4179 infigitur,
1361 4109 1454 4165 sed
1509 4120 1797 4179 antequam
1846 4118 2049 4175 exeat,

475 4202 645 4257 multo
695 4200 879 4254 labore
945 4200 1187 4253 sudatur.
1243 4201 1625 4255 Verumtamen
1687 4203 1780 4269 qui
1836 4215 1922 4255 me
1976 4201 2054 4254 la-

475 4291 665 4346 ciniosi
713 4291 890 4358 operis
947 4290 1141 4358 arguit,
1186 4291 1478 4358 perpendat
1521 4305 1642 4344 cum
1688 4292 1883 4361 quibus
1920 4293 2047 4347 mihi

2169 1803 2294 1858 que.
2322 1788 2443 1843 fidei
2497 1789 2672 1844 unitas
2719 1801 3028 1861 congregat,
3075 1794 3331 1847 doctrinm
3370 1796 3603 1852 scissura
3644 1815 3755 1855 non

2167 1886 2402 1946 spargat.
2450 1876 2542 1932 Sic
2577 1879 2653 1933 sic
2686 1879 2938 1934 nimirum
2971 1891 3149 1936 vestro
3179 1884 3355 1938 studio
3385 1887 3453 1939 ad
3478 1887 3641 1942 sobrii
3673 1890 3756 1943 in—

2168 1966 2412 2020 tellectus
2451 1967 2795 2022 concordiam
2847 1971 3086 2036 redeant,
3143 1982 3198 2027 et
3237 1987 3347 2041 1am
3403 1976 3634 2033 humiles
3677 1979 3759 2038 fa.

2165 2061 2233 2113 cti
2263 2099 2278 2124 ,
2329 2074 2436 2113 uno
2477 2061 2670 2130 Spiritu
2726 2076 2847 2114 eum
2892 2062 3254 2117 ecclesiastica
3302 2081 3361 2121 se
3409 2082 3543 2136 pace
3604 2085 3756 2123 com-

2163 2162 2410 2220 ponant;
2466 2164 2731 2221 quatenus
2792 2163 2847 2208 et
2899 2163 3212 2212 veternosus
3267 2159 3485 2214 coluber
3540 2161 3756 2216 desinat

2163 2245 2312 2312 pravi
2361 2245 2626 2314 dogmatis
2667 2246 2814 2299 virus
2861 2245 3108 2312 efﬂuere,
3158 2258 3214 2303 et
3260 2250 3497 2306 Ecclesia
3548 2253 3753 2307 Christi

2165 2337 2231 2390 de
2281 2345 2474 2391 caetero
2521 2339 2726 2408 integra
2777 2339 2944 2406 possit
2990 2341 3044 2394 in
3091 2343 3174 2395 sui
3222 2343 3442 2410 pudoris
3492 2346 3754 2399 munditia

2163 2443 2506 2498 permanere.

2161 2542 3732 2568 _______________________

2592 2606 3278 2665 DISSERTATIUNCULA

2444 2699 2532 2753 DE
2587 2698 2932 2755 GRADIBUS
2989 2700 3462 2759 COGNATIONIS.

2161 2788 2556 2844 Aacuusmuu.
2597 2819 2667 2829 —-
2702 2791 2997 2864 Quemdam
3049 2794 3417 2864 presbyterum
3480 2799 3746 2864 consulit,

2233 2875 2468 2933 quonam
2509 2869 2664 2927 pacto
2702 2862 3080 2933 cognationum
3117 2862 3314 2933 gradus
3353 2869 3625 2922 numerari
3657 2862 3751 2924 de-

2232 2929 2393 2984 beant
2439 2947 2452 2981 :
2499 2946 2601 2982 non
2655 2929 2798 2984 enim
2847 2932 2980 2984 adeo
3026 2929 3195 2986 tutum
3244 2935 3342 2989 sibi
3387 2938 3550 2991 videri
3597 2955 3748 2992 com-

2232 3013 2452 3070 munem
2496 3002 2704 3052 mdrem
2752 3001 2840 3070 (eo
2880 3001 3084 3056 scilicet
3133 3005 3291 3057 modo
3334 3008 3646 3062 numerandi
3690 3018 3752 3062 ιιι

2232 3069 2406 3144 prima
2458 3083 2698 3144 persona
2739 3085 2952 3139 semper
3008 3072 3292 3144 abundet);
3323 3084 3380 3128 ut
3427 3076 3493 3130 ab
3545 3093 3609 3131 eo
3661 3090 3752 3132 ro-

2233 3139 2424 3192 cedere
2461 3137 2610 3193 nefas
2655 3139 2745 3201 sit,
2792 3137 3087 3207 praesertim
3130 3137 3553 3199 cum'nonnulla
3594 3146 3747 3202 Scri-

2230 3217 2401 3284 pturze
2456 3207 2905 3284 loca__vid_eantur
2945 3211 3183 3265 obstare.
3246 3210 3384 3267 Petit
3431 3215 3634 3284 igitur,
3687 3227 3750 3271 ut

2232 3277 2287 3330 in
2338 3277 2440 3332 hac
2493 3278 2823 3334 dubitatione
2872 3286 3024 3333 ‘suam
3069 3284 3393 3337 sententiam
3435 3277 3744 3355 patefaciat.

2230 3387 2438 3445 Domno
2481 3387 2541 3442 S.
2583 3388 2830 3458 religioso
2871 3391 3205 3463 presbytero,
3247 3392 3460 3449 Persas
3497 3405 3751 3465 peccator

2159 3481 2453 3535 monachus
2498 3481 2865 3536 indissolubile
2907 3482 3170 3547 glutinum
3205 3487 3504 3543 charitatis.

2227 3564 2497 3619 Admonet
2517 3565 2600 3619 vir
2623 3566 2885 3637 sapiens:
2909 3564 3070 3621 «Cum
3095 3565 3230 3632 viro,
3256 3567 3453 3636 inquit,
3480 3563 3735 3629 religioso

2161 3664 2329 3712 tracta
2366 3657 2436 3712 de
2461 3657 2718 3722 sanitate,
2751 3669 2805 3714 et
2836 3673 2961 3713 cum
3004 3658 3151 3727 justo
3185 3658 3252 3714 de
3291 3658 3500 3728 justitta
3535 3655 3732 3725 (Eccli.

2161 3763 2364 3814 xxxvu,
2389 3747 2476 3810 12)
2502 3750 2603 3821 (8).
2633 3769 2651 3803 ι
2689 3751 2791 3817 Qui
2811 3752 2973 3806 etiam
2999 3749 3348 3820 postmodum
3373 3749 3524 3804 dicit.
3552 3767 3571 3800 ι
3595 3749 3730 3803 (tum

2157 3841 2276 3894 viro
2300 3851 2490 3896 sancto
2518 3845 2772 3898 assiduus
2823 3853 2963 3907 esto,
2988 3856 3385 3913 quemcunque
3413 3840 3735 3911 cognoveris

2153 3935 2534 3990 observantem
2579 3936 2832 3992 timorem
2862 3934 2959 3992 Dei
2993 3937 3146 4005 (Ibid.
3187 3934 3298 4004 15).
3329 3953 3348 3986 ι
3387 3932 3732 4002 Quapropter

2155 4033 2254 4088 ego
2281 4027 2348 4083 te,
2373 4017 2693 4071 venerabilis
2722 4015 2908 4081 frater,
2933 4033 3250 4087 agnoscens,
3275 4033 3571 4089 congruum
3587 4019 3744 4084 duxi,

2156 4124 2260 4164 non
2309 4107 2529 4163 consilia
2575 4116 2750 4162 tecum
2795 4116 3007 4162 terrena
3056 4109 3318 4173 conferre,
3357 4110 3450 4165 sed
3487 4111 3552 4164 de
3586 4111 3747 4180 spiri-

2157 4202 2247 4256 tali
2290 4202 2483 4270 potius,
2531 4209 2584 4255 et
2628 4199 2990 4254 ecclesiastica
3036 4201 3333 4270 quastione
3379 4209 3631 4256 tractare.
3683 4202 3744 4256 ln

2153 4293 2410 4362 opusculo
2467 4292 2762 4360 siquidem,
2813 4291 2902 4345 ubi
2957 4293 3023 4347 de
3070 4293 3358 4361 parentelae
3420 4293 3577 4364 193
3617 4311 3744 4366 gra-

475 4382 546 4436 sit
592 4381 646 4434 in
701 4381 802 4433 hac
839 4378 1226 4446 disceptatione
1280 4379 1436 4448 192
1492 4381 1762 4448 negotium
1796 4400 1808 4436 :
1837 4391 1890 4436 et
1927 4397 2046 4437 mox
2082 4399 2128 4457 D
2153 4384 2308 4438 dibus
2352 4383 2635 4450 disputavi,
2677 4382 2818 4435 inter
2859 4393 3053 4436 caetera
3088 4382 3297 4436 dixisse
3338 4397 3424 4437 me
3471 4385 3687 4438 memini
3722 4403 3738 4439 :

475 4469 782 4524 necessitati
823 4469 1062 4535 deputet,
1110 4469 1250 4536 quod
1296 4469 1605 4523 verbositati
1659 4471 1916 4525 hactenus
1953 4473 2045 4526 atl-

470 4560 762 4619 scribebat.
807 4558 1182 4614 Necessarium
1234 4575 1426 4629 nempe
1478 4556 1724 4619 du'ximus
1764 4564 1866 4618 ista
1917 4580 2046 4619 eon-

471 4653 749 4717 scribere,
795 4665 860 4706 ne
907 4666 1140 4716 cancer,
1200 4654 1288 4722 qui
1343 4654 1398 4707 in
1455 4655 1569 4709 dies
1622 4667 1717 4726 per
1765 4669 2047 4727 augmenta

415 4805 418 4812 η
473 4745 742 4812 serpebat,
803 4743 1140 4812 pestilentius
1192 4744 1368 4799 adhuc
1410 4761 1468 4800 se
1516 4763 1612 4816 per
1663 4748 1914 4803 Ecclesia:
1966 4749 2049 4804 vi-

474 4853 626 4892 scera
677 4837 946 4890 dilataret.

546 4928 653 4982 Vos
705 4935 905 4991 autem,
958 4928 1286 4982 serenissimi
1338 4930 1388 4982 in
1440 4929 1694 4993 Christo,
1739 4939 1795 4985 et
1843 4946 2064 4986 venera-

473 5013 608 5070 biles
637 5013 760 5078 viri,
802 5013 1052 5069 videlicet
1087 5017 1179 5085 qui
1215 5032 1302 5070 me
1347 5018 1447 5078 hoc
1491 5033 1624 5087 opus
1674 5021 1887 5090 aggredi
1924 5037 2058 5088 pra:-

471 5105 710 5176 cepistis.
761 5113 920 5160 tanta:
966 5108 1334 5174 perversitatis
1380 5111 1553 5163 errori
1605 5125 1726 5164 cum
1768 5111 1914 5164 omni
1965 5127 2058 5164 au-

471 5198 723 5253 ctoritate
775 5195 1052 5250 resistite:
1094 5206 1148 5250 et
1192 5211 1260 5250 ne
1305 5213 1362 5252 se
1410 5213 1506 5266 per
1554 5215 1749 5268 corpus
1803 5200 2058 5256 Ecclesia:

469 5285 684 5342 iethalis
729 5285 874 5356 lepra
927 5285 1208 5352 dill‘undat,
1259 5286 1489 5343 viriliter
1539 5289 1771 5344 obviate.
1825 5291 2056 5347 Castitas

469 5394 661 5449 nempe
705 5379 948 5449 qutedam
995 5379 1240 5446 specialis
1289 5389 1369 5431 est
1427 5379 1615 5443 virtus,
1669 5396 1786 5449 quae
1831 5384 1897 5436 ab
1939 5383 2055 5451 ipso

472 5470 652 5524 mundi
697 5471 990 5538 primordio
1032 5471 1081 5538 in
1128 5471 1219 5524 Dei
1271 5469 1568 5538 cultoribus
1611 5471 1798 5540 viguit,
1838 5482 1888 5528 el
1930 5489 2056 5542 pro-

2151 4473 2208 4526 ln
2265 4473 2681 4543 cognationum,
2736 4472 2992 4540 inquam,
3054 4473 3491 4544 generationibus
3555 4488 3746 4528 nume-

2155 4565 2337 4619 randis
2372 4580 2475 4618 una
2525 4580 2737 4634 semper
2773 4565 2934 4619 debet
2977 4565 3252 4620 abundare
3282 4581 3530 4636 persona.
3586 4566 3742 4634 Quod

2155 4655 2316 4708 etiam
2356 4654 2679 4723 approbatis,
2722 4655 2942 4708 addidi:
2973 4653 3157 4724 Neque
3195 4658 3339 4710 enim
3368 4670 3434 4710 ex
3476 4671 3579 4710 una
3618 4672 3744 4727 per.

2155 4759 2288 4798 sona
2337 4751 2509 4812 potest
2556 4744 2834 4812 generatio
2884 4743 3020 4798 fieri.
3069 4745 3338 4799 Adhibitis
3376 4746 3538 4799 etiam
3589 4748 3744 4800 testi-

2159 4837 2357 4891 moniis
2388 4834 2786 4904 Seripturarum
2804 4834 2999 4902 quibus
3027 4835 3126 4890 hoc
3167 4836 3458 4904 disputatio
3474 4836 3739 4901 deﬁnivit,

2165 4935 2223 4981 ut
2245 4942 2364 4982 cum
2399 4927 2818 4995 propinquorum
2845 4928 3221 4996 generationes
3253 4927 3450 4982 fuerint
3477 4938 3739 4997 supputa-

2163 5026 2254 5081 ιω.
2282 5030 2385 5070 una
2432 5029 2642 5083 semper
2667 5029 2892 5084 persona
2934 5017 3238 5087 reperiatur
3265 5020 3543 5072 excedere.
3574 5015 3742 5071 Verbi

2162 5107 2331 5176 gratia
2368 5123 2378 5157 :
2411 5105 2498 5157 ubi
2524 5104 2760 5172 quinque
2796 5111 2918 5157 sunt
2948 5106 3344 5175 generationes,
3368 5121 3463 5160 sex
3492 5119 3743 5159 necessa-

2163 5198 2243 5252 rio
2273 5198 2501 5252 debeant
2532 5211 2652 5251 esse
2692 5210 2960 5265 personm.
2995 5196 3086 5251 Sic
3121 5207 3177 5252 et
3217 5198 3269 5250 in
3301 5196 3509 5250 caeteris
3543 5209 3741 5248 nume-

2163 5303 2281 5342 rum
2313 5287 2575 5355 gra-luum
2607 5282 2892 5339 multitudo
2921 5297 3137 5354 superet
3173 5299 3547 5353 personarum.
3629 5331 3632 5333 _

2234 5376 2340 5430 Sed
2369 5391 2463 5444 per
2492 5389 2766 5428 accessum
2810 5375 3066 5444 temporis
3103 5375 3299 5444 legenti
3343 5371 3470 5427 mihi
3512 5371 3736 5440 aliquid,

2159 5479 2215 5525 et
2250 5471 2303 5522 in
2347 5467 2641 5536 Scripturis
2685 5467 2940 5529 occurrit.
2983 5469 3124 5536 quod
3165 5475 3374 5520 mutare
3405 5479 3563 5536 posse
3596 5465 3741 5518 hanc

542 5573 981 5649 (8)__Coutrarius
1028 5578 1238 5633 videtur
1284 5593 1474 5634 sensus
1546 5578 1704 5649 hujus
1753 5580 1897 5648 loci,
1947 5581 2150 5636 cumin
2203 5587 2349 5634 textu
2398 5578 2703 5633 habeatur:
2751 5593 2868 5631 cum
2939 5580 3046 5635 viro
3109 5577 3396 5649 irreligioso
3449 5587 3618 5632 tracta
3673 5576 3740 5632 de

471 5644 766 5712 sanctitate,
824 5653 929 5698 ctc.
