3996 6184
538 280 644 336 205
1428 265 1672 324 OPUSC.
1711 265 1842 320 Vill.
1865 297 1933 306 -—
1961 266 2047 321 DE
2072 263 2508 322 PARENTEL/E
2545 265 2914 324 GRADIBUS.
3693 276 3797 330 205

537 401 871 450 enumerata:
909 381 1246 454 cognationis
1291 378 1528 447 regulam
1569 379 1864 445 persuasit;
1895 391 2119 446 prmser-
2145 381 2194 438 Α
2850 379 3078 436 CAPUT
3115 381 3180 436 IL

537 489 632 542 tim
667 497 792 540 cum
831 479 1076 549 plerique
1114 471 1404 529 sarculares
1433 470 1558 523 huic
1589 468 1885 524 definitioni
1923 467 2113 530 feram,
2223 459 2566 549 Quomodo}
2611 463 3070 549 transmigratione
3105 462 3392 549 Babylonis
3431 467 3502 548 {id
3531 465 3793 522 Christum

535 591 698 651 atque
739 577 1090 632 inhumanam
1139 574 1542 636 conquerantur
1599 563 1776 617 inesse
1825 561 2113 624 duritiam,

2099 599 2113 624 ,
2277 565 2284 572 ι
2493 531 2686 597 fuerint
2715 531 3069 600 generationes
3107 531 3518 604 quatuordccim.

2297 622 2562 651 Διιιιηνηησ
2594 622 2767 651 mullum.
2834 625 2972 651 num]
3021 626 3282 651 ..-μυξη-,2,
3332 635 3406 651 ’.ΑΩ
3441 630 3660 651 ..η-,μμε

535 622 1118 738 ggué'perhibeam
1173 622 1328 712 nodis
1379 655 1756 723 obtemperare
1795 667 1898 704 non
1935 665 2114 719 posse,
2221 714 2232 724 .
2289 622 2566 738 addamus.
2593 622 2805 738 adhuc,I
2833 625 2974 690 quod
3017 626 3286 738 gravioris
3328 630 3799 738 est-ponderisct

1221 711 1650 813 acquieverin;"s
1689 757 1753 795 ex
1794 711 1950 806 hujus'
1985 711 2116 808 ιρείέ
2220 712 2524 816 inviolabile
2556 720 2700 765 tenet
2730 711 2892 764 robur
2933 711 3608 816 auctoritatis..llliattlueus
3647 719 3793 775 enim

1123 801 1366 908 Quotidie
1395 833 1614 901 bellum,
1638 833 1740 888 hoc
1767 801 1883 887 sine
1913 801 2116 886 imitere
2218 801 2544 920 ev‘mgelis'a
2593 811 2874 920 Ροδίίί¹¹ῗ¹¹¹
2923 802 3287 920 ε⁰¹¹θ¹’²ξίί⁰⁰ί⁵
3341 801 3542 920 Chiis“
3598 809 3792 858 ""3""

2220 892 2381 920 ιΛ-ιιιῖι
2463 905 2543 920 ιΛιι
2575 891 2625 920 in
2662 906 2794 920 Annul-
2821 893 3005 920 ..οἵη-ιη
3035 907 3092 920 οι.
3119 892 3306 920 ,πυκνὴ
3342 909 3353 920 .
3394 911 3410 920 ι
3489 909 3637 920 ....ιιι,.
3669 909 3791 920 ,μυ-ι.

1289 890 1298 892 ἡ
1597 890 1612 901 ’
2220 892 2409 954 texuit,
2445 892 2546 944 hoc
2575 891 2626 943 in
2661 890 3006 944 conclusione
3035 892 3310 961 subjunxit
3341 909 3353 944 :
3393 911 3410 944 ι
3440 893 3639 948 Omnes
3667 909 3796 966 ergo

2217 983 2594 1052 generationes
2639 982 2706 1038 ab
2736 983 3010 1036 Abraham
3060 998 3228 1052 usque
3266 985 3334 1039 ad
3373 985 3540 1040 David
3569 1002 3794 1056 genera-

1040 1037 1268 1096 CAPUT
1305 1035 1597 1092 PRIMUM'
2217 1035 2390 1126 rienes
2415 1082 2539 1126 sunt
2561 1072 2988 1140 (piatnoulecim,
3015 1082 3068 1126 et
3093 1089 3122 1124 a
3141 1035 3316 1127 bavid
3341 1091 3509 1144 usque
3531 1035 3598 1130 ad
3623 1088 3796 1134 trans-

531 1158 599 1214 ln
626 1155 1044 1231 generationibus
1083 1150 1426 1224 supputandis
1467 1165 1582 1219 quw
1621 1146 1800 1217 regula
1835 1148 2109 1201 sert'anda.

2217 1163 2592 1231 migrationem
2635 1161 2920 1233 Babylonis
2949 1166 3326 1232 generationes
3357 1171 3789 1236 .piatuordecim,

599 1267 826 1322 Videtur
867 1265 1048 1334 itaque
1092 1262 1246 1316 nobis
1303 1260 1710 1314 inﬁrmitatibus
1764 1259 2110 1312 imbecillium
2214 1261 2268 1305 et
2295 1268 2326 1306 a
2361 1253 2830 1322 transmigratione
2871 1253 3156 1325 Babylonis
3201 1271 3370 1326 usque
3405 1258 3472 1310 ad
3517 1258 3790 1314 Christum

527 1360 642 1415 sine
671 1357 825 1430 culpa
849 1369 953 1410 non
979 1369 1134 1424 posse
1156 1351 1515 1407 conscendere
1541 1349 1602 1422 [Γ.
1627 1348 2108 1420 condescendere],
2207 1346 2582 1416 generationes
2611 1348 3014 1415 quatuordecim
3054 1347 3267 1417 (Manli.
3339 1349 3399 1416 l).
3437 1370 3454 1402 ι
3488 1351 3620 1406 (lum
3645 1353 3794 1407 vide-

527 1459 586 1504 ut
612 1451 964 1503 decernamus
1003 1443 1387 1510 cognationum
1437 1440 1596 1495 simul
1645 1454 1708 1492 ac
1755 1453 2108 1508 personarum
2211 1437 2336 1492 licet
2363 1437 2508 1492 nulla
2541 1440 2700 1492 trium
2738 1441 3006 1506 ordinum,
3042 1442 3132 1510 qui
3173 1443 3362 1510 digesti
3401 1453 3528 1498 sum
3561 1458 3789 1512 tessera,

527 1555 810 1596 numerum
855 1538 1086 1592 invicem
1137 1534 1462 1597 convenire;
1505 1541 1772 1602 quatenus
1812 1541 1940 1599 quot
1983 1540 2110 1584 sunt
2207 1530 2490 1600 plusquam
2545 1533 2950 1599 quattuordecim
2999 1533 3300 1600 genitorem
3332 1575 3346 1594 .
3399 1537 3516 1590 sive
3567 1537 3782 1606 gignen.

523 1643 790 1700 personae,
829 1626 1052 1681 totidem
1089 1639 1303 1693 quoque
1351 1622 1602 1676 dicantur
1639 1635 1756 1675 esse
1795 1619 2102 1690 generatio—
2209 1618 2341 1672 tium
2377 1620 2682 1674 inveniatur
2727 1637 3049 1676 enumerare
3095 1637 3380 1690 personas.
3427 1627 3536 1677 tuin
3578 1627 3624 1679 si
3668 1627 3789 1680 dili-

523 1735 634 1776 nes.
673 1719 745 1774 Ut
771 1729 951 1772 autem
981 1716 1083 1771 hoc
1117 1731 1223 1768 non
1265 1722 1450 1770 nostra
1492 1712 1786 1774 temeritas,
1831 1711 1924 1766 sed
1971 1726 2098 1765 san-
2137 1745 2178 1802 Β
2208 1719 2394 1780 genter
2433 1712 2752 1775 attenditur,
2789 1712 2999 1765 nonnisi
3051 1713 3306 1767 tredecim
3353 1717 3632 1770 continere
3668 1732 3791 1786 per-

519 1819 728 1865 ctorum
757 1808 979 1863 Patrum
1015 1805 1261 1859 videatur
1291 1803 1607 1862 auctoritas,
1637 1801 1699 1855 Β.
1739 1802 2100 1872 Hieronymus
2138 1801 2162 1802 ί
2205 1818 2368 1858 senas
2414 1803 2549 1856 ordo
2599 1803 2808 1867 tertius,
2851 1803 2942 1871 qui
2989 1813 3071 1856 est
3122 1813 3176 1856 et
3217 1803 3455 1868 ultimus,
3499 1805 3787 1862 invenitur.

519 1901 641 1954 dum
688 1899 902 1954 solvere
943 1897 1132 1951 nititur
1169 1895 1521 1964 quaestionem
1558 1892 1806 1958 Genesis,
1847 1892 1940 1947 ubi
1970 1893 2102 1947 dici-
2205 1893 2379 1962 Super
2413 1907 2522 1962 quo
2551 1894 2803 1947 nimirum
2845 1893 3084 1946 nonnulli
3116 1895 3395 1948 doctorum
3422 1897 3638 1951 diversa
3669 1913 3698 1950 a
3730 1913 3789 1952 se

519 1999 604 2044 tur
633 2005 648 2042 :
685 2008 704 2040 ‹
737 1989 840 2055 Qui
881 1987 1144 2042 occiderit
1181 1985 1338 2050 Cain,
1369 1993 1574 2052 septem
1612 1984 1880 2037 vindictas
1919 1985 2098 2037 exsol-
2204 1985 2436 2048 invicem
2469 1985 2790 2048 sentientes,
2821 1984 2992 2053 longis
3021 1987 3580 2054 argmnentaiionibus
3611 1989 3788 2057 dispu-

515 2091 602 2136 γει
637 2079 794 2150 (Gen.
823 2080 930 2148 Iv),
965 2097 982 2130 ι
1036 2085 1246 2146 septem
1286 2074 1535 2144 perhibet
1570 2087 1691 2128 esse
1725 2074 2100 2144 generationes
2204 2085 2340 2139 tant,
2373 2085 2432 2129 ut
2470 2075 2876 2145 quatuordccim
2926 2085 2980 2130 et
3025 2077 3078 2129 in
3108 2077 3250 2140 .hoc,
3297 2079 3436 2132 sicut
3478 2079 3532 2132 in
3573 2092 3787 2136 metens

513 2172 581 2226 ab
602 2171 774 2225 Adam
807 2183 975 2238 usque
996 2167 1250 2228 Lamecb,
1276 2181 1397 2220 cum
1427 2173 1602 2218 tamen
1629 2179 1732 2216 non
1761 2164 2100 2232 reperiantur
2204 2165 2472 2220 habentur
2513 2167 2820 2228 ordinibus,
2873 2181 2994 2220 esse
3047 2168 3428 2237 generationes
3474 2177 3766 2226 ostendant.

514 2260 612 2314 nisi
645 2258 888 2318 totidem,
925 2257 1029 2310 hoc
1058 2263 1160 2320 est,
1207 2263 1411 2322 septem
1456 2267 1576 2306 esse
1614 2267 1880 2322 personae.
1924 2253 2011 2316 Et,
2041 2261 2092 2306 ut

2206 2257 2435 2312 Sanctus
2459 2258 2656 2326 quippe
2693 2258 3050 2328 Hieronymus
3085 2259 3220 2312 duos
3257 2274 3376 2314 esse
3415 2263 3784 2330 pet-lsibct'Je-

513 2352 626 2420 ipsa
677 2349 1023 2420 potissimum
1081 2347 1216 2400 tanti
1275 2345 1513 2400 doctoris
1558 2345 1722 2398 verba
1785 2359 2095 2412 ponamus:
2201 2347 2444 2410 chenias,
2471 2357 2680 2416 patrem
2703 2347 2907 2401 scilicet
2936 2358 2992 2401 et
3019 2348 3218 2414 lilium;
3255 2360 3308 2402 et
3332 2361 3540 2416 patrem
3565 2353 3782 2420 quidem

511 2441 793 2511 Majorum,
825 2440 1018 2508 inquit,
1053 2447 1362 2492 nostrorum
1397 2438 1494 2492 ista
1529 2437 1792 2491 sententia
1821 2446 1925 2500 est,
1955 2435 2100 2506 quod
2201 2437 2254 2489 in
2305 2436 2410 2490 line
2448 2437 2668 2492 secundi
2707 2440 2936 2504 ordinis,
2991 2441 3159 2496 lilimn
3211 2447 3406 2500 asserit
3452 2448 3684 2515 positum
3731 2449 3784 2502 in

511 2541 699 2603 putant
729 2532 783 2585 in
822 2529 1052 2600 septima
1089 2516 1436 2598 generatione
1475 2526 1708 2586 Lamecb
1755 2525 2095 2580 interfectum:
2199 2530 2374 2598 capite
2403 2531 2564 2585 tertii.
2596 2531 2664 2584 At
2693 2532 2881 2586 beatus
2915 2533 3047 2588 dicit
3083 2533 3218 2605 Aug.
3253 2537 3376 2604 quia
3421 2555 3556 2593 ltllllS
3587 2539 3787 2594 Jecho-

507 2627 672 2692 Cain;
703 2641 939 2695 moxque
969 2625 1242 2696 subjungit
1271 2638 1287 2677 :
1317 2623 1489 2677 Adam
1521 2624 1716 2692 quippe
1737 2623 1920 2694 genuit
1941 2622 2094 2686 Cain,
2198 2620 2317 2674 nias
2357 2621 2441 2676 bis
2476 2632 2812 2676 numeratur.
2845 2623 2996 2688 Quod
3029 2624 3072 2677 si
3114 2626 3440 2680 credendum
3474 2629 3566 2691 sit,
3599 2631 3784 2685 nescio

505 2717 640 2776 Cain
666 2719 856 2791 genuit
893 2716 1134 2780 Henocb,
1163 2717 1384 2771 llenoch
1411 2715 1597 2786 genuit
1633 2715 1864 2778 Cainan,
1892 2713 2096 2770 Cainaa
2197 2727 2305 2782 quo
2333 2723 2492 2780 pacto
2514 2716 2683 2768 sancti
2712 2717 3055 2784 evangelista:
3075 2733 3200 2772 vera
3225 2719 3392 2773 videri
3421 2723 3588 2789 possit
3608 2737 3785 2778 asser-

505 2812 690 2880 genuit
713 2809 1020 2872 Malalehel,
1053 2809 1331 2863 Malalehel
1355 2807 1540 2878 genuit
1572 2805 1952 2870 Mathusalem,
1981 2806 2097 2860 Ma‘
2201 2807 2294 2868 tio,
2325 2822 2430 2882 qua
2463 2808 2612 2872 dicit,
2646 2808 2900 2876 quoniam
2925 2824 2952 2862 a
2989 2812 3464 2882 transmigratione
3496 2813 3784 2884 Iinbﬂuttiﬁ

507 2902 776 2956 thusalem
805 2899 992 2972 genuit
1014 2897 1266 2960 Lamech,
1294 2898 1383 2966 qui
1411 2897 1674 2966 septimus
1708 2905 1790 2950 est
1813 2897 1881 2950 ab
1903 2895 2096 2950 Adam.
2198 2915 2368 2970 usque
2395 2901 2460 2954 ad
2488 2899 2764 2955 Christum
2795 2903 3173 2971 generationes
3199 2913 3326 2957 sunt
3351 2907 3781 2974 quatuordmzim.

503 2991 574 3046 Et
597 2991 759 3062 paulo
791 2999 956 3059 post:
999 2988 1097 3043 Hic
1135 2989 1374 3058 quidem,
1427 2985 1622 3055 inqdit,
1661 2985 1819 3049 Cain,
1868 2985 2012 3053 quod
2043 2985 2094 3038 in
2199 2989 2342 3044 Sane
2387 2993 2502 3046 sive
2546 2991 2662 3056 bis,
2705 2993 2819 3047 sive
2863 2994 3076 3061 quoties
3115 2994 3264 3056 libet,
3305 2995 3380 3056 id,
3426 2997 3566 3064 quod
3614 3014 3778 3052 ninnn

504 3083 736 3154 Selium“
777 3082 1128 3153 εθηθνλιίοηθ
1179 3079 1497 3134 iul-erremus
1537 3079 1626 3144 είιν
1665 3089 1718 3134 θῑ
1745 3077 1898 3146 illim
1931 3077 2092 3130 aliam
2122 3111 2166 3171 ρ
2198 3092 2304 3149 est,
2335 3091 2669 3148 numeretur,
2719 3100 2884 3138 unum
2937 3085 3288 3140 nihilominus
3333 3101 3654 3156 permanere
3691 3105 3782 3140 m-

503 3175 796 3229 editionem
839 3187 1056 3242 pinnam
1107 3172 1188 3227 sui
1243 3171 1463 3227 sceleris
1507 3169 1718 3225 dederit
1769 3185 1782 3222 :
1826 3167 1916 3222 ubi
1960 3167 2094 3222 nihil
2135 3167 2165 3171 ⁷
2197 3174 2495 3244 gnoscitur.
2545 3172 2676 3226 Nam
2723 3173 2824 3227 etsi
2877 3187 3246 3241 saepenumero
3285 3176 3416 3244 quid
3457 3177 3674 3242 dicitur,
3703 3179 3780 3234 rei

502 3263 718 3320 obscuri
755 3265 993 3320 arbitror
1034 3265 1380 3320 remansisse.
1437 3263 1494 3318 ln
1540 3263 1735 3333 quibus
1776 3262 1961 3330 utique
2000 3261 2096 3316 do—
2197 3273 2375 3318 tamen
2407 3263 2643 3317 essentia
2681 3279 2788 3316 non
2825 3271 3070 3330 augetur,
3115 3279 3212 3320 nec
3251 3266 3640 3334 multiplicatur
3675 3283 3782 3323 nu-

501 3359 730 3414 ctissimi
777 3360 878 3414 viri
925 3360 1103 3415 verbis
1141 3369 1387 3429 patenter
1426 3360 1754 3424 ostenditur,
1797 3359 1924 3428 quia
1965 3371 2090 3412 cum
2195 3369 2400 3420 merus,
2457 3354 2584 3409 licet
2637 3369 2815 3410 sermo
2871 3353 3032 3410 fuerit
3087 3355 3332 3410 iteratus.
3391 3357 3578 3412 'l‘imeo
3621 3358 3782 3427 plane

501 3449 575 3504 ab
597 3452 766 3506 Adam
805 3467 976 3522 usque
1014 3451 1253 3508 Lamech
1295 3459 1502 3522 septem
1545 3451 1918 3506 tantummodo
1967 3457 2094 3506 sunt
2193 3461 2356 3516 super
2381 3446 2660 3516 utriusque
2689 3449 2928 3503 doctoris
2963 3448 3256 3513 sententia,
3283 3463 3403 3517 quae
3433 3450 3561 3504 mihi
3589 3450 3780 3506 «iul-ie-

501 3555 747 3610 personze
770 3582 786 3608 ,
830 3551 1036 3612 septem
1076 3543 1427 3598 nihilominus
1453 3542 1658 3598 faciunt
1689 3543 2088 3614 generationes.
2193 3547 2278 3594 tas
2310 3538 2614 3604 oboriatur,
2641 3539 2980 3610 exprimere;
3007 3555 3075 3594 ne
3113 3547 3222 3594 tam
3269 3539 3564 3596 illustribus
3595 3543 3780 3598 Hrcle-

501 3635 548 3688 Α
586 3649 692 3706 qua
721 3637 1132 3706 generationum
1169 3638 1608 3692 dinumeratione
1643 3638 1833 3694 beatus
1873 3652 2090 3708 quoque
2191 3631 2286 3688 size
2315 3633 2608 3703 magistris,
2641 3640 2698 3686 et
2726 3633 3088 3688 assertoribus
3117 3633 3360 3688 veritatis
3397 3633 3600 3697 videar,
3629 3634 3776 3704 quod

500 3725 790 3798 Gregorius
817 3742 926 3782 non
951 3727 1242 3783 discordat.
1274 3727 1409 3782 Nam
1439 3729 1493 3782 in
1525 3729 1860 3798 expositione
1881 3729 1942 3782 B.
1963 3727 2086 3792 Job,
2190 3725 2350 3791 absit,
2381 3724 2730 3794 aliquatenus
2763 3739 3105 3780 succensere.

499 3817 686 3872 Enoch
725 3819 1012 3888 septimam
1051 3819 1299 3888 perhibet
1334 3835 1456 3876 esse
1493 3821 1932 3890 generationem,
1963 3835 2086 3875 cum
2259 3817 2338 3872 De
2381 3817 2596 3872 illorum
2639 3818 2821 3886 itaque
2864 3817 3190 3872 venerandis
3230 3817 3634 3874 deﬁnitionilms
3675 3833 3774 3886 ego

499 3921 598 3960 sex
633 3908 1006 3964 tantummodo
1035 3919 1247 3978 patrum
1275 3918 1401 3966 ante
1427 3909 1576 3964 illum
1602 3911 1942 3980 reperiantur
1963 3925 2084 3966 esse
2187 3909 2466 3978 disputare
2497 3925 2602 3966 non
2633 3910 2828 3973 audeo,
2871 3908 3190 3978 simpl-ieiter
3231 3917 3438 3962 tantum
3475 3911 3604 3978 quid
3641 3909 3770 3963 mihi

497 4010 763 4064 persona).
787 3995 913 4052 Haec
938 3997 1192 4052 nimirum
1216 4000 1360 4054 beati
1389 3999 1490 4052 viri
1516 4001 1678 4054 verba
1707 4013 1833 4056 sunt
1862 4001 2083 4072 (Morel.
2184 3999 2458 4065 videatur,
2503 4014 2736 4070 expono.
2781 3998 2863 4052 Ab
2903 4012 2972 4052 eo
3016 4013 3166 4062 sane,
3212 3998 3356 4067 quod
3401 3998 3622 4060 dicitur,
3653 4011 3774 4066 post

495 4085 554 4157 ι)
588 4103 602 4140 :
634 4104 654 4138 ι
688 4085 907 4154 Electis,
951 4089 1046 4155 ait,
1094 4089 1314 4146 Henoch
1363 4090 1418 4145 in
1457 4093 1688 4161 septima
1737 4095 2100 4162 generatione
2185 4090 2720 4160 transmigrationem
2749 4089 3036 4160 Babylonis
3073 4087 3364 4146 Jecbonias
3397 4090 3584 4159 genuit
3610 4089 3769 4144 Sala-

493 4176 764 4242 nascitur,
795 4196 815 4230 ι
845 4179 970 4248 quia
997 4180 1080 4234 sui
1112 4181 1502 4237 dedicationem
1530 4183 1709 4253 gaudii
1743 4184 1796 4236 in
1827 4195 2082 4239 extremm
2185 4179 2334 4246 thiel,
2385 4195 2559 4249 usque
2608 4181 2674 4233 ad
2723 4179 2874 4244 illud,
2917 4177 3084 4234 Jacob
3131 4189 3312 4232 autem
3349 4177 3537 4249 genuit
3565 4175 3764 4246 Josep'u

495 4264 868 4322 retributionis
895 4268 1064 4338 gloria
1103 4270 1408 4339 requirunt.
1440 4271 1509 4325 Et
1545 4282 1714 4336 certe,
1754 4273 1894 4327 sicut
1925 4288 2080 4328 sacra
2182 4273 2359 4327 virum
2387 4272 2592 4338 Mariae,
2623 4273 2879 4328 tredecim
2907 4281 3036 4327 sunt
3057 4272 3454 4342 generationes.
3481 4270 3536 4324 ln
3567 4269 3765 4340 Josrph

494 4353 770 4412 Geneseos
811 4357 1015 4428 liquido
1068 4369 1294 4415 testatur
1323 4362 1550 4417 historia
1582 4381 1596 4419 :
1631 4384 1648 4416 ι
1680 4363 1850 4418 Adam
1896 4369 2080 4435 genuit
2187 4364 2452 4433 siquidem
2483 4365 2822 4429 duodecima,
2859 4365 2911 4418 in
2949 4363 3116 4418 Maria
3150 4363 3465 4434 intelligitur
3488 4364 3646 4416 tertia
3675 4363 3768 4416 dc-

495 4443 648 4512 Seth,
681 4445 810 4502 Seth
841 4449 1026 4518 genuit
1049 4449 1214 4514 Enos,
1240 4451 1382 4504 Enos
1410 4454 1596 4522 genuit
1624 4453 1850 4518 Cainau,
1873 4455 2078 4510 Cainan
2113 4456 2162 4514 ι)
2187 4457 2347 4512 cinia.
2374 4455 2432 4512 Si
2461 4456 2608 4510 enim
2658 4455 2822 4510 Maria
2857 4455 3081 4526 Josepb,
3117 4457 3260 4511 sicut
3307 4471 3444 4509 uxor
3477 4455 3614 4518 viro,
3646 4469 3768 4508 car-

495 4538 680 4606 genuit
705 4537 1006 4603 Malalehel,
1037 4539 1688 4615 Malalehel19ﬁgenuit
1716 4545 1934 4609 Tareth,
1971 4545 2079 4599 Ta-
2187 4546 2294 4601 nali
2344 4547 2671 4601 commercio
2714 4547 3211 4617 jungeretnr.jure
3257 4563 3360 4600 lllla
3408 4546 3670 4601 duntaxat
3713 4547 3766 4600 in

495 4626 614 4680 reth
642 4628 826 4696 genuit
847 4628 1066 4683 Henoch
1084 4629 1234 4700 (Gen.
1256 4646 1290 4686 ν
1319 4633 1360 4702 ).
1382 4650 1401 4682 ι
1432 4634 1582 4687 Sicut
1615 4649 1745 4704 ergo
1769 4651 1864 4704 per
1883 4635 2078 4707 lineam
2189 4636 2346 4707 195
2375 4645 2604 4704 utroque
2633 4638 2909 4707 generatio
2945 4638 3236 4692 videretur.
3285 4637 3392 4691 Sed
3433 4653 3556 4691 cum
3593 4637 3765 4692 Maria

493 4713 624 4770 Cain
667 4726 874 4787 septem
933 4719 1272 4775 solummodo
1327 4723 1733 4776 succedentium
1782 4724 1883 4778 sibi
1927 4705 2082 4794 repe-
2181 4729 2377 4798 Joseph
2419 4727 2723 4782 nullatenus
2765 4729 2835 4781 sit
2880 4729 3184 4798 conjuncta,
3230 4728 3597 4798 generationis
3635 4746 3765 4785 vero

493 4807 707 4863 riuntur
742 4825 864 4864 esse
893 4827 1139 4880 personae
1173 4812 1242 4867 ab
1269 4813 1440 4869 Adam
1484 4829 1656 4884 usque
1695 4815 1964 4882 Lamech;
2001 4819 2072 4871 ita
2180 4820 2318 4875 linea
2349 4835 2520 4888 usque
2559 4819 2624 4872 ad
2651 4818 2848 4887 Joseph
2893 4833 2988 4885 per
3015 4819 3428 4888 praecedentium
3467 4821 3662 4873 seriem
3693 4823 3764 4874 sit

493 4914 705 4970 quoque
741 4917 842 4972 per
867 4903 1164 4958 electorum
1195 4905 1390 4959 seriem
1429 4915 1635 4975 septem
1664 4907 1928 4960 duntaxat
1955 4921 2078 4976 per-
2181 4914 2456 4984 perducta,
2505 4922 2725 4980 repente
2768 4911 3044 4982 generatio
3087 4911 3139 4966 in
3179 4912 3401 4966 Mariam
3441 4913 3767 4968 altrinsecus

492 5003 638 5044 ⁵0⁸³³⁵
675 5000 1034 5046 numerant"?
1076 4995 1144 5048 ab
1184 4995 1374 5049 θοάϐιη
1407 4996 1577 5052 Adam
1624 5012 1793 5066 usque
1833 4997 2074 5052 "chOCh-
2179 5006 2406 5076 positam
2449 5003 2662 5074 prosilit
2695 5025 2708 5058 :
2741 5014 2796 5058 et
2818 5005 2942 5058 dum
2973 5020 3002 5058 a
3043 5020 3137 5060 sua
3179 5005 3474 5062 reﬂectitur
3510 5005 3671 5073 linea,
3710 5015 3767 5060 ct

493 5078 597 5170 §ed
643 5081 788 5136 είθυί
825 5083 878 5136 ίη
923 5084 1234 5156 genealogia
1282 5085 1414 5140 Cain
1467 5103 1498 5142 ³
1551 5087 1712 5142 Ιιθθῑο
1748 5087 2076 5158 Πίθτοιιϊιηο
2179 5099 2231 5152 in
2259 5097 2417 5151 aliam
2456 5097 2671 5164 transit,
2701 5099 2987 5166 quemdam
3023 5100 3174 5168 quasi
3202 5099 3455 5170 angulum
3487 5097 3637 5150 facit.
3669 5096 3763 5150 Ille

489 5169 726 5228 Ῑοέπηεθιι
765 5175 1032 5243 septimus
1074 5185 1159 5230 εει
1211 5175 1280 5230 ab
1329 5175 1525 5242 Adam»
1566 5178 1639 5234 Ῐῑει
1682 5177 1742 5230 Βο
1781 5177 2074 5247 ϐνεεοτίιιε
2179 5193 2432 5248 nimirum
2477 5208 2544 5247 ex
2591 5209 2654 5249 ea
2687 5203 2846 5248 natus
2875 5203 2976 5256 est,
3013 5195 3102 5263 qui
3145 5203 3198 5248 et
3237 5169 3393 5260 juxta
3423 5192 3760 5262 Apostolum,

489 5263 772 5331 septimam
800 5267 1205 5335 generationem
1235 5282 1356 5323 esse
1385 5277 1633 5324 testatur.

2181 5281 2316 5353 lapis
2352 5295 2436 5340 est
2467 5287 2744 5356 angularis
2771 5286 2997 5358 (Ephes.
3043 5287 3142 5356 n);
3184 5295 3240 5340 et
3283 5288 3422 5341 sicut
3475 5286 3759 5340 Psalmista

557 5375 614 5432 Si
647 5393 778 5448 ergo
827 5389 1100 5436 tantorum
1145 5383 1386 5438 virorum
1431 5382 1583 5451 sequi
1627 5395 1732 5435 nun
1784 5381 2076 5436 abhorrea-
2182 5374 2366 5429 canit:
2403 5396 2420 5428 ι
2457 5376 2656 5432 Factus
2683 5387 2766 5432 est
2795 5378 2845 5430 iu
2877 5386 3038 5446 caput
3073 5377 3250 5447 anguli
3291 5375 3464 5448 (Psul.
3507 5376 3698 5446 cxvii).
3735 5393 3758 5428 ι

483 5479 604 5520 mus
645 5469 976 5536 exemplum,
1009 5481 1178 5525 restat
1215 5481 1276 5526 ut,
1312 5481 1392 5526 tot
1427 5473 1657 5528 debeant
1696 5473 2074 5541 generationes
2181 5465 2292 5520 Nec
2333 5467 2775 5522 inconvenienter
2805 5484 2905 5520 una
2949 5467 3001 5519 in
3043 5467 3208 5520 Maria
3253 5468 3532 5537 generatio
3561 5467 3762 5522 consti-

483 5557 622 5622 αἰεί.
647 5568 780 5628 quot
811 5576 1055 5630 persona:
1083 5564 1264 5620 valent
1293 5565 1347 5620 in
1375 5565 1660 5636 cujuslibet
1697 5564 1912 5636 generis
1951 5579 2073 5620 suc-
2185 5561 2372 5626 tuitur,
2397 5575 2514 5630 qua:
2539 5559 2820 5629 generatio
2848 5559 2988 5612 illius
3022 5561 3173 5630 origo
3199 5571 3302 5626 est,
3337 5561 3424 5617 cui
3448 5561 3696 5616 videlicet
3729 5577 3756 5610 ει

485 5651 794 5706 cessoribus
829 5657 1133 5724 supputari.
1585 5693 1588 5695 -
2183 5656 2390 5710 cunctis
2457 5650 2885 5722 prmeedentibus
2960 5654 3400 5720 generationibus
3475 5652 3758 5708 militatur.
