3996 6184
249 282 346 336 207

710 278 767 334 S.
808 275 1012 332 PETRI
1051 274 1333 331 DAMIAM
1373 273 1526 331 OPP.
1567 270 1802 327 TOMUS
1843 271 1972 327 SEU
2011 272 2192 331 PARS
2230 276 2314 332 ω.
2344 276 2797 334 ——0PUSCL‘LA
2840 278 3067 335 V'ARIA.

3393 284 3498 339 208

246 400 415 453 Porro
445 410 567 450 eum
600 394 804 461 °Josepli
825 392 963 445 hinc
1001 405 1064 445 ex
1112 381 1259 444 recta
1294 376 1819 458 prOpagatae—cogna-
1848 398 1896 455 Α
1924 385 2065 442 inter
2091 398 2346 458 parentes
2374 389 2492 460 ejus
2512 398 2772 459 stupenda
2800 394 3043 460 quaedam
3072 404 3125 447 et
3166 393 3502 452 admirabilis

248 490 409 545 tionis
438 489 574 542 linea
601 486 855 556 pendeat,
885 483 1028 536 illinc
1062 496 1127 534 ex
1160 480 1328 534 altera
1363 478 1601 548 ejusdem
1626 493 1822 549 cognao

248 582 409 635 tionis
434 579 573 632 linea
596 576 761 629 Maria
790 572 1111 637 descendat;
1145 571 1258 639 ipse
1285 570 1350 622 de
1373 569 1512 621 linea
1542 567 1596 621 in
1624 566 1818 622 lineam

249 670 507 723 transitus
562 663 922 736 generationis
970 666 1055 711 est
1108 656 1349 726 mystica:
1397 665 1816 712 sacramentum.

246 759 383 814 Nam
425 758 547 824 quia
597 754 764 803 Maria
807 749 1003 818 Josepb
1060 763 1223 803 carne
1272 763 1378 803 non
1418 748 1685 818 jungitur,
1714 761 1818 801 non

244 853 472 911 utraque
505 856 609 894 una
646 849 728 894 est
764 838 1069 908 generatio;
1103 838 1197 892 sed
1230 853 1392 891 unam
1425 836 1654 907 Josepb,
1686 837 1818 892 alte-

243 950 360 988 ram
396 932 562 985 Maria
602 931 1002 1002 generationem
1042 930 1189 984 facit.
1223 929 1388 985 Plane
1416 945 1536 985 cum
1580 929 1821 998 Scriptu-

245 1040 428 1079 rarum
482 1024 818 1077 consuetudo
871 1037 976 1077 non
1035 1030 1244 1087 teneat,
1303 1031 1363 1074 ut
1424 1036 1522 1091 per
1566 1021 1819 1076 mulieres

244 1112 579 1183 cognationis
610 1112 802 1166 lineam
836 1119 1003 1175 texat,
1035 1125 1131 1179 per
1158 1109 1304 1164 viros
1333 1109 1532 1164 Christi
1569 1110 1819 1180 genealo-

244 1207 328 1276 gia
356 1205 704 1275 producitur;
739 1203 790 1257 in
829 1205 944 1272 ejus
993 1211 1172 1256 tamen
1213 1212 1335 1256 ortu
1377 1201 1548 1256 virilis
1591 1202 1817 1256 materia

243 1315 350 1354 non
401 1300 679 1363 miscetur,
728 1297 955 1366 ideoque
992 1311 1112 1349 cum
1159 1295 1225 1349 ad
1264 1294 1460 1365 Joseph
1502 1302 1817 1364 perventum

242 1399 345 1455 est,
376 1389 731 1445 successionis
751 1388 885 1442 ordo
915 1403 1017 1442 non
1042 1386 1265 1441 ulterius
1294 1387 1347 1440 in
1377 1386 1629 1441 inferiora
1653 1386 1819 1440 dedu-

239 1482 403 1546 citur,
435 1481 525 1535 sed
553 1495 650 1549 per
682 1488 1047 1533 transversum
1077 1478 1343 1548 protinus,
1374 1486 1427 1532 et
1466 1493 1530 1532 ex
1567 1478 1733 1531 latere
1763 1477 1817 1529 in

241 1573 502 1639 virginem
536 1570 830 1624 derivatur.
876 1567 966 1622 Sic
1011 1577 1130 1637 post
1164 1568 1412 1622 carnales
1444 1569 1819 1636 generationes

242 1665 302 1717 ﬁt
330 1663 605 1733 generatio
634 1660 947 1730 spiritualis,
988 1669 1044 1713 ut
1073 1676 1194 1714 mox
1240 1670 1497 1729 sequatur
1535 1676 1622 1714 res
1668 1662 1822 1714 inau-

1924 483 2199 546 generatio
2226 481 2490 546 videatur,
2519 482 2673 551 cujus
2704 482 2955 538 videlicet
2995 493 3049 537 et
3089 486 3369 552 generatio
3397 487 3501 544 sin-

1922 568 2145 639 gularis,
2193 582 2249 626 et
2276 572 2557 641 conceptio
2606 588 2763 638 nova,
2805 582 2857 628 et
2901 574 3157 630 nativitas
3203 576 3503 646 deprehen-

1921 658 2066 713 ditur
2114 660 2387 715 inaudita?
2409 659 2533 714 llate
2554 669 2730 715 tamen
2764 662 2990 717 dicimus
3011 662 3157 718 salva
3179 667 3502 722 auctoritate

1920 756 2229 804 sanctorum
2266 749 2568 815 doctorum,
2591 765 2726 819 quos
2745 752 2994 821 superius
3021 754 3464 811 memoravimus.

1994 838 2061 893 Ut
2095 838 2258 909 igitur
2283 839 2350 894 ad
2381 854 2445 894 ea
2493 856 2616 909 quae
2660 842 2928 910 coepimus
2970 852 3093 911 post
3123 844 3500 902 diverticulum

1922 937 2278 997 revertamur,
2325 931 2379 985 in
2409 930 2510 985 hac
2554 931 2899 1002 generatione
2941 933 3219 989 Dominica
3260 950 3368 990 non
3412 936 3501 991 illa

1920 1022 2252 1091 consplcitur
2305 1022 2487 1093 regula
2534 1022 2702 1078 fuisse
2744 1032 2958 1077 servata
2984 1066 2998 1089 ,
3046 1040 3208 1093 quam
3253 1027 3503 1083 videlicet

1919 1114 2045 1167 alibi
2083 1113 2450 1184 pneliximus,
2496 1122 2555 1167 ut
2584 1114 2636 1167 iu
2669 1114 3021 1184 supputandis
3064 1116 3503 1186 generationibus

1919 1220 2023 1257 una
2060 1204 2407 1273 provideatur
2435 1218 2717 1274 superesse
2746 1220 2974 1274 persona
3005 1222 3019 1257 :
3053 1220 3170 1275 quae
3209 1207 3415 1262 scilicet
3456 1208 3501 1263 si

1916 1295 2029 1350 illic
2053 1305 2377 1361 servaretur,
2406 1312 2512 1350 una
2556 1297 2730 1351 adhuc
2769 1297 3013 1352 addenda
3039 1312 3267 1367 persona
3312 1314 3502 1355 neces-

1920 1387 2065 1441 sario
2108 1387 2402 1441 videretur.
2452 1388 2509 1441 ln
2563 1386 2651 1440 illa
2695 1388 2892 1457 quippe
2941 1388 3321 1459 cognationum
3361 1391 3501 1446 linea

1920 1480 2130 1533 tril‘aria
2174 1479 2608 1534 dinumeratione
2639 1480 2842 1550 digesta
2867 1521 2880 1544 ,
2928 1480 3349 1552 uniuscujusque
3390 1493 3498 1538 tes-

1920 1587 2055 1625 sera:
2084 1570 2486 1639 quatuordecim
2513 1570 2883 1624 tantummodo
2914 1577 3037 1623 sunt
3062 1585 3328 1641 personae,
3364 1575 3504 1626 sicut

1922 1673 1977 1717 et
2002 1662 2392 1733 generationes.
2438 1661 2546 1715 Nec
2575 1661 2981 1731 generationum
3010 1678 3294 1717 numerum
3321 1677 3504 1732 perso-

241 1756 352 1809 dita
411 1769 668 1824 prorsus,
719 1763 775 1807 et
816 1752 1126 1823 singularis.
1183 1752 1491 1822 Spiritualis
1553 1753 1819 1822 siquidem
1853 1751 1896 1809 Β
1926 1770 2118 1808 narum
2156 1753 2440 1807 multitudo
2490 1753 2702 1807 videtur
2745 1753 3028 1815 excedere,
3071 1754 3197 1808 dum
3238 1753 3313 1807 nil
3358 1754 3503 1808 aliud

241 1844 517 1909 generatio
568 1842 629 1917 lit
682 1842 748 1895 de
800 1840 996 1910 Joseph
1047 1840 1098 1893 in
1148 1840 1392 1904 Mariam,
1432 1839 1718 1907 singularis
1754 1842 1818 1895 de

239 1932 406 1987 Maria
436 1934 489 1986 in
518 1933 815 1987 Christum.

858 2024 1084 2080 CAPUT
1122 2024 1205 2078 Ill.

414 2118 689 2186 Quomodo
716 2117 874 2171 Ozias
901 2118 1099 2187 genitus
1131 2134 1160 2169 a
1192 2115 1376 2170 Joram
1406 2116 1631 2169 dicatur.

314 2213 419 2268 Sed
448 2212 582 2266 dicis
607 2212 759 2276 mihi,
782 2210 1027 2280 quisquis
1055 2225 1136 2274 es,
1162 2208 1430 2278 quomodo
1461 2209 1599 2263 inter
1618 2208 1816 2279 Joseph

239 2318 290 2363 et
322 2308 544 2362 Mariam
572 2314 747 2376 potest
776 2306 1057 2375 generatio
1088 2304 1215 2368 dici,
1241 2319 1401 2372 quam
1426 2303 1674 2358 videlicet
1705 2304 1819 2372 ipse.

238 2415 344 2454 non
373 2398 592 2469 genuit?
620 2398 684 2451 Et
716 2404 770 2450 tu
806 2396 937 2449 mihi
969 2396 1240 2464 reciproca
1280 2394 1557 2449 consultus
1596 2394 1818 2463 inquisi-

237 2491 386 2545 tione
418 2490 681 2558 responde
715 2487 864 2542 :Cur
902 2487 1041 2540 idem
1088 2487 1279 2540 beatus
1320 2485 1649 2553 evangelista
1687 2485 1819 2537 Mat-

238 2582 427 2647 tbzeus,
456 2581 521 2635 de
548 2579 700 2647 cujus
725 2594 867 2633 nunc
895 2578 1157 2632 sententia
1185 2578 1539 2645 disputamus,
1569 2578 1645 2630 ait
1676 2580 1819 2630 inter

236 2679 430 2726 castera
468 2687 481 2724 :
530 2690 547 2722 ι
584 2668 764 2725 Joram
809 2668 994 2738 genuit
1042 2668 1226 2724 Oziam
1273 2668 1489 2739 (illan/1.
1531 2670 1600 2737 ι);
1642 2688 1660 2721 ι
1695 2685 1816 2724 cum

237 2776 575 2830 nequaquam
626 2761 697 2815 sit
740 2770 895 2828 pater
936 2759 1113 2822 Ozia',
1164 2760 1255 2813 sed
1302 2760 1482 2827 potius
1527 2759 1817 2813 chozire?

240 2851 496 2920 Quisquis
542 2851 685 2903 enim
731 2849 909 2917 quarti
946 2848 1066 2902 libri
1096 2849 1303 2917 Regum
1346 2848 1609 2916 percurrit
1649 2848 1817 2902 histo-

235 2940 407 3003 riam,
464 2938 833 2993 indubitanter
886 2938 1160 3006 agnoscit,
1217 2937 1341 3006 quia
1399 2935 1581 2991 Joram
1632 2939 1818 3007 genuit

236 3029 552 3094 Ochoziam,
584 3029 849 3084 Ochozias
879 3029 1065 3099 genuit
1100 3028 1245 3094 Joas,
1273 3027 1397 3083 Joas
1420 3030 1604 3099 genuit
1650 3033 1815 3084 Ama-

236 3120 393 3185 siam,
456 3122 706 3174 Amasias
746 3120 931 3190 genuit
978 3117 1187 3181 Oziam,
1237 3120 1328 3188 qui
1377 3129 1430 3172 et
1469 3119 1575 3173 alio
1603 3122 1817 3173 nomine

235 3211 435 3265 dicitur
474 3210 697 3265 Azarias
745 3209 859 3282 (IV
897 3211 1019 3281 Reg.
1062 3222 1152 3263 31v
1183 3211 1226 3280 ).
1276 3209 1383 3265 Cur
1434 3209 1596 3279 igitur
1636 3210 1816 3265 Joram

234 3314 343 3353 non
394 3298 709 3366 Oeboziam,
750 3300 950 3354 dicitur
981 3300 1231 3367 genuisse
1279 3315 1441 3369 quem
1473 3303 1690 3371 genuit;
1724 3302 1817 3356 sed

235 3390 412 3461 potius
439 3389 650 3456 Oziam,
680 3390 769 3459 qui
818 3389 931 3459 jam
972 3389 1159 3460 procul
1208 3389 1275 3444 ab
1304 3390 1395 3445 illo
1426 3392 1645 3461 quintus
1675 3391 1818 3445 absi-

236 3479 365 3535 stit?
391 3479 450 3534 Si
478 3494 607 3551 ergo
652 3480 796 3535 inter
838 3478 1021 3535 Joram
1068 3489 1122 3534 et
1152 3480 1338 3536 Oziam
1381 3496 1500 3536 esse
1538 3482 1814 3550 generatio

236 3572 452 3638 dicitur,
484 3586 591 3626 non
620 3572 763 3640 quod
792 3571 953 3628 Ozias
983 3571 1053 3627 ab
1074 3571 1255 3628 Joram
1286 3573 1355 3627 sit
1396 3573 1623 3641 genitus,
1656 3573 1815 3644 196

237 3662 329 3717 sed
351 3661 494 3731 quod
529 3660 596 3715 ab
622 3661 713 3716 illo
742 3678 841 3733 per
866 3662 1081 3731 longam
1117 3663 1356 3719 continui
1389 3664 1603 3734 generis
1631 3665 1814 3718 tradu—

236 3769 353 3809 cem
379 3755 451 3811 sit
486 3756 812 3825 productus;
846 3755 974 3825 quid
1003 3755 1254 3825 prohibet
1298 3755 1439 3810 inter
1484 3755 1707 3811 Mariam
1758 3765 1815 3812 et

231 3842 456 3914 Josepb,
486 3844 577 3915 qui
606 3843 791 3914 procul
818 3844 981 3900 dubio
1006 3844 1389 3916 consanguinei
1420 3854 1565 3909 sunt,
1591 3860 1813 3915 genera-

242 3934 434 3989 ‘ionem
463 3936 568 3991 dici
597 3951 694 4006 per
719 3937 1007 4006 quamdam
1038 3936 1247 3991 scilicet
1279 3937 1385 3990 vim
1415 3945 1469 3991 et
1500 3939 1814 4007 mysterium

1923 1846 1992 1898 ibi
2027 1844 2417 1914 generationes,
2447 1858 2606 1911 quam
2633 1842 2903 1912 SitllpIiCJS
2933 1844 3041 1896 sint
3062 1858 3322 1912 personae.

1994 1939 2366 1994 Consideranti
2392 1940 2589 2008 itaque,
2614 1947 2665 1993 et
2684 1952 2796 1991 rem
2825 1936 3129 2008 diligentius
3154 1937 3502 2007 perpendenti

1920 2040 2170 2099 patenter
2199 2031 2460 2095 occurrit,
2485 2029 2626 2097 quod
2658 2028 2720 2080 B.
2752 2028 3080 2098 evangelista
3113 2029 3504 2083 dinumerando

1919 2120 2257 2191 cognationis
2294 2120 2554 2189 regulam,
2597 2135 2756 2189 quam
2784 2120 3153 2189 praediximus,
3197 2134 3303 2174 non
3344 2122 3502 2175 modo

1920 2229 2024 2268 non
2050 2215 2239 2276 tenuit,
2267 2213 2359 2267 sed
2387 2221 2441 2266 et
2469 2221 2625 2265 caute
2650 2211 2857 2273 vitavit,
2887 2211 3127 2264 studiose
3156 2211 3500 2279 contempsit,

1918 2304 2213 2373 prudenter
2241 2301 2488 2357 exclusit.
2520 2299 2652 2353 Nam
2685 2316 2806 2355 cum
2832 2301 2884 2354 in
2917 2300 3227 2372 genealogia
3263 2300 3498 2365 Domini,

1920 2393 2050 2446 certi
2113 2407 2275 2445 causa
2330 2390 2574 2461 mysterii
2642 2390 2853 2443 trifario
2900 2390 3266 2459 dispositionis
3314 2390 3503 2446 ordine

1919 2480 2325 2549 quattuordecim
2358 2479 2688 2534 decrevisset
2731 2480 3112 2549 generationes
3145 2489 3410 2545 attexere,
3441 2487 3503 2535 ut

1920 2587 2357 2643 unamquamque
2404 2587 2692 2642 personam
2746 2573 3151 2642 generationem
3198 2589 3317 2627 esse
3358 2590 3505 2629 mon-

1918 2671 2132 2722 straret,
2170 2672 2279 2715 tres
2310 2678 2444 2731 quos
2474 2662 2723 2730 superius
2747 2662 3000 2727 diximus,
3029 2662 3321 2717 choziam
3352 2662 3500 2717 vide-

1920 2756 2063 2823 licet,
2086 2756 2211 2811 Joas
2241 2767 2293 2809 et
2318 2757 2591 2809 Amasiam
2618 2796 2632 2821 ,
2663 2757 2729 2811 de
2768 2757 3099 2811 narrationis
3131 2756 3323 2811 ordine
3350 2770 3503 2826 reges

1919 2849 2115 2918 abjecit
2150 2868 2163 2902 :
2191 2858 2243 2903 et
2271 2858 2348 2903 tot
2372 2862 2633 2917 personas
2654 2864 2943 2917 apponere,
2972 2857 3102 2918 quot
3128 2847 3504 2918 generationes

1918 2956 2240 2996 enumerare
2277 2948 2562 2994 contentus
2586 2938 2704 2993 fuit.
2738 2938 2902 2993 Plane
2945 2955 3066 2994 cum
3107 2940 3205 2994 sibi
3247 2954 3503 3008 personao

1920 3045 2038 3083 rum
2073 3028 2357 3081 multitudo
2382 3034 2712 3097 suppeteret,
2739 3027 2911 3081 noluit
2940 3037 2999 3081 ut
3026 3043 3254 3097 persona
3282 3041 3504 3098 genera-

1845 3100 1888 3160 (ἶ
1923 3100 2153 3174 tionibus
2183 3128 2522 3188 superesset;
2557 3119 2651 3173 sed
2679 3129 2735 3172 ut
2765 3121 3191 3191 generationum,
3228 3134 3290 3173 ac
3319 3133 3505 3187 persoo

1923 3227 2113 3265 narum
2160 3211 2263 3266 sibi
2312 3211 2544 3264 invicem
2576 3225 2832 3264 numerus
2862 3210 3143 3279 aequaliter
3169 3208 3499 3273 conveniret.

1921 3298 2045 3354 “me
2072 3302 2273 3369 itaque,
2306 3302 2611 3354 venerande
2638 3298 2825 3365 frater,
2858 3308 2913 3353 et
2942 3300 3056 3370 ipse
3082 3297 3304 3369 pervigil
3332 3297 3505 3353 medi-

1919 3400 2056 3455 tare,
2106 3400 2161 3445 et
2206 3406 2328 3445 cum
2378 3390 2712 3461 sapientibus
2765 3390 2872 3445 tuis
2918 3391 3075 3445 stude
3124 3389 3394 3455 conferre,
3443 3394 3505 3442 ut

1918 3482 2143 3536 aliorum
2173 3482 2303 3536 mihi
2335 3482 2500 3537 fultus
2539 3481 2762 3547 auxilio,
2808 3491 3014 3537 certum
3050 3482 3178 3551 quid
3209 3479 3392 3537 valeas
3418 3494 3504 3536 re-

1921 3572 2206 3641 spondere.
2246 3572 2507 3628 Rescribe
2537 3572 2720 3643 igitur,
2748 3572 2793 3627 si
2824 3572 2879 3627 in
2914 3572 3271 3644 supputandis
3301 3585 3505 3645 paren-

1919 3662 2040 3718 telze
2080 3664 2338 3733 gradibus
2362 3704 2377 3729 ,
2403 3663 2487 3717 vel
2519 3662 2573 3717 in
2601 3678 2666 3718 eo
2708 3676 3058 3731 perseverare
3087 3662 3334 3729 debeam,
3357 3659 3502 3730 quod

1919 3762 2045 3809 ante
2089 3753 2386 3823 descripsi;
2434 3753 2521 3808 vel
2592 3768 2856 3822 usurpare
2905 3753 3083 3824 potius
3140 3750 3286 3822 quod
3329 3765 3503 3835 nuper

1920 3844 2122 3909 inveni,
2172 3854 2231 3899 ut
2280 3846 2405 3899 dum
2436 3860 2466 3897 a
2504 3853 2555 3899 te
2585 3844 2718 3899 mihi
2750 3844 2933 3900 multis
2980 3858 3210 3900 onerosa
3252 3841 3501 3899 dubietas

1920 3933 2145 3997 tollitur,
2179 3949 2207 3987 a
2248 3935 2431 3989 multis
2466 3934 2561 3990 tibi
2601 3948 2698 4004 per
2724 3948 2811 3989 me
2837 3934 2993 4005 digna
3022 3934 3320 4005 gratiarum
3358 3932 3501 3988 actio

250 4026 599 4081 :acramenti?
647 4026 712 4081 Et
760 4029 805 4082 si
853 4028 1235 4098 comprehendi
1286 4045 1389 4083 non
1438 4037 1636 4097 potest,
1686 4044 1821 4097 quo-
1915 4023 2197 4079 referatur.

246 4110 397 4170 .nbdo
437 4115 687 4171 Christus
730 4132 797 4171 ex
840 4118 1050 4189 virgine
1090 4118 1362 4182 nascitur;
1388 4119 1515 4187 quid
1546 4118 1742 4173 mirum
1773 4118 1817 4172 si

2236 4114 2313 4170 Sil
2346 4132 2529 4169 nomen
2559 4115 2771 4170 Domini
2795 4116 3138 4170 benedictum.

905 4467 1265 4539 197-198
1345 4490 1817 4605 Ο

1923 4492 2186 4608 LUM
2272 4495 2819 4612 NONUM.

656 4712 754 4774 DE
795 4712 1355 4774 ELEEMOSYNA.
1403 4717 1513 4776 AD
1555 4715 2045 4777 MAINARDUM
2087 4717 2532 4781 EPISCOPUM
2575 4721 3067 4786 URBINATEM.

236 5062 630 5117 Aacuuemuu.
655 5055 858 5138 -ιᾨττρ
889 5059 1101 5140 cmteris
1131 5058 1421 5140 virtutibus
1450 5058 1843 5140 eleeiiiosynam
1870 5060 2210 5128 potissimum
2238 5063 2602 5140 commendat,
2634 5064 2686 5140 in
2715 5064 2865 5140 cujus
2896 5065 3080 5140 laudes
3099 5068 3202 5125 hoc
3228 5069 3495 5140 Opusculo

721 5128 802 5182 vir
845 5137 1061 5182 sanctus
1108 5128 1431 5196 eloquentiae
1460 5128 1608 5181 laxat
1641 5130 1910 5195 habenas,
1943 5140 1997 5180 et
2041 5146 2228 5186 omnes
2260 5132 2459 5200 ingenii
2488 5136 2570 5187 sui
2604 5136 2745 5190 vires
2770 5128 3017 5191 ell'tindit.

306 5308 510 5359 Domno
546 5305 829 5358 Numano
861 5302 1107 5358 Urbinati
1155 5300 1473 5355 veneranda:
1503 5302 1807 5357 sanctitatis
1839 5306 1885 5364 D
1914 5302 1998 5357 liis
2025 5304 2281 5372 disputat.
2312 5303 2430 5359 Non
2461 5305 2634 5362 otiose
2680 5310 3040 5379 quieseimus,
3088 5312 3131 5366 si
3165 5312 3494 5380 quiescendo

256 5398 510 5466 piscopo,
542 5398 755 5451 l‘eruus
806 5405 1063 5465 peccator
1116 5394 1415 5447 monachus
1462 5392 1693 5447 salutem
1756 5394 1811 5447 in

239 5489 479 5542 Domino.

306 5578 403 5641 Qui
436 5577 535 5630 sub
565 5578 751 5629 aestivo
781 5576 1100 5630 meridiatur
1143 5575 1489 5638 umbraculo,
1520 5583 1575 5627 et
1602 5582 1727 5628 tunc
1754 5574 1805 5627 in
1836 5582 1843 5589 ‘

238 5668 419 5739 pr'xlio
448 5682 553 5721 non
582 5666 809 5731 laborat,
838 5675 886 5719 et
915 5674 1091 5721 tamen
1125 5683 1229 5721 non
1263 5666 1553 5735 incongrue
1584 5666 1645 5720 de
1674 5681 1808 5729 prte-

1918 5392 1984 5445 de
2011 5392 2193 5447 labore
2225 5402 2540 5449 tractamus.
2570 5395 2687 5461 Quo
2716 5398 2921 5454 scilicet
2945 5398 3133 5454 ordine
3173 5402 3257 5455 vel
3287 5402 3495 5456 dulcior

1916 5479 2156 5550 fructus,
2205 5483 2289 5538 vel
2339 5483 2573 5540 feracior
2617 5488 2794 5543 valeat
2839 5489 3134 5544 exuberare
3183 5502 3491 5559 proventus.

1917 5576 2017 5642 Qui
2044 5576 2189 5647 regia
2211 5577 2515 5631 diversatur
2536 5578 2590 5632 in
2613 5581 2786 5644 curia,
2811 5591 3036 5636 cunctas
3059 5582 3251 5635 virium
3274 5597 3493 5637 suarum

1915 5666 2063 5721 dotes
2096 5666 2371 5725 exnlorat.
2400 5667 2446 5723 si
2477 5669 2605 5741 quid
2635 5678 2717 5725 est
2745 5670 2887 5725 unde
2915 5671 3300 5742 principalibus
3326 5673 3493 5729 oculis
