3996 6184
454 468 556 526 209

1530 469 1769 528 OPUSC.
1811 472 1902 528 IX.
1941 504 2012 515 --
2049 473 2134 528 DE
2175 471 2658 531 ELEEMOSYNA.

3605 478 3711 534 2H)

453 587 667 657 placere
697 583 988 654 plurimum
1026 592 1224 652 rateat,
1255 595 1309 641 et
1337 587 1390 640 in
1421 601 1528 658 quo
1573 603 1633 644 se
1685 598 1884 660 reperit
1925 605 2040 644 am—
2067 596 2115 652 Α
2141 589 2575 656 exsequendum?
2630 587 2878 657 Nunquid
2935 585 3238 657 jejunium?
3290 587 3398 644 Sed
3453 589 3711 645 continuo

455 677 596 747 plius
623 690 820 744 posse,
868 675 938 729 ibi
985 696 1043 731 se
1089 677 1284 748 satagit
1323 678 1536 732 enixius
1565 694 1838 736 exercere.
1887 680 2036 734 Alius

455 767 722 836 siquidem
759 767 1032 822 robustior
1056 777 1140 822 est
1171 769 1226 822 in
1274 770 1444 835 bella,
1479 771 1615 826 alius
1639 772 1952 840 prudentior
1981 773 2034 826 in

467 857 703 918 :onsilio.
732 856 824 910 llle
852 858 980 911 dum
1009 867 1228 927 perorat
1256 875 1476 924 causas,
1522 861 1821 918 luculenter
1861 877 1926 916 ac
1955 862 2034 916 le-

455 946 575 1015 pide
603 948 958 1001 cancionatur
985 948 1038 1001 in
1084 949 1328 1018 publica;
1357 949 1458 1004 iste
1489 951 1612 1004 dum
1649 953 1792 1005 hunc
1821 967 2035 1022 aequare

455 1037 720 1093 facundia:
747 1039 1052 1094 urbanitate
1083 1055 1188 1095 non
1219 1041 1420 1110 possit,
1468 1041 1702 1096 dictandi
1755 1041 1893 1096 forte
1923 1050 2036 1096 stu-

455 1129 575 1195 dio,
605 1129 692 1182 vel
719 1129 884 1184 etiam
915 1131 1182 1200 aucupio,
1233 1132 1346 1186 sive
1393 1140 1540 1186 certe
1573 1133 1872 1187 venationis
1918 1142 2034 1188 arte

453 1221 748 1293 praecellit;
771 1230 826 1275 et
851 1231 908 1274 ut
935 1221 1000 1276 ad
1031 1229 1212 1276 nostra
1239 1223 1538 1288 veniamus,
1573 1223 1646 1276 ait
1674 1222 1884 1293 Moyses
1913 1224 2035 1278 filiis

454 1309 616 1364 lsrael
641 1328 655 1364 :
687 1328 706 1360 ι
731 1311 988 1382 Separate
1012 1311 1152 1380 apud
1176 1328 1271 1366 vos
1292 1313 1560 1382 primitias
1585 1313 1839 1368 Domino:
1858 1315 2033 1369 omnis

451 1405 788 1460 voluntarius
814 1414 868 1460 et
896 1406 1052 1474 proni
1076 1406 1276 1470 animi,
1304 1406 1496 1474 offerat
1525 1422 1618 1462 eas
1652 1407 1902 1470 Domino,
1931 1422 2030 1460 au-

451 1514 590 1562 rum,
618 1505 926 1568 argentum,
955 1513 1050 1562 ars,
1083 1499 1432 1568 hyacinthum
1466 1507 1522 1554 ct
1553 1515 1872 1569 purpuram,
1906 1514 2032 1556 coc-

451 1605 682 1660 cnmque
707 1588 794 1643 bis
821 1589 1045 1643 tinctum
1063 1629 1078 1656 ,
1105 1601 1162 1642 et
1189 1590 1434 1660 byssum,
1466 1589 1602 1659 pilos
1631 1605 1914 1660 caprarum
1939 1630 1954 1654 ,
1977 1599 2032 1644 et

451 1679 614 1747 pelles
639 1678 870 1732 arietum
891 1718 905 1743 ,
935 1677 1078 1748 ligna
1101 1679 1322 1746 setbim,
1353 1687 1404 1736 et
1442 1681 1618 1735 oleum
1647 1680 1714 1734 ad
1745 1680 2029 1734 luminaria

451 1769 824 1824 concinnanda
852 1768 1046 1840 (Exod.
1099 1771 1286 1842 xxxv).
1327 1791 1346 1824 ι
1387 1771 1518 1840 Qum
1565 1773 1850 1839 nimirum,
1903 1772 2026 1842 quia

449 1873 638 1913 omnes
689 1859 871 1914 omnia
921 1875 1028 1915 non
1075 1861 1376 1928 habebant,
1417 1863 1613 1918 obtulit
1661 1864 2028 1934 unusquisque

2140 676 2516 745 respondebis:
2539 677 2594 731 Si
2629 677 3000 734 immoderatis
3026 692 3224 748 corpus
3271 693 3448 732 meum
3487 677 3712 748 jejuniis

2137 775 2346 832 altera,
2379 768 2787 824 imminentibus
2842 777 2920 823 tot
2958 784 3244 822 causarum
3286 769 3715 826 discursionum-

2137 874 2240 926 que
2267 858 2540 914 laboribus
2567 875 2692 913 mox
2713 861 3026 915 succumbo.
3057 859 3114 914 Si
3139 860 3448 916 usalmodia:
3478 863 3710 916 medita-

2137 950 2310 1004 tiones
2333 949 2618 1016 indixero,
2657 951 2724 1004 ah
2759 951 2920 1020 199
2947 951 3244 1016 orationis,
3287 951 3528 1020 inquies,
3576 954 3711 1008 assi—

2136 1039 2340 1093 duitate
2369 1043 2686 1111 przepedior,
2717 1043 2974 1112 quoniam
3001 1044 3067 1096 ad
3098 1043 3530 1112 respondendum
3567 1043 3710 1097 salu-

2140 1129 2430 1184 tationibus
2453 1130 2772 1192 amicorum,
2799 1145 2862 1183 ac
2882 1131 3156 1186 miscenda
3177 1131 3444 1201 colloquia
3469 1133 3710 1202 quotidie

2137 1227 2361 1272 coactus
2389 1219 2650 1288 impellor.
2687 1217 2746 1274 Si
2776 1220 2936 1276 nudis
2967 1229 3050 1286 te,
3075 1219 3230 1287 juxta
3261 1237 3464 1276 morem
3495 1229 3708 1293 aposto-

2137 1311 2335 1376 lorum,
2354 1313 2578 1381 pedibus
2601 1315 2788 1367 hortor
2811 1313 3083 1380 incedere;
3107 1314 3154 1368 si
3177 1311 3346 1379 duris,
3363 1315 3529 1370 instar
3550 1314 3712 1370 Joan-

2137 1401 2250 1466 nis,
2284 1402 2526 1456 membra
2561 1414 2647 1456 tua
2677 1403 2867 1458 ciliciis
2893 1405 3176 1468 edomare;
3205 1405 3248 1458 si
3281 1405 3512 1474 denique
3555 1415 3607 1460 te
3655 1405 3708 1458 in

2136 1489 2381 1544 exsilium
2415 1491 2716 1560 proficisci;
2751 1493 2793 1546 si
2831 1491 3091 1546 carcerali
3125 1493 3370 1548 custodia
3404 1501 3454 1546 te
3487 1491 3707 1560 jubeant

2135 1583 2514 1652 poenitentium
2565 1600 2715 1637 more
2756 1584 3035 1644 concludi.
3085 1583 3455 1638 imminentem
3514 1592 3710 1652 praesto

2137 1675 2449 1730 causaberis
2495 1675 2900 1746 mgritudinem,
2950 1675 3030 1728 vel
3085 1676 3261 1744 potius
3304 1691 3410 1730 non
3460 1684 3508 1728 te
3551 1689 3710 1744 posse

2133 1765 2377 1834 perferre
2424 1775 2530 1819 tam
2576 1765 2764 1820 duram
2812 1766 3106 1836 corporalis
3161 1765 3484 1820 incommodi
3529 1765 3711 1838 gravi-

2136 1867 2319 1912 tati-2m.

447 1949 588 2019 quod
618 1953 836 2019 potuit,
881 1959 934 2004 et
980 1951 1032 2005 in
1063 1967 1126 2006 ea
1173 1968 1231 2008 re
1259 1953 1460 2024 largior
1488 1954 1618 2020 fuit,
1645 1972 1763 2025 qua:
1787 1941 2002 2011 sibimet
2061 1937 2108 1997 Β
2205 1946 2306 2013 Qui
2339 1963 2468 2018 ergo
2517 1947 2756 2002 membra
2805 1947 2877 2000 tui
2925 1947 3168 2016 corporis
3197 1947 3374 2002 adhuc
3405 1947 3560 2002 times
3585 1946 3714 2000 atlli-

447 2039 840 2096 exuberantius
885 2041 1208 2108 abundavit,
1257 2052 1318 2098 ut
1359 2045 1486 2098 dum
1537 2060 1726 2100 omnes
1777 2043 2034 2100 offerrent

447 2131 588 2202 quod
621 2132 821 2202 singuli
849 2147 956 2187 non
991 2133 1285 2200 haberent,
1316 2150 1482 2188 unum
1513 2135 1664 2190 multi
1691 2135 1918 2190 Domino
1949 2144 2032 2190 ta-

449 2221 802 2277 bernaculum
847 2221 1200 2278 fabricarent.
1249 2223 1356 2280 Nos
1407 2226 1601 2291 etiam,
1649 2228 1742 2296 qui
1793 2242 1937 2282 nunc
1981 2227 2032 2282 in

449 2309 606 2380 hujus
637 2311 766 2368 vitm
809 2312 1026 2368 deserto
1070 2313 1476 2370 tabernaculum
1521 2317 1929 2382 constituimus,
1977 2327 2037 2374 ut

449 2401 677 2473 ingressi
708 2411 910 2458 terram
936 2402 1021 2458 lac
1050 2411 1106 2458 et
1135 2403 1244 2460 mel
1271 2415 1604 2472 manantem,
1631 2407 1682 2462 in
1711 2407 1800 2462 illa
1827 2407 2033 2465 caelesti

449 2489 746 2548 Jerusalem
772 2493 1030 2564 templum
1054 2493 1160 2550 sub
1187 2495 1302 2551 veri
1347 2493 1655 2556 Salomonis
1685 2483 1913 2570 imperio
1942 2500 2036 2556 de-

447 2578 730 2638 dicemus:
759 2584 906 2654 quod
949 2583 1201 2640 nimirum
1248 2601 1358 2642 non
1401 2585 1475 2641 sit
1521 2600 1587 2642 ex
1636 2587 2034 2645 insensibilibus

448 2671 752 2742 quibusque
781 2673 1050 2742 metallis,
1096 2676 1192 2731 sed
1232 2691 1300 2732 ex
1346 2675 1618 2748 lapidibus
1647 2679 1814 2746 vivis;
1845 2687 1900 2734 et
1925 2696 2032 2736 non

447 2763 734 2820 decusatur
749 2765 1082 2822 rutilantium
1107 2768 1281 2822 nitore
1300 2783 1656 2838 gemmarum,
1671 2770 1764 2824 sed
1779 2771 2034 2841 spiritua-

447 2856 580 2911 lium
611 2857 788 2912 radiat
808 2857 1004 2912 decore
1031 2858 1308 2912 virtutum.
1335 2857 1586 2914 Omnium
1613 2861 1830 2929 quidem
1861 2859 2031 2916 hono—

448 2947 710 3006 runuDeo
745 2949 1034 3021 largiente,
1057 2950 1486 3021 fieri-participes
1509 2967 1826 3022 possumus,
1855 2954 2032 3008 omnia

454 3054 586 3092 vero
612 3041 889 3108 possidere
912 3041 1194 3110 aequaliter
1214 3057 1318 3096 non
1339 3043 1597 3098 valemus.
1628 3042 1762 3097 Nam
1785 3053 1838 3098 et
1861 3045 2033 3098 sancti

449 3127 670 3192 Patres,
702 3131 792 3198 qui
823 3147 922 3186 nos
951 3133 1018 3186 ad
1049 3133 1294 3188 emlestia
1321 3132 1732 3202 praecesserunt,
1765 3134 1892 3190 licet
1916 3152 2035 3190 am-

447 3218 600 3272 nium
635 3217 887 3274 virtutum
915 3235 982 3276 ex
1010 3221 1192 3276 divina
1237 3221 1440 3276 fuerint
1477 3223 1828 3292 apitulatioue
1865 3223 2027 3292 parti-

448 3307 630 3378 cipes.
669 3323 776 3362 non
814 3318 992 3364 tamen
1038 3311 1089 3364 in
1137 3312 1387 3366 omnibus
1418 3313 1698 3368 exstitisse
1736 3315 2031 3368 creduntur

447 3397 704 3466 aequales.
747 3397 1020 3455 Abraham
1051 3401 1318 3470 siquidem
1367 3404 1577 3458 cieteris
1623 3404 1726 3458 fide
1773 3405 1932 3458 simul
1975 3413 2033 3460 et

447 3488 754 3542 obedientia
781 3489 1025 3560 praefuit;
1057 3491 1210 3548 Isaae
1236 3493 1408 3550 nitida
1431 3496 1784 3565 monogamiae
1813 3497 2032 3551 castitas

441 3587 726 3644 decoravit
757 3585 910 3656 (Gen.
943 3601 1078 3650 xxii,
1113 3584 1268 3654 xxv);
1301 3605 1319 3636 ι
1349 3584 1742 3656 Moyses,sicut
1774 3587 1850 3640 ait
1880 3586 2031 3642 Scri-

448 3693 636 3752 ptura,
664 3681 745 3734 vir
775 3679 1098 3734 mitissimus
1125 3688 1244 3734 erat
1267 3692 1435 3748 super
1455 3693 1580 3734 omn
1593 3693 1650 3732 es
1673 3680 1914 3734 homines
1935 3680 2029 3750 qui

445 3775 806 3828 morabantur
858 3771 914 3826 in
974 3782 1118 3827 terra
1146 3771 1338 3842 (Num.
1377 3771 1516 3842 xu);
1554 3771 1727 3828 Etiam
1759 3773 2028 3830 libertatis

441 3867 748 3922 auctoritas
785 3865 967 3921 reddit
1015 3864 1284 3934 insignem
1335 3864 1382 3934 (1
1401 3863 1440 3918 V
1473 3865 1602 3936 Reg.
1631 3865 1710 3934 t);
1739 3886 1760 3921 ι
1798 3867 2028 3924 Phinees

443 3960 548 4014 zeli
579 3957 786 4025 fervor,
810 3969 862 4015 et
888 3959 1022 4014 ultio
1038 3958 1164 4030 jure
1195 3967 1460 4028 perpetuo
1485 3961 1774 4018 constituit
1805 3961 1856 4016 in
1889 3979 2025 4026 οοιιτ-

439 4063 636 4119 spectn
667 4050 884 4105 Domini
907 4051 1249 4106 sacerdotem
1272 4049 1348 4120 (Ν
1355 4068 1464 4106 um.
1483 4050 1638 4123 xxv);
1663 4052 1930 4110 Joannem
1953 4056 2020 4110 ad

437 4145 746 4200 recubitum
769 4143 1034 4199 Dominici
1058 4147 1296 4214 pectoris
1314 4145 1590 4216 virginitas
1609 4147 1800 4202 extulit
1833 4147 2013 4219 (lauit.

437 4236 604 4308 xm);
639 4239 860 4302 Petrum
887 4254 1016 4294 vero
1041 4240 1350 4309 pracipuus
1371 4255 1530 4295 amor
1551 4241 1608 4296 in
1629 4241 1918 4298 Dominum
1949 4243 2020 4298 ad

431 4332 787 4402 percipienda
817 4332 982 4402 primi
1013 4334 1246 4402 pastoris
1263 4331 1384 4402 jura
1403 4335 1650 4403 provexit
1669 4333 1854 4406 (Joan.
1875 4334 2018 4407 xxi).

961 4433 1190 4489 CAPUT
1228 4435 1514 4494 PRIMUM.

597 4539 750 4608 Quod
775 4557 840 4596 ea:
865 4544 1138 4600 uirtutibus
1168 4565 1273 4630 una
1302 4549 1539 4620 eligenda
1557 4592 1570 4619 ,
1611 4555 1696 4608 cui
1726 4557 1890 4626 magis

1083 4633 1391 4674 serviamus.

524 4741 783 4808 Quamvis
813 4759 943 4816 ergo
973 4751 1342 4820 unusquisque
1386 4765 1609 4810 sanctus
1649 4752 1900 4814 amnibus
1939 4759 2035 4814 llo-

451 4845 578 4885 rere
603 4832 896 4888 virtutibus
927 4839 1238 4893 necessario
1268 4841 1460 4896 debeat
1489 4845 1688 4914 (neque
1732 4847 1874 4902 enim
1919 4849 2033 4903 sin-

449 4921 574 4990 gula
607 4937 836 4993 quaeque
863 4941 990 4982 vere
1013 4929 1187 4984 virtus
1211 4939 1316 4996 est,
1341 4931 1386 4986 si
1411 4933 1569 4988 mista
1593 4935 1716 4992 aliis
1739 4938 2033 4995 virtutibus

453 5025 562 5064 non
610 5013 716 5087 est)
765 5031 870 5070 una
917 5027 1094 5074 tamen
1126 5019 1297 5077 virtus
1339 5025 1533 5093 cuique
1562 5035 1644 5082 est
1669 5043 1782 5098 prae
1824 5032 2035 5088 caeteris

449 5106 700 5178 eligenda
720 5149 736 5176 ,
759 5111 844 5166 cui
875 5129 1028 5170 mens
1049 5113 1372 5174 familiarius
1399 5119 1711 5177 inluerendo
1738 5121 2036 5192 deserviat,

449 5206 622 5268 atque
647 5201 716 5256 ab
751 5201 902 5272 ejus,
931 5213 989 5260 ut
1019 5206 1095 5261 ita
1121 5207 1334 5279 loquar,
1360 5211 1622 5282 obsequio
1654 5228 1759 5268 non
1794 5216 2031 5270 recedat.

449 5287 512 5342 In
539 5291 752 5346 cunctis
773 5293 972 5365 quippe
995 5297 1287 5356 virtutibus
1328 5317 1482 5371 teque
1513 5318 1609 5358 nos
1637 5320 1894 5360 exercere
1929 5323 2034 5362 non

449 5395 776 5450 possumus,
824 5389 918 5443 sed
964 5390 1090 5444 dum
1121 5407 1284 5446 unam
1334 5393 1538 5449 arctius
1583 5397 1948 5464 custodimus,
1981 5399 2034 5454 in

449 5473 586 5539 hac,
635 5476 780 5542 quod
813 5493 876 5533 ex
927 5479 1150 5552 reliquis
1179 5484 1359 5538 minus
1392 5495 1510 5552 est,
1556 5487 1944 5556 adimplcmus;
1979 5497 2033 5544 et

447 5561 579 5615 dum
609 5563 751 5619 hanc
779 5565 1150 5626 indesinenter
1173 5573 1548 5642 amplectenda
1575 5577 1996 5647 constringimus
2014 5620 2030 5644 ,

445 5651 605 5718 quasi
639 5661 811 5708 totum
847 5657 1106 5714 virtutum
1138 5677 1333 5733 corpus
1359 5663 1518 5718 unius
1553 5667 1779 5721 membri
1811 5668 2032 5738 partici-

447 5741 671 5808 patione
712 5753 983 5802 tenemus.

523 5835 693 5901 Quam
727 5839 909 5896 itauue
947 5845 1197 5902 virtutem
1255 5850 1344 5904 tibi
1381 5851 1677 5918 persuadeo
1707 5851 2033 5922 peculiarius
2063 5893 2068 5896 -

2055 4639 2111 4698 D

2134 2054 2292 2108 gere,
2325 2039 2434 2106 imo
2467 2040 2592 2108 quia
2639 2039 2980 2108 temetipsum
3025 2054 3122 2108 per
3159 2039 3508 2094 acrimoniam
3546 2037 3714 2108 pteui-

2137 2130 2318 2184 lentiae
2349 2129 2580 2185 necdum
2624 2129 2769 2184 vales
2815 2129 2922 2186 Deo
2965 2129 3288 2186 sacrificium
3323 2131 3612 2196 exhibere,
3645 2132 3712 2186 ad

2134 2237 2229 2286 ea,
2261 2236 2478 2292 quaeso,
2538 2237 2658 2291 qua:
2696 2221 2841 2277 circa
2883 2231 2934 2278 te
2978 2231 3134 2288 sunt,
3191 2237 3408 2276 manum
3463 2222 3710 2292 porrige,

2133 2320 2188 2366 et
2213 2313 2342 2384 quia
2389 2329 2498 2368 non
2551 2320 2624 2379 te,
2669 2313 2859 2370 saltem
2905 2329 3023 2386 qua:
3057 2323 3142 2367 tua
3189 2322 3340 2378 sunt,
3384 2314 3707 2384 impertire:

2133 2415 2350 2457 carnem
2377 2401 2586 2458 scilicet
2627 2403 2924 2470 incisurus,
2965 2405 3100 2476 satis
3131 2403 3223 2460 tibi
3251 2409 3480 2474 pr'a:sto,
3513 2403 3559 2458 si
3593 2413 3710 2458 tan-

2137 2504 2246 2548 tum
2277 2493 2498 2564 capillos
2539 2493 2824 2560 attondeo;
2863 2495 2953 2566 qui
2991 2511 3183 2552 manus
3224 2497 3576 2554 obtruncator
3612 2495 3710 2551 ad—

2133 2592 2380 2649 venerat,
2413 2584 2538 2654 pius
2571 2592 2654 2638 est
2673 2623 2690 2650 ,
2716 2583 2762 2638 si
2791 2585 3052 2656 unguium
3078 2585 3342 2640 duntaxat
3367 2597 3710 2642 excrementa

2132 2671 2406 2744 praecidat.
2436 2671 2704 2748 Quantum
2729 2673 2894 2728 distat
2921 2674 3062 2730 inter
3085 2674 3279 2734 vulnus
3307 2675 3560 2730 humana:
3587 2689 3710 2730 car-

2133 2764 2217 2816 nis
2251 2771 2303 2817 et
2329 2765 2524 2829 vestis,
2565 2773 2774 2820 tantum
2820 2765 2960 2821 inter
2989 2766 3260 2822 hominem
3295 2775 3350 2822 et
3371 2767 3604 2822 hominis
3627 2766 3714 2821 fa-

2133 2853 2405 2910 cultatem.
2439 2854 2554 2912 Hoc
2583 2857 2740 2912 modo
2787 2857 3058 2912 Abraham
3105 2873 3271 2928 pecus
3313 2858 3508 2913 obtulit
3555 2857 3709 2930 (Gen.

2135 2945 2270 3016 χχιι)
2316 2954 2374 3000 ut
2421 2946 2591 3000 lilium
2640 2957 3018 3014 conservaret,
3090 2949 3344 3004 mactavit
3389 2950 3616 3004 arietem
3655 2957 3714 3004 ut

2136 3037 2430 3094 custodiret
2477 3039 2768 3094 haeredem.
2819 3038 2930 3094 lloc
2975 3039 3134 3094 modo
3187 3039 3386 3095 Micbol
3433 3041 3613 3112 posuit
3659 3057 3714 3094 ιιι

2137 3128 2272 3182 lecto
2301 3128 2648 3182 simulacrum
2696 3137 2754 3182 ιιι
2791 3145 2819 3183 a
2864 3139 3106 3200 paterna:
3134 3130 3364 3184 vesaniae
3394 3129 3584 3200 gladiis
3616 3130 3708 3184 de-

2139 3219 2382 3274 fenderet
2410 3221 2582 3294 virum
2614 3219 2663 3291 (I
2695 3219 2820 3290 Reg.
2852 3219 2964 3292 xix)
2995 3237 3010 3274 :
3043 3228 3096 3274 et
3133 3229 3192 3274 ut
3241 3220 3402 3274 David
3446 3221 3713 3276 veraciter

2057 3292 2101 3352 (ἶ
2137 3314 2372 3378 viveret,
2406 3292 2558 3381 quasi
2587 3314 2904 3368 morientem
2931 3327 3052 3367 eum
3077 3313 3295 3383 caprina
3323 3313 3528 3367 studuit
3561 3313 3714 3382 pelli-

2133 3403 2252 3458 cula
2284 3403 2542 3458 simulare
2577 3421 2589 3456 :
2626 3422 2644 3455 ι
2676 3404 2876 3458 Pellem
2919 3405 3062 3458 enim
3097 3417 3196 3473 pro
3223 3404 3390 3474 pelle,
3421 3413 3475 3460 et
3515 3413 3706 3460 cuncta

2132 3509 2250 3562 quae
2279 3494 2442 3549 habet
2473 3495 2635 3548 homo
2658 3495 2808 3550 dabit
2835 3509 2933 3563 pro
2963 3494 3142 3548 anima
3171 3509 3268 3549 sua
3317 3494 3438 3564 (Job
3467 3493 3549 3565 ιι).
3583 3515 3600 3548 ι
3631 3495 3710 3549 Tu

2130 3599 2344 3654 quoque
2388 3585 2730 3656 temetipsum
2775 3586 2993 3656 propria
3041 3585 3298 3641 facultate
3345 3596 3622 3656 permuta,
3659 3596 3712 3641 et

2135 3685 2224 3730 tua
2257 3675 2341 3731 fac
2369 3676 2585 3730 interim
2619 3675 2968 3740 sacrificium,
2999 3686 3056 3730 ut
3091 3677 3205 3746 ipse
3227 3679 3563 3746 postmodum
3589 3692 3710 3732 sus-

2132 3768 2234 3836 cipi
2266 3769 2526 3823 merearis
2573 3770 2626 3826 in
2671 3769 3063 3824 holocaustum.
3116 3769 3230 3824 Non
3279 3771 3422 3824 enim
3461 3770 3602 3824 Deus
3630 3771 3711 3824 sic

2133 3858 2326 3924 accipit
2355 3857 2716 3924 oblationem,
2749 3867 2806 3912 ut
2847 3858 3107 3927 despiciat
3135 3857 3450 3913 offerentem
3483 3877 3497 3912 :
3532 3869 3590 3913 ut
3619 3860 3710 3928 qui

2134 3963 2243 4002 sua:
2272 3946 2543 4002 facultatis
2573 3948 2784 4002 oblator
2816 3947 3118 4010 exstiterit,
3165 3963 3354 4001 secura
3385 3963 3507 4002 cum
3546 3965 3712 4003 uxore

2135 4037 2324 4092 Manue
2353 4038 2528 4092 valeat
2559 4053 2689 4093 voce
2719 4047 2940 4092 cantare
2967 4055 2979 4091 :
3015 4057 3032 4088 ι
3077 4037 3132 4092 Si
3174 4039 3464 4104 Dominus,
3497 4037 3706 4109 inquit,

2133 4142 2230 4180 nos
2261 4125 2420 4181 vellet
2444 4127 2727 4194 occidere,
2759 4127 2825 4182 de
2855 4127 3103 4183 manibus
3139 4130 3342 4183 nostris
3398 4129 3712 4185 holocausta

2134 4227 2189 4272 et
2213 4219 2504 4273 libamenta
2537 4235 2640 4273 non
2675 4219 3004 4289 suscepisset
3028 4217 3229 4287 (Judic.
3257 4219 3398 4290 xm).
3432 4239 3449 4272 ι
3479 4221 3718 4291 Suscipit

2136 4311 2280 4363 enim
2307 4311 2444 4364 Deus
2460 4326 2554 4381 per
2567 4327 2759 4365 manus
2778 4309 3029 4381 pauperis
3051 4311 3468 4383 eleemosynam,
3483 4327 3713 4382 eamque

2138 4400 2232 4454 tibi
2257 4401 2586 4456 reconditam
2610 4402 2662 4456 in
2685 4403 2774 4456 illa
2791 4401 3026 4457 ccelestis
3046 4403 3398 4472 promptuarii
3421 4403 3711 4458 securitate

2137 4500 2442 4546 conservat.
2503 4491 2654 4548 Unde
2701 4491 2960 4546 Dominus
3011 4493 3064 4546 in
3113 4493 3404 4563 Evangelia
3445 4510 3458 4546 :
3519 4512 3536 4546 ι
3569 4492 3712 4548 The-

2135 4582 2436 4648 saurizate,
2490 4583 2703 4652 inquit,
2759 4583 2911 4637 vobis
2959 4584 3244 4636 thesauros
3299 4582 3354 4636 in
3396 4582 3564 4648 caelo,
3619 4584 3710 4638 ubi

2139 4685 2312 4740 neque
2339 4687 2550 4740 aerugo,
2585 4687 2759 4740 neque
2793 4672 2933 4725 tinea
2964 4671 3285 4734 demolitur;
3335 4679 3388 4726 et
3433 4673 3520 4726 tibi
3569 4673 3716 4728 fures

2138 4777 2243 4815 non
2274 4761 2564 4829 effodiunt,
2597 4779 2695 4819 nec
2723 4763 2978 4818 furantur
3025 4763 3238 4832 (Matth.
3321 4763 3415 4835 vi).
3455 4783 3473 4815 ι
3507 4763 3712 4821 Idcirco

2135 4853 2294 4921 plane
2328 4853 2465 4907 Deus
2491 4854 2835 4924 omnipotens
2865 4853 3001 4908 alios
3021 4862 3340 4926 paupertate
3367 4855 3709 4925 constringit,

2136 4945 2270 5001 alios
2299 4943 2608 5000 divitiarum
2636 4945 2790 5013 copia
2825 4945 3100 5012 dilatavit,
3151 4955 3209 5000 ut
3255 4956 3308 5001 et
3359 4945 3432 5002 illi
3483 4945 3714 5000 habeant

2138 5035 2278 5106 unde
2305 5035 2520 5106 propria
2555 5035 2788 5091 debeant
2814 5045 3034 5108 peccata
3066 5037 3357 5101 redimere,
3372 5045 3428 5090 et
3458 5035 3542 5090 isti
3575 5034 3714 5092 unde

2137 5140 2290 5180 suam
2344 5119 2558 5182 valeant
2603 5126 2838 5196 inopiam
2884 5136 3207 5183 sustentare.
3256 5127 3408 5182 Sicut
3449 5125 3710 5195 scriptum

2134 5225 2218 5273 est
2251 5235 2264 5272 :
2321 5235 2339 5270 ί
2395 5217 2715 5288 Redemptio
2757 5219 2950 5274 anima:
2981 5219 3118 5284 viri,
3147 5218 3348 5272 divitia:
3384 5232 3494 5271 suae
3531 5215 3706 5288 (Prov.

2140 5309 2281 5380 xui).
2322 5328 2340 5361 ι
2393 5307 2546 5366 Unde
2593 5319 2649 5366 et
2692 5309 2761 5366 ad
2805 5299 3300 5364 Nahuchodtmosor
3345 5307 3424 5362 ait
3469 5307 3655 5361 Daniel
3699 5325 3713 5361 :

2142 5416 2162 5451 ι
2200 5397 2600 5464 Quamobrem,
2629 5415 2721 5454 rex
2743 5441 2757 5465 ,
2805 5399 3087 5454 consilium
3121 5413 3296 5452 meum
3328 5395 3538 5468 placeat
3584 5395 3713 5462 tibi,

2138 5497 2193 5545 et
2225 5500 2439 5560 peccata
2490 5499 2575 5545 tua
2612 5489 2970 5562 eleemosynis
3019 5491 3252 5555 redime,
3301 5500 3356 5546 et
3406 5490 3718 5560 iniquitates

2141 5591 2259 5637 tuas
2291 5583 2680 5638 misericordiis
2727 5598 3056 5652 pauperum,
3107 5583 3151 5638 si
3190 5583 3414 5639 forsitan
3469 5583 3716 5652 ignoscat

2139 5671 2282 5726 Deus
2311 5669 2519 5726 delictis
2551 5672 2653 5726 tuis
2681 5673 2841 5744 (Dan.
2873 5673 2967 5742 tv).
3008 5692 3026 5725 ι

2210 5762 2310 5830 Qui
2357 5777 2486 5834 ergo
2533 5764 2728 5819 divites
2775 5772 2937 5831 sunt,
2970 5766 3373 5834 dispensatores
3411 5763 3586 5834 potius
3627 5758 3716 5829 ju-

2139 5855 2336 5910 bcutur
2359 5868 2474 5908 esse
2495 5897 2508 5921 ,
2537 5871 2696 5924 quam
2725 5871 3062 5927 possessores
3095 5875 3106 5909 :
3139 5865 3192 5912 ct
3221 5873 3321 5910 non
3350 5853 3548 5923 proprii
3575 5850 3712 5918 juris
