3994 6190
292 477 391 532 2H

759 473 815 530 S.
859 475 1060 530 PETRI
1102 474 1384 530 DAMlANl
1423 473 1573 529 OPP.
1610 470 1848 530 TOMUS
1887 473 2017 529 SEU
2059 470 2240 528 PARS
2273 471 2357 526 lii.
2389 502 2458 512 -—
2487 467 2850 527 OPUSCCLA
2897 469 3120 526 VARIA.

3455 471 3561 526 ειη

293 597 490 648 denent
522 588 780 658 deputare
801 587 941 656 quod
968 589 1188 651 habent,
1219 589 1345 656 quia
1378 603 1483 640 non
1512 587 1578 641 ad
1603 588 1704 642 hoc
1729 588 1867 640 bona
1898 595 1945 650 Α
1972 599 2194 657 pronus
2221 591 2434 640 omittat
2457 626 2470 651 ,
2501 586 2630 655 quin
2677 585 2918 638 omnium
2954 583 3338 640 necessitatum
3387 592 3562 644 modis

295 679 602 734 transitoria
645 687 1038 747 perceperunt,
1085 687 1143 732 ut
1179 677 1385 732 deliciis
1426 676 1679 740 afﬂuant,
1709 676 1791 732 vel
1822 676 1875 730 in

292 772 542 841 proiirios
582 770 694 824 hch
727 784 857 824 usus
883 770 1194 836 insumant,
1227 770 1320 824 sed
1365 779 1426 823 ut
1451 769 1875 822 administratio-

295 866 379 916 nis
412 863 700 932 fungantur
725 861 932 926 ofﬁcio,
974 861 1099 915 dum
1130 861 1184 916 in
1229 862 1520 916 commisso
1551 872 1874 929 permanent

291 953 550 1006 villicatu.
579 953 919 1021 Quapropter
938 951 1030 1020 qui
1055 952 1248 1020 stipem
1272 953 1599 1022 pauperibds
1625 961 1868 1021 erogant,

290 1045 465 1098 aliena
501 1044 764 1108 reddunt,
802 1057 906 1098 non
942 1057 1038 1095 sua
1074 1041 1422 1096 distribuunt.
1467 1041 1620 1097 Unde
1663 1051 1717 1096 ct
1762 1041 1870 1096 Do-

288 1135 468 1187 minus
497 1133 892 1203 elecmosynam
931 1142 1297 1200 pra-cepturus
1331 1132 1407 1184 ait
1459 1149 1472 1184 :
1527 1150 1544 1183 ‹
1594 1132 1872 1186 Attendite

288 1227 646 1294 nejnstitiam
690 1234 924 1279 vestram
972 1223 1184 1279 faciatis
1211 1241 1396 1279 coram
1443 1224 1783 1290 hominibus,
1813 1235 1872 1279 ut

289 1319 580 1372 videamini
611 1319 678 1372 ab
708 1317 788 1372 eis
815 1316 1142 1387 (MIHI/LVI).
1175 1331 1194 1369 )
1223 1316 1336 1370 Non
1361 1318 1505 1372 enim
1530 1317 1680 1384 dicit,
1714 1317 1872 1372 mise-

288 1410 579 1463 ricordiam
605 1409 1242 1478 vestram,sedjustitiarr
1278 1407 1648 1463 vcstram.llle
1673 1409 1871 1478 quippe

288 1500 417 1553 facit
446 1499 607 1568 200
634 1499 1092 1558 misericordiam,
1128 1499 1219 1566 qui
1265 1498 1482 1567 propria
1517 1497 1736 1563 tribuit;
1781 1497 1870 1552 ille

289 1606 417 1643 vero
445 1589 708 1658 justitiam
753 1589 917 1652 facit,
947 1589 1036 1658 qui
1074 1591 1218 1657 quod
1252 1589 1486 1642 alienum
1518 1598 1634 1653 est,
1668 1589 1866 1644 reddit.

288 1681 441 1736 Unde
489 1691 542 1736 et
589 1681 873 1735 Psalmista
905 1698 1026 1736 cum
1076 1683 1430 1752 prmmisissct
1464 1701 1476 1734 :
1514 1701 1532 1732 ι
1567 1683 1866 1752 Dispersit,

285 1771 435 1824 dedit
463 1773 819 1840 pauperibus;
862 1793 880 1824 ι
917 1790 1020 1826 non
1049 1774 1141 1837 ait,
1177 1773 1547 1827 misericordia
1576 1788 1714 1842 ejus,
1747 1773 1864 1836 sed,

287 1878 306 1912 ι
342 1859 592 1927 Jastitia,
631 1863 838 1931 inquit,
884 1862 1000 1930 ejus
1043 1871 1225 1916 manet
1275 1863 1328 1916 in
1379 1863 1633 1918 saeculum
1683 1863 1863 1917 szcculi

283 1951 453 2023 (Psal.
488 1954 622 2026 CXI).
664 1975 682 2005 ι

351 2046 488 2102 Cum
529 2063 658 2116 ergo
705 2047 1034 2118 pauperibus
1063 2047 1412 2102 subvenimus
1433 2088 1447 2112 ,
1479 2047 1654 2102 aliena
1681 2047 1867 2115 procul

281 2138 443 2194 dubio
490 2139 796 2205 reddimus,
836 2156 938 2193 non
988 2150 1174 2194 nostra
1217 2140 1540 2210 prtebemus.
1589 2137 1868 2192 Verumta-

285 2243 406 2282 men
440 2229 580 2298 apud
609 2230 756 2297 pium
786 2229 1021 2298 judicent
1059 2229 1438 2285 misericordes
1467 2244 1590 2284 esse
1616 2229 1864 2283 decerni-

283 2335 427 2379 mur,
459 2333 579 2373 cum
609 2320 724 2374 bzec
760 2321 903 2391 ipsa,
934 2337 1054 2390 qua:
1095 2337 1200 2377 non
1234 2332 1420 2376 nostra
1440 2361 1454 2385 ,
1492 2319 1587 2374 sed
1619 2335 1866 2374 commu-

277 2408 369 2462 nia
398 2419 553 2474 sunt,
585 2409 815 2466 ﬁdeliter
840 2411 1215 2480 dispensamns
1242 2428 1254 2464 :
1286 2421 1486 2466 etcum
1527 2411 1672 2480 juste
1693 2452 1707 2475 ,
1745 2425 1866 2480 qua:

279 2498 456 2555 aliena
485 2510 646 2566 sunt,
681 2501 959 2557 reddimus
980 2543 994 2567 ,
1026 2504 1164 2571 apud
1189 2518 1313 2556 eum
1345 2502 1434 2571 qui
1467 2503 1648 2557 cordis
1676 2502 1861 2556 intima

277 2592 578 2663 conspicit,
627 2595 1019 2650 misericordize
1069 2597 1292 2664 praemio
1339 2611 1443 2648 non
1495 2610 1762 2648 caremus.
1794 2595 1865 2648 At

274 2692 496 2746 contra.
528 2685 618 2754 qui
648 2700 792 2738 nunc
814 2687 1142 2756 pauperibus
1174 2685 1460 2740 subvenire
1485 2694 1859 2748 contemnunt,

274 2776 330 2830 in
382 2778 673 2830 tremenda:
713 2775 1067 2831 discussionis
1115 2775 1364 2830 examine
1406 2790 1509 2829 non
1559 2785 1665 2828 tam
1697 2789 1860 2829 accu-

277 2875 470 2919 santur
505 2867 746 2921 avaritiae
785 2882 949 2936 quam
987 2865 1229 2936 rapinae:
1263 2880 1362 2920 nec
1395 2881 1616 2920 suorum
1643 2875 1859 2920 tenaces

277 2959 367 3012 sed
399 2957 698 3013 alienorum
728 2959 906 3028 potius
954 2959 1349 3014 convincuntur
1393 2959 1560 3014 fuisse
1592 2969 1856 3028 raptores.

275 3047 482 3114 Quibus
525 3049 710 3118 utique
741 3065 982 3104 summus
1027 3051 1235 3105 arbiter
1261 3050 1506 3104 dicturus
1529 3061 1612 3104 est
1641 3051 1691 3104 in
1715 3050 1859 3120 judi-

278 3140 362 3192 cio
388 3157 400 3192 :
433 3159 449 3189 ι
482 3139 750 3195 Discedite
771 3157 800 3194 a
824 3156 931 3207 me,
963 3142 1256 3209 maledicti,
1285 3142 1336 3194 in
1367 3142 1544 3211 ignem
1569 3149 1854 3204 :eternum,

277 3231 369 3302 qui
415 3240 636 3302 paratus
687 3243 771 3289 est
822 3233 1036 3288 diabolo
1092 3246 1145 3288 et
1192 3234 1397 3303 angelis
1449 3233 1585 3302 ejus.
1645 3231 1855 3286 Esurivi

1978 689 2266 743 occurrat,
2300 681 2510 735 cunctis
2559 687 2858 750 egestatutn
2902 679 3210 736 vulneribus
3257 681 3403 736 velut
3449 699 3560 738 nie—

1939 810 1949 821 .
1975 771 2150 825 dendo
2176 770 2480 825 subveniat.

2046 863 2215 917 Porro
2269 871 2449 916 autem
2499 861 2624 915 dum
2681 862 3049 932 indigentibus
3116 862 3169 916 in
3239 866 3562 920 necessitate

1975 956 2366 1020 succurrimus,
2390 955 2674 1010 veritatem
2692 955 2851 1009 simul
2877 964 2929 1010 et
2952 955 3376 1011 misericordiam
3395 960 3560 1014 adim-

1973 1047 2205 1116 plemus.
2263 1045 2688 1101 Misericordiam
2724 1045 2963 1110 scilicet,
3009 1047 3134 1101 dum
3182 1047 3432 1117 inopibus
3474 1052 3560 1121 pic

1972 1136 2365 1206 cotnpatimur;
2401 1136 2686 1191 veritatem
2723 1151 2880 1200 vero,
2912 1136 2964 1190 id
2997 1146 3080 1190 est
3103 1135 3406 1208 justitiam,
3431 1140 3558 1196 dum

1972 1243 2078 1280 non
2112 1227 2216 1282 illis
2246 1238 2465 1292 nostra,
2517 1229 2611 1282 sed
2659 1245 2778 1297 qua:
2824 1243 2920 1282 sua
2957 1237 3112 1296 sunt,
3163 1231 3554 1290 ministramus.

1971 1319 2110 1374 Hinc
2139 1328 2223 1375 est
2252 1321 2396 1389 quod
2430 1320 2482 1374 in
2512 1320 2932 1376 Proverbiorum
2967 1321 3104 1376 libro
3150 1320 3404 1378 Salomon
3433 1325 3511 1378 ait
3540 1342 3553 1378 :

1977 1432 1995 1464 ‹
2032 1413 2399 1467 Misericordia
2431 1424 2487 1468 et
2509 1414 2712 1467 veritas
2737 1430 2841 1468 non
2877 1423 2927 1467 te
2957 1415 3211 1468 deserant
3239 1429 3253 1468 :
3285 1417 3557 1472 circumda

1971 1519 2064 1558 eas
2093 1505 2295 1573 gutturi
2329 1519 2419 1558 tuo
2439 1545 2453 1565 .
2484 1513 2537 1558 et
2566 1506 2814 1559 describe
2843 1505 2894 1558 in
2930 1505 3129 1560 tabulis
3160 1507 3340 1561 cordis
3367 1507 3476 1572 tui,
3503 1518 3558 1562 et

1971 1593 2214 1648 invenies
2242 1595 2475 1660 gratiam
2523 1604 2577 1650 et
2609 1595 2949 1666 disciplinam
2995 1596 3190 1651 bonam
3233 1613 3416 1653 coram
3448 1599 3557 1655 Deo

1971 1695 2024 1738 et
2059 1685 2368 1740 hominibus
2393 1684 2578 1758 (Prov.
2605 1688 2710 1758 In).
2743 1709 2760 1740 ι
2793 1689 3136 1760 Rursumque
3153 1692 3510 1762 scriptttmcst
3537 1711 3553 1748 :

1977 1795 1993 1824 ι
2031 1774 2402 1831 Misericordia
2435 1787 2492 1831 et
2538 1779 2743 1833 veritas
2793 1791 3101 1851 pricparant
3129 1782 3384 1848 bona;_,in
3408 1785 3554 1839 omni

1970 1879 2134 1930 opere
2159 1866 2299 1920 bono
2323 1865 2768 1922 eritabundantia
2790 1868 2971 1937 (Prov.
2990 1869 3154 1941 Χιν).ι
3175 1871 3241 1925 Ει
3260 1887 3326 1926 ne
3341 1873 3556 1943 pietatis

1894 1943 1936 2002 Β
1966 1951 2121 2022 201
2147 1968 2282 2022 opus
2307 1954 2560 2025 segnities
2584 1955 2773 2026 ignava
2805 1957 3099 2028 depreciet.
3119 1959 3212 2014 sed
3226 1960 3442 2016 devotio
3466 1978 3556 2018 ee-

1971 2044 2100 2099 leris
2125 2060 2188 2099 ac
2209 2055 2457 2114 prompta
2486 2048 2849 2112 commendet,
2879 2049 3004 2104 alibi
3041 2050 3171 2104 dicit
3198 2068 3210 2103 :
3251 2070 3270 2103 (
3303 2050 3379 2107 Ne
3409 2053 3555 2108 dicas

1971 2135 2146 2189 amico
2175 2143 2283 2198 tuo,
2313 2134 2449 2189 vade
2477 2147 2532 2190 et
2556 2147 2851 2202 revertere,
2877 2148 2929 2193 et
2953 2153 3074 2194 cras
3102 2141 3240 2197 dabo
3273 2142 3388 2208 tibi,
3430 2158 3550 2198 cum

1970 2226 2154 2282 statim
2184 2227 2360 2296 possis
2383 2227 2514 2282 dare
2540 2223 2722 2298 (Prov.
2748 2233 2860 2298 lli).
2902 2250 2920 2282 ι
2958 2229 3163 2286 Tremit
3189 2234 3331 2288 enim
3361 2251 3553 2292 manus

1969 2317 2118 2369 avari
2150 2332 2270 2371 cum
2298 2318 2528 2372 tribuit:
2557 2329 2611 2373 et
2636 2320 2777 2374 sicut
2813 2336 2956 2390 aeger
2993 2323 3290 2378 exhorretis
3342 2342 3554 2381 amare-

1967 2407 2169 2461 scentis
2206 2408 2432 2462 antidoti
2461 2407 2639 2463 differt
2669 2410 2942 2480 poculum,
2976 2412 3055 2466 sic
3093 2413 3194 2468 iste
3215 2415 3437 2470 daturus
3455 2417 3550 2470 ali-

1967 2497 2094 2566 quid
2123 2497 2302 2552 dill‘ert
2326 2498 2378 2552 in
2415 2509 2716 2569 posterum.
2761 2502 2854 2558 ille
2881 2504 3146 2572 siquidem
3178 2507 3550 2575 exasperantis

1967 2597 2126 2656 potus
2155 2598 2380 2642 nauseat
2404 2589 2854 2658 amaritudinem;
2881 2592 2983 2647 iste
3016 2594 3059 2648 si
3094 2593 3302 2648 dederit
3347 2593 3548 2664 aliquid

1967 2679 2160 2733 metuit
2182 2689 2477 2750 egestatem
2507 2695 2520 2733 :
2551 2681 2777 2751 ideoque
2808 2683 2933 2738 licet
2967 2683 3049 2739 vel
3078 2685 3130 2738 in
3171 2684 3424 2751 bibendo,
3464 2687 3548 2740 vel

1967 2769 2018 2822 in
2055 2769 2342 2839 prtebendo
2368 2772 2707 2828 necessitatis
2752 2782 2960 2844 tempus
2996 2775 3295 2842 immineat,
3320 2785 3548 2846 uterque

1965 2860 2222 2915 tamenin
2250 2870 2523 2930 posterum
2555 2862 2699 2930 quod
2749 2863 3025 2929 abhorret,
3079 2863 3360 2935 interjecta
3409 2865 3545 2920 dila-

1965 2952 2110 3005 tione
2142 2960 2402 3006 reservat.
2433 2950 2598 3006 Plane
2624 2952 2804 3022 largus
2826 2963 2880 3008 et
2907 2954 3147 3010 liberalis
3177 2957 3390 3011 animus
3418 2956 3548 3012 facit

1963 3041 2203 3107 divitem,
2237 3057 2403 3113 pavor
2424 3051 2584 3111 atque
2615 3046 2822 3100 tenacia
2855 3047 3030 3102 reddit
3069 3055 3338 3117 egentem.
3397 3047 3546 3104 Unde

1963 3135 2224 3203 scriptum
2253 3144 2338 3188 est
2370 3153 2382 3188 :
2417 3155 2436 3188 ι
2486 3135 2805 3192 Substantia
2837 3139 3018 3194 divitis
3041 3140 3168 3194 urbs
3193 3138 3543 3206 fortitudinis,

1965 3243 2130 3297 pavor
2157 3243 2454 3299 pauperum
2505 3240 2715 3300 egestas
2755 3246 2943 3287 eorum
2975 3230 3158 3301 (Prov.
3205 3233 3284 3300 χ).
3317 3251 3334 3285 ι
3371 3233 3545 3288 Pavor

273 3327 416 3380 cnim
443 3367 456 3390 ,
492 3331 545 3380 et
594 3343 699 3380 non
731 3327 953 3382 dedistis
995 3327 1126 3381 mihi
1178 3327 1532 3395 manducare;
1577 3326 1722 3380 sitivi
1743 3367 1757 3390 ,
1805 3335 1860 3381 et
1887 3306 1931 3366 (δ
1965 3321 2106 3373 enim
2151 3321 2468 3390 degenerem
2491 3323 2731 3376 animum
2753 3323 3030 3394 compellit
3054 3338 3232 3395 egere,
3256 3323 3385 3379 licet
3409 3323 3544 3380 divi-

276 3431 381 3470 non
411 3417 634 3472 dedistis
662 3417 793 3471 mihi
813 3418 997 3472 bibere
1027 3417 1242 3488 (Matth.
1271 3417 1420 3488 xxv).
1451 3437 1471 3470 ι
1504 3420 1580 3470 Ac
1602 3417 1647 3471 si
1669 3417 1850 3471 dicat:

270 3506 397 3576 quia
430 3506 682 3562 noluistis
715 3523 776 3562 ea
810 3509 1122 3579 ministrare
1150 3507 1459 3573 conservis,
1507 3523 1626 3577 qua:
1671 3521 1767 3576 pro
1796 3506 1858 3560 il-

273 3609 446 3652 lorum
497 3598 780 3670 refrigerio
810 3601 1157 3669 percepistis,
1204 3601 1414 3654 voracis
1459 3600 1718 3668 gehennae
1760 3613 1856 3654 vos

270 3689 378 3745 olla
410 3689 669 3760 deglutiat
691 3731 705 3756 ,
733 3705 870 3759 quos
900 3706 996 3760 per
1022 3691 1338 3760 cupiditatis
1362 3678 1610 3756 arderem
1653 3689 1858 3743 alieno-

275 3799 390 3835 rum
416 3783 682 3837 bonorum
717 3784 903 3852 rapina
929 3783 1271 3837 condemnat.
1308 3783 1376 3850 Et
1411 3797 1531 3837 cum
1559 3780 1794 3850 alienum
1823 3795 1854 3834 a

271 3875 426 3930 nobis
455 3876 560 3941 sit,
590 3877 730 3945 quod
777 3876 830 3929 in
875 3877 974 3930 hac
1010 3877 1118 3929 vita
1165 3874 1587 3947 dispensandum
1615 3874 1854 3943 suscepi-

270 3981 387 4020 mus
405 3983 418 4030 ;
438 3975 621 4021 nostra
646 3981 772 4021 vero
795 3967 865 4020 sit
887 3966 1125 4021 caelestis
1148 3966 1338 4036 gloria,
1356 3981 1518 4036 quam
1547 3980 1850 4043 speramus,

266 4068 635 4127 competenter
665 4059 751 4112 bis
799 4059 887 4112 illa
918 4061 1184 4113 sententia
1211 4062 1488 4130 congruit,
1537 4074 1698 4127 quam
1748 4058 1850 4112 Do-

271 4151 449 4205 minus
471 4150 522 4203 in
549 4151 836 4229 Evangelio
862 4152 991 4205 dicit
1019 4170 1031 4203 :
1066 4171 1082 4202 ‹
1123 4151 1223 4217 Qui
1254 4153 1307 4205 in
1331 4152 1506 4205 alieno
1534 4151 1718 4206 fideles
1741 4167 1846 4205 non

266 4243 466 4306 fuistis,
480 4244 623 4313 quod
646 4253 882 4298 vestrum
900 4245 1117 4313 estquis
1133 4244 1278 4298 dabit
1295 4244 1482 4298 vobis?
1504 4263 1522 4294 ι
1541 4242 1693 4314 (Luc.
1710 4241 1846 4312 xvt.)

266 4332 356 4385 liie
382 4338 528 4386 certe
573 4333 745 4386 lidelis
771 4332 822 4386 in
851 4333 1041 4386 alienis
1071 4334 1386 4396 exstiterat,
1419 4333 1510 4402 qui
1537 4337 1604 4386 de
1631 4348 1691 4388 se
1719 4351 1849 4388 con-

267 4421 491 4475 lidenter
517 4421 696 4475 aiebat
730 4439 742 4474 :
783 4439 801 4472 ι
836 4421 1150 4477 Benedictio
1178 4423 1403 4490 perituri
1434 4438 1600 4492 super
1631 4440 1717 4480 me
1756 4442 1846 4480 ve-

263 4513 476 4579 niebat,
509 4521 564 4567 ct
605 4530 702 4569 cor
744 4514 919 4570 vidua:
963 4514 1270 4570 consolatus
1313 4531 1431 4569 smn
1479 4533 1491 4570 :
1538 4516 1727 4571 oculus
1767 4517 1842 4572 fui

262 4620 448 4669 caeco,
507 4613 562 4660 et
613 4621 708 4677 pes
781 4605 1017 4671 claudo;
1092 4614 1246 4674 pater
1320 4621 1469 4660 erant
1541 4622 1838 4676 pauperum

260 4695 380 4772 (Job
415 4698 588 4769 xxxx).
625 4716 647 4752 ι

330 4786 374 4842 Ο
425 4803 587 4858 quam
647 4787 820 4842 ﬁdelis
868 4787 920 4841 in
969 4785 1160 4841 alienis
1213 4786 1522 4852 exstiterat,
1571 4797 1626 4842 et
1676 4803 1836 4857 qnam

257 4879 410 4931 lii-ma
445 4894 540 4948 spc
595 4879 659 4932 de
690 4877 924 4956 propriis
968 4879 1241 4932 conlidere
1293 4887 1536 4948 poterat,
1596 4895 1718 4934 cum
1781 4889 1837 4934 et

256 4971 382 5023 alibi
425 4983 485 5022 se
532 4967 841 5021 denotanth
884 4967 1198 5021 clamabat:
1256 4987 1273 5018 ι
1310 4965 1365 5022 Si
1396 4969 1608 5038 negavi,
1639 4969 1829 5038 inquit,

256 5064 395 5133 quod
425 5061 670 5116 volebant
695 5099 710 5126 ,
740 5059 1093 5128 pauperibus,
1124 5070 1175 5114 et
1218 5059 1402 5114 oculos
1429 5061 1603 5115 viduae
1645 5077 1833 5131 exspe-

257 5168 399 5210 ctare
431 5154 565 5219 feci;
601 5154 642 5207 si
672 5152 882 5208 comedi
911 5152 1205 5206 buccellam
1240 5167 1411 5205 meam
1445 5152 1620 5216 solus,
1645 5162 1699 5207 ct
1723 5170 1828 5208 non

255 5244 484 5298 comedit
511 5244 744 5314 pupillus
772 5258 838 5296 ex
875 5257 970 5306 ea;
1003 5240 1130 5310 quia
1165 5240 1232 5294 ab
1258 5239 1480 5308 infantia
1511 5257 1628 5297 mea
1660 5245 1830 5298 crevit

252 5347 462 5388 mecum
493 5335 796 5397 miseratio,
843 5342 899 5388 et
945 5333 1010 5386 .le
1039 5333 1408 5390 utcromatris
1441 5349 1572 5386 mea:
1613 5350 1827 5407 egressa

249 5434 330 5478 est
359 5441 568 5479 mecum
599 5429 718 5496 (Job
753 5432 924 5495 xxxi).
955 5446 974 5478 ι
1003 5425 1103 5481 Ubi
1132 5424 1310 5478 adhuc
1337 5433 1460 5495 apte
1508 5425 1782 5496 subjungit
1811 5444 1824 5481 :

254 5532 273 5570 ι
308 5514 364 5567 Si
411 5514 630 5582 despexi
675 5524 1090 5586 praetereuntem
1141 5530 1205 5569 eo
1241 5515 1382 5584 quod
1431 5530 1536 5569 non
1585 5515 1830 5570 habuerit

250 5606 658 5670 indumentum,
699 5616 754 5660 ct
798 5607 1003 5674 absque
1045 5606 1382 5677 operimento
1426 5621 1748 5674 pauperem;
1785 5605 1830 5659 si

249 5716 353 5773 non
389 5696 763 5751 benedixerint
810 5697 941 5750 mihi
973 5697 1142 5753 latera
1179 5698 1295 5766 ejus
1317 5740 1330 5763 ,
1361 5708 1416 5752 et
1448 5699 1512 5752 de
1545 5697 1831 5754 velleribus

250 5790 428 5841 υνίιιιιι
475 5803 718 5841 mearum
751 5785 1047 5842 calefactus
1075 5799 1157 5842 est
1188 5789 1395 5858 (ωειλ).
1439 5807 1456 5838 i
1505 5789 1638 5843 Vide
1666 5805 1828 5859 quam

251 5885 437 5951 longus
485 5877 555 5947 sit
620 5877 1112 5932 miscricordiarum
1162 5881 1262 5935 istc
1308 5881 1621 5953 catalogus,
1668 5891 1723 5934 ut
1755 5879 1828 5946 nil

1967 3409 2163 3465 tiarum
2186 3410 2356 3480 copiis
2379 3412 2622 3466 videatur
2651 3413 2886 3468 aliiuere.

2561 3503 2789 3561 CAPUT
2815 3506 2874 3560 ll.

2210 3595 2570 3667 Eleemosynw
2594 3599 2868 3668 pra'mium
2893 3600 3156 3670 quodnam
3185 3600 3268 3654 sit.

2033 3686 2112 3740 Tu
2173 3696 2376 3752 autem,
2426 3687 2796 3754 dilectissime,
2843 3691 2951 3745 noli
3005 3689 3226 3746 fratrem
3283 3700 3432 3746 tuum
3483 3692 3535 3747 in

1959 3777 2212 3846 praesenti
2244 3778 2570 3833 necessitate
2593 3780 2887 3849 despicere,
2920 3781 2962 3834 si
2997 3781 3164 3835 Deum
3198 3782 3288 3836 tibi
3329 3783 3538 3836 deside-

1959 3883 2048 3922 ras
2077 3869 2130 3922 in
2161 3867 2361 3924 ultimze
2385 3870 2723 3924 necessitatis
2748 3871 2974 3925 articulo
2997 3873 3315 3928 subvenire:
3340 3891 3357 3923 ι
3385 3871 3534 3928 Beati

1955 3960 2220 4030 siquidem
2253 3963 2646 4026 misericordes,
2678 3963 2932 4031 quoniam
2973 3965 3072 4034 ipsi
3111 3965 3532 4020 misericordiam

1954 4062 2357 4120 consequentur
2388 4052 2601 4123 (Matth.
2650 4053 2724 4124 v).
2768 4075 2785 4108 i
2819 4046 2987 4110 Porro
3016 4057 3059 4109 si
3087 4056 3299 4112 dederis
3329 4057 3532 4114 homini

1953 4146 2238 4213 pecuniam
2293 4156 2437 4199 tuam
2501 4147 2552 4199 in
2604 4146 2778 4211 fenus,
2824 4148 3172 4202 centesimam
3217 4149 3452 4219 recipis:
3484 4154 3530 4206 si

1952 4249 2085 4289 vero
2130 4235 2479 4304 pauperibus,
2522 4238 2813 4291 secundum
2843 4237 3030 4292 divina
3061 4242 3307 4309 ina'ata
3339 4252 3531 4297 centu-

1954 4327 2100 4394 plum
2151 4327 2504 4396 consequeris
2535 4345 2550 4382 :
2583 4327 2724 4396 quod
2757 4328 2799 4382 si
2834 4329 2936 4383 hoc
2969 4346 3156 4399 parum
3203 4332 3434 4397 videtur,
3474 4344 3527 4391 et

1951 4419 2059 4472 vita
2093 4419 2184 4472 tibi
2208 4419 2534 4472 cumulatur
2575 4429 2798 4474 (eterna.
2843 4419 2955 4474 Non
2981 4438 3108 4492 ergo
3136 4424 3324 4477 melius
3351 4434 3434 4480 est
3476 4435 3528 4481 te

1950 4509 2191 4576 recipere
2207 4509 2512 4578 centuplum
2541 4526 2700 4579 quam
2719 4511 3010 4566 centesima
3033 4528 3152 4568 esse
3181 4517 3528 4570 contentum?

1949 4601 2067 4656 Noli
2097 4617 2227 4672 ergo
2262 4602 2540 4669 despicere
2573 4602 2896 4670 proximum,
2923 4603 2965 4657 si
2999 4618 3102 4657 non
3153 4604 3230 4659 vis
3276 4605 3387 4660 Deo
3436 4607 3525 4660 de-

1869 4686 1917 4743 D
1946 4692 2223 4762 spicabilis
2265 4706 2548 4762 apparere.
2607 4692 2754 4760 Unde
2800 4701 2852 4748 et
2884 4692 3134 4750 Salomon
3173 4697 3249 4752 ait
3289 4714 3304 4752 :
3341 4717 3360 4750 ‹
3421 4699 3522 4766 Qui

1943 4782 2172 4852 despicit
2199 4783 2504 4850 proximum
2539 4798 2714 4848 suum,
2755 4795 2979 4856 peccat;
3008 4787 3097 4856 qui
3129 4798 3308 4844 autem
3361 4794 3529 4852 mise-

1942 4882 2094 4926 retur
2119 4872 2358 4942 pauperi,
2399 4872 2589 4927 beatus
2639 4875 2740 4927 crit
2767 4857 2952 4945 (Prov.
2998 4879 3129 4938 xlv).
3165 4901 3184 4932 ι
3243 4879 3342 4938 Ubi
3395 4901 3520 4944 mox

1939 4964 2191 5018 additur:
2232 4983 2250 5014 ι
2282 4962 2382 5030 Qui
2412 4964 2587 5018 credit
2615 4965 2666 5018 in
2701 4966 2925 5034 Domino
2954 4969 3376 5029 misericordiam
3401 4979 3522 5032 dili-

1937 5057 2014 5126 git
2042 5054 2252 5126 (lbid.).
2286 5074 2304 5106 »
2357 5054 2519 5109 Plane
2548 5055 2592 5110 si
2627 5056 2670 5112 is
2693 5057 2780 5125 qui
2818 5059 2989 5111 credit
3021 5060 3071 5112 in
3115 5063 3339 5117 Domino
3365 5067 3514 5121 mise-

1937 5144 2226 5198 ricordiam
2254 5143 2447 5214 diligit,
2495 5145 2754 5199 dicendus
2794 5156 2875 5200 est
2903 5147 2989 5203 ille
3013 5166 3116 5203 non
3150 5156 3392 5222 credere,
3425 5160 3515 5224 qui

1933 5236 2274 5291 convincitur
2308 5236 2735 5290 miscricordiam
2780 5257 2883 5293 non
2918 5257 3120 5296 amare.
3173 5244 3283 5300 Cur
3333 5259 3514 5305 autem

1931 5331 2034 5386 iste
2060 5345 2165 5383 non
2196 5329 2402 5391 credat,
2450 5328 2552 5381 alia
2584 5327 2821 5396 ejusdem
2868 5331 2989 5386 libri
3039 5337 3302 5390 sententia
3333 5339 3512 5392 decla«

1934 5429 2046 5484 rat;
2075 5421 2150 5473 ait
2175 5421 2318 5474 enim
2355 5439 2366 5472 :
2397 5437 2414 5468 ‹
2445 5418 2743 5475 Fcncratur
2793 5421 2900 5476 Deo
2933 5425 3021 5491 qui
3064 5426 3350 5481 miseretur
3375 5446 3509 5499 pau-

1930 5516 2068 5586 peri,
2101 5524 2156 5569 et
2184 5514 2606 5568 vicissitudinem
2633 5531 2786 5568 suam
2823 5517 3007 5571 reddet
3029 5518 3097 5572 ei.
3137 5539 3156 5572 ι

2001 5605 2114 5659 Νοη
2146 5607 2327 5675 itaque
2357 5607 2528 5661 credit
2561 5607 2612 5660 in
2665 5606 2912 5672 Domino,
2967 5610 3056 5678 qui
3105 5627 3199 5665 sua
3229 5613 3328 5666 sibi
3358 5615 3508 5670 timet

1926 5697 2066 5750 bona
2091 5698 2449 5762 committere,
2473 5698 2597 5751 dum
2615 5714 2678 5751 ea
2705 5714 2808 5750 non
2841 5698 2951 5751 vult
2976 5702 3337 5772 indigentibus
3351 5707 3505 5760 exhi-

1927 5789 2073 5841 bere.
2101 5787 2230 5843 Nam
2256 5790 2300 5844 si
2325 5790 2374 5843 in
2406 5789 2634 5843 Domino
2663 5791 2930 5846 veraciter
2958 5795 3226 5858 crederet,
3271 5795 3502 5852 fcncrari

1928 5879 2028 5934 sibi
2063 5889 2314 5951 tanquam
2349 5884 2488 5939 lideli
2544 5882 2748 5938 scilicet
2789 5883 3017 5940 debitori
3077 5887 3349 5943 facultatis
3391 5903 3504 5945 sua:
