3996 6184
235 399 352 462 213

1353 399 1596 458 OPUSC.
1625 397 1716 453 IX.
1747 425 1820 439 —--
1849 394 1940 449 DE
1978 395 2460 452 ELEEMOSYNA.

3408 403 3514 457 Ξιι

235 518 552 588 depositum
607 531 714 570 non
773 516 989 569 timeret
1023 533 1038 568 :
1067 515 1135 569 de
1162 513 1314 582 cujus
1368 523 1548 569 autem
1591 513 1694 568 fide
1744 511 1834 581 qui
1863 508 1918 570 Α
1944 509 2250 580 centuplum
2283 509 2435 581 (Gen.
2463 511 2634 582 xxvi).
2669 531 2686 562 ι
2719 511 2824 566 Sed
2848 527 3008 582 quam
3035 512 3242 568 felicius
3263 515 3513 578 seminat,

237 611 478 669 dubitat,
506 623 631 660 eum
663 605 852 674 procul
877 605 1038 658 dubio
1062 621 1169 659 non
1208 607 1470 670 honorat;
1519 618 1642 658 cum
1692 600 1831 656 scri-

237 711 398 771 ptum
446 701 516 753 sit
550 715 568 752 :
611 717 629 748 ι
671 694 888 751 l-fonora
941 697 1224 751 Dominum
1271 697 1337 750 de
1393 705 1484 748 tua
1535 691 1832 748 substantia

239 792 434 862 (Prov.
489 790 598 860 ιιι).
636 807 656 840 ›
685 787 751 841 Et
801 789 936 841 alias
973 787 1172 841 dicitur
1204 803 1218 840 :
1267 806 1286 838 ι
1324 787 1428 853 Qui
1473 785 1836 840 calumniatur

235 891 514 954 egentem,
547 879 840 946 exprobrat
892 877 1082 932 factori
1129 876 1246 946 ejus
1290 893 1302 929 :
1361 877 1592 929 honorat
1650 883 1830 926 autem

239 990 372 1029 eum
421 971 516 1040 qui
571 970 862 1024 miseretur
909 967 1131 1036 pauperi
1184 965 1368 1037 (Prov.
1397 967 1529 1034 xiv).
1571 985 1588 1017 ι
1619 963 1687 1017 Ει
1731 963 1836 1016 ite-

243 1082 370 1122 rum
408 1079 428 1120 :
463 1082 482 1114 ι
515 1064 720 1118 Facere
745 1059 1174 1116 misericordiam
1217 1067 1272 1114 et
1322 1058 1606 1125 judicium,
1663 1057 1836 1126 magis

243 1160 428 1229 placet
471 1156 580 1210 Deo
627 1168 787 1224 quam
821 1151 1054 1206 victima:
1087 1148 1266 1220 (Prov.
1305 1149 1440 1219 xxi).
1475 1168 1493 1200 ι
1531 1147 1837 1217 Ele'emosy-

245 1248 438 1302 uarius
467 1246 612 1300 enim
637 1243 864 1312 quisque
895 1239 1323 1295 misericordiam
1357 1239 1508 1299 facit.
1538 1241 1662 1293 dum
1697 1238 1834 1292 indi-

243 1337 504 1408 gentibus
559 1334 612 1386 in
653 1332 976 1386 necessitate
1003 1331 1365 1399 compatitur;
1386 1328 1648 1398 judicium
1687 1341 1834 1390 vero,

243 1431 378 1482 dum
405 1428 490 1480 eis
527 1441 635 1480 non
658 1424 895 1493 propria,
935 1422 1028 1476 sed
1060 1437 1249 1476 eorum
1278 1421 1420 1475 bona
1451 1419 1695 1488 largitur.
1731 1417 1838 1472 Sed

243 1538 314 1576 ex
343 1521 432 1574 his
455 1519 584 1572 dum
615 1517 847 1570 alienam
889 1515 940 1568 in
991 1513 1242 1582 prmsenti
1277 1521 1545 1567 sustentat
1577 1510 1830 1579 inopiam,

243 1621 488 1665 :eternas
511 1608 728 1661 sibimet
757 1607 807 1658 in
841 1603 1022 1658 futuro
1049 1603 1269 1658 divitias
1299 1611 1471 1671 parat.
1505 1599 1660 1655 Unde
1699 1599 1832 1654 scri-
1896 1616 1898 1618 ·

243 1713 400 1774 ptum
423 1709 510 1756 est
543 1719 556 1754 :
589 1718 606 1749 ε
638 1699 740 1764 Qui
765 1697 1098 1766 datpauperi
1118 1695 1494 1764 nouindigebit
1519 1711 1531 1746 :
1552 1694 1640 1762 qui
1660 1691 1841 1761 despi-

245 1797 323 1852 cit
343 1798 749 1866 deprecantem,
768 1790 1053 1845 sustinrbit
1069 1789 1346 1857 penuriam
1371 1784 1553 1858 (Prov.
1569 1783 1784 1854 xxvm).
1819 1801 1838 1834 ι

1937 603 2027 671 qui
2076 604 2203 656 dum
2254 603 2492 657 subsidia
2545 604 2913 674 indigentibus
2957 605 3366 678 subministrat;
3419 623 3518 677 pro

1939 705 2108 747 avena
2139 693 2402 758 triticum,
2435 709 2533 763 pro
2559 695 2758 765 pugillo
2781 697 3026 758 chorum,
3058 711 3154 764 pro
3178 711 3344 766 grano
3365 698 3521 752 metit

1919 784 2188 839 acervum
2216 804 2227 839 :
2263 787 2492 840 terrenis
2529 787 2688 856 plane
2717 789 2980 852 coelestia,
3027 791 3356 846 transitoriis
3385 806 3521 846 mer-

1939 885 2096 929 catur
2116 885 2340 930 artemo.
2370 876 2510 930 Dicit
2539 877 2820 946 Scriptura
2848 897 2860 932 :
2891 897 2908 930 ι
2940 879 3071 946 Quis
3098 889 3274 948 potest
3298 881 3514 936 dicere:

1939 965 2194 1020 Mnndum
2227 975 2310 1021 est
2337 982 2432 1021 cor
2454 983 2654 1044 meum,
2684 985 2850 1038 purus
2880 985 2998 1024 sum
3025 985 3053 1024 a
3086 979 3308 1040 peccato
3337 969 3519 1040 (Prov.

1940 1057 2065 1127 xx);
2101 1077 2118 1110 ι
2153 1059 2278 1127 quis
2305 1059 2452 1112 enim
2490 1059 2809 1130 gloriabitur
2839 1071 3046 1116 castum
3077 1077 3138 1117 se
3166 1063 3369 1118 habere
3393 1064 3524 1119 cor?

1941 1147 2047 1202 Sed
2093 1147 2452 1218 eleemosynis
2491 1149 2716 1204 solerter
2761 1151 3054 1215 insiste,.et
3091 1156 3348 1208 mundum
3379 1164 3432 1210 te
3458 1169 3522 1210 ex

1941 1239 2122 1292 divina
2166 1239 2374 1308 pietate
2403 1240 2635 1294 confide.
2691 1234 2845 1296 Unde
2877 1239 3162 1298 Salvator:
3209 1261 3227 1294 ‹
3258 1243 3408 1310 Quod
3434 1259 3526 1298 su-

1941 1339 2140 1401 perest,
2192 1332 2390 1402 inquit,
2452 1334 2572 1386 date
2611 1333 3036 1405 eleemosyuam,
3079 1343 3132 1388 et
3169 1347 3300 1390 ecce
3342 1335 3523 1390 omnia

1943 1423 2140 1476 munda
2183 1430 2311 1476 sunt
2355 1421 2511 1476 vobis
2566 1420 2718 1494 (Luc.
2776 1423 2876 1494 xu).
2914 1441 2932 1472 ι
2977 1423 3130 1477 Sicut
3169 1424 3312 1478 enim
3363 1423 3526 1480 ardor

1942 1516 2142 1588 ignium
2173 1517 2374 1571 metalli
2407 1518 2778 1588 cujuscunque
2830 1519 3154 1586 rubiginem,
3189 1520 3267 1574 sic
3294 1519 3526 1572 eleemo-

1943 1623 2074 1680 syna
2116 1609 2397 1662 consuevit
2429 1609 2620 1662 anima:
2655 1625 2889 1678 purgare
2927 1609 3257 1678 squalorem.
3293 1608 3444 1662 Unde
3473 1615 3529 1662 et

1945 1697 2025 1750 vir
2047 1698 2298 1768 sapiens:
2330 1716 2347 1748 ι
2381 1697 2584 1769 lguem,
2617 1699 2714 1764 ait,
2745 1699 3022 1753 ardentem
3045 1697 3341 1768 exstinguit
3365 1712 3526 1766 aqua,

1943 1796 1998 1840 et
2019 1787 2362 1858 'eleemosyna
2383 1787 2588 1842 resistit
2609 1786 3052 1858 peccatis(Eccfi.
3077 1778 3192 1858 lli);-
3225 1807 3244 1839 ι
3276 1787 3364 1842 ubi
3389 1802 3527 1858 pra:-

247 1881 960 1954 Deponitenimdivesquod
988 1879 1358 1948 indigentibus
1378 1876 1586 1939 tribuit,
1613 1883 1667 1929 et
1689 1889 1834 1930 nunc
1867 1875 1910 1931 Β
1941 1887 2023 1932 sto
2071 1877 2386 1948 subjungit:
2445 1897 2462 1930 ‹
2497 1879 2564 1933 Et
2594 1882 2734 1934 Deus
2775 1889 3091 1954 prospector
3131 1889 3216 1936 est
3254 1881 3391 1952 ejus,
3434 1881 3526 1950 qui

249 1975 410 2045 quasi
441 1983 644 2026 mutum
685 1971 847 2040 202
873 1969 1114 2040 Pecunia:
1141 1969 1444 2038 depositum
1470 1967 1659 2029 credit,
1705 1965 1847 2036 quod

249 2069 304 2122 in
327 2077 537 2121 aeterna
567 2065 676 2117 vita
705 2061 1075 2132 multiplicatis
1117 2059 1396 2114 fenoribus
1415 2059 1626 2128 recipit.
1663 2057 1727 2110 Et
1757 2056 1849 2125 qui

251 2171 398 2209 nunc
421 2153 482 2207 fit
513 2167 612 2223 per
641 2151 1070 2206 misericordiam
1111 2149 1368 2212 creditor,
1413 2147 1466 2201 in
1498 2145 1852 2200 retributione

251 2239 602 2315 postmodum
635 2241 763 2296 felix
796 2241 900 2295 erit
939 2249 1180 2294 exactor.
1227 2236 1384 2292 Unde
1428 2237 1684 2306 scriptum
1728 2244 1848 2290 est:

257 2361 274 2391 ι
301 2339 518 2407 Pauper
529 2335 832 2390 etcreditor
845 2334 1198 2388 ohviaverunt
1213 2331 1338 2394 sibi,
1359 2329 1640 2397 utriusque
1659 2327 1854 2382 illumi—

252 2439 416 2482 nator
431 2436 517 2481 est
535 2427 795 2480 Dominus
831 2423 1012 2494 (Prov.
1037 2421 1210 2492 χχιι).
1244 2441 1262 2472 ι
1291 2421 1356 2474 Ει
1378 2423 1441 2475 de
1459 2419 1682 2474 muliere
1705 2418 1850 2484 forti,

253 2535 528 2590 perquam
553 2517 636 2570 vel
659 2529 844 2571 sancta
865 2514 1182 2568 universalis
1198 2511 1458 2574 Ecclesia,
1483 2510 1568 2563 vel
1594 2525 1852 2578 quaqua:-

255 2625 366 2678 que
381 2609 625 2662 fideliset
639 2607 724 2677 pia
747 2607 1061 2675 intelligitur
1079 2605 1280 2668 anima,
1307 2603 1360 2658 in
1392 2601 1699 2656 Proverbiis
1722 2600 1856 2653 diei-

259 2710 350 2751 tur
377 2716 432 2750 ε(
455 2697 670 2751 Manum
689 2711 840 2750 suam
869 2695 1084 2765 aperuit
1105 2693 1274 2763 inopi,
1298 2702 1352 2748 et
1379 2691 1587 2762 palmas
1611 2706 1736 2746 suas
1761 2705 1854 2744 ex-

259 2791 438 2844 tendit
487 2790 554 2842 ad
595 2803 882 2859 pauperem
916 2783 1098 2854 (Prov.
1139 2785 1323 2855 xxxi);
1357 2803 1374 2835 ι
1425 2783 1516 2837 ubi
1561 2797 1686 2836 mox
1733 2788 1857 2851 apte

265 2879 620 2948 subiungitur
647 2895 660 2930 :
695 2897 712 2928 ι
751 2877 865 2930 Non
897 2875 1112 2930 timebit
1143 2875 1323 2928 domui
1352 2888 1464 2928 sua:
1487 2888 1514 2926 a
1548 2869 1749 2940 frigore
1777 2871 1858 2924 ni-

265 2974 378 3034 vis;
409 2987 602 3026 omnes
627 2971 769 3025 enim
802 2968 1084 3023 domestici
1113 2967 1229 3034 ejus
1259 2966 1442 3020 vestiti
1471 2973 1592 3018 sunt
1624 2961 1852 3032 duplici-

263 3064 364 3116 bus
397 3061 614 3130 (ΝΜ).
647 3079 662 3110 ι
715 3059 970 3129 Quisquis
1007 3059 1152 3112 enim
1199 3073 1342 3111 nunc
1385 3056 1726 3125 operimento
1761 3068 1857 3127 ge-

265 3151 434 3204 minae
479 3150 764 3203 ciraritatis
812 3149 1086 3214 induitur,
1145 3157 1402 3216 tanquam
1459 3145 1660 3214 duplici
1707 3153 1856 3198 veste

265 3248 553 3296 contectus
583 3255 922 3309 nequaquam
951 3240 1144 3293 futurae
1187 3239 1326 3292 nivis
1359 3237 1560 3305 frigore
1587 3235 1853 3309 constrin-
1884 3219 1926 3277 (ἶ

266 3340 468 3401 getur:
507 3339 564 3384 et
600 3346 760 3398 quem
809 3345 950 3384 nunc
994 3329 1280 3383 cbaritatis
1329 3329 1492 3382 ardor
1536 3305 1851 3388 inflammat,

269 3433 398 3476 tunc
429 3422 662 3490 pmoalis
688 3422 923 3490 algorem
951 3421 1089 3474 nivis
1119 3421 1350 3490 ignorat.
1377 3421 1452 3473 De
1475 3433 1580 3488 qua
1607 3417 1858 3471 videlicet

268 3513 394 3568 nive
425 3511 594 3566 futuri
627 3512 898 3580 supplicii,
939 3521 992 3566 et
1021 3525 1114 3580 per
1143 3510 1202 3563 Β.
1234 3508 1336 3566 Job
1369 3508 1436 3564 de
1481 3507 1712 3578 reprobo
1738 3507 1857 3558 viro

267 3605 510 3659 dicitur:
548 3621 566 3655 ι
599 3603 680 3656 Ad
707 3603 930 3656 nimium
961 3601 1192 3656 calorem
1223 3609 1458 3653 transeat
1487 3599 1556 3652 ab
1581 3597 1738 3666 aquis
1769 3594 1856 3648 ni-

267 3697 446 3756 vium,
484 3703 538 3748 et
583 3709 754 3762 usque
793 3694 860 3746 ad
891 3691 1093 3746 inferos
1137 3698 1414 3759 peccaturo
1458 3688 1623 3752 illius,
1669 3685 1861 3740 oblivi-

269 3797 460 3842 scatur
484 3785 598 3853 ejus
623 3785 994 3839 misericordia
1019 3783 1140 3854 (Job
1182 3781 1353 3850 xxiv).
1377 3801 1396 3833 ι
1417 3781 1642 3850 Dignum
1663 3777 1862 3847 quippe

269 3887 440 3932 estut
475 3877 564 3946 qui
615 3877 666 3929 in
723 3876 820 3928 hac
851 3875 958 3928 vita
991 3888 1088 3942 per
1117 3875 1368 3927 ardorem
1409 3871 1862 3939 concupiscentia

271 3969 516 4024 carnalis
545 3967 770 4031 exarsit,
803 3983 832 4020 a
858 3965 1038 4020 calore
1062 3981 1194 4019 vero
1223 3963 1607 4019 misericordiae
1634 3962 1862 4032 frigidus

268 4071 326 4116 et
359 4062 690 4116 constrictus
733 4059 1036 4128 obtorpuit,
1083 4057 1192 4112 illic
1238 4057 1303 4111 ad
1345 4057 1580 4110 calorem
1631 4055 1862 4108 nimium

273 4159 519 4208 transeat
549 4150 618 4203 ab
649 4147 812 4220 aquis
835 4150 1073 4212 nivium;
1106 4157 1164 4201 ut
1205 4147 1345 4202 sicut
1387 4147 1474 4202 hic
1501 4145 1707 4199 duabus
1735 4143 1867 4197 deli-

269 4246 392 4316 quit
417 4244 666 4308 oﬂ‘ensis,
698 4243 770 4296 ita
803 4243 1032 4312 geminis
1069 4242 1342 4296 crucietur
1373 4240 1425 4292 in
1457 4238 1700 4309 gehenna
1733 4251 1866 4306 sup-

271 4337 458 4406 pliciis
483 4353 498 4388 :
523 4344 584 4396 et
627 4335 735 4388 illic
770 4335 886 4404 ejus
919 4345 1077 4388 versa
1123 4334 1240 4386 vice
1273 4331 1642 4386 misericordia
1672 4329 1867 4385 oblivi-

273 4436 492 4490 scatur,
521 4427 610 4494 qui
641 4441 982 4494 nequaquam
1009 4425 1097 4478 hic
1121 4423 1509 4479 misericordiae
1535 4437 1743 4476 memor
1768 4436 1865 4475 ex-

275 4518 490 4572 stitisse
515 4518 881 4572 convincitur.
913 4517 1187 4570 Praamitte
1214 4531 1342 4586 ergo
1368 4515 1482 4581 tibi,
1516 4515 1706 4580 frater,
1736 4528 1868 4583 opes

280 4620 426 4672 tuas,
456 4609 600 4663 unde
627 4609 976 4678 postmodum
1007 4610 1190 4673 vivas;
1219 4607 1530 4677 praecedant
1562 4616 1612 4661 te
1637 4580 1868 4660 faculta-
1894 4580 1946 4640 D

281 4711 368 4754 tes
393 4709 518 4762 tuae,
547 4715 683 4767 quas
707 4700 758 4752 in
783 4699 871 4752 illa
898 4713 1110 4768 semper
1132 4697 1538 4764 immortalitate
1565 4697 1861 4767 possideas.

281 4789 556 4843 Memento
578 4789 720 4858 quod
743 4789 1006 4859 scriptum
1036 4797 1152 4843 est:
1183 4807 1200 4839 ι
1231 4789 1390 4842 Dives
1413 4803 1532 4842 cum
1559 4773 1863 4854 dormierit,

281 4881 424 4936 nihil
451 4895 638 4934 secum
672 4881 912 4938 auferet;
955 4881 1162 4949 aperiet
1213 4879 1400 4934 oculos
1437 4893 1586 4943 suos,
1635 4887 1690 4932 et
1730 4877 1864 4932 nihil

285 4973 560 5038 inveniet;
597 4974 968 5042 apprehendet
987 4987 1109 5027 curn
1139 4972 1290 5041 quasi
1315 4987 1452 5040 aqua
1479 4971 1681 5039 inopia,
1711 4979 1869 5024 nocte

287 5064 556 5132 opprimet
584 5079 704 5116 eum
735 5072 1027 5132 tempestas
1057 5062 1178 5134 (Job
1225 5061 1418 5132 xxvn).
1452 5081 1469 5113 ι

359 5154 584 5208 Placeat
607 5169 736 5225 ergo
767 5154 860 5208 tibi
890 5153 1197 5217 consilium,
1233 5153 1375 5222 quod
1409 5167 1502 5221 per
1528 5151 1870 5205 Salomonem

285 5245 490 5296 datur:
546 5263 562 5294 ι
603 5245 776 5308 lMitte,
817 5245 1017 5312 inquit,
1053 5257 1249 5311 panem
1296 5251 1444 5295 tuum
1491 5256 1654 5310 super
1693 5248 1871 5293 trans—

287 5343 480 5389 euntes
516 5351 706 5404 aquas,
743 5334 869 5403 quia
914 5343 1035 5403 post
1065 5333 1230 5386 rmtlta
1263 5341 1500 5402 tempora
1545 5329 1773 5398 recipies
1815 5327 1876 5382 il-

287 5429 404 5479 lum
441 5443 454 5478 :
499 5425 562 5480 da
596 5442 693 5494 per
717 5435 770 5479 te
802 5433 1031 5494 septem,
1065 5439 1272 5478 necnon
1303 5430 1358 5475 et
1393 5429 1538 5480 octo,
1570 5420 1694 5488 quia
1724 5419 1876 5488 igno-

289 5531 381 5571 ras
414 5517 542 5584 quid
569 5517 695 5570 mali
731 5516 970 5570 futurum
999 5515 1070 5569 sit
1091 5530 1254 5584 super
1283 5521 1484 5567 terram
1515 5511 1712 5583 (Eccle.
1741 5511 1868 5580 κη.)

285 5606 358 5662 Ει
391 5607 588 5660 iterum
619 5626 630 5660 :
668 5626 685 5658 ε
723 5607 876 5662 Mane
907 5608 1114 5661 semina
1158 5620 1338 5660 semen
1373 5613 1546 5668 tuum,
1577 5612 1629 5658 et
1657 5617 1876 5672 vespere

287 5715 360 5754 ne
412 5709 593 5754 cesset
632 5716 824 5754 manus
873 5711 958 5753 tua
1009 5699 1198 5770 (Ibid.)
1229 5718 1247 5750 ι
1291 5697 1509 5768 Legitur
1545 5697 1598 5750 in
1639 5696 1872 5752 Genesi:

289 5807 314 5844 ς
339 5787 487 5859 Quia
520 5791 658 5845 sevit
685 5791 834 5845 lsaac
863 5791 916 5844 in
945 5791 1174 5853 Gerara,
1207 5798 1258 5842 et
1287 5789 1484 5842 invenit
1515 5789 1566 5841 in
1595 5788 1711 5856 ipso
1735 5803 1875 5842 anno

1949 1973 2134 2026 reddet
2161 1972 2415 2042 gratiam,
2443 1973 2690 2026 meminit
2715 1973 2767 2027 in
2799 1982 3094 2042 posterum,
3125 1971 3252 2026 etin
3284 1979 3528 2042 tempore

1951 2079 2109 2118 casus
2157 2064 2236 2118 sui
2270 2064 2506 2119 inveniet
2555 2065 2950 2120 firmamentum
2999 2063 3242 2136 (Ibid.).
3273 2085 3291 2117 ι
3327 2063 3530 2120 Deinde

1951 2152 2204 2222 subjicit:
2240 2170 2257 2203 ‹
2288 2151 2412 2218 Fili,
2456 2153 2852 2226 elecmosynam
2895 2154 3146 2224 pauperis
3189 2169 3258 2208 ne
3295 2153 3530 2217 fraudes,

1953 2251 2005 2296 et
2030 2241 2214 2297 oculos
2246 2251 2366 2298 tuos
2397 2260 2463 2299 ne
2495 2253 2827 2299 transvertas
2855 2262 2883 2298 a
2921 2259 3151 2314 paupere
3177 2245 3339 2315 (Ibid.
3370 2244 3468 2314 tv).
3507 2265 3526 2298 ι

1955 2333 2020 2387 Ει
2051 2349 2237 2388 rursus
2262 2347 2275 2387 :
2311 2354 2328 2384 ι
2361 2333 2609 2388 Animam
2642 2337 2971 2391 esurientem
2999 2336 3158 2410 203
3187 2351 3254 2392 ne
3280 2339 3534 2406 despexe-

1955 2426 2049 2488 ris,
2083 2435 2138 2480 et
2170 2441 2276 2478 non
2319 2442 2606 2499 cxasperes
2633 2442 2923 2497 pauperem
2970 2428 3022 2482 in
3063 2429 3240 2498 inopia
3272 2445 3391 2486 sua.
3430 2429 3536 2485 Cor

1955 2516 2128 2586 inopis
2167 2533 2235 2572 ne
2266 2517 2544 2583 aﬂlixeris,
2587 2529 2640 2574 et
2677 2534 2782 2574 non
2831 2521 3114 2588 pertrahas
3143 2521 3328 2576 datum
3349 2533 3528 2588 anguv

1955 2607 2138 2661 stiauti
2171 2605 2379 2678 (Ibid).
2413 2626 2430 2659 ι
2461 2608 2526 2662 Et
2570 2609 2733 2663 multa
2765 2609 2886 2673 alia,
2917 2625 3036 2680 qua:
3065 2609 3147 2666 vir
3173 2609 3274 2666 iste
3307 2609 3537 2680 prophev

1932 2701 2096 2754 'ticus
2127 2701 2193 2755 de
2213 2703 2563 2772 praeroganda
2590 2704 2916 2774 pauperibus
2946 2705 3146 2774 pietate
3172 2701 3414 2762 contexit
3439 2724 3454 2760 :
3481 2715 3538 2761 at

1957 2791 2246 2860 Evangelio
2287 2793 2512 2846 necdum
2559 2793 2932 2866 illucescente,
2983 2805 3238 2865 tanquam
3283 2797 3540 2852 sacerdos

1960 2881 2012 2933 in
2045 2875 2284 2936 Ecclesia
2315 2883 2510 2950 prolixi
2541 2886 2811 2940 sermonis
2845 2887 3042 2942 seriem
3071 2887 3340 2956 protrahit
3369 2903 3385 2942 :
3419 2903 3540 2957 quas

1959 2987 2056 3025 nos
2087 2971 2174 3026 hic
2202 2974 2384 3027 omnia
2416 2973 2572 3028 simul
2602 2977 2978 3047 exaggeranda
3021 2991 3130 3034 non
3169 2976 3439 3044 ducimus,
3469 2993 3540 3038 ne

1961 3060 2236 3115 fastidium
2267 3061 2566 3135 legentibus
2589 3078 2928 3132 generemus.

2565 3151 2792 3208 CAPUT
2831 3153 2916 3210 lll.

2285 3239 2536 3304 Qua‘nam
2574 3240 2896 3311 eleemosyna
2933 3245 3104 3311 major
3129 3245 3219 3298 sit.

2032 3326 2134 3380 Sed
2159 3343 2282 3381 cum
2307 3343 2402 3397 per
2432 3343 2620 3382 omnes
2649 3328 2785 3382 sacri
2814 3328 3012 3398 eloquii
3053 3331 3275 3400 paginas
3307 3334 3539 3388 elcemo~

1960 3433 2090 3489 syna
2121 3418 2464 3487 praidicetur,
2495 3427 2550 3473 et
2587 3419 2956 3474 misericordia
2997 3421 3208 3475 caneris
3250 3423 3542 3478 virtutibus

1961 3513 2266 3578 antecellat,
2296 3527 2358 3566 ac
2383 3511 2618 3582 palmam
2651 3512 2790 3566 inter
2825 3526 2986 3582 opera
3014 3513 3229 3582 pietatis
3259 3513 3500 3570 obtineat
3525 3533 3538 3568 :

1965 3605 2053 3658 illa
2091 3613 2266 3658 tamen
2319 3602 2685 3658 misericordia
2720 3603 3102 3671 supereminet,
3137 3619 3255 3674 qua:
3284 3604 3350 3660 dc
3387 3604 3542 3674 copia

1966 3713 2137 3766 nuper
2173 3697 2238 3750 ad
2283 3697 2520 3764 inopiam
2554 3693 2816 3748 devolutis
2861 3693 3118 3747 auxilium
3151 3696 3372 3764 prmbet.
3407 3693 3546 3750 Sunt

1965 3777 2198 3854 na'ntque
2237 3785 2502 3848 nonnulli,
2543 3799 2679 3854 quos
2717 3784 3042 3838 bonestioris
3071 3784 3285 3856 quidem
3327 3783 3544 3854 generis

1964 3878 2098 3933 ordo
2135 3878 2402 3940 nobilitat,
2428 3877 2522 3930 sed
2546 3876 2838 3945 indigentia
2867 3875 2940 3929 rei
2970 3873 3252 3930 familiaris
3274 3884 3542 3946 angustat.

1965 3967 2214 4037 Plerique
2237 3968 2399 4020 etiam
2426 3965 2691 4035 equestris
2713 3965 2975 4034 prosapiae
2999 3964 3168 4018 titulis
3188 3965 3544 4026 adornantur,

1967 4061 2060 4114 sed
2085 4058 2395 4114 domestica:
2421 4057 2760 4111 necessitatis
2787 4057 2966 4125 inopia
2990 4056 3364 4124 deprimuntur
3389 4099 3392 4104 .
3432 4070 3547 4108 exi-

1967 4164 2125 4225 gente
2166 4151 2380 4220 generis
2427 4149 2689 4220 dignitate
2730 4146 3126 4218 compelluntur
3169 4145 3546 4202 soectabilium

1969 4246 2232 4299 interesse
2259 4241 2562 4312 colloquiis,
2599 4255 2858 4295 consessu
2887 4239 3102 4308 quidem
3137 4237 3358 4308 pariles,
3392 4237 3550 4308 longe

1970 4334 2318 4389 facultatibus
2345 4333 2654 4401 inmquales.
2685 4330 2790 4386 Sed
2820 4331 2944 4386 licet
2969 4345 3060 4385 eos
3082 4329 3392 4384 domestica:
3420 4344 3550 4398 pau-

1970 4429 2200 4498 pertatis
2231 4425 2534 4488 sollicitudo
2563 4424 2873 4488 discruciet,
2908 4424 3068 4478 etiam
3107 4422 3150 4476 si
3198 4431 3420 4491 cogente
3451 4435 3548 4476 nco

1974 4520 2227 4573 cessitate
2274 4518 2338 4570 ad
2384 4525 2626 4570 extrema
2676 4514 3008 4584 perveniant,
3064 4511 3318 4566 alimenta
3365 4522 3550 4582 petere

1975 4610 2343 4664 mendicantes
2393 4607 2658 4677 ignorant.
2708 4605 2924 4673 Eligunt
2965 4603 3109 4657 enim
3153 4604 3332 4672 potius
3388 4603 3548 4664 mori,

1975 4716 2134 4770 quam
2165 4699 2375 4768 publice
2411 4697 2735 4760 mendicare,
2770 4693 3170 4749 confunduntur
3196 4693 3430 4764 agnosci,
3463 4709 3550 4747 ve-

1974 4799 2161 4845 rentur
2185 4789 2414 4858 inOpiam
2437 4785 2680 4842 confiteri
2705 4803 2718 4838 :
2745 4795 2798 4838 et
2821 4800 2944 4839 cum
2968 4784 3055 4837 alii
3080 4799 3232 4838 suam
3257 4784 3550 4852 praedicent

1977 4888 2293 4950 egestatem,
2329 4877 2434 4930 imo
2479 4889 2861 4944 nonnunquam
2911 4873 3125 4928 modum
3172 4873 3548 4944 exaggerando

1977 4971 2310 5042 paupertatis
2339 4969 2625 5029 excedant,
2650 4977 2708 5020 ut
2729 4965 2994 5020 uberioris
3015 4967 3206 5035 stipem
3225 4967 3548 5030 consolatio-

1978 5061 2062 5114 nis
2087 5059 2373 5128 accipiant:
2392 5055 2474 5109 isti
2492 5055 2636 5124 quod
2648 5057 2942 5122 patiuntur,
2959 5057 3280 5118 occultando
3301 5057 3549 5112 (Ιὶεδίιιιιις

1975 5153 2108 5216 lant,
2137 5167 2205 5206 ne
2231 5151 2460 5219 turpiter
2487 5149 2539 5202 in
2565 5148 2750 5202 oculos
2786 5149 3064 5212 hominum
3093 5149 3306 5216 signum
3333 5148 3548 5216 aliquod

1976 5259 2086 5298 sum
2115 5241 2446 5312 paupertatis
2476 5247 2742 5310 erumpat.

2049 5333 2248 5386 llormn
2307 5331 2472 5400 igitur
2527 5329 2817 5404 indigentia
2895 5329 3074 5399 potius
3125 5326 3264 5381 valet
3325 5326 3548 5398 intelligi

1977 5439 2136 5495 quam
2163 5423 2332 5477 videri
2362 5441 2373 5474 :
2403 5421 2572 5494 magis
2599 5421 2917 5490 quibusdam
2950 5419 3118 5488 signis
3143 5420 3550 5487 erumpentibus

1978 5515 2194 5585 conjici,
2226 5529 2390 5583 quam
2421 5512 2721 5566 manifestis
2753 5511 2922 5580 possit
2953 5509 3165 5564 indiciis
3196 5509 3548 5580 deprehendi.

1978 5607 2052 5661 De
2083 5607 2274 5676 quibus
2315 5605 2498 5673 utique
2542 5619 2645 5657 non
2693 5600 2992 5664 manifeste,
3036 5600 3130 5654 sed
3169 5602 3377 5656 occulte
3416 5618 3549 5672 pau-

1977 5699 2197 5768 peritius
2239 5705 2436 5764 quanta
2487 5694 2557 5747 sit
2605 5693 2887 5747 retributio
2956 5693 3222 5764 Propheta
3269 5696 3548 5764 designat,

1977 5805 2098 5844 cum
2139 5788 2256 5842 ait:
2315 5804 2334 5838 ι
2367 5785 2590 5848 Beatus,
2627 5783 2718 5854 qui
2758 5783 3002 5854 intelligit
3033 5799 3193 5855 super
3227 5799 3451 5853 egenum
3494 5790 3546 5836 et
