3996 6184
496 416 601 464 215

946 410 1001 465 S.
1046 409 1247 464 PETRI
1286 407 1569 463 DAMIANI
1607 405 1758 463 OPP.
1802 405 2036 464 TOMUS
2071 404 2201 459 SEU
2243 403 2422 459 PARS
2462 404 2543 459 Ill.
2574 410 3023 466 —0PUSCULA
3058 410 3286 465 VARIA.

3648 415 3752 469 9J6

496 534 784 589 pauperem
818 517 987 585 (Psal.
1017 518 1125 587 xc).
1160 538 1176 569 ι
1215 518 1390 585 Super
1421 533 1687 587 pauperes
1712 517 1910 587 quippe
1938 532 2072 586 pan-
2101 520 2147 579 A
2178 519 2316 575 ciem
2349 528 2493 575 tuam
2530 522 2598 576 ah
2637 521 2748 577 ullo
2804 537 3077 592 paupere:
3108 532 3182 577 ita
3214 527 3357 577 enim
3398 524 3487 579 lict
3535 535 3594 579 ut
3654 544 3755 583 nec

499 625 658 664 nosos
706 617 760 663 et
802 608 1097 677 bulgiolos,
1148 623 1412 678 pcrasque
1458 618 1750 677 gestantes,
1800 608 2074 664 intellectu

497 715 601 755 non
636 699 958 768 indigemus,
999 713 1136 767 quos
1175 699 1359 769 utique
1398 698 1684 753 manifesta
1716 699 1920 753 visione
1949 714 2078 753 con-

496 790 755 859 spicimus
784 804 798 843 :
832 806 995 859 super
1025 792 1168 859 ipsos
1208 778 1386 845 autem
1421 806 1685 861 pauperes
1711 791 1967 846 debemus
1997 792 2079 846 in-

497 883 763 935 trinsecus
807 883 1127 953 intelligere,
1159 899 1386 951 quorum
1424 884 1476 937 in
1508 883 1793 953 superficie
1821 899 1926 938 non
1955 900 2079 954 pos-

497 988 684 1026 sumus
713 974 985 1028 miseriam
1024 976 1324 1046 pervidere.
1362 995 1379 1027 ‹
1414 976 1627 1042 Beatus,
1658 977 1823 1042 enim,
1859 977 1949 1046 qui
1990 976 2077 1030 in-

499 1062 690 1132 telligit
731 1079 892 1133 super
924 1080 1154 1134 egenum
1182 1077 1237 1120 et
1267 1082 1591 1135 pauperem;
1631 1087 1649 1119 ι
1678 1077 1733 1121 et
1761 1082 1929 1137 quare
1950 1067 2080 1121 bea—

498 1155 618 1207 tus?
654 1172 675 1203 ι
706 1153 763 1208 1η
792 1155 900 1220 die,
932 1156 1129 1225 inquit,
1179 1157 1318 1211 mala
1366 1157 1619 1212 liberabit
1659 1174 1781 1212 eum
1820 1159 2079 1213 Dominus

498 1242 709 1312 (Ibid.).
743 1264 760 1295 ι
797 1244 945 1300 Felix
974 1246 1075 1307 ista
1105 1248 1415 1316 promissio,
1452 1258 1511 1302 ut
1537 1250 1880 1319 postmodum
1918 1250 1969 1302 iu
2001 1249 2080 1303 di-

497 1337 621 1388 vino
651 1335 913 1390 liberetur
940 1338 1212 1403 examine,
1242 1340 1330 1408 qui
1372 1330 1517 1393 nunc
1555 1340 1805 1394 subvenit
1833 1341 2079 1409 indigen-

498 1424 641 1477 tibus
668 1424 721 1477 iu
760 1439 1029 1490 maerore;
1078 1434 1203 1482 tunc
1233 1443 1263 1481 a
1304 1429 1523 1483 miseria
1554 1429 1880 1495 calamitatis
1914 1429 2081 1499 eripi-

498 1523 606 1578 tur,
634 1516 725 1584 qui
762 1518 922 1570 modo
954 1517 1228 1572 miseriam
1261 1518 1592 1587 patientibus
1624 1519 1933 1573 miseretur.

568 1603 677 1659 Sed
707 1607 992 1661 audiamus
1021 1608 1197 1662 adhuc
1222 1608 1351 1677 quid
1380 1608 1664 1663 Psalmista
1695 1609 2039 1679 prosequitur
2064 1625 2078 1662 :

505 1713 524 1745 α
556 1695 836 1760 Dominus,
884 1697 999 1763 ait,
1041 1708 1327 1753 conservet
1365 1713 1509 1765 eum,
1546 1709 1603 1754 et
1651 1700 1889 1754 viviﬁcet
1933 1714 2079 1765 eum,

502 1795 559 1840 et
602 1787 819 1841 beatum
868 1787 1032 1842 faciat
1078 1805 1234 1855 eum,
1283 1799 1339 1844 et
1383 1790 1638 1845 emundet
1686 1790 1737 1844 in
1784 1799 1925 1844 terra
1966 1791 2078 1844 ani-

2178 625 2206 663 a
2238 619 2289 664 te
2316 620 2595 666 avertatur
2636 611 2801 667 facies
2824 614 3035 667 Domini
3062 613 3215 684 (Tob.
3249 614 3343 684 tv).
3391 635 3408 667 ι
3449 614 3549 672 Ubi
3591 619 3753 672 etiam

2177 701 2521 757 discretionis
2546 704 2761 757 modum
2783 704 2954 773 ponit,
2981 712 3037 758 et
3058 704 3426 758 authenticam
3449 708 3637 773 procul
3660 708 3757 761 du-

2175 791 2265 846 bio
2315 792 2555 862 regulam
2608 793 2665 847 in
2726 793 2965 862 qualibet
3014 793 3371 862 possessionis
3412 803 3575 863 atque
3631 795 3757 849 sub-

2178 884 2389 938 stantiae
2437 885 2740 953 quantitate
2785 883 3039 952 prteligit;
3087 884 3368 938 aiteuim:
3427 903 3445 935 ι
3477 884 3757 950 Quomodo

2177 974 2435 1041 potueris,
2469 974 2544 1027 ita
2566 982 2682 1027 esto
2706 973 3044 1037 misericors;
3078 972 3122 1026 si
3162 973 3390 1025 multum
3425 972 3519 1027 tibi
3569 972 3755 1037 fuerit,

2178 1066 2516 1120 abundanter
2557 1066 2772 1129 tribue;
2804 1064 2848 1120 si
2876 1065 3155 1134 exiguum,
3188 1066 3354 1119 etiam
3392 1066 3648 1136 exiguum
3691 1066 3758 1119 li-

2178 1155 2368 1207 benter
2394 1153 2655 1223 impertiri
2686 1155 2842 1209 stude
2872 1153 3033 1223 (Ibid.
3063 1154 3105 1223 ).
3154 1173 3174 1205 ›

2249 1244 2359 1298 Cur
2385 1255 2567 1298 autem
2606 1244 2711 1299 hoc
2739 1244 2920 1299 facere
2947 1245 3161 1309 debeat,
3188 1245 3520 1315 aperit,cum
3541 1248 3761 1314 subjun-

2181 1336 2294 1408 git:
2324 1354 2341 1386 ι
2377 1334 2666 1389 Praemium
2698 1335 2847 1390 enim
2869 1337 3068 1400 bonum
3102 1336 3197 1390 tibi
3231 1337 3561 1392 thesaurizas
3590 1338 3642 1392 in
3676 1340 3763 1393 die

2181 1426 2523 1481 necessitatis
2562 1443 2575 1478 :
2602 1427 2857 1496 quoniam
2884 1426 3223 1497 elcemosyna
3256 1426 3326 1480 ab
3354 1428 3497 1482 omni
3516 1440 3759 1497 peccato,

2181 1526 2285 1572 eta
2310 1524 2484 1570 morte
2532 1515 2747 1580 liberat,
2787 1524 2843 1571 et
2891 1531 2995 1569 non
3036 1517 3271 1584 patietur
3319 1518 3552 1572 animam
3594 1520 3674 1573 ire.
3710 1520 3760 1573 iu

2184 1609 2435 1664 tenebras
2464 1623 2477 1661 :
2510 1607 2707 1662 fiducia
2733 1623 2925 1678 magna
2955 1607 3061 1662 erit
3081 1622 3262 1662 coram
3279 1624 3485 1663 summo
3502 1609 3611 1667 Deo
3624 1611 3765 1666 elec-

2185 1712 2428 1770 mosyna,
2454 1697 2705 1752 omnibus
2738 1696 3058 1752 facientibus
3100 1711 3220 1753 eam
3249 1696 3412 1769 (Ibid.
3440 1702 3478 1770 ).
3516 1718 3535 1751 ι

2785 1807 3014 1865 CAPUT
3061 1809 3150 1864 IV.

503 1892 647 1931 lnam
675 1877 811 1947 ejus,
831 1886 885 1932 et
914 1892 1017 1932 non
1042 1879 1222 1933 tradat
1251 1894 1373 1933 eum
1404 1880 1456 1932 in
1482 1894 1674 1934 manus
1704 1878 1905 1933 inimici
1928 1879 2075 1948 ejus:

2191 1900 2343 1968 Quod
2369 1901 2459 1971 qui
2493 1900 2871 1969 eleemosynam
2902 1900 2981 1971 rei
3028 1901 3239 1969 eﬂ‘ectu,
3290 1900 3368 1955 vel
3418 1902 3613 1970 olfactu
3663 1918 3767 1956 non

500 1969 761 2025 Dominus
794 1986 950 2041 opem
996 1970 1137 2026 ferat
1170 1972 1242 2025 illi
1270 1971 1480 2045 (Ibid.}.
1513 1990 1532 2024 ι
1566 1970 1611 2027 Ο
1645 1986 1807 2041 quam
1843 1971 2075 2041 gloriose

497 2075 791 2127 mercatur,
810 2065 901 2135 qui
926 2080 1022 2135 pro
1048 2066 1443 2128 misericordia,
1465 2082 1626 2136 quam
1652 2065 1976 2136 pauperibus
1992 2080 2081 2120 ex-

502 2157 668 2221 hibet,
691 2157 853 2211 totius
867 2157 1607 2212 Christianitatisorationem
1630 2160 1943 2213 continuam
1959 2173 2081 2229 pro-

498 2249 769 2302 meretur!
815 2247 1004 2303 Omnis
1034 2249 1177 2302 enim
1208 2248 1529 2304 universalis
1558 2249 1799 2305 Ecclesia
1833 2258 1945 2307 toto
1966 2261 2077 2304 ter-

499 2354 681 2393 rarum
706 2340 839 2395 orbe
860 2339 1077 2405 diffusa,
1105 2356 1202 2411 pro
1228 2341 1319 2395 illo
1336 2341 1502 2397 Deum
1527 2342 1770 2411 quotidie
1793 2342 2076 2411 supplicat,

502 2431 665 2504 204
695 2449 815 2503 quae
846 2432 1092 2487 videlicet
1123 2433 1266 2488 hunc
1294 2434 1560 2502 psalmum
1585 2434 1903 2504 quotidiana
1934 2434 2076 2504 jugi-

504 2534 585 2578 ter
614 2524 899 2578 devotione
949 2523 1277 2593 frequentat.
1341 2523 1495 2578 Adde
1540 2524 1683 2593 quod
1728 2525 1844 2578 haec
1904 2524 2080 2580 oratio

500 2629 776 2684 nunquam
809 2615 861 2667 in
896 2614 1092 2668 divinae
1130 2614 1431 2669 clementiae
1480 2614 1623 2669 valet
1660 2613 1886 2669 deﬁnire
1950 2630 2081 2669 con-

495 2713 778 2775 temptum,
810 2722 929 2775 qua:
958 2706 1208 2761 videlicet
1231 2723 1260 2759 a
1290 2706 1495 2775 Spiritu
1526 2716 1719 2760 sancto
1766 2707 1907 2761 facta
1968 2716 2079 2771 est,

494 2796 585 2865 qui
613 2804 699 2851 est
745 2796 858 2863 ipsa
892 2797 1136 2849 remissio
1185 2805 1553 2865 peccatorum.
1596 2795 1716 2861 Quo
1749 2797 1896 2850 enim
1926 2805 2081 2865 pacto

496 2884 799 2937 orationem
831 2898 861 2935 a
890 2884 1178 2954 semetipso
1234 2886 1588 2953 compositam
1628 2901 1734 2940 non
1792 2885 2082 2939 admittat?

502 2972 788 3040 Quomodo
813 2976 957 3045 quod
980 2991 1139 3031 orare
1170 2976 1372 3040 docuit,
1408 2993 1513 3031 non
1556 2977 1846 3031 exaudiat?
1886 2978 2081 3033 Beatus

498 3081 651 3136 ergo,
672 3076 727 3121 et
750 3082 876 3121 vere
904 3068 1115 3132 beatus,
1150 3070 1237 3138 qui
1265 3069 1516 3139 intelligit
1563 3085 1727 3139 super
1766 3086 1996 3139 egenum
2027 3079 2083 3124 et

500 3172 811 3225 pauperem.
854 3156 1003 3212 Umle
1026 3158 1255 3229 Moyses,
1287 3160 1395 3213 imo
1418 3159 1677 3214 Dominus
1703 3174 1799 3229 per
1814 3159 2034 3229 Moysen
2062 3173 2076 3212 :

506 3267 524 3298 ι
568 3246 623 3301 Si
650 3263 811 3313 unus,
842 3248 939 3313 ait,
966 3248 1031 3303 de
1070 3248 1329 3303 fratribus
1362 3250 1488 3315 tuis,
1538 3250 1630 3319 qui
1664 3258 1909 3304 moratur
1941 3251 2080 3303 intra

506 3345 688 3405 portas
716 3339 951 3393 civitatis
981 3347 1104 3402 tum,
1140 3340 1191 3393 in
1223 3350 1365 3394 terra
1416 3356 1579 3410 quam
1626 3341 1888 3395 Dominus
1937 3339 2082 3395 Deus

505 3436 626 3480 tuus
653 3427 876 3481 daturus
912 3430 1137 3493 esttibi,
1178 3430 1245 3483 ad
1284 3439 1655 3500 paupertatem
1697 3433 1928 3495 venerit,
1971 3446 2079 3484 non

504 3519 798 3573 obdurabis
845 3536 941 3575 cor
989 3532 1162 3589 tuum,
1211 3539 1311 3577 nec
1364 3523 1656 3577 contrahes
1698 3538 1940 3586 manum,
1992 3523 2084 3577 sed

505 3610 715 3678 aperies
742 3624 862 3665 eam
906 3614 1148 3682 pauperi,
1196 3622 1252 3667 et
1291 3614 1445 3669 dabis
1491 3623 1760 3678 mutuum,
1809 3629 1916 3684 quo
1961 3628 2085 3667 eum

506 3703 750 3773 indigere
798 3706 1139 3773 prospexeris
1171 3706 1350 3775 (Deut.
1383 3706 1493 3775 xv).
1535 3725 1553 3757 ι
1594 3706 1661 3760 Ει
1687 3707 1812 3760 alibi
1849 3724 1861 3758 :
1901 3725 1919 3756 ‹
1970 3704 2085 3760 Non

508 3794 739 3847 deerunt
767 3810 1032 3865 pauperes
1068 3796 1121 3849 in
1155 3805 1294 3850 terra
1337 3799 1687 3853 habitationis
1732 3807 1854 3861 tunc,
1885 3799 2087 3853 idcirco

506 3886 761 3955 prtecipio
799 3887 915 3953 tibi,
949 3896 1007 3940 ut
1042 3888 1257 3958 aperias
1294 3905 1513 3943 manum
1538 3889 1689 3943 fratri
1719 3900 1809 3944 tuo
1833 3906 2003 3961 egeno
2033 3898 2088 3944 et

514 3978 755 4047 pauperi,
793 3980 881 4048 qui
916 3989 1091 4035 tecum
1125 3991 1373 4035 versatur
1396 3982 1449 4035 in
1477 3992 1617 4037 terra
1656 3982 1867 4053 (Ibid.).
1918 4002 1937 4034 ι
1971 3981 2089 4036 Scit

508 4067 652 4120 enim
675 4069 1017 4138 omnipotens
1058 4072 1219 4136 Deus,
1252 4072 1506 4140 quoniam
1542 4075 1776 4126 humana
1826 4072 2090 4143 fragilitas

510 4173 608 4225 pro
650 4159 759 4213 sola
809 4175 907 4213 sua
956 4161 1165 4229 justitia
1199 4178 1472 4231 nunquam
1501 4165 1786 4231 pervenire
1825 4165 1995 4231 possit
2021 4166 2089 4219 ad

510 4250 673 4301 vitam
699 4289 714 4313 ,
748 4250 841 4304 sed
857 4253 1322 4322 semperindigere
1350 4254 1754 4308 misericordia:
1781 4263 1942 4322 atque
1972 4255 2091 4309 ideo

510 4356 607 4407 per
628 4356 816 4395 omnes
842 4357 1118 4396 sacrarum
1155 4346 1377 4415 paginas
1407 4344 1808 4413 Scripturarum
1853 4346 2088 4400 eleemo-

513 4444 702 4499 syuam
736 4430 937 4497 laudat,
972 4432 1397 4486 tuisericordiam
1428 4435 1703 4503 praedicat,
1729 4437 1938 4490 viscera
1980 4438 2090 4506 pie-

2430 1981 2667 2041 pra'stat,
2700 1972 2892 2027 chorus
2942 1969 3053 2025 Deo
3078 1988 3190 2025 esse
3233 1988 3335 2025 non
3366 1969 3550 2040 potest.

2249 2061 2539 2117 Enimvero
2561 2070 2620 2115 ut
2643 2059 2804 2129 hujus
2827 2061 2905 2116 rei
2932 2076 3198 2117 summam
3248 2062 3397 2117 brevi
3433 2061 3768 2134 complectar

2178 2151 2416 2220 eloquio,
2433 2166 2711 2221 nunquam
2726 2151 2837 2205 Deo
2858 2152 3057 2207 charus
3071 2152 3178 2207 erit
3196 2152 3289 2222 qui
3310 2152 3394 2206 vel
3417 2150 3669 2208 eﬂ‘ectum
3685 2152 3766 2207 vel

2180 2241 2430 2297 affectum
2446 2242 2801 2313 eleemosynte
2825 2257 2930 2296 non
2948 2243 3227 2297 habuerit:
3248 2243 3458 2299 scilicet
3470 2252 3529 2298 ut
3543 2244 3635 2313 qui
3658 2259 3763 2299 non

2180 2332 2344 2387 habet
2368 2345 2500 2393 rem,
2532 2330 2693 2402 205
2735 2331 2932 2386 habeat
2954 2331 3283 2387 voluntatem
3307 2349 3320 2387 :
3345 2343 3400 2387 et
3424 2333 3550 2387 dum
3575 2335 3761 2389 dome-

2180 2424 2331 2479 sticze
2355 2424 2625 2479 facultatis
2648 2422 2919 2479 afﬂuentia
2946 2440 3051 2479 non
3076 2426 3360 2492 exuberat,
3385 2425 3624 2480 liberalis
3652 2426 3765 2481 ani-

2181 2513 2252 2567 mi
2308 2512 2525 2567 divitias
2563 2527 2669 2567 non
2695 2513 2927 2568 amittat.
2953 2512 3085 2566 Nam
3112 2513 3204 2581 qui
3236 2529 3340 2568 non
3364 2514 3525 2569 habet
3546 2516 3727 2569 cibum
3746 2556 3762 2581 ,

2182 2604 2345 2659 habet
2365 2602 2591 2658 forsitan
2609 2603 2847 2658 tectum?
2873 2618 2978 2658 non
3002 2603 3143 2658 valet
3158 2604 3482 2658 esurientem
3510 2603 3764 2658 alimento

2181 2696 2426 2759 reﬁcere,
2459 2693 2604 2749 valet
2625 2694 2814 2748 saltem
2842 2694 3221 2748 lassesceutcm
3252 2693 3531 2763 hospitalis
3568 2694 3762 2749 huma-

2182 2788 2372 2842 nitatis
2398 2784 2573 2841 olIicio
2605 2801 2872 2841 recreare.
2910 2785 3216 2840 Memorans
3238 2800 3452 2855 semper
3481 2784 3613 2840 illud
3637 2800 3768 2852 apo-

2180 2878 2427 2934 stolicum
2458 2895 2472 2931 :
2516 2896 2534 2929 ι
2578 2876 2827 2933 Charitas
2853 2878 3211 2932 fraternitatis
3237 2886 3451 2931 maneat
3487 2876 3544 2931 in
3584 2876 3766 2940 vobis,

2182 2978 2237 3022 et
2274 2968 2691 3037 hospitalitatem
2719 2968 2883 3024 nolite
2908 2968 3150 3023 oblivisci
3175 2967 3364 3037 (Hebr.
3399 2968 3519 3035 xm)
3547 2984 3562 3034 ;
3606 2986 3627 3020 ι
3668 2982 3769 3036 per

2183 3062 2321 3116 hanc
2351 3062 2494 3116 enim
2527 3061 2847 3130 placuerunt
2869 3062 3088 3131 quidam
3114 3062 3321 3131 angelis
3359 3061 3591 3130 hospitio
3620 3075 3770 3115 rece-

2183 3156 2309 3224 ptis.
2344 3155 2592 3210 Nonnulli
2634 3170 2769 3211 sane
2809 3156 2937 3210 dum
2981 3157 3306 3226 pauperibus
3328 3156 3767 3224 Christijanuam

2188 3267 2313 3305 cum
2350 3249 2648 3305 visceribus
2676 3250 2935 3303 claudunt
2961 3291 2974 3313 ,
3012 3249 3225 3304 furandi
3253 3250 3457 3304 crimen
3485 3250 3767 3319 objiciunt,

2188 3352 2242 3394 et
2267 3342 2391 3395 dum
2422 3341 2503 3396 eis
2535 3341 2920 3410 hospitalitatis
2951 3341 3340 3395 humanitatem
3365 3356 3461 3409 per
3485 3341 3769 3394 avaritiam

2188 3434 2531 3499 subtrahunt,
2588 3433 2813 3502 cleptem
2858 3434 3144 3503 suspicari,
3190 3434 3568 3503 jacturamque
3608 3434 3773 3488 rebus

2189 3526 2498 3581 domesticis
2539 3539 2597 3580 se
2642 3524 2929 3579 formidare
2967 3526 3282 3595 confingunt
3328 3543 3340 3577 :
3375 3526 3531 3578 modo
3563 3524 3773 3578 scilicet

2187 3618 2405 3672 obesam
2433 3617 2645 3681 faciem,
2680 3617 2838 3671 modo
2852 3632 2947 3673 ora
2979 3617 3226 3671 rubentia
3252 3618 3650 3670 subsannantes
3675 3629 3773 3683 op-

2188 3716 2416 3778 ponunt,
2441 3716 2495 3761 et
2520 3717 2699 3761 torosa
2722 3708 2965 3771 brachia,
2990 3707 3349 3777 robustosque
3375 3706 3607 3761 lacertos
3630 3706 3775 3775 agri-

2190 3799 2416 3852 Culturu:
2442 3796 2765 3853 fossionibus
2789 3798 3009 3852 idoneos
3029 3798 3385 3851 criminantur
3415 3814 3428 3849 :
3462 3794 3650 3859 Deum,
3679 3796 3773 3865 qui

2192 3888 2389 3942 talibus
2424 3886 2769 3951 solatiautur,
2796 3886 3091 3950 offendere,
3127 3886 3217 3954 qui
3258 3885 3513 3939 nimirum
3551 3893 3776 3953 possent

2191 3986 2247 4031 et
2265 3978 2402 4032 alios
2425 3977 2505 4030 sui
2533 3976 2733 4031 laboris
2758 3976 3018 4031 exercitio
3045 3985 3372 4031 sustentare.
3405 3973 3609 4039 Quibus
3643 3989 3772 4042 pro-

2194 4070 2338 4124 fecto
2365 4070 2516 4124 valde
2546 4069 2940 4124 formidandum
2965 4076 3069 4132 est,
3107 4067 3251 4136 quod
3276 4068 3328 4121 in
3351 4066 3774 4121 Deuteronomio

2194 4176 2288 4229 per
2316 4161 2534 4229 Moysen
2560 4161 2857 4214 Israelitico
2881 4160 3078 4228 pepulo
3100 4159 3302 4215 dictum
3338 4167 3422 4213 est
3449 4176 3463 4213 :
3499 4177 3517 4209 ι
3547 4158 3772 4211 Ammo-

2195 4250 2332 4304 nites
2364 4258 2419 4302 et
2458 4249 2715 4302 Moabites
2740 4249 2903 4302 etiam
2934 4256 3055 4317 post
3077 4248 3339 4302 decimam
3370 4246 3773 4316 generationem

2194 4356 2298 4398 non
2328 4340 2608 4393 intrabunt
2630 4340 2681 4392 in
2701 4338 2997 4394 Ecclesiam
3021 4338 3230 4393 Domini
3261 4339 3312 4391 iu
3343 4348 3624 4401 aeternum,
3648 4336 3773 4404 quia

2194 4432 2478 4486 noluerunt
2510 4431 2662 4484 vobis
2687 4446 2973 4485 occurrere
2998 4446 3118 4485 cum
3157 4445 3297 4498 pane
3334 4438 3390 4484 et
3414 4443 3553 4495 aqua
3586 4427 3638 4480 in
3666 4427 3775 4491 via,

521 4519 647 4571 tatis
681 4520 981 4573 exhibenda
1011 4522 1968 4591 pauperibusimlesineuterinculcat
1996 4543 2008 4577 :
2035 4535 2090 4579 ut
2120 4561 2167 4618 υ
2193 4523 2407 4593 quando
2434 4523 2633 4593 egressi
2657 4523 2790 4576 estis
2810 4520 2876 4575 de
2907 4521 3141 4591 (Egypto
3164 4521 3343 4589 (Deut.
3370 4520 3549 4587 mn).
3587 4538 3604 4569 ι
3640 4517 3775 4571 Nam

515 4608 641 4661 dum
669 4608 829 4663 homo
866 4609 1101 4665 hominis
1133 4611 1439 4675 miseretur,
1469 4612 1579 4666 suis
1608 4613 1769 4666 etiam
1801 4614 2011 4668 meritis
2058 4630 2089 4669 a

515 4700 626 4755 Deo
658 4702 1083 4758 misericordiam
1127 4715 1491 4774 consequatur
1530 4724 1542 4759 :
1582 4712 1636 4758 et
1664 4703 1792 4759 dum
1823 4713 2094 4762 sustentat

512 4796 746 4862 propria:
770 4804 979 4850 natura:
1018 4805 1349 4863 consortem,
1383 4806 1779 4853 sustentantem
1806 4814 1863 4853 se
1889 4799 2093 4856 habere

510 4896 789 4940 mereatur
814 4897 1089 4944 auctorem
1124 4908 1136 4943 :
1175 4899 1229 4945 et
1260 4891 1401 4959 quod
1429 4891 1649 4946 exhibet
1680 4892 1949 4960 proximo,
1980 4892 2095 4961 ipse

520 4991 732 5045 quoque
786 4989 1206 5047 consequatura
1239 4982 1375 5037 Deo.
1449 4980 1603 5036 Sicut
1651 4981 1793 5034 enim
1833 4979 2093 5035 Conditor

520 5067 796 5120 hominum
827 5078 879 5122 et
906 5084 1096 5123 omnes
1116 5070 1316 5139 electos
1337 5072 1403 5124 ad
1430 5087 1656 5141 regnum
1680 5072 1748 5125 ab
1769 5072 1885 5140 ipsa
1909 5074 2093 5127 mundi

518 5157 923 5227 praedestinavit
950 5159 1177 5227 origine,
1226 5170 1280 5213 et
1311 5171 1487 5214 tamen
1526 5176 1619 5214 eos
1664 5176 1762 5228 pro
1790 5161 1959 5229 ipsius
2006 5176 2070 5217 ac

517 5248 808 5315 quisitione
838 5249 983 5319 regni
1019 5249 1272 5317 praecepit
1300 5248 1706 5320 infatigabiliter
1728 5250 2011 5313 desudare,
2038 5260 2098 5305 ut

519 5336 660 5403 quod
686 5338 853 5407 gratis
888 5351 917 5389 a
952 5336 1211 5392 Creatore
1232 5337 1567 5404 conceditur,
1595 5338 1710 5393 suis
1748 5330 1911 5393 homo
1947 5338 2098 5392 labo-

520 5424 670 5477 ribus
698 5438 1047 5495 assequatur;
1078 5427 1149 5481 ita
1170 5440 1391 5482 necesse
1420 5436 1521 5489 est,
1559 5435 1617 5480 ut
1640 5427 1731 5496 qui
1761 5441 1859 5496 per
1886 5426 2095 5481 miseri-

522 5514 759 5567 rordiam
794 5533 823 5570 a
850 5518 939 5586 pio
972 5533 1157 5572 smnus
1185 5526 1404 5571 auctore
1440 5515 1707 5581 salvandi,
1743 5517 1841 5585 ipsi
1879 5532 2095 5587 quoque

523 5603 624 5671 piae
655 5604 1011 5661 humanitatis
1033 5607 1361 5675 impendium
1395 5622 1500 5659 non
1531 5605 1862 5676 negligamus
1916 5604 2098 5659 fratri-

525 5693 623 5746 bus
654 5693 935 5761 impertiri.
965 5696 1117 5751 Unde
1140 5697 1338 5751 Tobias
1358 5696 1423 5750 ad
1447 5695 1612 5749 lilium
1645 5712 1658 5747 :
1690 5715 1707 5746 ι
1742 5696 1819 5750 Ex
1848 5696 2099 5751 substan-

524 5788 619 5851 tia,
656 5787 851 5856 ii.quit,
870 5796 957 5841 tua
987 5786 1071 5843 fac
1091 5788 1510 5859 eleemosynam,
1533 5798 1588 5844 et
1607 5787 1715 5843 noli
1744 5798 1992 5843 avertere
2022 5786 2097 5843 fa-

2195 4615 2239 4667 si
2269 4623 2455 4685 gentes
2482 4614 2586 4669 illa:
2612 4614 2781 4684 legem
2814 4614 2999 4683 utique
3034 4630 3140 4667 non
3170 4612 3451 4674 habentes,
3486 4610 3686 4664 idcirco
3708 4610 3780 4663 ab

2196 4706 2435 4761 Ecclesia
2482 4706 2576 4761 Dei
2626 4706 3055 4760 irrevocabiliter
3102 4705 3480 4767 excluduntur,
3520 4701 3779 4770 quoniam

2198 4796 2434 4851 inimicis
2453 4796 2615 4851 etiam
2632 4797 2743 4850 suis
2758 4811 2853 4866 per
2872 4794 3225 4850 humanitatis
3239 4792 3468 4847 ollicium
3489 4805 3781 4845 occurrere

2200 4887 2584 4957 neglexerunt;
2609 4902 2770 4955 quam
2801 4885 3027 4940 terribili
3056 4884 3323 4939 sententia
3345 4880 3491 4949 digni
3524 4887 3652 4934 sunt
3685 4877 3782 4947 qui

2199 4976 2409 5031 viscera
2440 4991 2537 5030 sua
2571 4976 2640 5031 ab
2675 4975 3042 5046 indigentibus
3068 4974 3330 5045 proximis
3363 4968 3662 5024 claudunt?
3687 4968 3784 5037 qui

2202 5066 2523 5120 charitatem
2555 5064 2814 5119 fratribus
2854 5080 2961 5119 non
3012 5060 3364 5132 impendunt?
3410 5059 3475 5113 lli
3524 5058 3783 5113 nimirum

2136 5189 2140 5193 ε
2201 5165 2325 5210 tam
2354 5169 2419 5211 ex
2451 5155 2779 5211 sacrosancti
2802 5154 3146 5224 baptismatis
3170 5154 3317 5207 fonte
3340 5147 3633 5219 congeniti,
3658 5160 3786 5199 cum

2202 5249 2287 5305 his
2326 5265 2394 5304 ex
2440 5258 2595 5303 utero
2627 5248 2818 5303 matris
2852 5247 3112 5313 Ecclesiae
3140 5253 3265 5301 sunt
3304 5242 3507 5314 egressi
3534 5255 3548 5293 :
3578 5248 3794 5294 etcum

2203 5343 2400 5413 quibus
2422 5341 2685 5397 Dominici
2709 5340 2957 5412 corporis
2977 5348 3032 5395 et
3061 5337 3338 5407 sanguinis
3357 5348 3540 5389 mensa
3564 5333 3797 5400 partici-

2202 5440 2354 5503 pant,
2391 5432 2475 5487 his
2514 5432 2715 5497 cibum,
2762 5431 2853 5501 qui
2890 5432 2945 5485 in
2999 5442 3275 5485 secessum
3318 5423 3648 5497 digerendus
3686 5433 3795 5490 est,

2205 5532 2425 5593 negant.

2282 5614 2348 5667 Et
2368 5630 2475 5684 qua
2500 5614 2828 5670 conscientia
2860 5629 2958 5669 nos
2987 5612 3054 5667 ah
3084 5611 3556 5680 eleernosynarum
3595 5623 3793 5678 eroga-

2209 5702 2353 5755 tione
2397 5711 2695 5771 torpemus,
2737 5704 2827 5772 qui
2872 5702 3121 5756 videlicet
3162 5700 3213 5753 itt
3263 5698 3636 5753 ecclesiistica
3662 5713 3799 5766 pace

2208 5790 2560 5859 quiescimus,
2601 5806 2722 5845 cum
2764 5800 2818 5846 et
2859 5790 3033 5847 sancti
3098 5788 3348 5859 apostoli,
3387 5788 3481 5855 qdi
3534 5787 3801 5841 adversus
