3996 6184
437 399 537 454 217

1538 402 1780 460 OPUSC.
1823 402 1913 457 lx.
1935 435 1998 448 ηρ-
2032 404 2118 462 DE
2155 405 2632 464 ELEEMOSYNA.

3591 410 3700 467 2l8

439 522 610 565 tutum
650 510 908 564 mundum
942 509 1158 566 fuerant
1182 512 1328 568 velut
1358 513 1411 567 in
1449 513 1588 569 bella
1622 517 1931 586 congressi,
1964 515 2019 568 in
2050 522 2094 578 Α
2125 516 2406 584 corripuit,
2436 526 2491 572 et
2520 533 2617 586 per
2639 520 2869 586 plateam
2893 517 2959 572 ad
2983 518 3172 573 matris
3211 515 3462 586 injuriam
3490 528 3689 588 sparsnt

439 600 593 668 hujus
622 601 811 670 gratia:
838 601 1015 656 studio
1040 601 1575 669 leganturexstitissc
1600 603 1852 657 solliciti?
1883 601 2018 656 Nam

436 694 478 745 si
510 691 696 744 liceret
733 691 874 754 aliis,
903 691 978 745 illi
1017 693 1318 762 potuissent
1348 709 1452 747 non
1485 694 1929 748 inconvenienter
1952 693 2019 747 ab

437 783 535 836 hac
556 780 915 836 sollicitudine
942 781 1125 836 feriari
1154 802 1166 836 :
1193 785 1281 852 qui
1310 771 1567 836 nimirum
1590 793 1642 838 et
1666 785 1733 838 ad
1758 799 2019 854 spargen-

436 874 559 926 dum
593 888 746 926 nova:
782 872 904 927 fidei
945 889 1126 928 semen
1165 876 1378 940 intenti,
1412 885 1466 930 et
1512 877 1564 930 in
1610 887 1720 930 tam
1753 877 2019 930 acerrimo

435 975 622 1020 contra
664 966 848 1020 mundi
883 967 1163 1034 perfidiam
1209 967 1525 1023 laborabant
1564 969 1858 1023 certamine
1894 984 2020 1022 con-

435 1057 631 1108 stituti.
667 1056 773 1111 Sed
803 1057 981 1112 millus
1009 1060 1404 1127 persecutionis
1442 1060 1594 1115 labor
1625 1061 1692 1114 ab
1715 1062 2019 1115 exhibenda

433 1143 692 1199 fratribus
721 1147 1058 1201 humanitate
1089 1164 1432 1218 compescere
1452 1191 1465 1212 ,
1506 1151 1650 1204 nulla
1681 1150 2020 1219 [medicatio-

436 1237 515 1288 nis
535 1237 789 1291 instantia
813 1240 983 1307 potuit
1002 1255 1096 1294 eos
1118 1241 1184 1294 ab
1207 1242 1562 1310 impendenda
1581 1243 1908 1312 pauperibus
1924 1243 2020 1294 mi-

432 1326 722 1382 sericordia
750 1329 1023 1384 cohibere.
1058 1330 1210 1386 Unde
1240 1331 1438 1386 Paulus
1479 1333 1545 1386 ad
1583 1333 1804 1387 Galatas
1830 1348 1843 1384 :
1873 1353 1890 1383 ι
1919 1332 2024 1386 Pe-

432 1427 570 1481 trus,
606 1419 802 1488 inquit,
832 1431 887 1476 et
913 1420 1166 1487 Iacobus,
1201 1432 1254 1477 et
1283 1423 1538 1489 Joannes,
1573 1425 1663 1493 qui
1698 1423 2019 1477 videbantur

430 1511 692 1566 columna:
739 1529 880 1580 esse,
925 1515 1146 1570 dextras
1187 1515 1452 1572 dederunt
1482 1517 1650 1580 mihi,
1677 1526 1733 1570 et
1757 1514 2020 1570 Barnabae

430 1600 707 1656 societatis
727 1641 744 1666 ,
767 1613 826 1655 ut
853 1618 950 1657 nos
979 1603 1474 1674 evangelizaremus
1504 1604 1556 1658 in
1582 1605 1832 1674 gentibus
1865 1621 1876 1657 :
1916 1603 2017 1676 ipsi

405 1677 613 1749 autem
642 1691 694 1744 in
719 1691 1154 1758 circumcisione,
1180 1703 1390 1748 tantum
1425 1704 1480 1748 ut
1500 1709 1722 1764 Operum
1748 1709 2018 1749 memores

428 1793 712 1834 essemus:
751 1783 894 1864 quod
943 1784 1105 1840 etiam
1153 1783 1416 1839 sollicitus
1457 1783 1534 1840 fui
1583 1785 1685 1839 hoc
1725 1784 1898 1853 ipsum
1939 1782 2019 1837 fa-

2120 606 2303 662 dicens
2337 623 2349 658 :
2383 607 2510 660 illud
2554 624 2660 661 non
2708 608 2903 662 debere
2943 609 3150 662 comedi
3215 624 3435 678 prorsus
3475 625 3505 662 a
3543 607 3702 663 Chri-

2119 701 2318 762 stiano,
2346 701 2485 770 quod
2513 717 2609 770 per
2632 701 2916 754 avaritiam
2945 709 3198 770 negatura
3224 715 3307 754 est
3333 701 3570 756 Christo.
3595 703 3699 756 Sed

2119 790 2276 859 paulo
2306 801 2424 859 post
2451 793 2588 845 diem
2627 807 2740 852 vas.
2771 791 2912 860 Quod
2944 800 3256 860 reposuerat
3284 807 3534 854 vacuum,
3593 809 3696 846 non

2119 883 2234 937 sine
2265 893 2480 953 stupore
2506 884 2767 948 miraculi,
2800 885 2911 939 sale
2942 875 3212 953 repertum
3245 891 3327 938 est
3358 884 3591 952 plenum.

2191 975 2514 1029 Maiufredus
2551 992 2764 1046 quoque
2815 977 3077 1040 marcbio,
3110 977 3201 1044 qui
3233 977 3284 1028 in
3313 977 3516 1032 ultimis
3544 976 3702 1047 Ligu-

2121 1069 2214 1122 riae
2242 1071 2572 1138 principatus
2599 1079 2682 1123 est
2719 1069 2934 1131 finibus,
2960 1068 3358 1122 ferventissimo
3379 1083 3502 1122 cum
3534 1084 3703 1122 uxore

2121 1177 2214 1216 sua
2263 1163 2442 1216 studio
2504 1163 2555 1214 in
2606 1162 3001 1216 sustentatione
3038 1176 3334 1230 pauperum
3366 1160 3560 1214 claruit
3590 1178 3603 1212 :
3637 1159 3704 1213 de

2121 1267 2226 1319 quo
2258 1252 2508 1304 nimirum
2542 1253 2558 1320 (
2590 1261 2648 1304 ut
2674 1263 2866 1305 cetera
2896 1251 3126 1310 taceam)
3156 1250 3282 1304 illud
3315 1266 3481 1304 unum
3505 1249 3702 1304 celebri

2120 1337 2251 1392 snlel
2288 1337 2525 1391 redolere
2559 1337 2816 1390 memoria
2857 1353 2869 1388 :
2917 1352 3170 1405 quoniam
3199 1339 3250 1389 in
3277 1336 3390 1404 ipso
3419 1351 3704 1390 sacrosan-

2121 1441 2222 1484 cta:
2253 1429 2685 1483 Resnrrcctionis
2735 1429 2822 1482 die
2865 1444 2987 1482 cum
3039 1429 3230 1481 domus
3277 1426 3394 1495 ejus
3429 1427 3613 1482 aulazis
3641 1444 3705 1483 ac

2119 1519 2377 1576 blathinis
2402 1521 2683 1575 ornatibus
2707 1529 2963 1587 tanquam
2982 1519 3157 1588 regale
3180 1518 3438 1588 palatium
3462 1519 3705 1587 resplen-

2121 1613 2272 1666 deret
2298 1651 2313 1675 ,
2345 1611 2546 1678 eopiosi
2574 1618 2818 1678 sumptus
2849 1607 3125 1660 alilucrent
3145 1647 3161 1670 ,
3192 1621 3424 1675 eumque
3453 1622 3557 1661 non
3589 1622 3704 1661 mo-

2119 1691 2240 1755 dica
2265 1700 2673 1755 candidatorum
2721 1699 2876 1752 turba
2915 1697 3192 1752 clientium
3237 1697 3594 1766 eonstiparet,
3623 1698 3705 1750 in-

2120 1792 2259 1847 strui
2305 1791 2588 1861 magnifice
2627 1790 2930 1845 convivium
2981 1789 3134 1854 fecit,
3188 1798 3242 1843 et
3293 1789 3558 1844 ordinatis
3608 1803 3706 1859 per

427 1887 549 1926 cere
585 1869 786 1942 (Galat.
812 1875 894 1945 ιι).
929 1894 948 1928 ι
985 1876 1067 1931 Ad
1103 1875 1410 1932 Corinthios
1439 1891 1652 1946 quinque
1680 1876 1847 1931 dicit:
1876 1894 1894 1927 ι
1929 1876 2006 1930 De
2038 1871 2081 1928 Β
2107 1896 2301 1936 omnes
2342 1895 2562 1934 mensas
2589 1879 2838 1949 diligenti
2881 1894 3011 1933 cura
3059 1877 3412 1947 pauperibus,
3441 1878 3556 1948 ipse
3581 1893 3704 1932 cum

427 1963 671 2019 collectis
697 1975 900 2032 autem,
946 1983 1066 2037 qua:
1110 1966 1245 2022 fiunt
1270 1969 1324 2022 in
1357 1979 1576 2024 sanctos
1601 1969 1740 2023 sicut
1765 1967 2012 2022 ordinavi

426 2053 683 2115 Ecclesiis
712 2055 956 2124 Galatiae,
974 2058 1048 2112 ita
1071 2066 1127 2114 et
1147 2072 1245 2118 vos
1267 2058 1429 2113 facite
1449 2074 1546 2129 per
1567 2074 1727 2113 unam
1752 2056 2008 2113 Sabbati:

427 2147 793 2217 unusquisque
816 2157 1055 2204 vestrum
1080 2149 1221 2218 apud
1251 2164 1308 2205 se
1330 2159 1515 2219 ponat,
1548 2148 1847 2205 recondens
1869 2147 2013 2218 quod

424 2235 472 2288 ei
493 2236 631 2291 bene
660 2237 942 2307 placuerit,
991 2256 1114 2296 cum
1158 2251 1338 2297 autem
1388 2258 1627 2313 prtesens
1658 2243 1834 2310 fuero,
1879 2258 2015 2313 quos

425 2323 786 2392 probaveritis
819 2344 916 2398 per
943 2329 1219 2399 epistolas.
1241 2332 1341 2386 bos
1382 2334 1591 2388 mittam
1620 2333 1860 2403 perferre
1882 2349 2009 2405 gra-

429 2417 554 2470 tiam
611 2417 770 2472 istam
823 2420 876 2474 in
901 2419 1196 2476 Jerusalem
1239 2422 1291 2494 (1
1343 2422 1466 2478 Cor.
1510 2424 1644 2495 xvi).
1684 2444 1702 2477 ι
1734 2423 2013 2493 Tantaque

424 2503 603 2560 fuerat
631 2523 757 2578 erga
808 2526 1076 2582 pauperes
1121 2514 1173 2567 in
1213 2515 1470 2584 apostolis
1511 2516 1828 2580 liberalitas,
1867 2527 1926 2570 ut
1957 2517 2012 2570 in

428 2609 611 2652 eorum
639 2597 866 2654 Actibus
887 2601 1095 2671 legatur
1124 2623 1137 2656 :
1167 2623 1186 2654 ‹
1215 2605 1314 2671 Qui
1345 2605 1663 2676 frangebant
1687 2607 1849 2678 206
1868 2607 2012 2662 circa

428 2685 611 2742 domos
631 2704 819 2757 panes,
844 2701 899 2745 et
918 2695 1200 2749 sumebant
1228 2697 1407 2750 cibum
1432 2712 1552 2750 cunt
1576 2697 1934 2752 exsultatione
1958 2707 2014 2754 et

427 2777 771 2847 simplicitate
792 2783 973 2837 cordis
996 2785 1370 2840 collaudantcs
1401 2787 1688 2842 Dominum
1718 2788 1854 2857 (Act.
1891 2788 2006 2858 11).»

427 2865 579 2922 Circa
612 2868 821 2936 domos,
860 2872 1055 2943 inquit,
1086 2891 1190 2930 non
1221 2877 1361 2931 intra
1385 2878 1606 2942 domos;
1639 2893 1868 2946 quorum
1903 2879 2010 2932 sci-

425 2955 554 3012 licet
578 2962 802 3030 vestigia
845 2979 948 3017 non
980 2975 1310 3035 sequuntur,
1351 2968 1442 3036 qui
1491 2968 1741 3037 pransuri
1771 2969 2011 3036 pessulos

427 3065 492 3104 ac
535 3054 786 3123 repagula
838 3054 1043 3112 foribus
1079 3057 1277 3114 clausis
1310 3057 1594 3127 objiciunt,
1646 3069 1829 3115 vectes
1874 3060 2012 3115 seris

428 3139 709 3198 innectunt
741 3164 754 3199 :
786 3146 970 3214 sicque
1012 3164 1070 3202 se
1102 3159 1286 3202 contra
1318 3166 1584 3220 pauperes
1615 3159 1870 3220 tanquam
1910 3153 2008 3207 ad-

2113 1973 2230 2027 suis
2262 1972 2435 2027 servis
2475 1971 2686 2044 dapifer
2715 1971 3045 2026 ministravit
3079 1987 3092 2023 :
3131 1970 3328 2039 quibus
3376 1967 3703 2024 sufﬁcienter

2114 2065 2366 2135 impletis,
2403 2065 2516 2134 ipse
2539 2079 2662 2119 cum
2683 2064 2798 2120 suis
2823 2062 2964 2132 quod
2992 2062 3172 2117 cibum
3199 2061 3473 2116 residuum
3506 2059 3701 2125 fuerat,

2112 2155 2264 2223 quasi
2289 2154 2532 2224 privatus
2559 2154 2804 2223 accepit:
2837 2163 2896 2208 ut
2929 2151 3209 2208 Paschalis
3252 2151 3341 2206 illa
3389 2150 3704 2206 solemnitas

2114 2245 2166 2299 in
2196 2244 2524 2314 pauperibus
2552 2244 2899 2306 enitesceret,
2957 2241 3407 2312 patremfamilias
3452 2257 3582 2296 vero
3609 2240 3704 2296 do-

2115 2349 2234 2387 mus
2277 2333 2484 2402 privata
2528 2331 2752 2387 refectio
2779 2339 3128 2398 sustentaret.
3167 2331 3246 2386 De
3271 2345 3380 2400 quo
3417 2330 3582 2385 etiam
3615 2331 3704 2383 vir

2114 2425 2232 2490 Dei,
2294 2425 2552 2479 Dominus
2611 2439 2762 2478 meus
2799 2421 2908 2478 Leo
2956 2422 3278 2482 venerabilis
3320 2423 3577 2488 eremita,
3609 2421 3700 2492 qui

2113 2531 2210 2584 per
2259 2515 2570 2570 continuum
2623 2513 2738 2584 jam
2794 2512 2909 2568 fere
2964 2512 3270 2567 vieennimn
3304 2512 3357 2566 in
3394 2511 3582 2566 cellula
3613 2527 3700 2565 re-

2113 2605 2296 2660 clusus
2336 2605 2560 2669 audivit,
2611 2604 2714 2659 hoc
2761 2603 2972 2674 insigne
3001 2602 3274 2672 perhibuit
3305 2618 3318 2655 :
3344 2602 3468 2670 quia
3495 2616 3616 2655 cum
3645 2602 3700 2655 in

2116 2697 2323 2766 prmfati
2355 2695 2690 2751 marchionis
2733 2710 2919 2749 eremo
2955 2694 3068 2764 ipse
3093 2694 3254 2766 207
3278 2709 3400 2748 cum
3429 2693 3702 2749 nonnullis

2113 2788 2371 2842 fratribus
2395 2787 2686 2850 habitaret,
2711 2786 2852 2840 hanc
2869 2784 3086 2838 sibimet
3118 2783 3289 2852 legem
3312 2799 3449 2838 tuor
3478 2781 3593 2850 ejus
3619 2784 3704 2838 in-

2115 2877 2346 2942 dixerat,
2383 2884 2440 2929 ut
2489 2875 2848 2944 quodcunque
2896 2871 2998 2927 sibi
3030 2873 3398 2927 necessarium
3449 2872 3702 2926 eremita—

2117 2984 2237 3022 rum
2287 2967 2509 3022 nuntius
2537 2974 2766 3036 peteret,
2800 2965 2912 3035 ipsa
2958 2963 3203 3033 protinus
3225 2974 3382 3017 aucto
3404 2962 3588 3016 fenore
3610 2977 3701 3033 ge-

2116 3059 2347 3113 minaret
2382 3057 2674 3111 :videlicet
2709 3071 2832 3110 cum
2880 3055 2980 3108 iste
3027 3053 3265 3122 quinque
3306 3052 3553 3107 fortassis
3587 3054 3701 3107 exi-

2113 3159 2266 3217 geret
2294 3149 2514 3213 solidos,
2563 3147 2654 3202 illa
2684 3147 2870 3201 decem
2911 3145 3144 3199 traderet
3179 3163 3191 3197 :
3222 3160 3342 3198 cum
3368 3144 3468 3198 iste
3491 3144 3694 3208 decem,

425 3243 616 3286 versus
644 3233 998 3291 circumfusas
1031 3237 1265 3296 hostium
1299 3239 1441 3295 acies
1478 3241 1532 3294 in
1571 3241 1850 3298 obsidione
1883 3259 2015 3312 pran-
2042 3225 2086 3287 Ο
2120 3241 2207 3295 illa
2232 3242 2416 3311 viginti
2441 3240 2698 3293 continuo
2725 3247 3054 3292 muneraret.
3086 3237 3190 3290 Sed
3213 3238 3468 3305 quoniam
3498 3235 3696 3290 oblitus

427 3323 700 3378 muniunt.

1048 3419 1278 3475 CAPUT
1320 3422 1385 3476 γ.

497 3500 648 3567 Quod
683 3516 956 3573 parentum
990 3506 1324 3578 cleemosyuis
1353 3510 1583 3578 filiorum
1623 3527 1701 3566 res
1732 3522 1934 3566 crearit.

495 3589 766 3648 Gerardus
815 3606 961 3650 certe
997 3597 1062 3653 de
1107 3597 1392 3664 Farvaldo,
1441 3615 1506 3654 ex
1553 3600 1825 3656 Ravenna:
1857 3603 2008 3658 urbis

422 3682 754 3750 primoribus
801 3685 922 3751 fuit,
953 3703 1111 3756 quem
1140 3693 1438 3760 grandmvm
1477 3691 1590 3759 jam
1624 3703 1680 3748 et
1724 3695 2008 3763 persenilis

419 3775 598 3829 artatis
640 3776 768 3829 olim
801 3779 1058 3846 puerulus
1106 3781 1212 3834 vidi
1240 3799 1252 3834 :
1284 3781 1350 3835 de
1381 3798 1489 3851 quo
1517 3784 1770 3838 nimirum
1817 3785 2005 3840 referri

421 3862 735 3933 frequenter
762 3867 939 3922 audivi
979 3887 992 3921 :
1023 3870 1148 3938 quia
1175 3887 1295 3927 cum
1323 3873 1610 3941 aliquando
1637 3874 1866 3944 populus
1892 3876 2008 3928 ino-

421 3955 505 4023 pia
549 3955 839 4023 laboraret,
873 3959 1008 4014 adeo
1035 3970 1092 4015 ut
1125 3962 1410 4018 nonnullos
1433 3965 1597 4018 etiam
1630 3965 1806 4019 valida
1834 3965 2006 4021 fames

420 4043 810 4120 exstingueret,
842 4050 931 4104 ille
965 4066 1084 4106 cum
1109 4068 1424 4110 successura
1457 4056 1558 4110 sibi
1593 4067 1843 4127 nepotum
1867 4074 2004 4128 quo-

417 4155 523 4208 que
548 4139 658 4207 jam
683 4142 898 4198 soboles
925 4159 1028 4198 non
1057 4145 1268 4201 deesset
1291 4189 1305 4213 ,
1343 4148 1538 4203 accisis
1572 4147 1812 4220 frugibus
1838 4151 2000 4204 etiam

417 4231 618 4297 prmdia
665 4233 926 4288 nonnulla
970 4235 1246 4303 distraxit,
1276 4245 1329 4292 et
1359 4238 1612 4293 alimenta
1646 4256 1767 4310 quae
1806 4241 1998 4310 potuit,

417 4322 781 4391 indigentibus
826 4327 1073 4394 erogavit
1107 4342 1121 4380 :
1157 4327 1270 4398 ipse
1297 4344 1510 4398 quoque
1540 4341 1663 4386 tunc
1693 4332 2000 4400 patentibus

418 4413 626 4469 furibus
653 4431 949 4486 pauperum
976 4418 1201 4474 vallatus
1236 4422 1448 4487 agmine
1471 4423 1807 4487 comedebat,
1838 4424 1998 4478 cibis-

416 4521 522 4573 que
544 4509 876 4578 consumptis
907 4510 1081 4565 adhuc
1105 4511 1372 4576 esuriens,
1407 4527 1528 4565 cum
1553 4513 1634 4567 vel
1661 4513 1785 4578 sibi,
1815 4513 1897 4568 vel
1927 4513 1994 4567 il-

417 4597 486 4652 lis
514 4599 639 4666 quid
674 4601 894 4656 adderet
953 4618 1057 4657 non
1099 4603 1343 4667 haberet,
1386 4620 1572 4660 eorum
1622 4607 1996 4674 compassione

419 4687 725 4758 lacrymans
775 4689 940 4747 ﬂebat
998 4708 1014 4746 :
1061 4694 1215 4762 cujus
1267 4696 1530 4764 hodieque
1582 4697 1865 4766 progenies
1910 4697 1997 4750 di-

419 4777 564 4831 vitiis
597 4776 773 4844 ﬂoret,
821 4792 878 4835 et
921 4782 1095 4850 plura,
1132 4800 1294 4853 quam
1337 4787 1476 4840 avita
1509 4785 1709 4841 fuerint
1739 4788 1998 4855 patrimo-

416 4865 528 4929 nia,
554 4869 812 4934 possidet.

491 4956 827 5016 Waldericus
855 4973 1140 5033 prteterea,
1167 4968 1257 5037 qui
1285 4967 1410 5023 dum
1439 4969 1697 5027 adversus
1710 4971 1998 5027 haereticos

414 5046 720 5114 dimicaret,
742 5052 968 5123 insignis
987 5055 1212 5113 effectus
1230 5069 1316 5114 est
1335 5070 1562 5132 martyr,
1593 5062 1735 5117 sicut
1753 5064 1996 5120 Andreas

415 5140 739 5226 venerabilis
769 5143 1072 5212 Spoletana:
1109 5146 1364 5206 Ecclesiae
1404 5151 1562 5208 nobis
1585 5153 1873 5226 episeOpus
1912 5170 2001 5212 re-

416 5224 562 5290 tulit,
586 5226 722 5314 dum
757 5231 1045 5300 aliquando
1071 5235 1289 5292 domum
1319 5241 1508 5295 matris
1549 5224 1824 5308 inviseret,
1869 5261 2004 5314 pau-

415 5313 692 5379 per-culum
723 5322 1008 5386 quemdam
1033 5337 1146 5391 pra:
1179 5323 1386 5381 foribus
1417 5329 1635 5397 reperit,
1665 5331 1756 5400 qui
1780 5347 1838 5386 se
1870 5313 2000 5386 con-

412 5403 747 5471 querebatur
775 5410 1065 5468 herbarum
1097 5414 1412 5472 fasciculum
1439 5419 1740 5491 collegisse,
1774 5423 1868 5477 sed
1890 5423 1993 5489 sal,

413 5495 558 5549 unde
599 5497 934 5566 pulmentum
968 5505 1096 5561 illud
1125 5511 1392 5576 condiret,
1429 5513 1498 5567 ab
1523 5517 1712 5568 eadem
1747 5525 1992 5572 matrona

413 5586 697 5656 percipere
735 5592 1045 5650 nullatenus
1075 5599 1332 5668 potuisse.
1373 5601 1620 5672 Cumque
1645 5605 1731 5658 vir
1771 5616 1994 5663 sanctus

414 5685 719 5731 maternum
739 5681 1014 5751 ingressus
1034 5686 1348 5755 hospitium,
1375 5690 1766 5759 aliquantulum
1788 5694 1914 5748 salis
1939 5695 1990 5748 in

419 5768 639 5823 vasculo
664 5775 973 5840 reperisset,
1005 5778 1351 5836 vehementer
1380 5781 1568 5848 iratus,
1605 5800 1698 5839 vas
1730 5801 1852 5840 cum
1880 5786 1992 5840 sale

2114 3348 2260 3398 sum,
2290 3333 2475 3386 dubito
2503 3341 2673 3395 certe,
2705 3345 2772 3383 an
2805 3331 2907 3384 hoc
2935 3329 3130 3397 ipsum,
3157 3337 3209 3381 et
3241 3329 3366 3382 alibi
3395 3327 3534 3382 forte
3560 3343 3694 3382 con-

2113 3422 2443 3492 scripserim.
2479 3420 2864 3475 Verumtamen
2890 3420 3032 3489 quod
3058 3419 3428 3474 anlificationis
3453 3428 3558 3484 est,
3585 3434 3694 3473 me-

2111 3513 2215 3568 lius
2235 3523 2316 3567 est
2339 3511 2691 3566 relationibus
2719 3510 2925 3576 iterari;
2947 3526 3109 3580 quam
3139 3526 3235 3580 per
3259 3510 3528 3564 silentium
3555 3508 3692 3564 obli-

2111 3605 2268 3658 vione
2293 3603 2480 3658 deleri.
2514 3603 2646 3658 Cum
2684 3602 2865 3672 itaque
2912 3611 3020 3654 tam
3062 3600 3244 3671 largus
3285 3601 3351 3654 ad
3391 3601 3694 3670 erogandas

2111 3697 2476 3766 indigentibus
2506 3697 2674 3764 stipes
2699 3695 2992 3758 exstiterit,
3016 3709 3138 3748 cum
3166 3707 3282 3758 sex,
3317 3694 3431 3748 sive
3463 3702 3692 3760 septem,

2109 3790 2150 3844 si
2183 3789 2282 3844 rite
2307 3798 2486 3853 teneo,
2515 3804 2620 3842 non
2650 3787 2870 3841 minima
2897 3785 3224 3839 monasteria
3254 3786 3305 3838 in
3335 3785 3534 3854 proprii
3553 3781 3693 3850 juris

2107 3878 2445 3948 possessione
2473 3875 2795 3937 condiderit.
2826 3874 3042 3944 praediis
3083 3883 3136 3928 et
3189 3873 3526 3929 ornamentis
3568 3887 3689 3925 nm-

2107 3969 2262 4025 nilica
2310 3966 2637 4022 liberalitate
2673 3963 2946 4030 ditaverit,
2976 3964 3214 4032 nunquid
3265 3960 3547 4033 propterea
3587 3963 3688 4018 sibi

2103 4059 2390 4130 progenies
2425 4072 2593 4128 egena
2634 4055 2980 4111 succeditur?
3021 4054 3197 4108 Absit.
3248 4055 3505 4109 Videmus
3543 4054 3686 4109 enim

2103 4161 2326 4218 nepotes
2366 4147 2482 4217 ejus
2523 4146 2781 4200 miranda:
2815 4144 3024 4199 scilicet
3057 4144 3249 4199 indolis
3286 4159 3480 4213 pueros
3518 4145 3688 4199 maxi-

2105 4255 2245 4293 mam
2301 4247 2511 4308 partem
2565 4237 2729 4293 etiam
2781 4235 2933 4306 regni
2987 4234 3312 4305 Burgundize
3363 4235 3684 4304 possidere:

2101 4345 2330 4398 quorum
2377 4329 2596 4398 insuper
2651 4342 2806 4384 soror
2858 4326 3172 4396 imperatori
3219 4334 3403 4380 nostro
3451 4325 3689 4394 sponsali

2098 4421 2442 4489 cognoscitur
2465 4418 2587 4488 jure
2612 4419 2816 4472 dotata.
2847 4417 2956 4474 Cur
2989 4432 3117 4487 ergo
3145 4417 3395 4471 timemus
3429 4416 3535 4470 Deo
3565 4417 3687 4471 red-

2102 4515 2292 4569 hibere
2326 4514 2470 4583 quod
2500 4511 2763 4576 contulit,
2791 4512 2934 4581 quod
2960 4521 3012 4566 et
3044 4511 3098 4565 in
3124 4511 3226 4566 hac
3252 4512 3364 4566 vita
3393 4510 3571 4576 nobis,
3601 4511 3686 4566 vel

2033 4575 2080 4634 θ
2105 4605 2303 4660 nostris
2331 4575 2637 4659 fueredibus
2661 4575 2986 4666 restituitur,
3011 4601 3140 4656 etin
3161 4601 3252 4655 illa
3276 4600 3514 4657 ccelestis
3537 4575 3685 4670 regni

2099 4695 2269 4764 gloria
2333 4695 2433 4749 sub
2496 4693 2684 4748 fenore
2729 4691 3094 4760 multiplicata:
3155 4689 3532 4749 retributionis
3590 4707 3687 4747 au-

2097 4793 2252 4854 getur
2271 4785 2295 4838 ?

2713 4871 2944 4930 CAPUT
2981 4870 3068 4928 Vl.

2101 4967 2256 5035 Quod
2283 4967 2534 5026 bonorum
2562 4968 2927 5093 temporalium
2953 4967 3218 5040 «ﬂuentia
3254 4984 3321 5024 ea:
3358 4965 3684 5039 elemosyna

2779 5056 2892 5093 orm
2920 5055 3002 5093 ur.

2779 5055 2912 5094 οηαι
2920 5055 3002 5094 ω’.

2170 5145 2284 5203 Hoc
2311 5146 2474 5202 etiam
2499 5161 2658 5203 nosse
2687 5162 2865 5218 Opem
2901 5131 3136 5220 pretium
3166 5149 3384 5218 deputo.
3418 5149 3561 5217 quod
3585 5147 3683 5204 Be-

2100 5239 2292 5294 rardus
2343 5239 2607 5303 marchio,
2659 5241 2750 5310 qui
2792 5240 2966 5297 horno
3009 5241 3298 5299 defunctus
3345 5249 3450 5305 est,
3485 5241 3682 5302 sanius

2100 5328 2407 5385 referebat:
2445 5329 2627 5386 aiebat
2649 5331 2815 5394 enim,
2860 5331 2986 5400 quia
3031 5333 3118 5387 vir
3151 5329 3372 5399 quidam
3403 5329 3457 5384 in
3487 5328 3682 5386 Teuto-
3751 5403 3756 5408 _

2100 5434 2229 5474 num
2271 5419 2489 5484 finibus,
2541 5421 2682 5477 unde
2733 5421 2980 5477 videlicet
3010 5422 3125 5491 ipse
3159 5435 3374 5490 quoque
3416 5421 3679 5477 oriundus
3750 5420 3759 5469 ’ἶ

2099 5512 2416 5576 exstiterat,
2446 5513 2706 5580 optimum
2754 5512 2955 5582 proprii
2976 5511 3115 5581 juris
3150 5512 3412 5581 praedium
3439 5513 3679 5568 diverso-

2099 5616 2330 5671 rumque
2371 5612 2729 5671 proventuum
2791 5602 2963 5672 copiis
3009 5602 3291 5659 afﬂuenter
3342 5605 3676 5660 uberrimum

2101 5691 2441 5759 possidebat;
2478 5693 2712 5747 habebat
2747 5701 2928 5748 autem
2972 5694 3254 5750 duodecim
3292 5694 3432 5752 ﬁlios
3465 5714 3480 5749 :
3514 5695 3676 5764 cepit

2102 5782 2310 5838 interea
2353 5785 2611 5853 COgitare,
2666 5786 2795 5854 quid
2841 5796 2962 5856 post
3013 5789 3129 5859 ejus
3173 5789 3379 5846 obitum
3424 5788 3596 5853 fieret,
3627 5789 3674 5845 si
