3996 6184
237 477 342 533 219

702 475 762 532 S.
784 463 990 530 PETRI
1023 473 1307 530 DAMIANI
1340 469 1490 529 OPP.
1530 465 1769 524 TOMUS
1810 463 1943 520 SEU
1985 461 2163 517 PARS
2201 461 2372 519 lll.—
2399 457 2764 518 OPUSCULA
2800 450 3032 510 VARIA.

3390 449 3497 502 220

239 592 400 645 unius
433 589 792 659 possessionis
839 591 1202 643 haereditatem
1250 595 1390 640 mter
1424 593 1500 639 tot
1552 583 1814 638 divideret
1844 584 1891 642 Α
1921 594 2016 641 ne,
2047 579 2146 632 feci
2181 567 2321 646 quod
2353 575 2684 644 praecepisti;
2726 570 2958 639 adimplc
2987 565 3129 637 quod
3177 566 3497 636 promisisti.

241 679 570 734 cohaeredes.
605 678 823 731 Dicebat
870 677 1013 729 enim
1059 694 1070 728 :
1109 677 1217 746 Ego
1243 675 1492 744 quidem,
1531 673 1619 741 qui
1650 680 1816 726 totum

243 770 346 822 hoc
375 767 521 821 solus
550 767 744 829 habeo,
792 764 1118 818 suliicienter
1165 774 1218 818 et
1261 763 1484 832 pacilice
1522 763 1676 823 vivo;
1727 761 1818 813 sed

243 861 330 914 ubi
365 869 440 912 tot
466 859 725 912 divisores
753 858 1094 919 emerserint,
1126 857 1247 926 quis
1274 871 1460 910 eorum
1485 852 1820 909 simultates?

243 949 363 1015 quis
391 947 620 1000 orientia
646 946 920 1000 interillos
952 947 1136 999 livoris
1163 955 1212 999 et
1243 943 1347 999 odii
1374 943 1550 1013 jurgia
1581 944 1819 996 sustine-

245 1038 358 1092 bit?
397 1036 509 1090 Non
543 1038 685 1090 enim
742 1036 850 1090 illic
893 1052 1012 1090 esse
1057 1037 1254 1105 poterit
1301 1036 1479 1088 unitas
1511 1034 1818 1096 voluntatis,

245 1127 331 1180 ubi
366 1135 473 1178 tam
499 1124 790 1178 multifaria
818 1125 977 1179 fuerit
1008 1126 1292 1179 diversitas
1321 1123 1608 1178 facultatis.
1635 1122 1822 1176 Coloni

248 1228 533 1286 praeterea,
554 1218 642 1286 qui
677 1231 817 1271 utine
840 1217 928 1268 nni
962 1230 1152 1285 parcre
1180 1216 1396 1269 domino
1419 1223 1542 1267 sunt
1561 1213 1820 1275 contenti,

244 1325 348 1362 non
381 1309 497 1362 sine
539 1309 686 1376 gravi
728 1323 836 1361 sua:
879 1307 1076 1375 quietis
1120 1305 1312 1373 injuria
1354 1315 1431 1358 tot
1482 1304 1821 1358 dominorum

245 1399 438 1467 populo
467 1407 590 1450 sunt
621 1397 950 1465 responsuri.
980 1396 1098 1449 Tibi
1128 1411 1276 1465 ergo,
1299 1396 1437 1449 Deus
1459 1396 1820 1463 omnipotens,

244 1486 499 1555 quidquid
550 1494 653 1548 est,
691 1485 792 1538 mei
839 1485 978 1552 juris
1029 1485 1282 1538 allodium
1323 1485 1492 1547 trado,
1552 1493 1603 1538 te
1651 1483 1823 1537 solum

251 1578 514 1631 lia-retlcm
545 1593 674 1630 mere
712 1568 1069 1646 possessionis
1098 1578 1265 1645 eligo;
1306 1577 1441 1630 ﬁlios
1470 1586 1644 1630 autent
1679 1589 1827 1628 meos

248 1667 340 1718 tibi
376 1667 725 1729 commendo;
757 1666 838 1718 fac
877 1667 954 1719 eis
989 1667 1128 1734 quod
1162 1668 1211 1719 in
1251 1665 1419 1720 oculis
1445 1665 1546 1718 tuis
1583 1664 1828 1732 benepla-

248 1757 412 1809 citum
467 1755 647 1809 fuerit.
690 1756 755 1808 Et
785 1755 888 1809 hoc
923 1757 1065 1810 dicto
1108 1767 1365 1826 guantum
1412 1771 1566 1808 suum
1621 1755 1829 1824 sagittae

246 1845 489 1915 protinus
518 1845 774 1915 alligavit,
807 1861 1036 1913 eamque
1065 1856 1288 1900 curvato
1332 1844 1550 1898 fortiter
1576 1858 1725 1906 arcu,
1775 1843 1826 1896 in

1922 670 2190 724 Nimirum
2228 669 2280 722 in
2309 669 2460 721 vinea
2493 665 2819 721 constitutus
2855 658 3169 729 reposcebat
3199 673 3501 722 nummum,

1921 761 2044 828 quia
2075 758 2482 828 patrisfamilias
2507 772 2564 810 se
2595 762 2816 808 noverat
2851 750 3102 819 implesse
3135 756 3497 818 praeceptum;

1922 859 1976 903 et
2004 849 2129 902 licet
2171 848 2452 902 undecima
2495 845 2685 899 fuisset
2726 843 2856 896 liora
2902 840 3226 901 conductus,
3256 837 3504 907 exigebat

1923 942 2163 1009 requiem
2192 949 2314 1009 post
2342 939 2607 1000 laborem,
2635 945 2687 990 et
2710 933 2923 1003 expleto
2955 931 3271 1001 reposcebat
3316 944 3505 999 opera—

1923 1031 2135 1084 ratione
2179 1030 2507 1083 mercedem.
2547 1027 2661 1080 Non
2698 1039 2826 1095 ergo
2856 1023 3161 1078 dubitemus
3203 1035 3345 1074 nunc
3395 1021 3503 1074 Deo

1922 1121 2005 1175 vel
2035 1136 2152 1184 nos,
2186 1121 2265 1174 vel
2310 1131 2490 1173 nostra
2516 1118 2775 1188 praebere,
2811 1125 2869 1169 ut
2911 1132 2972 1169 ea
3013 1115 3352 1183 postmodum
3392 1121 3501 1168 tota

1922 1210 2196 1264 valeamus
2226 1210 2547 1264 auctoritate
2581 1223 2883 1278 reposcere.
2910 1206 2975 1258 Et
3000 1207 3124 1259 dum
3154 1205 3500 1270 comedimus,

1925 1317 2030 1355 non
2081 1301 2466 1370 compellamus
2499 1314 2698 1370 egenos
2727 1299 2944 1367 parcius
2993 1297 3350 1350 ministrando
3389 1305 3506 1348 tan-

1926 1407 2087 1460 quam
2113 1392 2323 1445 sobrios
2363 1391 2614 1461 ligurire,
2649 1391 2774 1444 dum
2807 1389 2906 1459 ipsi
2939 1388 3147 1442 turritze
3175 1387 3346 1440 lancis
3375 1387 3505 1440 edu-

1925 1480 2053 1534 lium
2085 1497 2190 1534 non
2231 1495 2517 1550 gravemur
2545 1480 2828 1533 absumere
2860 1494 2873 1531 :
2908 1493 3008 1533 nec
3038 1478 3140 1540 eis,
3171 1477 3308 1530 sicut
3329 1491 3360 1529 a
3384 1476 3505 1546 qui-

1925 1573 2151 1628 busdam
2186 1573 2262 1636 fit,
2295 1572 2596 1626 cochlearis
2630 1581 2714 1625 est
2742 1569 3040 1624 adhibenda
3073 1581 3359 1632 mensura,
3384 1579 3504 1621 cum

1931 1666 2087 1720 nobis
2118 1664 2261 1727 ollae,
2293 1663 2375 1717 vel
2402 1663 2584 1717 cacabi
2615 1663 2702 1714 vix
2735 1661 3020 1715 sulliciant.

1997 1755 2300 1810 Fulcranus
2339 1767 2534 1822 nempe
2574 1751 2852 1820 cujusdam
2883 1750 3102 1805 Gallicae
3128 1749 3362 1819 regionis
3389 1746 3504 1818 epi-

1930 1862 2125 1916 scopus
2158 1847 2239 1916 (ut
2270 1846 2400 1899 mihi
2437 1845 2767 1899 reverendus
2797 1843 2850 1896 in
2878 1841 3095 1898 Christo
3122 1841 3272 1910 llugo
3293 1839 3509 1895 Clunia-

246 1937 386 1990 vasti
415 1937 555 1991 aeris
584 1939 860 2005 superiora
906 1936 1156 2005 conjeeit.
1191 1935 1294 1991 Sed
1339 1953 1459 1990 mox
1491 1936 1682 2004 sagitta
1711 1935 1827 1989 sine
1858 1941 1902 1998 Β
1930 1937 2108 1994 censis
2137 1937 2300 1990 abbas
2327 1934 2551 2004 retulit),
2580 1935 2703 1987 dum
2725 1948 2753 1986 a
2781 1947 2878 1986 suo
2903 1931 3268 2000 requireretur
3293 1943 3509 1983 oecono—

246 2038 446 2096 guanto
477 2028 527 2080 in
563 2038 762 2082 terram
797 2029 1003 2098 relapsa
1033 2038 1114 2082 cst
1143 2045 1157 2082 :
1189 2038 1246 2081 ut
1277 2028 1510 2081 evidenti
1555 2036 1830 2080 monstra-

251 2128 397 2173 retur
439 2119 659 2185 indicio,
695 2121 818 2188 quia
871 2122 1087 2184 donum,
1123 2121 1262 2188 quod
1292 2120 1412 2174 fidei
1459 2120 1670 2182 obtulit,
1716 2118 1826 2172 cle-

250 2211 448 2264 mentia
477 2212 652 2265 divina
681 2213 932 2281 suscepit.
971 2212 1120 2266 Tunc
1150 2212 1235 2265 ille
1263 2214 1329 2265 de
1367 2211 1449 2265 sui
1477 2211 1716 2264 muneris
1741 2212 1830 2264 ob-

251 2300 449 2354 latione
489 2301 741 2354 ﬁdentior
792 2310 846 2354 et
898 2301 1128 2354 alacrior
1178 2300 1376 2364 factus,
1429 2299 1826 2368 possessionem

251 2407 404 2445 suam
435 2391 645 2445 cuidam
677 2391 932 2445 Ecclesiae
959 2389 1198 2454 tradidit,
1241 2405 1468 2458 eamque
1503 2389 1603 2444 sibi
1635 2403 1827 2458 perpe-

254 2481 480 2548 tuojure
511 2496 605 2549 per
620 2481 993 2555 stipulationes
1016 2496 1080 2534 ac
1107 2490 1220 2533 rata
1251 2479 1503 2555 firmavit.
1525 2478 1676 2532 Brevi
1703 2491 1829 2530 vero

253 2569 496 2637 postlimc
515 2569 603 2621 lilii
620 2569 734 2635 ejus
750 2579 894 2622 tanta
909 2571 1169 2623 bonorum
1188 2568 1513 2622 alIluentium
1533 2568 1828 2622 suntabun-

255 2657 434 2709 dantia
451 2657 681 2724 praediti,
700 2666 777 2710 tot
809 2659 1129 2726 przediorum
1156 2674 1218 2712 ac
1245 2673 1501 2711 censuum
1523 2658 1675 2726 copia
1702 2665 1829 2710 sunt

255 2747 536 2816 magnifice
550 2748 779 2812 dilatali,
797 2759 857 2802 ut
873 2764 1055 2802 eorum
1072 2749 1299 2818 quisque
1312 2764 1573 2802 summam
1593 2756 1830 2816 paterna:

255 2838 420 2907 208
458 2837 728 2893 facultatis
750 2840 1057 2904 excederet,
1087 2839 1270 2907 eisque
1301 2836 1615 2892 circumflua
1646 2836 1829 2890 mundi

256 2931 584 2998 prosperitas
628 2932 679 2984 in
731 2931 983 2984 omnibus
1025 2930 1306 2983 arrideret.
1340 2929 1429 2983 Sic
1466 2929 1543 2983 sic
1566 2927 1656 2996 qui
1680 2928 1828 2982 iuve-

258 3017 500 3071 stituram
533 3019 716 3086 guauti
748 3019 812 3072 de
844 3035 1001 3072 manu
1029 3020 1200 3087 patris
1230 3020 1281 3072 in
1309 3019 1445 3074 etelo
1475 3006 1696 3087 recepit,
1735 3031 1829 3070 su-

259 3121 352 3174 per
379 3106 516 3160 filios
539 3107 652 3175 ejus
676 3108 898 3162 imbrem
925 3124 1034 3163 sua:
1064 3109 1450 3163 benedictionis
1473 3109 1832 3162 cxuberanter

260 3196 483 3251 influxit.
517 3197 668 3264 Quod
697 3199 859 3268 igitur
887 3199 939 3252 iu
969 3209 1110 3253 terra
1143 3201 1252 3253 Deo
1289 3199 1466 3264 datur,
1491 3200 1542 3251 in
1573 3196 1709 3252 cmlo
1742 3211 1830 3250 re-

1931 2043 2018 2082 mo
2046 2027 2172 2097 quid
2206 2026 2305 2080 sibi
2338 2024 2516 2094 parari
2551 2023 2746 2088 vellet,
2777 2022 2992 2076 aiebat:
3025 2021 3182 2074 Juxta
3228 2034 3508 2072 numerum

1930 2117 2391 2178 convesceutium,
2422 2121 2582 2183 prout
2623 2113 2718 2166 tibi
2769 2112 2945 2165 visum
2997 2109 3182 2175 fuerit,
3215 2124 3453 2178 praepara
3491 2124 3505 2159 :

1930 2209 2027 2278 p'ro
2059 2223 2144 2261 me
2167 2222 2294 2260 vero
2325 2205 2439 2259 solo
2484 2217 2708 2274 porcum
2739 2202 3025 2271 optimum,
3056 2201 3307 2269 pinguem
3351 2197 3509 2250 nimis

1930 2309 1984 2354 et
2011 2299 2270 2368 grandem
2309 2293 2678 2364 epipatoribus
2700 2291 2917 2356 exhibe,
2947 2299 3006 2344 ut
3036 2305 3103 2345 ne
3133 2299 3344 2345 tenuem
3385 2288 3506 2358 qui-

1929 2389 2048 2445 dem
2075 2387 2381 2442 lenticulam
2407 2399 2474 2439 ex
2503 2398 2567 2438 eo
2589 2384 2877 2454 quisquam
2916 2381 3112 2436 debeat
3152 2379 3352 2448 absque
3387 2391 3508 2434 mea

1930 2493 2159 2547 persona
2187 2485 2424 2545 gustare.
2453 2471 2805 2530 Discumbem
2828 2473 3010 2540 itaque
3037 2484 3158 2524 cum
3185 2479 3510 2522 convesceu-

1932 2573 2076 2625 tibus
2107 2571 2220 2640 ipse
2247 2570 2593 2640 pauperibus,
2623 2575 2790 2621 totam
2840 2581 2961 2620 cum
2990 2564 3067 2619 eis
3103 2562 3324 2618 omnino
3348 2558 3506 2614 victi-

1931 2676 2070 2716 mam
2110 2659 2496 2723 consumebat,
2528 2670 2628 2711 nec
2657 2656 2906 2725 cuiquam
2936 2665 3130 2723 prauer
3158 2665 3251 2707 eos
3276 2649 3362 2704 vel
3404 2649 3507 2702 mi-

1930 2753 2133 2806 nimam
2157 2751 2338 2806 carnis
2375 2749 2641 2806 otiiculam
2668 2747 2999 2817 porrigebat.

2442 2841 2605 2914 209
2646 2838 2871 2896 CAPUT
2911 2836 3019 2892 vn.

1979 2937 2320 3007 Eleemosyna
2361 2935 2620 3004 defunctis
2658 2933 2888 3004 prodeat,
2928 2928 3250 2984 da'mom'bus
3286 2927 3472 2980 invisa.
3497 2971 3520 2982 -

2000 3027 2143 3081 l'dem
2190 3026 2320 3080 mihi
2371 3034 2592 3079 sanctus
2635 3023 2803 3078 abbas
2849 3021 3040 3076 iterum
3069 3017 3254 3072 retulit
3281 3016 3402 3086 quia
3430 3015 3512 3070 vir

1931 3118 2146 3188 quidam
2177 3117 2300 3170 dum
2325 3115 2584 3170 orationis
2605 3113 2784 3167 studio
2809 3111 3018 3166 diversa
3044 3107 3224 3181 mundi
3257 3106 3369 3160 loca
3393 3119 3512 3175 per-

1932 3214 2206 3270 curreret,
2254 3205 2475 3275 impcgit
2516 3205 2567 3257 in
2613 3216 2887 3264 eremum,
2919 3200 3007 3253 ubi
3050 3207 3268 3253 sanctus
3297 3196 3512 3266 quidam

260 3288 492 3357 cipitur:
523 3298 576 3342 et
604 3290 727 3343 inde
757 3291 1080 3357 sperandum
1117 3299 1198 3345 est
1229 3292 1503 3359 praemium
1546 3303 1652 3357 quo
1698 3303 1832 3356 prze-
1861 3282 1905 3342 C
1938 3295 2106 3349 frater
2136 3295 2188 3348 in
2219 3294 2407 3348 cellula
2440 3293 2754 3346 morabatur
2781 3305 2795 3343 :
2839 3291 2927 3362 qui
2974 3297 3096 3359 post
3139 3288 3318 3357 aliqua
3363 3301 3515 3357 pere-

260 3380 422 3434 cessit
449 3396 641 3435 munus
669 3380 926 3435 oblatum.
954 3382 1086 3435 lliuc
1110 3393 1192 3435 est
1220 3382 1360 3450 quod
1387 3380 1606 3449 angelus
1620 3377 1828 3432 Domini

260 3467 506 3523 Cornelio
535 3470 669 3523 dixit
696 3488 710 3524 :
748 3489 766 3520 ι
797 3471 1081 3524 Orationes
1119 3481 1243 3535 tua),
1271 3479 1324 3524 et
1347 3469 1700 3539 elcemosyme
1727 3477 1832 3520 tute

262 3561 619 3614 ascenderunt
650 3563 701 3615 in
729 3563 1041 3616 memoriam
1066 3564 1116 3616 in
1139 3573 1426 3632 conspectu
1457 3562 1667 3615 Domini
1692 3561 1826 3631 (Act.

266 3649 336 3716 χ).
376 3667 394 3700 ι
429 3648 471 3702 Ο
500 3648 626 3703 felix
661 3650 765 3704 tale
793 3653 1198 3715 counnercium,
1232 3653 1318 3705 ubi
1348 3653 1507 3704 homo
1539 3650 1830 3714 fenerator,

264 3747 317 3790 et
345 3738 483 3792 Deus
513 3740 569 3793 lit
589 3741 930 3809 omnipotens
961 3741 1206 3796 debitor:
1238 3753 1290 3797 et
1323 3744 1550 3797 fidenter
1573 3743 1620 3796 ei
1649 3757 1835 3812 possu-

266 3843 383 3882 mus
406 3831 861 3898 compensationis
892 3841 1088 3885 nostra:
1125 3832 1302 3885 debita
1333 3833 1490 3901 digna
1531 3846 1834 3901 reposcere,

265 3918 308 3970 si
334 3919 533 3973 nostris
561 3934 682 3973 eum
711 3921 1006 3990 satagimus
1038 3923 1348 3976 muneribus
1378 3923 1692 3992 pralvenire.

334 4008 467 4062 Nam
489 4021 542 4064 et
574 4021 814 4081 tempore
837 4013 1079 4083 Gregorii
1107 4030 1255 4083 papa:
1284 4015 1418 4085 (ejus
1447 4015 1679 4069 nominis
1713 4030 1837 4069 sex-

269 4099 392 4168 tus),
425 4101 514 4168 qui
545 4100 836 4156 Gratianus
863 4104 1159 4168 dicebatur,
1185 4105 1362 4160 recolo
1385 4106 1673 4176 contigisse
1697 4105 1839 4175 quod

269 4208 429 4245 uarro
455 4195 614 4261 (sicut
642 4196 785 4249 enim
824 4198 951 4250 mihi
990 4199 1220 4262 Bonizo,
1245 4201 1562 4268 grandaevus
1593 4199 1840 4252 videlicet

270 4283 370 4348 vir,
405 4293 585 4338 rector
623 4287 937 4340 monasterii
981 4289 1152 4341 sancti
1215 4287 1398 4342 Severi
1448 4287 1600 4354 juxta
1651 4288 1838 4341 urbem

270 4382 505 4428 veterem
569 4376 888 4439 constituti,
949 4377 1191 4446 retulit).
1271 4355 1680 4446 Scotigenaruin
1744 4390 1840 4429 rex

270 4461 527 4528 primaevo
579 4472 704 4516 tunc
746 4465 1120 4518 adolescentia:
1159 4464 1288 4518 flore
1330 4467 1662 4534 pubescens,
1715 4465 1837 4534 quia

271 4561 425 4619 pater
448 4552 600 4616 obiit,
627 4553 675 4606 ei
707 4569 828 4608 mox
860 4555 912 4607 iu
946 4556 1141 4623 regalis
1174 4556 1366 4626 fastigii
1393 4554 1516 4622 jura
1547 4556 1835 4621 successit;

271 4641 365 4694 sed
385 4657 505 4695 cum
537 4643 765 4698 sollicite
789 4646 1160 4700 consideraret
1187 4625 1346 4715 quam
1379 4644 1566 4715 fragile
1592 4646 1661 4700 sit
1683 4645 1833 4714 quitl-
1869 4625 1918 4683 Ῑ)

272 4731 396 4797 quid
425 4732 477 4784 in
503 4733 604 4787 hoc
631 4734 824 4788 sarculo
856 4743 1044 4800 tumet,
1073 4751 1233 4804 quam
1283 4735 1440 4790 labile
1462 4735 1605 4804 quod
1650 4751 1839 4804 super-

272 4822 494 4886 eminet,
527 4839 687 4891 quam
723 4825 980 4880 velociter
1006 4826 1384 4898 exstinguibile
1417 4827 1487 4880 sit
1511 4841 1669 4880 omne
1701 4824 1842 4893 quod

273 4915 536 4984 splendet,
563 4931 682 4970 cum
705 4916 1022 4988 conjugatus
1044 4919 1154 4988 jam
1178 4927 1343 4983 esset,
1371 4919 1606 4974 decrevit
1636 4918 1844 4988 regales

273 5007 471 5062 infulas
521 5003 667 5077 regni
713 5009 953 5062 caelestis
1005 5025 1190 5064 amore
1237 5011 1532 5079 deponere;
1588 5023 1844 5064 coronam

275 5099 506 5168 capitio,
537 5113 829 5167 purpuram
853 5099 1058 5166 cuculla
1092 5110 1319 5155 mutare.
1366 5102 1502 5167 Quid
1542 5101 1732 5171 plura?
1772 5100 1845 5154 si-

277 5189 442 5242 mulat
460 5190 722 5244 orationis
744 5189 1000 5253 studium,
1025 5192 1331 5260 aggreditur
1357 5191 1712 5260 expeditionis
1741 5189 1847 5242 llo-

278 5294 446 5332 mauze
484 5282 840 5350 procinctum.
887 5280 1313 5349 Apostolicorum
1369 5281 1549 5349 itaque
1603 5279 1846 5332 liminum

278 5371 560 5424 devotione
601 5371 885 5441 completa,
923 5371 1206 5442 ignorante
1239 5371 1514 5425 clientium
1563 5369 1842 5430 comitatu,

280 5460 653 5514 monachicum
704 5462 944 5516 habitum
998 5461 1228 5515 latenter
1283 5460 1485 5523 induit,
1537 5467 1590 5513 et
1629 5461 1758 5513 sica
1789 5474 1846 5513 se

283 5551 538 5603 mundum
569 5567 690 5605 cum
721 5569 885 5622 regno
915 5553 1050 5607 bene
1081 5553 1429 5620 semetipsum
1465 5550 1672 5604 furatus
1703 5551 1850 5619 abje-

287 5642 354 5694 cit
379 5658 391 5694 :
421 5640 510 5708 qui
539 5655 659 5694 mox
690 5641 945 5712 languore
992 5657 1297 5711 percussus,
1331 5642 1397 5696 ad
1446 5651 1684 5695 extrema
1729 5656 1841 5710 per-

291 5734 450 5797 venit,
477 5742 531 5786 et
557 5749 723 5802 usque
777 5735 843 5787 ad
896 5733 1100 5787 obitum
1149 5735 1250 5788 hoc
1296 5744 1548 5803 tanquam
1576 5733 1851 5787 fiederatte

297 5825 654 5878 muventionis
689 5822 919 5891 elogium
954 5823 1242 5879 inclamare
1269 5839 1374 5879 non
1405 5826 1609 5879 destitit
1637 5840 1650 5878 :
1677 5825 1853 5879 Domi»

1465 5899 1524 5905 ν..-
1556 5898 1667 5906 -ΑΨ
1696 5899 1839 5908 ειη-λι..-

1934 3389 2144 3458 grinum
2177 3386 2442 3442 subtiliter
2469 3385 2773 3454 inquisivit,
2802 3391 2980 3436 utrum
3007 3380 3359 3436 Cluniacense
3396 3391 3511 3430 mo-

1933 3479 2228 3532 nasterium
2261 3487 2460 3531 nosset.
2493 3476 2589 3531 (lui
2633 3475 3021 3542 subsequenter
3049 3479 3105 3526 et
3133 3472 3238 3524 hoc.
3280 3467 3460 3524 intulit
3495 3483 3509 3520 :

1934 3569 2127 3635 Qumso
2156 3576 2225 3632 te,
2266 3568 2456 3635 inquit,
2497 3581 2594 3634 per
2620 3565 2942 3620 charitatem
2979 3561 3096 3625 Dei,
3129 3558 3297 3613 frater
3323 3557 3416 3622 mi,
3456 3564 3516 3609 ut

1936 3663 1981 3717 si
2027 3663 2202 3716 locum
2241 3660 2387 3714 illum
2421 3658 2782 3713 venerabilem
2825 3665 2876 3709 te
2908 3653 3148 3707 fortassis
3173 3652 3323 3705 adire
3347 3648 3516 3704 conti-

1936 3753 2114 3822 gerit,
2165 3750 2445 3804 denunties
2495 3741 2749 3801 fratribus
2798 3753 2854 3800 et
2900 3741 3111 3807 abbati,
3151 3748 3412 3809 quatenus
3450 3736 3516 3789 ab

1936 3845 2398 3913 elccmosynarum
2431 3839 2608 3894 studio
2639 3853 2742 3892 non
2795 3843 3113 3906 tepescant,
3163 3832 3256 3887 sed
3305 3827 3517 3900 pietatis

1933 3934 2218 4005 operibus,
2247 3932 2386 3985 sicut
2415 3929 2609 3984 assueti
2635 3937 2779 3991 sunt,
2824 3921 3189 3996 perseveranti
3219 3917 3518 3975 constantia

1937 4025 2220 4094 vigilanter
2269 4021 2591 4075 inferveant.
2651 4017 2751 4071 Ilie
2797 4017 2939 4070 enim
2999 4014 3241 4084 gehenna
3289 4006 3518 4062 ﬂammis

1939 4114 2323 4184 vaporautibus
2367 4118 2592 4174 mstuat,
2631 4116 2686 4162 et
2728 4108 2853 4160 hinc
2899 4105 3091 4159 animae
3119 4104 3516 4161 danmatorum,

1940 4220 2025 4260 me
2056 4203 2365 4272 frequenter
2394 4201 2664 4266 audiente,
2691 4214 2812 4252 cum
2842 4196 3051 4266 magnis
3085 4192 3392 4263 ejulatibus,
3423 4189 3516 4243 fle-

1943 4305 2198 4363 tuumque
2241 4292 2564 4347 stridoribus
2609 4297 2924 4358 merguntur
2970 4289 3022 4341 in
3071 4294 3332 4339 tartarum
3372 4299 3388 4338 :
3428 4280 3520 4336 sed

1941 4387 2214 4440 orationes
2241 4393 2294 4438 et
2320 4383 2675 4451 eleemosyute
2699 4378 2903 4450 praefati
2934 4375 3244 4431 monasterii
3273 4370 3521 4442 malignis

1941 4475 2216 4546 spiritibus
2239 4474 2481 4526 valenter
2523 4471 2806 4533 obsistunt,
2835 4478 2889 4523 et
2914 4478 3166 4536 tanquam
3195 4466 3426 4534 prmdmn
3455 4477 3517 4517 ex

1943 4579 2128 4618 eorum
2166 4563 2410 4616 manibus
2451 4561 2646 4614 multos
2674 4561 2926 4629 eripiunt.
2976 4558 3300 4625 Peregrinus
3341 4556 3521 4623 itaque

1944 4659 2100 4726 longo
2134 4665 2254 4725 post
2297 4662 2538 4722 tempore
2583 4651 2650 4705 ad
2697 4650 3080 4705 monasterium
3109 4647 3276 4712 venit,
3306 4657 3362 4702 et
3405 4659 3522 4717 quae

1943 4749 2045 4804 sibi
2096 4747 2344 4801 mandata
2393 4745 2626 4808 fuerant,
2665 4740 2922 4795 fratribus
2966 4755 3064 4808 per
3099 4738 3343 4794 ordinem
3388 4752 3522 4792 nun-

1945 4838 2118 4893 tiavit.

2017 4925 2147 4980 Illud
2188 4931 2447 4994 prmterea
2479 4924 2611 4978 satis
2656 4922 3027 4992 indignamur,
3058 4920 3199 4990 quod
3233 4934 3263 4973 a
3295 4919 3519 4988 quibus-

1950 5021 2071 5076 dam
2119 5017 2232 5072 fleri
2279 5032 2384 5071 non
2421 5014 2789 5084 ambigimus:
2847 5021 2904 5066 ut
2952 5013 3052 5082 ipsi
3093 5013 3341 5067 videlicet
3388 5011 3523 5066 inni-

1951 5117 2131 5163 tantur
2156 5107 2380 5162 excelsa:
2403 5121 2601 5160 mensae
2630 5105 2864 5174 fastigio,
2892 5118 3154 5173 pauperes
3180 5117 3310 5157 vero
3343 5103 3432 5173 qui
3459 5102 3524 5156 ab

1949 5199 2029 5253 eis
2059 5198 2296 5261 aluntur,
2345 5197 2486 5249 inter
2527 5210 2716 5249 cauum
2753 5210 2944 5264 greges
2987 5196 3038 5247 in
3072 5195 3214 5248 nudo
3258 5193 3524 5249 resideant

1950 5289 2278 5359 pavimento.
2325 5288 2403 5342 llli
2445 5298 2666 5342 utantur
2696 5289 3004 5342 mantilibus
3033 5303 3128 5341 acu
3162 5287 3407 5340 variante
3436 5285 3524 5338 de-

1950 5379 2130 5448 pictis,
2154 5378 2271 5432 istis
2297 5378 2546 5431 alimenta
2571 5388 2838 5446 ponantur
2861 5380 2911 5432 in
2940 5378 3179 5448 gremiis.
3201 5375 3524 5431 Gotlifredus

1952 5468 2110 5536 plane
2140 5467 2470 5522 clarissimus
2497 5473 2600 5522 dux
2628 5476 2682 5521 et
2722 5468 2963 5522 marcbio
2993 5468 3122 5520 mihi
3160 5465 3434 5535 perhibuit
3473 5464 3524 5517 in

1950 5557 2180 5628 propria:
2206 5558 2441 5628 regionis
2465 5557 2687 5612 historia
2713 5557 3001 5622 contineri,
3029 5557 3279 5627 quoniam
3304 5553 3524 5609 Carolus

1950 5647 2244 5715 imperator
2289 5647 2592 5716 quindecim
2639 5646 2846 5700 vicibus
2888 5661 3009 5701 cum
3057 5661 3184 5716 rege
3230 5643 3524 5701 Saxonum.

1952 5737 2041 5806 qui
2089 5737 2405 5805 gentilitatis
2452 5737 2627 5791 adhuc
2680 5737 3017 5791 detiucbatur
3061 5750 3280 5799 errore,
3331 5733 3524 5787 bellqu

1952 5826 2247 5891 commisit,
2276 5825 2589 5894 quindecies
2617 5825 2876 5895 perdidit;
2917 5825 3087 5879 tribus
3115 5838 3242 5878 vero
3268 5821 3531 5877 consertis
