3996 6184
225 495 330 548 Sil

223 706 438 748 strenuo
467 701 684 762 captum
711 691 884 746 vietor
907 689 1162 744 obtinuit.
1201 687 1508 756 Aliquando
1535 701 1670 740 sane
1695 686 1824 740 dum

223 787 460 842 Carolus
489 786 631 840 idem
659 783 898 846 excelsa,
931 791 993 834 ut
1027 780 1245 844 assolet,
1279 779 1674 834 iuthronizatns
1700 791 1826 831 arce

224 877 618 937 discumberet,
657 887 924 943 pauperes
951 885 1104 936 vero,
1145 884 1280 939 quos
1319 868 1511 930 alebat,
1551 866 1826 921 solotentts

225 966 546 1036 ignobiliter
575 965 906 1026 residerent,
939 976 1030 1015 rex
1059 961 1150 1030 qui
1181 967 1390 1015 remota
1420 958 1604 1027 procul
1631 959 1698 1012 ab
1725 957 1827 1010 im-

227 1068 484 1127 peratore
513 1071 698 1110 mensa
727 1054 1060 1123 prandebat,
1093 1052 1220 1106 talia
1248 1066 1344 1120 per
1373 1051 1618 1104 nuntium
1649 1048 1822 1118 legata

229 1148 426 1199 direxit
457 1163 474 1201 :
507 1145 640 1199 Dum
665 1153 872 1206 vester,
899 1143 1095 1210 inquit,
1122 1140 1372 1196 Christus
1399 1154 1518 1194 sese
1547 1138 1826 1208 perhibent

233 1242 279 1291 in
313 1237 647 1306 pauperibus
677 1236 883 1304 recipi,
915 1249 1022 1304 qua
1065 1233 1242 1288 fronte
1271 1230 1606 1300 persuadetis
1639 1240 1824 1284 nostra

230 1329 326 1380 sibi
361 1327 502 1379 colla
533 1324 809 1388 submitti,
857 1337 1016 1392 quem
1061 1336 1158 1375 vos
1207 1321 1280 1374 ita
1325 1318 1636 1388 despicitis,
1667 1319 1825 1386 eique

231 1418 432 1470 nullam
459 1416 684 1470 ltonoris
717 1414 1074 1470 reverentiam
1095 1411 1411 1466 ‘exltibetis?
1435 1411 1516 1464 Ad
1545 1409 1688 1478 quod
1725 1409 1824 1463 im-

229 1519 452 1575 perator
479 1507 644 1561 corde
691 1513 1048 1574 compunctus
1073 1504 1292 1559 erubuit
1321 1521 1332 1557 :
1367 1513 1422 1557 et
1451 1517 1520 1556 ex
1561 1516 1658 1556 ore
1696 1517 1826 1571 gen-

231 1601 336 1654 tilis
387 1598 624 1652 hominis
668 1595 1030 1664 evangelicum
1064 1595 1280 1664 prodire
1309 1593 1632 1648 sententiam
1661 1591 1827 1646 vehe-

231 1704 444 1744 menter
473 1689 704 1756 expavit.
739 1687 828 1740 Ait
854 1687 996 1740 enim
1048 1686 1350 1740 Dominus:
1388 1703 1406 1734 ι
1437 1683 1590 1751 Quod
1621 1683 1714 1737 uni
1757 1698 1824 1738 ex

231 1781 476 1834 minimis
521 1780 656 1837 meis
692 1777 928 1842 fecistis,
965 1777 1097 1832 mihi
1129 1777 1335 1832 fecistis
1363 1775 1580 1848 (Matth.
1619 1779 1764 1844 xxv).
1799 1793 1818 1828 ι

229 1873 472 1926 laetatus
501 1885 630 1940 ergo
658 1884 754 1924 rex
791 1869 918 1924 dum
950 1885 981 1923 a
1016 1868 1107 1922 tali
1154 1877 1438 1938 correptus
1460 1909 1476 1934 ,
1517 1875 1700 1936 utpote
1731 1866 1824 1936 qui

227 1961 464 2014 necdum
511 1959 633 2012 fidei
667 1959 970 2014 rudimenta
1001 1967 1339 2028 perceperat,
1383 1957 1496 2026 jam
1535 1957 1660 2012 ﬁdei
1707 1956 1825 2012 fru-
1858 1972 1898 2030 Β

227 2061 380 2106 ctum
399 2089 414 2112 ,
449 2047 836 2103 misericordia:
865 2049 1073 2102 scilicet
1105 2063 1268 2118 opera
1297 2049 1643 2118 prmdicabat.

297 2144 436 2197 Illud
469 2152 730 2212 praeterea
762 2155 1106 2211 summopere
1131 2142 1424 2198 notandum
1449 2151 1552 2206 est,
1581 2143 1706 2212 quia
1734 2158 1830 2212 pe-

229 2237 328 2290 des
361 2235 546 2290 lavare
577 2233 904 2304 pauperibus
942 2233 1358 2288 saluberrimum
1396 2243 1498 2288 est.
1533 2233 1680 2290 Unde
1723 2234 1828 2288 Do-

225 2329 414 2383 minus
439 2328 518 2382 ait
541 2327 822 2396 discipulis
853 2344 868 2380 :
903 2345 922 2377 ι
951 2325 1008 2380 Si
1037 2342 1164 2397 ergo
1200 2327 1462 2384 Dominus
1485 2336 1542 2382 et
1569 2327 1827 2396 magister

225 2431 416 2474 vester
459 2419 564 2473 lavi
605 2419 760 2472 vobis
803 2418 1002 2487 pedes,
1043 2426 1250 2487 quanto
1279 2421 1450 2488 magis
1480 2425 1578 2474 vos
1619 2419 1826 2473 debetis

225 2515 367 2568 alter
391 2513 618 2566 alterius
641 2511 824 2566 lavare
855 2510 1056 2579 pedes?
1102 2530 1122 2562 ι
1150 2510 1330 2572 (Joan.
1362 2510 1502 2578 xm.)
1535 2509 1600 2563 Et
1634 2518 1694 2562 ut
1723 2509 1826 2564 hoc

227 2607 550 2660 mandatum
581 2603 804 2657 lirmiori
851 2603 1028 2658 adhuc
1064 2601 1383 2656 auctoritate
1424 2609 1704 2658 statueret.
1735 2613 1827 2654 c0-

227 2711 462 2763 rnmqne
496 2695 768 2750 mentibus
809 2695 910 2748 hoc
953 2694 1158 2747 arctius
1207 2691 1538 2754 inculcaret,
1577 2690 1774 2760 adjecit
1807 2703 1822 2742 :

231 2805 252 2837 σ
283 2785 608 2855 Exemplum
636 2786 783 2839 enim
807 2785 928 2840 dedi
960 2783 1132 2848 vobis,
1164 2793 1224 2836 ut
1245 2782 1700 2851 quemadmodmn
1724 2794 1824 2850 ego

227 2875 368 2938 feci,
419 2877 494 2930 ila
541 2883 594 2929 et
633 2889 728 2930 vos
775 2875 938 2943 210
983 2873 1198 2928 faciatis
1237 2873 1448 2943 (Ibid).
1483 2891 1500 2922 ι
1539 2871 1672 2926 Nam
1700 2886 1822 2926 cum

227 2981 528 3035 pauperum
573 2965 736 3036 pedes
773 2964 826 3017 in
873 2963 988 3030 ejus
1015 2965 1108 3032 qui
1141 2964 1396 3032 prteccpit
1427 2963 1714 3017 devotione
1745 2960 1820 3014 la-

226 3069 446 3123 vantur,
477 3056 711 3110 faventis
737 3049 980 3125 prefecto
1015 3066 1071 3110 et
1101 3056 1280 3110 anima
1305 3055 1466 3110 simul
1493 3067 1544 3109 ct
1571 3069 1767 3122 corpus
1791 3067 1823 3106 a

227 3149 472 3216 peccatis
519 3147 774 3200 abluitur.
825 3145 978 3202 Unde
1022 3153 1076 3200 ct
1119 3145 1313 3200 Petrus
1355 3145 1433 3198 ait
1477 3162 1490 3197 :
1526 3163 1544 3195 ι
1577 3143 1820 3206 Dmninc,

227 3255 334 3292 non
369 3249 582 3291 tantum
623 3239 784 3307 pedes
821 3253 970 3292 nteos
995 3277 1010 3302 ,
1063 3238 1156 3292 sed
1203 3246 1258 3291 et
1308 3251 1530 3300 manus,
1573 3243 1630 3290 et
1663 3244 1824 3304 caput

225 3333 442 3400 (ltuit).
475 3351 494 3382 ι
527 3332 636 3386 Cur
661 3331 842 3399 itaque
877 3329 1064 3384 Petrus
1093 3344 1196 3383 non
1229 3329 1332 3381 alia
1359 3327 1604 3395 corporis
1647 3341 1818 3380 mem-

225 3425 320 3478 bra
369 3439 495 3478 eam
545 3424 768 3492 pedibus
815 3431 1010 3491 przetcr
1059 3436 1249 3474 manus
1299 3429 1354 3474 et
1402 3427 1560 3488 caput
1603 3417 1816 3481 obtulit,

227 3514 328 3567 nisi
371 3513 502 3580 quia
549 3529 646 3581 per
677 3513 821 3576 luce,
867 3527 1028 3580 opera
1078 3511 1324 3579 corporis
1369 3517 1426 3564 et
1465 3509 1820 3579 cogitationes

227 3605 428 3658 mentis
471 3604 778 3673 expressit?
821 3605 996 3673 Caput
1042 3603 1186 3657 enim
1233 3617 1330 3671 pro
1377 3609 1586 3665 mente,
1628 3615 1822 3654 manus

227 3707 356 3746 vero
384 3709 486 3762 pro
521 3694 682 3746 toties
711 3693 930 3760 ponitur
957 3693 1204 3760 corporis
1230 3692 1462 3746 actione.

297 3783 470 3836 Porro
513 3781 821 3837 Mainardus
851 3784 1176 3837 venerabilis
1209 3782 1384 3852 Sylva:
1421 3780 1674 3836 Candida:
1701 3779 1820 3849 cpi-

225 3891 428 3944 scopus
453 3875 584 3928 mihi
617 3875 800 3928 retulit
843 3877 970 3944 quia
1023 3873 1274 3928 Nicolaus
1305 3889 1464 3942 papa,
1491 3873 1590 3940 pia:
1620 3885 1821 3926 memo-

227 3964 342 4026 τίω,
370 3963 464 4031 qui
497 3971 624 4017 ante
656 3965 947 4020 triennium
982 3980 1046 4018 ex
1087 3965 1186 4018 hac
1217 3964 1269 4018 in
1302 3962 1530 4018 Domino
1572 3962 1691 4016 luce
1719 3960 1822 4014 mi-

225 4053 424 4122 gravit,
457 4069 732 4122 nunquam
771 4055 826 4108 in
861 4063 972 4108 toto
1002 4069 1144 4108 anno
1183 4053 1630 4122 prtelcrmittebat
1655 4052 1822 4116 diem,

225 4143 356 4210 quin
391 4143 558 4210 pedes
596 4143 880 4198 duodecim
929 4144 1255 4212 pauperibus
1299 4157 1514 4210 semper
1558 4140 1822 4196 ablueret.

223 4232 382 4299 Quod
435 4235 480 4287 si
529 4233 711 4290 facere
769 4251 867 4305 per
911 4245 1078 4289 totum
1123 4250 1227 4288 non
1283 4243 1596 4288 occurreret
1637 4233 1778 4286 diem
1805 4273 1822 4299 ,

225 4322 468 4377 lucidum
517 4324 734 4392 pietatis
777 4339 914 4394 opus
944 4324 1195 4393 explebat
1224 4326 1274 4378 in
1307 4331 1485 4378 nocte.
1535 4321 1640 4378 Sed
1686 4339 1824 4391 quo-

225 4410 378 4463 niam
409 4411 476 4464 de
508 4413 788 4482 privilegio
819 4411 1237 4477 miscricordize,
1267 4422 1322 4466 et
1360 4412 1826 4481 elecmnsynarnm

225 4501 500 4570 dignitate
529 4501 646 4568 plus
673 4501 806 4554 mihi
833 4502 996 4555 datur
1019 4502 1200 4556 videre
1221 4517 1383 4571 quant
1406 4501 1602 4564 dicere,
1633 4501 1686 4554 in
1712 4500 1828 4569 ejus

225 4591 562 4660 praeconium
593 4591 722 4646 libet
747 4591 986 4646 breviter
1014 4591 1340 4646 exclamare.

1253 483 1496 542 OPUSC.
1539 483 1608 538 Χ.
1637 513 1706 524 -—
1731 481 1820 538 DE
1853 478 2060 537 ilORlS
2107 477 2482 536 CANONICIS.

226 603 578 675 postmodum
627 599 830 672 praeliis
873 598 1102 656 Carolus
1131 603 1410 668 superavit
1429 638 1444 664 ,
1475 611 1706 666 eumque
1735 611 1826 665 po—
1852 601 1899 658 Α

3403 475 3514 534 ῃξ

2507 595 2736 652 CAPUT
2779 595 2912 650 Vlll.

2453 707 2598 761 Laus
2635 711 2994 777 elecmasynaz.

1999 817 2044 874 Ο
2073 819 2245 873 virtus
2275 833 2661 888 e.eemos_vn:e,
2691 833 2809 887 quae
2853 822 2997 870 velut
3040 815 3299 870 ﬂuentum
3349 815 3513 869 fontis

1927 909 2154 979 irrigui,
2200 919 2256 964 et
2301 921 2650 978 peccatorum
2701 909 3107 978 inquinamenta
3156 907 3424 974 detergis,
3463 895 3534 961 et.

1927 1003 2270 1056 aestuantium
2317 1001 2570 1056 vitiorum
2623 1001 2868 1055 ﬂantmas
2915 997 3248 1067 cxstinguis!
3298 997 3342 1052 Ο
3386 996 3512 1050 felix

1926 1093 2262 1162 eleemosyua
2291 1132 2304 1154 ,
2337 1106 2456 1160 qute
2483 1091 2548 1145 de
2590 1091 2849 1160 gehennae
2876 1088 3134 1143 barathro
3170 1085 3514 1142 tenebrarum

1929 1180 2064 1234 filios
2093 1182 2356 1244 extrabis,
2381 1189 2435 1234 et
2459 1181 2742 1248 adoptatos
2771 1179 2870 1233 luci
2899 1187 3170 1248 perpetuae
3201 1178 3383 1246 regnis
3408 1190 3518 1232 cm-

1926 1270 2151 1326 lcstibus
2179 1271 2504 1325 introducis!
2549 1271 2627 1324 Ttt
2659 1273 2724 1324 dc
2753 1271 3002 1323 manibus
3041 1283 3336 1337 pauperum
3365 1266 3517 1321 volas

1927 1361 1980 1413 in
2008 1363 2202 1415 cmlum
2223 1401 2237 1426 ,
2278 1371 2331 1416 et
2363 1361 2469 1414 illic
2501 1362 2604 1415 tuis
2640 1361 2970 1414 amatoribus
3007 1375 3166 1428 paras
3197 1358 3512 1428 hospitium.

1928 1453 1984 1508 Si
2015 1455 2197 1506 vinum
2241 1467 2334 1517 es,
2376 1469 2482 1508 non
2515 1453 2822 1516 coacescis;
2859 1453 2901 1506 si
2951 1452 3125 1520 panis,
3173 1465 3276 1504 non
3309 1449 3516 1504 emittis

1927 1559 2236 1609 mucorem;
2269 1544 2312 1598 si
2345 1559 2497 1606 caro,
2523 1543 2607 1597 vel
2641 1543 2824 1610 piscis,
2857 1558 2962 1595 non
2993 1542 3218 1595 verteris
3248 1541 3300 1593 in
3331 1550 3516 1608 putre-

1925 1633 2140 1698 dinem;
2178 1633 2222 1686 si
2257 1633 2425 1686 vestis
2469 1641 2752 1701 praeterea,
2803 1631 3007 1684 nullam
3048 1629 3324 1683 contrabis
3363 1638 3518 1682 vetu-

1927 1734 2124 1778 statem
2159 1741 2170 1776 :
2205 1723 2618 1793 recensjugiter
2645 1723 2880 1776 servaris
2907 1729 2960 1775 et
3005 1735 3162 1783 nova,
3193 1727 3249 1773 et
3296 1733 3420 1772 mox
3459 1729 3518 1772 ut

1927 1822 2052 1868 tuus
2076 1812 2286 1868 oblator
2314 1813 2537 1876 obierit,
2577 1813 2642 1865 ad
2687 1827 2806 1865 eum
2859 1810 3000 1865 illico
3049 1808 3402 1878 multiplicata
3433 1825 3519 1864 re-

1927 1906 2176 1960 verteris.
2221 1905 2300 1960 Tu
2351 1906 2415 1959 de
2453 1905 2758 1973 jacentibus
2802 1905 2902 1958 sub
2931 1903 3218 1958 criminum
3267 1900 3518 1969 squalore

1928 1996 2281 2065 conspicuos;
2318 2005 2370 2049 tn
2404 1995 2469 2050 de
2501 1995 2901 2049 damnabilibns
2928 2003 3164 2058 sanctos,
3193 2001 3250 2046 tu
3282 1993 3415 2046 facis
3453 1991 3520 2046 de

1926 2089 2216 2159 gentilibus
2239 2088 2596 2144 Christianos.
2627 2088 2778 2155 Quod
2807 2089 3058 2141 nimirum
3081 2087 3360 2140 Cornelius
3387 2100 3515 2156 pro-

1927 2179 2036 2242 bat,
2068 2179 2222 2246 cujus
2251 2181 2607 2248 cleemosyna:
2637 2178 2702 2232 ad
2731 2177 2896 2232 divini
2942 2187 3264 2245 conspectus
3304 2175 3516 2231 culmen

1928 2273 2284 2326 ascenderant
2316 2271 2452 2343 (Act.
2487 2269 2564 2341 κ).

1996 2387 2040 2442 Ο
2071 2388 2220 2440 dives
2250 2387 2588 2458 eleemosyna
2607 2427 2622 2450 ,
2653 2401 2772 2456 qnze
2799 2385 2906 2440 tuis
2935 2394 3270 2438 amatoribus
3309 2394 3518 2452 praoes

1925 2479 2291 2534 luereditatent
2324 2477 2824 2532 itmnarccscibilcm
2847 2518 2862 2542 ,
2892 2485 2941 2530 et
2977 2474 3216 2528 cazlcstis
3249 2472 3412 2526 curiae
3440 2472 3520 2526 di-

1925 2571 2215 2641 gnitatem!
2255 2569 2297 2624 Ο
2328 2569 2571 2622 miranda
2607 2566 2990 2621 misericordiae
3017 2563 3207 2626 virtus,
3242 2578 3362 2631 quae
3391 2577 3517 2630 pec-

1926 2671 2168 2717 catorum
2197 2661 2436 2713 omnium
2467 2659 2769 2727 rubiginem
2803 2665 2990 2726 purgat
3013 2697 3026 2716 ,
3058 2654 3399 2708 frementium
3431 2651 3516 2705 vi-

1929 2753 2123 2808 tiorum
2161 2753 2508 2806 incitamenta
2540 2749 2831 2804 mortificat
2851 2791 2866 2814 ,
2889 2759 2942 2804 et
2969 2748 3252 2818 splendore
3281 2746 3517 2800 cmlestis

1925 2845 2112 2916 gratiae
2149 2843 2463 2898 tcncbrosas
2506 2842 2782 2896 hominum
2834 2847 3044 2893 mentes
3087 2837 3351 2892 illustrat!
3395 2837 3518 2890 "3‘0

1927 2934 2093 2988 Deum
2141 2933 2270 2988 facit
2315 2932 2624 2986 hominibus
2668 2931 3009 2993 debitorem,
3057 2939 3117 2982 ιιι
3159 2943 3384 2996 regnum
3415 2927 3517 2982 sibi

1924 3026 2184 3080 canorum
2215 3041 2317 3080 non
2341 3023 2453 3092 jam
2483 3023 2638 3093 quasi
2665 3023 2806 3091 quod
2838 3020 3073 3074 alienum
3101 3029 3204 3084 csl,
3228 3027 3474 3087 quaerant
3499 3036 3513 3071 :

1924 3119 2017 3172 sed
2049 3119 2131 3172 vel
2167 3118 2240 3170 uti
2272 3117 2413 3186 quod
2445 3116 2526 3170 sui
2559 3115 2697 3183 juris
2735 3125 2837 3172 est.
2868 3113 3127 3168 audacter
3163 3111 3436 3166 invadant.
3474 3112 3519 3166 0

1926 3207 2052 3264 felix
2083 3207 2476 3272 misericordia,
2506 3221 2624 3274 qua:
2650 3206 2714 3259 de
2751 3204 2968 3258 miseria
2995 3202 3212 3272 quidem
3255 3199 3515 3262 nasceris,

1848 3321 1894 3384 ο
1925 3304 2020 3355 sed
2061 3315 2240 3353 veram
2289 3301 2392 3353 tuis
2437 3297 2845 3353 cxsecutoribus
2897 3295 3281 3350 beatitudinem
3328 3291 3512 3361 paris!

1928 3392 2006 3446 Tu
2039 3392 2360 3462 negotialrix
2400 3391 2546 3446 omni
2587 3403 2852 3460 mangone
2894 3385 3232 3456 prudentior,
3261 3399 3380 3452 quae
3410 3391 3518 3436 ter-

1930 3484 2075 3540 renis
2119 3485 2387 3538 mercibus
2433 3481 2676 3538 cmles'ia
2725 3493 3040 3548 comparas,
3091 3487 3145 3531 et
3191 3473 3518 3528 transitoriis

1927 3586 2130 3630 (eterna
2176 3583 2468 3643 permnlas.
2505 3571 2708 3626 Felices
2757 3568 3010 3624 nundinae
3045 3578 3167 3630 tum,
3219 3565 3269 3618 itt
3321 3563 3516 3633 quibus

1929 3667 2089 3722 datur
2120 3665 2440 3733 hospitium,
2479 3663 2770 3732 suscipitur
2809 3659 3203 3720 lmbitaculum,
3246 3656 3514 3724 pr:cbelnr

1928 3757 2082 3828 panis
2103 3756 2346 3824 exiguus,
2373 3754 2632 3823 recipitur
2653 3767 2897 3822 regnum,
2927 3747 3221 3818 porrigitur
3245 3757 3515 3804 nummus,

1930 3857 2273 3916 comparatur
2300 3845 2422 3900 aula
2449 3845 2731 3901 etclorum.

1997 3959 2142 4012 Inter
2185 3959 2407 4012 cacteras
2461 3971 2588 4025 ergo
2635 3955 2902 4016 virtutes,
2953 3946 3275 4004 venerabilis
3326 3944 3514 4008 frater,

1927 4051 2126 4120 quibus
2153 4048 2458 4104 sanctitatis
2497 4057 2600 4100 tua:
2644 4061 2748 4098 non
2794 4042 3116 4110 .unbigimus
3161 4037 3352 4090 florere
3388 4050 3520 4106 prn-

1929 4141 2188 4204 dentiam,
2221 4139 2363 4192 hanc
2388 4137 2694 4206 specialiter
2724 4133 2922 4202 arripe,
2953 4132 3003 4184 in
3039 4128 3291 4200 operibus
3324 4135 3375 4180 te
3402 4125 3518 4194 pic-

1929 4233 2056 4288 tatis
2083 4247 2298 4294 cxerce,
2333 4227 2718 4284 misericordiae
2743 4240 2957 4294 semper
2982 4221 3278 4276 visceribus
3305 4216 3461 4272 atllue
3497 4232 3513 4268 :

1929 4333 1988 4378 ut
2017 4325 2106 4394 qui
2137 4337 2282 4378 nunc
2307 4321 2506 4376 Christi
2546 4318 2872 4389 pauperibus
2902 4313 3209 4377 misereris,
3238 4327 3268 4365 a
3297 4309 3518 4366 Christo

1927 4414 2268 4482 postmodum
2305 4409 2726 4466 misericordiam
2753 4403 3125 4475 consequaris.

2257 4523 2339 4580 Sit
2380 4538 2564 4578 nomen
2605 4521 2813 4574 Domini
2851 4517 3194 4572 benedictum.

1207 4755 3507 4792 MM

846 4912 2129 5046 “1‘2‘2‘OPUSGULUM
2215 4915 2914 5080 DECIMUM.

757 5156 860 5214 DE
900 5153 1142 5214 uetus
1184 5150 1630 5213 CANONlClS.
1671 5149 1778 5209 AD
1822 5149 1895 5206 Τ.
1931 5189 1948 5206 .
1989 5190 2006 5206 .
2043 5183 2058 5198 .
2107 5141 2360 5216 vuum
2405 5111 2970 5201 CLAIttssmUM.

227 5459 630 5514 ABGYIIES'I'UM.
655 5485 726 5496 σ-
747 5452 1141 5506 Canouicarum
1171 5451 1424 5504 horarum
1453 5445 1738 5515 originem,
1765 5452 1817 5497 et
1842 5442 2094 5512 mysteria
2127 5439 2387 5515 declarat,
2421 5450 2716 5515 earumque
2745 5435 3006 5512 utilitates
3041 5431 3342 5515 enumerat.
3371 5425 3514 5515 Qua-

309 5499 534 5597 propter
577 5527 826 5580 hortatur
853 5523 1026 5576 virum
1065 5521 1348 5597 quen‘tdam
1385 5499 1620 5597 nobilinn
1643 5555 1656 5576 ,
1689 5499 1756 5568 ad
1785 5499 2118 5597 quent'hunc
2156 5511 2390 5597 libellum
2442 5499 2644 5570 mittit,
2678 5516 2736 5558 ut
2780 5503 3076 5597 canonicas
3100 5500 3258 5597 horas
3281 5499 3512 5597 :t‘t't‘dil‘c.

305 5566 428 5651 :2.th
452 5566 829 5663 ipsemet-itare
881 5609 986 5645 non
1019 5566 1270 5661 ne'gligat,
1308 5589 1574 5654 nullisque
1604 5566 2048 5663 occupationibus
2090 5597 2122 5635 a
2164 5589 2268 5634 tam
2301 5581 2390 5647 pio
2427 5595 2592 5648 opere
2623 5566 2852 5632 avocari
2884 5588 2940 5626 se
2971 5571 3238 5641 patiatur;
3280 5566 3514 5623 cilicium

305 5655 523 5736 quoque
557 5665 617 5716 Β.
649 5663 882 5734 Virginis
914 5655 1449 5730 eidetn'm'agtmpet‘c
1483 5655 1837 5711 commendat.

1996 5803 2130 5856 Dum
2163 5809 2370 5864 tecum,
2405 5797 2776 5858 dilectissime,
2816 5796 2868 5850 in
2913 5793 3204 5866 epise0pali
3241 5793 3515 5849 Ravenna:

1937 5894 2136 5965 palatio
2169 5892 2502 5960 colloquens,
2547 5889 2800 5945 nonnulla
2850 5889 2941 5943 tibi
2993 5887 3202 5941 vivendi
3248 5893 3510 5953 praecepta

307 5816 517 5868 Domno
702 5814 816 5868 viro
837 5812 1162 5876 clarissimo,
1189 5811 1406 5866 Perses
1429 5815 1682 5879 peccator
1703 5819 1832 5882 moi

231 5911 446 5962 naritus
471 5908 748 5963 orationes
779 5907 830 5962 in
856 5907 1096 5962 Christo.
