3996 6184
459 466 568 521 223

925 464 982 521 S.
1009 464 1214 519 PETRI
1252 459 1539 517 DAMIANI
1579 461 1729 518 OPP.
1753 456 1990 515 TOMUS
2030 455 2162 513 SEU
2194 456 2374 512 PARS
2410 457 2496 512 Ill.
2522 465 2598 499 '—
2627 458 2993 516 OPUSCULA
3034 463 3266 519 VARIA.

3625 471 3733 525 22.!

461 592 827 651 suggererem,
853 587 1013 647 atque
1042 577 1109 630 ad
1139 577 1414 646 religionis
1445 576 1682 629 studium
1722 575 2042 645 quibusdam
2073 572 2120 630 Α
2151 571 2229 621 ira
2274 577 2380 634 sit,
2427 571 2509 625 vel
2561 576 2804 628 excedat.
2857 574 3176 630 Matutinum
3226 579 3456 650 denique
3495 584 3734 653 quinque

461 677 515 724 te
541 666 1022 722 exhortatiunculis
1045 681 1420 735 provocarem,
1455 667 1667 720 tandem
1697 667 1761 720 ad
1791 667 1891 720 hoc
1923 680 2041 742 pro-

462 759 624 812 cessit
648 757 842 816 oratio,
870 764 928 810 ut
953 772 1254 811 assererem
1278 757 1534 812 canonica
1561 767 1762 826 septem
1792 756 2046 810 horarum

465 849 637 901 ollicia
668 849 733 901 ab
760 848 1010 902 Omnibus
1041 848 1369 902 Christianis
1399 847 1645 902 fidelibus
1673 847 1782 904 Deo
1811 846 2050 916 quotidie

465 942 617 1012 quasi
663 942 933 1010 quoddam
978 943 1254 998 servitutis
1298 957 1522 1012 pensum
1561 941 1758 996 debere
1795 940 2047 1010 persolvi.

466 1031 572 1084 Sed
605 1031 744 1100 quod
783 1039 913 1086 tunc
939 1033 1116 1102 lingua
1147 1033 1470 1088 decnrrente
1503 1033 1767 1102 prolatum
1795 1041 1907 1095 est,
1937 1031 2052 1100 api-

464 1121 619 1176 cibus
667 1124 883 1178 tradere
929 1125 1292 1178 necessarium
1340 1126 1503 1189 duxi;
1541 1140 1608 1180 ne
1647 1125 1789 1193 quod
1829 1126 1896 1177 ad
1939 1138 2054 1177 mo-

467 1224 707 1268 mentum
749 1214 1086 1284 simplicibus
1110 1217 1290 1270 verbis
1318 1217 1550 1282 audisti,
1586 1217 1794 1270 facilius
1816 1216 2050 1278 excidat,

464 1303 557 1355 sed
606 1302 905 1370 subjectum
946 1305 1116 1361 oculis
1156 1320 1250 1375 per
1281 1306 1406 1375 styli
1456 1307 1724 1360 currentis
1767 1305 2051 1360 articulum

465 1394 738 1448 memoria:
766 1395 1007 1450 tenacius
1040 1397 1381 1453 inhmrescat.

985 1487 1214 1543 CAPUT
1263 1488 1549 1544 PRIMUM.

960 1575 1300 1631 I’cccatorum
1340 1581 1573 1648 effectus.

539 1665 756 1736 Septem
782 1666 936 1737 plane
962 1678 1084 1724 sunt
1109 1669 1422 1738 principalia
1446 1670 1570 1724 vitia
1592 1669 1838 1741 (Consule
1860 1670 2057 1725 scholia

467 1763 536 1816 ad
576 1763 769 1824 calcem
808 1763 1091 1833 opusculi),
1133 1780 1198 1817 ex
1230 1763 1425 1833 quibus
1449 1773 1659 1820 caetera:
1684 1765 1935 1818 vitiorum
1967 1779 2058 1833 pe-

468 1863 580 1907 stes
606 1853 890 1908 oriuntur:
921 1870 1041 1923 qua:
1067 1855 1318 1909 nimirum
1352 1865 1477 1910 sunt
1503 1857 1777 1926 superbia,
1806 1857 2053 1921 avaritia,

2148 657 2395 716 laudibus
2433 671 2680 727 constat,
2707 671 2937 732 quatuor
2975 666 3223 722 videlicet
3261 673 3482 738 psalmis
3526 683 3580 728 et
3627 693 3736 729 uno

2150 749 2384 803 cantico.
2449 751 2516 804 Et
2570 768 2809 822 congrue
2867 754 2993 808 dtnn
3055 757 3245 812 diurna
3305 761 3394 815 lux
3461 768 3735 835 erumpit,

2153 842 2263 896 Deo
2323 843 2484 912 213
2545 844 2730 899 laudes
2767 843 3065 912 offerimus,
3121 851 3246 918 quia
3288 854 3389 907 sub
3447 859 3737 912 exterioris

2152 930 2289 986 lucis
2327 934 2504 1000 specie
2555 934 2722 989 solem
2761 935 2988 1006 justitia:
3057 937 3334 995 Christum
3366 947 3565 999 nostris
3594 948 3737 1002 dilu-

2153 1033 2457 1078 cescentem
2483 1027 2738 1082 cordibus
2778 1037 3180 1097 exspectamus,
3205 1041 3260 1085 et
3287 1043 3538 1104 tanquam
3570 1039 3738 1094 adve-

2155 1115 2322 1168 nienti
2371 1115 2482 1185 jam
2530 1133 2730 1185 sponso
2784 1129 2895 1174 tota
2959 1122 3198 1191 gaudens
3229 1133 3390 1193 atque
3437 1129 3737 1197 tripudians

2157 1206 2398 1258 occurrit
2428 1206 2691 1265 Ecclesia.
2735 1207 2825 1264 Sic
2854 1212 3092 1282 quinque
3123 1213 3386 1282 laudibus,
3433 1232 3496 1272 ac
3523 1220 3566 1273 si
3607 1223 3737 1275 toti-

2156 1296 2276 1350 dem
2319 1299 2556 1367 acceptis
2585 1299 2922 1370 lampadibus
2954 1306 3236 1370 adornata,
3267 1317 3320 1360 et
3362 1309 3503 1362 velut
3532 1311 3737 1367 ultimae

2153 1386 2264 1456 jam
2305 1389 2651 1445 excitationis
2697 1391 2936 1448 clamore
2969 1395 3022 1448 in
3063 1397 3244 1451 cordis
3272 1414 3402 1453 aure
3430 1413 3732 1473 concepto:

2157 1493 2284 1534 ecce
2319 1495 2546 1548 sponsus
2581 1482 2750 1546 venit,
2789 1485 2931 1539 exite
2967 1485 3179 1540 obviam
3213 1488 3286 1552 ei,
3339 1501 3738 1560 consequenter

2159 1572 2287 1626 illud
2329 1575 2699 1644 evangelicum
2742 1577 3083 1646 specietenus
3128 1580 3462 1649 impleatur:
3506 1603 3525 1635 ι
3580 1583 3736 1641 Tunc

2157 1674 2546 1729 surrexerunt,
2592 1666 2801 1735 inquit,
2829 1683 3016 1724 omnes
3045 1669 3280 1739 virgines
3305 1673 3406 1727 illa:
3427 1714 3441 1738 ,
3475 1690 3528 1728 et
3569 1691 3735 1731 orna-

2159 1762 2352 1807 verunt
2371 1755 2642 1825 lampades
2671 1771 2798 1811 suas
2821 1758 3042 1830 (Matth.
3068 1772 3189 1824 xxv,
3215 1757 3362 1827 25).»

2229 1844 2384 1912 Quod
2423 1855 2602 1901 autem
2625 1847 2678 1901 in
2707 1847 2866 1920 hujus
2888 1851 3168 1905 matutina:
3198 1852 3370 1906 laudis
3407 1852 3581 1909 oﬂicio
3607 1871 3738 1910 can-

469 1959 610 1998 vana
639 1944 837 2019 gloria,
863 1944 940 1998 ira
960 1985 974 2009 ,
1001 1945 1197 1998 invidia
1218 1987 1233 2010 ,
1259 1945 1497 2008 luxuria,
1532 1947 1776 2001 tristitia.
1805 1946 1929 2002 l-lmc
1955 1947 2057 2002 ita—

2167 1936 2327 1990 ticum
2370 1938 2611 2006 quotidie
2660 1939 2882 2008 psalmis
2912 1940 3239 2012 adjungitur,
3287 1945 3564 2013 utriusque
3589 1947 3738 2014 vitaz,

469 2048 606 2102 que,
663 2034 785 2103 quia
819 2050 980 2088 causa
1012 2044 1138 2089 sunt
1183 2035 1425 2089 omnium
1477 2044 1532 2090 et
1574 2035 1724 2105 origo
1766 2036 2053 2103 malorum,

473 2126 576 2179 sub
603 2127 788 2180 eodem
821 2141 1048 2181 numero
1075 2141 1202 2180 suos
1228 2127 1430 2182 habere
1457 2137 1757 2182 noscuntur
1783 2128 2006 2183 elfectus
2037 2145 2052 2181 :

469 2227 676 2287 septem
707 2216 952 2296 videlicet
995 2217 1300 2272 criminalia
1338 2227 1583 2287 peccata,
1613 2218 1666 2273 id
1702 2227 1819 2284 est,
1846 2217 2056 2273 adulte-

472 2310 633 2373 rium,
667 2308 1032 2374 homicidium,
1065 2309 1292 2376 furtum,
1329 2309 1646 2381 perjurium,
1677 2311 1868 2366 falsum
1901 2311 2057 2366 testi-

467 2399 733 2466 monium,
770 2401 1034 2469 rapinam,
1063 2408 1118 2456 et
1149 2400 1561 2472 blaSphemiam.
1595 2401 1650 2456 ln
1683 2401 1877 2471 quibus
1905 2401 2057 2456 vide-

469 2490 595 2546 licet
627 2500 735 2546 tam
767 2501 938 2556 certa,
969 2502 1078 2547 tam
1107 2493 1390 2548 manifesta
1423 2509 1570 2548 mors
1596 2504 1680 2550 est
1717 2493 2056 2558 animorum;

470 2589 528 2634 ut
553 2579 798 2650 quisquis
843 2580 898 2634 in
941 2581 1179 2650 quolibet
1214 2583 1407 2637 horum
1435 2583 1803 2653 deprehensus
1838 2584 2056 2648 obierit,

469 2677 701 2725 evadere
733 2671 1094 2726 damnationis
1129 2684 1346 2728 aeternas
1387 2674 1709 2727 sententiam
1757 2674 2059 2727 nullatenus

473 2763 660 2830 possit.
705 2761 915 2816 Rursus
956 2770 1163 2830 septem
1203 2772 1328 2816 sunt
1366 2763 1535 2827 levia,
1566 2763 1897 2831 minimaque
1936 2775 2060 2831 pec-

471 2859 613 2915 cata,
644 2852 695 2905 in
739 2852 936 2920 quibus
969 2868 1071 2905 non
1118 2852 1289 2906 solum
1337 2862 1618 2921 peccator,
1651 2853 1741 2907 sed
1787 2861 1843 2906 et
1881 2851 2062 2921 justus

473 2943 698 3012 quisque
721 2943 961 3011 quotidie
990 2943 1205 3007 labitur,
1235 2943 1449 2998 etiamsi
1483 2944 1534 2998 in
1557 2943 1770 2998 excelso
1799 2942 1910 3011 jam
1939 2957 2062 3012 per-

473 3031 724 3086 fectionis
759 3029 993 3085 culmine
1025 3039 1169 3084 stare
1194 3031 1458 3084 videatur.
1487 3032 1614 3096 Quae
1641 3030 1881 3100 profecto
1912 3040 2058 3095 sunt,

477 3124 750 3194 cogitttio,
792 3124 1116 3194 ignorantia,
1147 3125 1506 3178 inconstantia
1528 3165 1541 3186 ,
1575 3124 1887 3187 necessitas,
1914 3123 2064 3177 infir-

478 3213 656 3276 mitas,
684 3213 904 3276 oblivio,
931 3214 1179 3283 obreptio
1206 3232 1218 3266 :
1251 3229 1346 3282 per
1371 3230 1490 3282 quae
1521 3213 1766 3268 videlicet
1807 3213 1859 3266 in
1887 3213 2062 3281 quoti-

2159 2030 2590 2099 contemplativae
2639 2031 2849 2087 scilicet
2890 2041 2944 2087 et
2987 2035 3196 2098 activae,
3231 2036 3548 2105 mysterium
3578 2037 3740 2094 redo-

2157 2122 2272 2176 lere
2320 2121 2553 2176 videtur.
2595 2121 2917 2177 Psalterium
2962 2125 3180 2194 quippe,
3233 2140 3329 2180 vas
3384 2127 3629 2182 videlicet
3682 2129 3740 2183 in

2157 2213 2378 2268 modum
2401 2211 2559 2268 deltae
2587 2211 2812 2278 factum,
2835 2228 2932 2284 per
2954 2214 3140 2270 decem
3162 2216 3355 2272 cordas
3381 2217 3586 2287 plectro
3615 2217 3740 2289 pul-

2157 2313 2312 2359 sante
2333 2304 2633 2373 crispatur;
2663 2304 2936 2360 canticum
2958 2319 3085 2360 vero
3105 2305 3221 2361 solo
3250 2306 3510 2363 duntaxat
3535 2323 3744 2378 organo

2159 2394 2310 2450 vocis
2336 2394 2682 2464 exprimitur.
2731 2393 3076 2465 Quapropter
3112 2394 3262 2463 illud,
3312 2396 3438 2465 quia
3490 2398 3742 2453 manibus

2160 2486 2388 2556 indiget,
2434 2485 2806 2554 operationem
2847 2501 2912 2540 ac
2961 2500 3061 2556 per
3115 2485 3217 2541 hoc
3246 2486 3475 2542 activam
3522 2487 3743 2544 denotat

2158 2577 2361 2641 vitam;
2397 2575 2540 2630 istud
2570 2589 2699 2629 vero
2729 2575 2853 2643 quia
2880 2574 3191 2643 adjubilum
3217 2578 3473 2646 pertinet,
3497 2588 3744 2634 contem—

2160 2665 2442 2736 plativam.
2498 2663 2566 2718 Et
2606 2665 2861 2733 quoniam
2885 2665 3328 2736 contemplationi
3361 2668 3656 2738 paulisper,
3685 2678 3742 2724 et

2161 2755 2363 2825 ruptim
2404 2755 2494 2808 vix
2523 2755 2590 2809 ad
2613 2765 2948 2810 momentum
2983 2756 3232 2811 insistere
3260 2772 3568 2826 possumus,
3592 2757 3709 2828 jugi
3733 2793 3744 2799 ς

2164 2854 2246 2900 ter
2272 2854 2454 2900 autem
2484 2847 2535 2900 in
2573 2846 2764 2901 activae
2790 2848 3222 2904 conversationis
3265 2850 3744 2906 administratione

2161 2950 2473 3000 versamur;
2494 2935 2614 3004 jure
2635 2936 2881 3004 pluribus
2907 2939 3150 3007 psalmis,
3184 2934 3350 2993 unum
3376 2943 3746 2997 tantummodo

2163 3025 2434 3079 canticum
2476 3026 2889 3095 interponimus.
2951 3028 3104 3083 Sicut
3153 3031 3294 3082 enim
3341 3045 3368 3083 a
3422 3031 3522 3100 βίω
3550 3047 3746 3100 opera-

2165 3117 2327 3172 tionis
2355 3118 2612 3172 exercitio
2635 3119 2702 3172 ad
2742 3119 3215 3188 contemplationis
3245 3121 3455 3175 culmen
3497 3122 3747 3176 ascendi-

2163 3224 2305 3273 mus,
2354 3219 2426 3273 et,
2483 3219 2607 3279 post
2659 3210 3042 3278 speculationis
3104 3212 3307 3265 intimae
3360 3213 3744 3267 brevissimum

475 3305 634 3358 diana
665 3319 880 3373 seraper
900 3304 1313 3359 conversatione
1339 3303 1721 3373 delinquimus,
1753 3313 1913 3372 atque
1944 3303 2064 3356 ideo
2091 3301 2134 3362 C
2167 3310 2446 3370 punctum,
2480 3317 2600 3355 mox
2632 3303 2698 3356 ad
2729 3301 2970 3371 ejusdem
3015 3303 3205 3357 activa:
3231 3304 3353 3358 vita:
3382 3305 3746 3358 ministerium

476 3403 667 3449 contra
696 3394 902 3462 peccati
935 3394 1156 3448 vulnera
1184 3394 1509 3463 quotidiana:
1541 3393 1837 3448 curationis
1875 3407 2063 3448 neces-

476 3483 621 3541 sario
650 3483 902 3538 remediis
932 3485 1251 3554 indigemus.
1289 3485 1438 3539 Unde
1467 3485 1725 3553 scriptum
1753 3493 1836 3539 est
1864 3498 1878 3536 :
1915 3501 1933 3533 ‹
1967 3481 2068 3536 Se-

478 3577 684 3646 ptiesin
709 3577 795 3632 die
819 3575 1174 3645 caditjustus,
1192 3576 1697 3648 etrcsurgitU’rov.
1715 3579 1883 3644 xxiv).
1915 3598 1932 3631 ι
1961 3577 2062 3645 Qui

481 3667 736 3720 nimirum
767 3676 821 3721 et
849 3669 1047 3738 septies
1077 3669 1298 3733 cadere,
1329 3679 1381 3723 et
1412 3681 1588 3724 tamen
1618 3669 1796 3739 justus
1825 3683 1944 3724 esse
1972 3669 2067 3723 de-

479 3759 736 3812 scribitur
765 3777 778 3813 :
812 3761 937 3829 quia
969 3759 1143 3829 justus
1181 3776 1303 3815 esse
1340 3763 1505 3816 etiam
1535 3761 1807 3832 peccando
1835 3777 1940 3815 non
1968 3762 2062 3816 de-

478 3848 640 3912 siuit,
691 3851 818 3904 dum
870 3867 975 3906 non
1024 3869 1089 3906 ex
1139 3853 1436 3923 proposito,
1477 3853 1572 3907 sed
1603 3868 1671 3907 ex
1717 3853 2065 3908 humanitatis

478 3940 770 4011 fragilitate
805 3942 1087 4012 delinquit.

549 4031 778 4102 Propter
817 4035 931 4088 haec
975 4034 1137 4104 igitur
1162 4043 1368 4104 septem
1420 4034 1581 4096 levia,
1624 4048 1898 4104 parvaque
1941 4049 2068 4104 pec—

477 4130 628 4187 cata,
657 4139 913 4193 quae-pro
952 4124 1257 4195 fragilitatis
1285 4126 1534 4180 humana:
1561 4125 1838 4180 debilitate
1875 4139 2068 4180 cavere

479 4229 585 4267 non
625 4228 933 4282 possumus,
962 4217 1065 4269 hoc
1105 4230 1171 4269 ex
1217 4217 1536 4286 magisterio.
1567 4215 1800 4285 Spiritus
1828 4217 1999 4270 sancti
2035 4232 2066 4269 a

480 4304 582 4371 piis
613 4305 864 4359 Ecclesiae
890 4307 1204 4360 doctoribus
1243 4309 1550 4362 institutum
1587 4319 1692 4372 est,
1726 4317 1783 4362 ut
1816 4317 1938 4362 vota
1969 4324 2066 4362 no—

483 4401 598 4445 stra
629 4391 739 4446 Deo
778 4408 874 4460 per
900 4409 1334 4464 unumquemque
1373 4397 1513 4451 diem
1560 4397 1760 4464 septies
1800 4397 2071 4466 persolva-

480 4500 623 4540 tnus.
647 4483 770 4538 Haec
794 4499 922 4542 sane
946 4495 1152 4554 septem
1182 4488 1566 4541 canonicarum
1590 4488 1846 4542 horarum
1873 4488 2065 4552 olIicia,

482 4575 636 4643 quasi
669 4583 872 4644 septem
901 4575 1285 4644 baptismatum
1317 4576 1550 4643 lavacra,
1573 4577 1625 4630 in
1657 4587 1855 4632 sancta:
1882 4578 2067 4633 Eccle-
2115 4593 2128 4610 '

481 4666 575 4722 site
602 4675 727 4720 sunt
769 4669 976 4738 gremio
1012 4669 1303 4724 constituta
1336 4687 1350 4723 :
1396 4679 1455 4724 ut
1483 4681 1684 4741 septem
1710 4671 2062 4727 ollensionum
2096 4649 2142 4707 D

483 4755 753 4822 maculas,
784 4773 918 4827 quas
953 4773 1018 4812 ex
1049 4759 1359 4827 quotidiana
1400 4761 1522 4818 vita:
1570 4761 1728 4830 hujus
1774 4777 2064 4817 conversa-

481 4846 629 4901 tione
654 4849 1048 4914 contrahimus,
1078 4850 1324 4916 totidem,
1356 4860 1415 4905 ut
1458 4852 1528 4906 ita
1568 4851 1780 4922 loquar,
1807 4853 2068 4909 orationis

481 4938 809 5007 quotidianae
835 4937 1052 4994 ﬂuentis
1075 4942 1295 5010 expiare
1319 4957 1600 5008 curemus;
1641 4953 1907 5013 quatenus
1933 4945 2068 5000 assi-

482 5026 646 5081 duum
675 5029 1040 5097 corruptibilis
1063 5030 1186 5085 vitae
1216 5030 1492 5099 pulverem
1523 5033 1909 5089 satisfactionis
1933 5048 2065 5088 aura

482 5118 744 5184 decutiat,
787 5127 844 5174 et
887 5121 1174 5175 mundame
1202 5122 1627 5178 conversationis
1666 5122 1838 5179 lutum
1879 5139 2066 5194 super-

483 5207 615 5264 fusa:
643 5208 907 5264 orationis
935 5209 1187 5279 frequens
1215 5208 1354 5262 unda
1386 5210 1648 5282 deterget.

1100 5298 1329 5356 CAPUT
1373 5299 1436 5358 ll.

553 5391 712 5447 Horat
737 5401 941 5459 autem,
964 5405 995 5446 e
1023 5392 1220 5462 quibus
1248 5391 1542 5461 loquimur,
1571 5401 1695 5472 sunt
1722 5393 1858 5454 hte't
1891 5395 2068 5451 Matu-

485 5487 612 5542 tinaa
651 5488 937 5554 videlicet,
973 5485 1212 5550 Laudes.
1256 5501 1374 5556 qua
1419 5487 1562 5541 inter
1595 5487 1885 5544 diluculum
1932 5489 2068 5546 inci-

482 5579 692 5649 piendae
737 5589 863 5636 sunt
905 5589 960 5636 et
1001 5594 1252 5636 auroram
1288 5596 1302 5634 :
1343 5578 1534 5635 deinde
1559 5622 1572 5645 ,
1609 5579 1788 5635 Prima
1816 5622 1831 5647 ,
1862 5579 2068 5648 Tertia,

484 5671 672 5735 Sexta,
713 5671 887 5736 Nona,
941 5671 1233 5743 Vesperum
1285 5680 1340 5728 et
1383 5672 1823 5743 Completorium.
1873 5673 2071 5729 Dicen-

485 5765 611 5817 dum
647 5773 731 5818 cst
777 5773 956 5818 autem
1004 5775 1134 5834 quot
1182 5765 1414 5834 psalmos
1459 5766 1876 5836 uniuscujusque
1923 5768 2069 5822 hora:

485 5855 711 5909 uiliciqu
748 5864 953 5918 teneat,
994 5865 1046 5908 et
1093 5872 1187 5909 cur
1232 5857 1543 5926 praescripto
1585 5874 1804 5913 numero
1845 5874 1947 5914 non
1991 5858 2070 5912 in-

2166 3395 2533 3460 declinamus;
2591 3395 2845 3448 nimirum
2879 3403 2936 3448 ut
2961 3395 3344 3462 contemplatio
3387 3402 3569 3449 nostra
3597 3403 3653 3448 et
3677 3395 3751 3450 ab

2166 3489 2343 3544 activa
2369 3489 2479 3543 vita
2521 3488 2768 3557 incipiat,
2791 3497 2844 3540 et
2872 3488 2923 3541 in
2947 3488 3134 3542 eadem
3157 3487 3464 3542 necessario
3488 3488 3750 3542 termine-

2169 3589 2288 3644 tur;
2323 3580 2403 3632 sic
2429 3579 2651 3648 psalmis
2673 3579 2944 3632 canticum
2972 3593 3070 3632 nec
3098 3578 3480 3648 praeponimus,
3507 3592 3606 3633 nec
3629 3592 3752 3632 om-

2166 3668 2294 3723 nino
2324 3671 2705 3738 supponimus;
2731 3669 2823 3723 sed
2851 3668 3176 3723 altrinsecus
3200 3669 3390 3738 positis
3411 3668 3512 3722 hoc
3534 3683 3754 3739 semper

2165 3757 2515 3826 penultimutn
2546 3757 2892 3811 collocamus.

2236 3847 2406 3900 Porro
2460 3857 2640 3901 autem
2674 3849 2798 3916 quia
2849 3863 2948 3917 per
3002 3857 3235 3918 quatuor
3286 3849 3450 3903 totius
3499 3847 3753 3903 videlicet

2169 3939 2297 3992 anni
2333 3947 2595 4007 tempora,
2630 3953 2830 4006 corpus
2857 3951 3098 3994 nostrum
3127 3955 3190 3994 ex
3222 3951 3458 4008 quatuor
3479 3939 3752 3993 nihilomi-

2166 4044 2268 4082 nus
2316 4029 2675 4098 compositum
2717 4028 3032 4094 elementis,
3075 4030 3304 4084 actionis
3335 4029 3596 4084 exercitio
3626 4028 3756 4083 fati-

2167 4137 2374 4191 gamus,
2413 4122 2617 4176 idcirco
2652 4131 2886 4190 quatuor
2919 4123 3157 4190 psalmos
3189 4123 3241 4177 in
3266 4122 3424 4192 hujus
3450 4123 3753 4176 matutina-

2170 4211 2233 4265 lis
2259 4210 2419 4266 cilicii
2448 4213 2812 4267 celebratione
2845 4213 3201 4267 coneinimus.
3233 4212 3366 4280 Quia
3390 4229 3519 4268 vero
3548 4213 3601 4266 in
3630 4228 3756 4284 spe-

2169 4301 2457 4356 culationis
2500 4317 2727 4357 excessu
2757 4319 2922 4356 unum
2963 4303 3322 4370 solummodo,
3371 4304 3512 4373 quod
3559 4304 3752 4373 procul

2170 4391 2335 4446 dubio
2390 4394 2530 4447 Deus
2560 4402 2661 4459 est,
2697 4395 3010 4463 quaerimus,
3064 4411 3230 4449 unum
3284 4411 3435 4464 aeque
3479 4396 3750 4450 canticum

2171 4497 2274 4536 non
2309 4484 2578 4539 immerito
2600 4486 2972 4541 decantamus.
2995 4487 3146 4553 Quod
3187 4496 3370 4542 autem
3396 4497 3448 4542 et
3473 4486 3754 4543 Zacharize

2171 4579 2442 4632 canticum
2473 4579 2524 4632 in
2552 4579 2657 4634 line
2677 4581 2897 4650 synaxis
2923 4581 3192 4649 adjicitur,
3215 4591 3267 4636 et
3291 4582 3416 4651 quia
3445 4582 3753 4647 desinente,

2170 4682 2225 4726 et
2275 4672 2590 4726 imminente
2629 4672 2743 4743 jam
2797 4672 2947 4728 Novo
2986 4673 3332 4728 Testamento
3361 4674 3561 4727 factum
3587 4673 3756 4727 fuisse

2171 4763 2537 4832 cognoscitur,
2587 4763 2704 4833 ipso
2751 4764 2912 4818 etiam
2955 4764 3099 4834 quod
3135 4765 3332 4819 dicitur
3364 4775 3606 4834 tempore
3639 4779 3757 4834 my-

2172 4855 2310 4910 stice
2342 4863 2590 4920 testatur,
2647 4862 2704 4909 et
2747 4865 2961 4910 noctem
3017 4857 3360 4925 prtecessisse
3391 4856 3644 4910 vitiorum
3700 4863 3760 4909 et

2173 4943 2335 5007 diem,
2399 4943 2542 4998 sicut
2568 4943 2856 5013 Apostolus
2876 4944 3125 5014 perhibet
3157 4944 3330 5015 (Rom.
3383 4946 3528 5014 xui),
3561 4960 3761 5014 appro—

2174 5034 2442 5104 pinquare
2492 5033 2776 5087 virtutum.
2815 5032 2882 5087 Et
2926 5034 3043 5088 ltaac
3099 5033 3316 5103 quidem
3358 5033 3425 5088 de
3479 5033 3761 5088 matutinis

2173 5122 2422 5179 laudibus
2451 5111 2890 5194 Compendiosius
2918 5125 3197 5193 praelibata
3224 5124 3510 5182 sulliciant.

2787 5215 3015 5272 CAPUT
3053 5216 3138 5271 Ill.

2382 5303 2491 5360 Cur
2519 5302 2591 5359 iit
2603 5305 2773 5376 prima
2795 5307 2927 5361 liora
2958 5307 3202 5362 recitetur
3226 5307 3536 5378 symbolum.

2243 5393 2438 5452 Primae
2475 5405 2654 5452 autem
2687 5397 2854 5462 horae,
2886 5397 3079 5461 tertiae,
3105 5407 3270 5454 sexta:
3299 5409 3354 5454 et
3385 5414 3540 5454 nomo
3586 5399 3764 5457 ternis

2173 5501 2326 5556 teque
2370 5487 2597 5558 psalmis
2633 5489 2983 5543 continentur
3030 5487 3228 5553 oﬂicia,
3272 5491 3366 5544 sed
3417 5506 3446 5544 a
3480 5490 3763 5545 modernis

2173 5581 2363 5652 primae
2417 5580 2565 5634 hora:
2606 5589 2968 5650 congruenter
3019 5580 3284 5636 catholica
3334 5581 3467 5635 fides
3516 5580 3761 5646 additur,

2175 5685 2334 5738 quam
2357 5669 2683 5724 Athanasius
2708 5670 2980 5735 videlicet,
3013 5671 3414 5725 Alexandrinus
3446 5671 3758 5739 episcopus,

2176 5761 2357 5816 divino
2395 5769 2716 5832 suggerente
2759 5762 2986 5830 Spiritd,
3039 5762 3410 5816 sincerissime
3469 5761 3761 5816 tradidisse

2179 5855 2540 5925 cognoscitur.
2571 5853 2704 5909 Nam
2753 5855 2877 5924 quia
2929 5856 3060 5910 fides
3103 5853 3512 5912 fundamentum
3563 5860 3664 5916 est,
3701 5863 3760 5906 et
