3996 6184
215 273 318 328 9ὶὸ

1200 262 1440 322 OPUSC.
1481 262 1547 318 Χ.
1584 292 1656 304 -
1693 261 1783 318 DE
1821 259 2030 318 HORIS
2067 259 2446 320 CANONICIS.

3368 275 3473 333 ἥδ

215 393 366 462 origo
417 388 702 447 virtutum,
758 388 907 435 recte
961 376 1232 433 canticum
1287 376 1411 432 ﬁdei
1454 377 1642 446 primae
1695 381 1796 430 ho-
1819 390 1868 450 Α
1898 387 2013 428 cem
2049 373 2174 428 dum
2221 389 2490 442 cantatur,
2537 395 2566 430 a
2618 386 2768 433 recta
2820 385 3125 441 concordire
3167 388 3310 447 linea
3365 409 3474 452 non

214 501 287 540 rae
350 479 699 550 coniunctum
759 469 1159 543 quodammodo
1202 468 1307 522 diei
1371 468 1537 522 totius
1589 468 1800 522 obtinet

211 571 378 644 315
408 567 796 640 principatum.
844 560 1135 616 Enimvero
1182 558 1346 613 trium
1375 557 1655 619 horarum,
1688 565 1798 612 ter-

212 667 299 720 tia:
348 661 579 724 scilicet,
636 663 825 718 sextae,
849 651 936 708 vel
993 665 1150 706 nonas
1197 648 1394 716 ofﬁcia,
1441 665 1507 704 ex
1557 648 1798 706 Danielis

212 751 489 824 prophetae
533 753 834 802 noscuntur
859 742 926 798 ad
967 756 1070 796 nos
1092 755 1348 796 emanare
1374 738 1621 794 doctrina
1653 755 1666 792 :
1703 739 1797 808 qui

210 843 473 899 nimirum
512 844 756 900 sanctus,
790 834 934 890 sicut
963 832 1132 903 ipsius
1182 839 1412 886 testatur
1436 830 1686 894 historia,
1741 830 1796 884 in

213 929 495 987 cenaculo
532 941 632 984 suo
658 937 955 980 conversus
980 922 1049 976 ad
1074 921 1410 976 Hierusalem
1445 919 1616 976 tribus
1650 920 1799 975 boris

213 1023 264 1077 in
290 1022 379 1077 die
408 1032 635 1090 precum
677 1024 805 1070 vota
833 1013 1062 1068 Domino
1089 1011 1450 1082 persolvebat.
1787 1013 1792 1020 ‘

277 1110 509 1166 Accedit
527 1117 707 1164 autem
739 1105 911 1160 tertia:
946 1105 1114 1164 bene.
1141 1102 1284 1174 quod
1314 1101 1473 1172 longe
1502 1110 1586 1157 est
1617 1101 1799 1157 excel-

215 1203 430 1266 lentius,
459 1201 587 1272 quia
617 1199 671 1254 in
699 1198 814 1268 ipsa
859 1196 1188 1264 Redemptor
1230 1204 1438 1259 noster,
1469 1194 1625 1264 juxta
1658 1195 1800 1249 Mar-

214 1309 353 1358 cum,
403 1293 604 1363 legitur
649 1289 944 1346 cruciﬁxus
970 1287 1163 1359 (Marc.
1209 1288 1323 1357 xv),
1356 1289 1657 1357 eademque
1689 1289 1798 1344 diei

213 1388 340 1442 hora
389 1385 760 1455 apostolorum
807 1391 1027 1451 pectora
1061 1381 1322 1434 miriﬁcus
1361 1381 1535 1436 sancti
1563 1380 1798 1450 Spiritus

212 1477 482 1531 recreavit
505 1475 806 1541 adventus(
834 1473 949 1524 Act.
974 1474 1058 1540 ιι).
1090 1469 1257 1525 Sexta
1283 1485 1498 1540 quoque
1529 1471 1662 1524 hora
1697 1472 1799 1526 hoc

211 1568 411 1622 habere
441 1564 784 1636 privilegium
811 1563 1074 1623 noscitur,
1111 1563 1254 1631 quod
1287 1563 1338 1616 in
1384 1577 1446 1616 ea
1489 1561 1682 1618 Petrus
1709 1579 1799 1617 su-

211 1676 303 1729 pra
338 1658 681 1713 cmnaculum
709 1656 1058 1710 nihilominus
1083 1655 1412 1709 constitutus
1446 1655 1621 1710 oravit
1653 1655 1791 1722 (Act.

1898 465 2128 521 aberrat.
2154 464 2336 519 Prima
2361 478 2489 519 vero
2512 463 3114 544 monachorum'pmter
3133 480 3473 541 Dominicum

1899 555 2039 611 diem
2068 555 2456 611 convenienter
2492 571 2523 608 a
2564 555 2743 625 capite
2781 557 2992 612 videtur
3029 563 3284 626 inchoare
3329 574 3474 644 p531.

1898 646 2044 714 terii,
2069 655 2127 700 ut
2151 661 2275 702 cum
2303 645 2424 702 libri
2451 647 2716 718 principio
2743 657 2870 717 apte
2894 657 3186 707 concordet
3206 652 3311 707 diei
3341 668 3475 725 quo-

1897 754 2002 810 que
2029 739 2303 796 nascentis
2321 739 2493 810 origo.

2412 853 2575 923 215
2612 853 2844 910 CAPUT
2885 855 2970 910 IV.

1897 940 2008 998 Cur
2047 959 2080 997 α
2128 941 2333 996 clericis
2373 945 2622 1066 quinqstde,
2670 946 2998 1066 almonacln's
3032 956 3262 1017 quatuor
3281 949 3476 1018 psalmi

2593 1031 2709 1066 rcan
2737 1030 2821 1066 ur.

2593 1030 2728 1067 tcaru
2737 1031 2767 1067 ll
2775 1030 2821 1067 Γ.

1967 1103 2263 1174 Vesperum
2291 1113 2470 1158 autem
2496 1120 2602 1158 non
2629 1107 2877 1159 eumdem
2896 1105 3227 1174 psalmorum
3257 1110 3474 1164 modum

1896 1196 2035 1265 apud
2090 1196 2331 1250 diversos
2371 1196 2592 1250 ordines
2646 1195 2810 1251 habet
2844 1215 2856 1249 :
2889 1213 3012 1252 nam
3057 1199 3197 1268 apud
3248 1199 3478 1255 clericos

1895 1278 2111 1354 quidem
2144 1284 2381 1354 quinque
2424 1284 2660 1354 psalmos
2699 1286 3072 1351 amplectitur;
3113 1289 3255 1358 apud
3284 1305 3472 1346 mone-

1897 1377 2031 1430 chos
2063 1385 2241 1429 autem
2273 1384 2505 1446 quatuor
2540 1376 2672 1430 solis
2701 1377 2969 1446 expletur.
3006 1378 3266 1433 Neutrum
3293 1391 3474 1436 tamen

1896 1467 2106 1520 ratione
2156 1481 2348 1521 vacare
2390 1468 2756 1537 cognoscitur,
2803 1469 2846 1522 si
2895 1469 3069 1538 dignte
3121 1470 3474 1524 discussionis

1896 1555 2150 1624 indagine
2194 1557 2560 1626 perquiratur.
2633 1556 2766 1610 Nam
2827 1559 2893 1611 de
2944 1559 3182 1628 quinque
3234 1575 3475 1628 vespera:

1895 1645 2117 1716 psalmis
2139 1647 2250 1700 haec
2276 1647 2466 1700 eadem
2494 1661 2601 1700 non
2625 1646 2858 1700 absurde
2887 1648 3025 1700 ratio
3063 1647 3324 1709 redditur,
3355 1662 3475 1716 quae

209 1754 287 1818 ι),
319 1760 377 1805 et
425 1751 530 1805 sub
557 1751 892 1804 diversorum
935 1748 1268 1811 animalium,
1306 1747 1688 1816 reptiliumque
1731 1747 1792 1800 ﬁ-

1903 1743 1950 1789 et
1974 1735 2223 1803 superius
2253 1735 2499 1789 absoluta
2528 1736 2594 1788 de
2617 1735 2896 1790 matutinis
2918 1734 3167 1789 habetur.
3195 1734 3325 1788 Nam
3348 1735 3472 1803 quia

212 1857 366 1911 gnra,
392 1838 638 1894 omnium
665 1838 894 1893 salutem
925 1838 1166 1908 gentium
1187 1838 1422 1910 mystica
1464 1838 1796 1893 revelatione

213 1932 468 2002 cognovit
493 1950 508 1984 τ
531 1931 827 2000 eademque
867 1931 999 1986 hora
1035 1929 1284 1986 Salvator
1310 1939 1512 1995 noster,
1540 1931 1682 1986 sicut
1704 1929 1796 1984 alii

214 2033 485 2079 testantur
516 2023 886 2094 evangelista,
919 2037 1110 2078 revera
1145 2023 1199 2078 in
1240 2022 1480 2092 patibulo
1513 2023 1692 2077 crucis
1714 2031 1799 2077 est

213 2130 308 2184 pro
333 2114 580 2170 omnium
614 2113 790 2169 salute
826 2128 1123 2184 suspensus
1169 2111 1388 2184 (Matth.
1435 2128 1617 2177 xxvn;
1663 2110 1792 2167 Luc.

217 2203 401 2269 unt).

290 2297 496 2351 Verum
543 2313 613 2352 ne
651 2297 773 2366 quis
816 2296 956 2353 forte
995 2297 1302 2367 suspicetur
1328 2308 1544 2353 sanctos
1573 2312 1800 2364 evange-

211 2386 388 2452 listas,
419 2387 562 2442 sicut
587 2387 839 2442 videntur
889 2389 941 2441 in
988 2389 1277 2442 verborum
1311 2387 1615 2457 prolatione
1641 2387 1799 2442 dissi-

210 2476 361 2539 dere,
410 2477 486 2530 ita
533 2476 697 2530 etiam
749 2476 998 2532 sensibus
1041 2477 1402 2545 asemetipsis
1431 2476 1662 2530 invicem
1687 2477 1798 2531 dis-

212 2568 442 2634 sentire,
475 2567 710 2622 breviter
752 2568 1012 2633 dicimus;
1048 2569 1171 2637 quia
1206 2567 1418 2621 Marcus
1467 2567 1598 2620 hora
1631 2567 1796 2620 tertia

212 2655 536 2710 cruciﬁxum
591 2656 878 2710 Dominum
932 2655 1129 2727 linguis
1196 2655 1394 2710 asserit
1447 2653 1790 2720 Iudaeorum;

214 2746 395 2800 ceteri
439 2753 620 2800 autem
676 2733 1022 2816 evangelista:
1073 2754 1227 2800 sexta
1280 2745 1412 2799 hora
1473 2759 1796 2813 suspensum

218 2835 502 2904 perhibent
530 2835 780 2891 al‘ﬁxione
808 2836 1104 2890 clavorum.
1152 2834 1294 2890 llora
1337 2835 1606 2903 siquidem
1639 2835 1798 2889 tertia

215 2925 538 2990 clamavere,
595 2926 837 2980 dicentes
884 2944 898 2979 :
950 2923 1229 2994 Cruci/iga,
1262 2925 1547 2993 cruciﬁge;
1579 2939 1642 2979 ac
1673 2939 1796 2994 per-

218 3013 336 3068 inde
385 3014 556 3069 Judzei
608 3015 930 3069 cruciﬁxcre
971 3014 1198 3084 judicio,
1240 3029 1401 3083 quem
1453 3014 1798 3082 postmodum

1897 1828 2118 1882 humani
2151 1828 2364 1899 generis
2393 1827 2560 1897 judex
2611 1838 2770 1882 nocte
2799 1838 3058 1883 venturus
3086 1830 3176 1892 sit,
3231 1829 3350 1899 ipso
3389 1831 3479 1883 do-

1896 1931 2052 1976 ccnte
2076 1922 2452 1992 cognoscimus
2477 1920 2527 1991 (1
2555 1920 2736 1976 Thess.
2759 1921 2834 1992 v),
2867 1921 2962 1977 sed
2988 1936 3090 1990 qua
3119 1921 3292 1975 noctis
3320 1922 3474 1985 hora,

1895 2011 2148 2067 videlicet
2181 2020 2358 2066 utrum
2385 2012 2560 2068 media
2591 2020 2772 2076 nocte,
2798 2028 2864 2066 an
2890 2013 3011 2083 galli
3040 2021 3224 2079 cantu,
3257 2028 3325 2067 an
3360 2028 3479 2066 ma-

1897 2117 1964 2158 ne
1992 2103 2189 2164 veniat,
2235 2103 2362 2174 quia
2399 2103 2718 2172 perhibente
2757 2104 2897 2173 ipso,
2931 2104 3071 2158 sicut
3109 2103 3195 2157 fur
3222 2113 3480 2158 venturus

1896 2203 2002 2261 est,
2055 2196 2407 2266 ignoramus;
2464 2205 2610 2250 recte
2637 2210 2768 2266 ergo
2810 2195 2949 2250 sicut
2980 2195 3032 2249 in
3078 2196 3379 2262 matutinae,
3404 2195 3479 2250 ita

1898 2285 2250 2340 nihilominus
2290 2287 2343 2340 in
2391 2287 2717 2356 vespertina:
2756 2287 2930 2341 laudis
2984 2286 3180 2352 oﬁicio,
3221 2301 3479 2355 sponsqu

1898 2392 2054 2431 suum
2069 2386 2255 2430 sancta
2285 2375 2579 2431 electorum
2602 2377 2843 2431 Ecclesia
2860 2376 3224 2445 praestolatur,
3249 2392 3366 2444 quae
3382 2391 3481 2446 per

1899 2483 2182 2523 numerum
2206 2477 2288 2523 est
2317 2469 2555 2537 quinque
2578 2468 2906 2536 prudentum
2937 2468 3203 2538 virginum
3242 2483 3478 2536 congrue

1898 2557 2176 2626 designata
2211 2574 2224 2609 :
2257 2557 2341 2610 cui
2391 2557 2646 2611 nimirum
2690 2555 2818 2609 dum
2849 2557 3092 2625 quinque
3118 2555 3359 2624 psalmos
3386 2557 3480 2609 bo-

1897 2647 1982 2703 nis
2013 2647 2267 2716 operibus
2309 2655 2499 2700 ornata
2532 2643 2850 2715 conjubilat,
2903 2646 3149 2700 accensis
3188 2646 3345 2713 quasi
3397 2653 3476 2698 to-

1901 2741 2065 2794 tidem
2098 2739 2510 2809 lampadibusin
2540 2738 2656 2807 ejus
2687 2754 2972 2793 occursum
2999 2738 3300 2793 laetabunda
3325 2737 3479 2792 festi-

1901 2839 2015 2884 nat.
2047 2828 2148 2895 Qui
2175 2844 2303 2883 vero
2327 2838 2558 2897 quatuor
2583 2829 2818 2899 psalmos
2846 2829 3098 2893 instituit,
3132 2829 3197 2885 ad
3228 2829 3350 2893 hoc,
3375 2829 3479 2882 nisi

1900 2921 2076 2986 fallor,
2131 2929 2407 2990 spectasse
2437 2921 2741 2974 credendus
2776 2930 2880 2984 est,
2908 2921 3034 2990 quia
3081 2921 3221 2976 sicut
3247 2930 3481 2989 quatuor

1901 3025 2026 3070 sunt
2078 3015 2274 3085 vigilite
2325 3014 2610 3078 militares,
2651 3013 2724 3067 ita
2753 3013 3105 3067 nihilominus
3149 3023 3204 3066 et
3248 3025 3481 3082 quatuor

219 3104 416 3158 milites
460 3103 744 3158 aﬁixerunt
770 3105 1160 3175 suspendentes
1185 3106 1236 3159 in
1277 3104 1442 3175 ligno.
1474 3103 1621 3158 Nona
1663 3119 1798 3174 quo-
1825 3097 1870 3159 C
1902 3105 2232 3176 principales
2263 3111 2560 3159 noscuntur
2585 3117 2706 3158 esse
2729 3104 2980 3168 virtutes,
3005 3104 3213 3172 justitia
3245 3103 3476 3167 scilicet,

217 3210 318 3266 que
362 3196 500 3250 hora
547 3195 749 3266 pr0prii
797 3196 1018 3252 honoris
1057 3197 1209 3252 titulo
1241 3213 1348 3251 non
1378 3198 1641 3267 privatur,
1666 3197 1794 3250 dum

216 3285 267 3340 is
294 3301 361 3340 ea
385 3284 650 3348 Dominus
675 3295 1047 3342 consummato
1067 3288 1335 3359 passionis
1363 3303 1475 3344 suae
1513 3287 1794 3358 mysterio,

214 3377 466 3446 spiritum
491 3377 738 3432 emisisse
773 3375 1118 3434 describitur.

282 3464 378 3521 Ha:
428 3467 595 3536 igitur
637 3469 808 3536 horae,
864 3484 986 3539 quae
1038 3470 1184 3524 inter
1210 3477 1438 3526 caeteras
1485 3469 1591 3525 diei
1631 3469 1796 3526 horas

217 3557 486 3613 habentur
502 3559 753 3630 egregiae,
774 3567 828 3614 et
865 3559 945 3614 sic
968 3559 1202 3629 propriis
1226 3559 1452 3631 singula:
1474 3559 1793 3632 privilegiis,

217 3656 474 3719 tanquam
518 3651 775 3720 primates
809 3651 864 3708 in
903 3653 1061 3708 turba
1107 3652 1425 3722 specialium
1471 3653 1794 3724 dignitatum

217 3743 616 3809 quodammodo
663 3744 918 3798 videntur
949 3743 1140 3800 infulis
1171 3745 1463 3816 insignitae,
1513 3746 1734 3801 ternarii
1763 3761 1796 3801 a

216 3843 272 3882 se
307 3830 544 3886 invicem
580 3832 792 3888 numeri
823 3840 948 3887 sunt
978 3833 1382 3904 intercapedine
1408 3844 1792 3906 sequestratae;

216 3937 277 3976 ac
300 3922 530 3992 perinde
554 3922 681 3976 dum
715 3923 768 3977 in
792 3939 980 3978 earum
1007 3925 1234 3995 singulis
1260 3925 1482 3981 laudum
1524 3935 1648 3981 vota
1673 3942 1799 3998 per-

216 4013 510 4079 solvimus,
545 4028 666 4070 eum
703 4029 803 4071 nos
855 4015 1055 4082 colere,
1101 4016 1194 4086 qui
1252 4032 1392 4072 unus
1418 4017 1472 4071 in
1531 4015 1798 4074 Trinitate

215 4115 520 4175 permanet,
549 4121 647 4176 per
668 4107 782 4177 ipsa
821 4123 1037 4178 quoque
1061 4117 1364 4178 temporum
1398 4109 1671 4164 curricula
1704 4111 1797 4165 de-

214 4205 602 4251 monstramus.
627 4195 781 4264 Quod
803 4207 983 4253 autem
1009 4213 1106 4268 per
1132 4199 1230 4254 has
1250 4207 1482 4268 quatuor
1502 4199 1664 4254 horas
1689 4213 1798 4254 non

215 4290 379 4344 iidem
413 4288 607 4358 psalmi
640 4289 780 4359 apud
806 4289 1050 4345 diversos
1070 4290 1325 4346 Ecclesia:
1353 4289 1572 4345 ordines
1599 4289 1797 4359 depro-

216 4391 468 4446 muntur;
495 4388 557 4433 ut
581 4381 839 4435 nimirum
886 4382 1027 4451 apud
1068 4380 1547 4454 clericosquidem
1574 4391 1798 4437 octavus

1898 3193 2176 3259 fortitudo,
2226 3194 2582 3264 temperantia
2611 3203 2776 3262 atque
2829 3194 3143 3262 prudentia.
3185 3193 3242 3247 ln
3281 3195 3478 3264 quibus

1897 3288 2084 3357 utique
2109 3303 2207 3357 per
2227 3296 2547 3341 nocturnam
2570 3285 2817 3340 mortalis
2840 3285 3001 3355 hujus
3029 3283 3151 3338 vita:
3187 3283 3476 3354 caliginem

1889 3379 2096 3450 iugiter
2140 3379 2468 3449 vigilandum
2523 3389 2630 3443 est,
2689 3387 2746 3432 et
2786 3378 2838 3430 in
2867 3377 3147 3447 procinctu
3179 3377 3478 3446 spiritualis

1896 3473 2130 3536 militiae,
2149 3471 2202 3525 in
2229 3471 2384 3540 cujus
2399 3485 2548 3524 arma
2567 3469 2896 3538 juravimus,
2927 3484 3029 3539 pro
3057 3468 3258 3524 castris
3277 3469 3480 3524 nostris

1897 3565 2280 3637 longanimiter
2329 3563 2608 3627 standum,
2635 3571 2691 3618 et
2721 3561 3135 3634 infatigabiliter
3187 3563 3478 3616 decertan-

1896 3659 2047 3714 dum.
2088 3658 2146 3713 In
2189 3658 2294 3712 hoc
2355 3657 2522 3727 igitur
2571 3654 2897 3726 vespertinae
2948 3654 3123 3709 laudis
3145 3653 3324 3710 olllcio
3378 3667 3478 3723 per

1897 3757 2134 3819 quatuor
2178 3762 2314 3817 quos
2362 3745 2704 3801 modulamur
2756 3745 2994 3816 psalmos
3038 3745 3380 3812 instruimur,
3419 3753 3483 3801 ut

1898 3855 2024 3912 erga
2055 3847 2291 3910 quatuor
2338 3839 2600 3893 virtutum
2648 3839 2949 3894 custodiam
2980 3838 3276 3909 pervigiles
3314 3851 3485 3893 excu-

1897 3938 2114 3992 bemus.

1969 4024 2248 4081 Canticum
2271 4039 2484 4097 qnoque
2512 4023 2571 4078 Β.
2603 4023 2697 4078 Dei
2732 4021 3022 4078 Genitricis
3055 4037 3161 4094 non
3187 4021 3483 4090 incongrue

1899 4120 2210 4190 vespertino
2268 4117 2556 4186 copulatur
2611 4113 2806 4171 ollicio.
2854 4114 2950 4169 llla
3014 4115 3282 4184 siquidem
3337 4113 3485 4169 velut

1900 4224 2121 4264 emenso
2139 4207 2252 4274 jam
2280 4208 2440 4279 longo
2466 4207 2728 4277 praeteriti
2758 4207 2940 4262 saeculi
2966 4207 3072 4273 die,
3097 4206 3196 4262 sub
3228 4207 3345 4276 ipso
3371 4206 3483 4261 sci-

1900 4302 2026 4356 licet
2077 4300 2262 4355 mundi
2313 4298 2744 4369 vesperascentis
2790 4313 3005 4362 occasu,
3051 4312 3176 4352 mox
3208 4306 3268 4351 ut
3300 4297 3481 4352 lumen

1902 4393 2092 4447 aeterni
2139 4391 2299 4447 Verbi
2344 4390 2513 4447 felicis
2557 4389 2730 4444 vulva:
2755 4388 2887 4444 [lore
2917 4389 3188 4458 concepit,
3234 4388 3488 4458 protinus

217 4471 460 4527 decimus
511 4481 632 4542 post
653 4473 1023 4534 centesimum
1057 4475 1156 4530 sub
1208 4474 1531 4534 incisionum
1577 4489 1798 4530 suarum
1830 4445 1878 4503 θ
1903 4481 1956 4535 in
2006 4495 2195 4536 vocem
2236 4481 2430 4535 divina:
2453 4479 2630 4534 laudis
2682 4479 2863 4548 erupit
2909 4496 2972 4531 τι
3023 4477 3347 4549 Magniﬁcar,
3396 4479 3487 4532 in-

216 4562 670 4631 descriptionibus
706 4572 922 4628 currat;
969 4564 1022 4619 in
1077 4565 1423 4620 monasteriis
1452 4575 1632 4619 autem
1669 4580 1798 4619 can-

219 4653 324 4708 tica
351 4653 616 4724 graduum
648 4654 1094 4710 consuetudinem
1140 4663 1396 4720 teneant;
1440 4655 1484 4710 si
1517 4671 1630 4710 rem
1685 4655 1801 4709 dili-

217 4753 405 4814 genter
444 4745 795 4816 inspicimus,
833 4759 1196 4817 congruenter
1240 4757 1532 4818 utrumque
1580 4749 1699 4804 ﬁeri
1738 4748 1800 4803 li-

217 4834 381 4901 quido
438 4836 762 4905 reperimus.
793 4836 927 4890 Nam
958 4852 1082 4891 cum
1129 4838 1370 4908 prolixus
1416 4839 1508 4893 ille
1558 4839 1798 4909 psalmus

216 4923 526 4993 specialiter
568 4925 932 4996 gradientium
960 4927 1081 4992 iter,
1131 4943 1236 4982 non
1295 4929 1455 4982 modo
1484 4944 1580 4998 per
1613 4929 1803 4999 mysu-

216 5029 338 5068 cum
361 5015 555 5085 dirigat
584 5026 1006 5083 sacramentum,
1053 5019 1147 5076 sed
1179 5021 1231 5078 in
1267 5021 1381 5090 ipsa
1415 5021 1578 5074 etiam
1607 5021 1802 5076 verbo-

219 5120 337 5159 rum
380 5106 668 5174 superﬁcie
715 5108 861 5163 viam
909 5109 1248 5179 frequentius
1291 5119 1479 5175 sonet;
1527 5112 1798 5168 canticum

217 5212 347 5252 vero
378 5199 642 5268 graduum
688 5201 930 5270 ejusdem
959 5203 1058 5258 vite
1099 5203 1321 5273 gradus,
1349 5203 1499 5258 salvo
1524 5202 1800 5274 profundi-

219 5288 346 5341 tatis
377 5304 488 5342 snas
539 5290 825 5361 mysterio,
862 5290 977 5361 ipsa
1027 5293 1192 5347 etiam
1243 5293 1514 5363 perspicui
1566 5293 1801 5349 nominis

217 5379 566 5447 espressione
610 5384 992 5448 commendat;
1028 5382 1095 5437 ad
1133 5386 1500 5455 peragendum
1529 5385 1584 5439 in
1617 5384 1800 5440 Eccle-

216 5469 292 5521 sia
345 5468 438 5522 Dei
493 5473 766 5527 currentis
817 5473 1053 5528 oﬂicium
1106 5485 1400 5545 utrumque
1449 5477 1805 5546 perpenditur

208 5561 561 5616 concorditer
605 5564 935 5620 institutum.
980 5567 1048 5622 Et
1089 5569 1216 5637 quia
1274 5568 1503 5625 alterum
1536 5571 1604 5625 ab
1629 5569 1802 5625 altero

215 5651 527 5709 intellectus
555 5656 819 5714 varietate
844 5673 955 5714 non
998 5657 1296 5732 discrepat,
1323 5660 1641 5720 utrumlibet
1663 5661 1803 5716 invi-

1903 4571 2117 4638 quiens,
2155 4570 2336 4624 anima
2368 4583 2485 4623 mea
2533 4569 2819 4622 Dominum
2851 4567 3004 4635 (Luc.
3056 4567 3114 4636 t).
3155 4586 3172 4617 ι
3200 4568 3280 4620 Ad
3314 4569 3490 4622 instar

1902 4678 2035 4732 ergo
2071 4663 2236 4729 illius,
2265 4677 2385 4731 quae
2411 4671 2588 4716 mater
2612 4670 2698 4739 est
2718 4660 2941 4724 Christi,
2973 4669 3024 4714 et
3066 4668 3177 4712 tota
3206 4660 3488 4713 universa-

1902 4755 1968 4809 lis
1996 4753 2260 4817 Ecclesia,
2308 4768 2428 4823 qua:
2455 4747 2894 4807 Christianorum
2930 4750 3119 4818 utique
3167 4758 3345 4802 mater
3375 4761 3482 4814 est,

1899 4861 2021 4916 quae
2053 4853 2109 4900 et
2159 4845 2389 4913 idipsu'n
2418 4845 2599 4899 lumen
2636 4852 2820 4913 portat
2847 4845 2900 4898 in
2933 4851 3135 4908 mente,
3193 4843 3336 4912 quod
3387 4843 3486 4898 (ιι.-

1903 4937 2028 4992 dum
2063 4936 2293 5008 gestavit
2337 4937 2392 4989 in
2441 4944 2652 4998 ventre,
2702 4936 3190 5003 advesperascente
3213 4932 3328 5002 jam
3376 4935 3482 4992 dic.

1902 5031 2062 5099 digna
2110 5030 2276 5084 Deum
2308 5029 2465 5084 laude
2496 5029 2829 5099 magniﬁcat,
2860 5038 2910 5084 et
2941 5029 3006 5085 de
3041 5029 3252 5085 collatis
3278 5029 3489 5086 beneﬁ-

1903 5121 2003 5175 ciis
2024 5121 2226 5190 gratias
2259 5136 2446 5191 agens,
2472 5122 2696 5190 spiritus
2725 5120 2842 5191 ejus
2875 5123 2928 5178 in
2959 5121 3070 5178 Deo
3114 5121 3336 5179 salutari
3387 5137 3485 5175 suo

1903 5212 2330 5284 gratulabundus
2353 5215 2610 5270 exsultat.
3067 5196 3075 5203 ’

2535 5303 2763 5363 CAPUT
2803 5306 2868 5360 ν.

2135 5392 2243 5446 Cur
2269 5402 2372 5447 tres
2399 5394 2588 5463 psalmi
2630 5396 2874 5449 dicamur
2900 5413 2932 5449 a
2962 5393 3246 5447 monac/ris.

1978 5483 2406 5554 Completorium
2431 5500 2647 5556 quoque
2671 5488 2784 5542 haec
2815 5487 3103 5544 diversitas
3131 5487 3318 5550 variat,
3340 5486 3484 5555 quod

1908 5573 2049 5643 apud
2071 5577 2367 5631 monachos
2388 5578 2606 5646 quidem
2652 5579 2847 5642 tribus,
2885 5581 3024 5647 apud
3055 5579 3282 5634 clericos
3305 5589 3484 5634 autem

1909 5670 2148 5734 quatuor
2187 5665 2414 5736 psalmis
2456 5676 2689 5724 constat.
2732 5666 2838 5722 Sed
2889 5668 2955 5723 de
2999 5679 3230 5739 quatuor
3265 5673 3487 5742 psalmis
