3996 6184
504 331 608 387 227

965 316 1255 376 S.PETR1
1288 311 1572 370 DAMIANI
1603 308 1731 365 OPP
1762 305 2027 363 'TOMUS
2064 304 2190 362 SEU
2218 300 2397 359 PARS
2435 301 2518 359 lll.
2553 331 2616 341 —
2653 297 3017 358 Oi‘USCULA
3056 298 3284 356 VARIA.

3659 302 3770 355 2&8

506 451 698 503 eadem
747 439 1101 497 nihilominus
1141 443 1280 488 ratio
1326 436 1408 485 est
1449 426 1738 487 reddenda,
1774 437 1891 490 qua:
1921 433 1975 476 et
2014 421 2079 476 de
2107 420 2432 485 Avidelicet
2453 419 2634 475 ofﬁcia
2660 435 2780 491 quae
2799 418 3072 488 descripta
3091 428 3240 484 sunt,
3274 418 3345 473 ita
3374 417 3582 488 possint
3604 431 3764 489 aqua

508 535 833 605 vesperum;
861 528 1033 583 laudis
1064 522 1237 572 omcio
1265 523 1349 568 est
1388 514 1638 583 superius
1682 513 1925 566 absoluta
1960 530 1972 565 :
2005 513 2083 566 vi-

507 604 696 681 delirot
727 626 784 665 ut
828 626 925 679 per
966 605 1282 677 quadriﬁdm
1323 604 1635 673 psalmodire
1676 618 1958 656 numerum
1990 604 2081 657 do-

502 720 721 760 ceamur
741 701 904 771 216
950 699 1190 768 arripere
1227 697 1448 750 totidem
1500 703 1898 764 consequenter
1928 710 2079 748 arma

448 827 453 831 ι
501 797 758 849 virtutum
795 811 807 845 :
840 790 1035 861 quibus
1086 789 1313 843 accincti
1345 797 1398 841 et
1432 785 1864 839 latrocinantium
1916 784 2078 837 vitio-

502 900 619 940 rum
648 894 794 954 terga
824 880 1126 951 perfodere,
1161 887 1216 932 et
1255 878 1478 932 hostiles
1508 877 1881 930 insidiatorum
1916 874 2078 943 spiri-

503 984 651 1029 tuum
706 974 981 1027 valeamus
1034 970 1264 1038 impelus
1334 968 1674 1037 propulsare.
1726 965 2078 1033 rHttjusmOtli

501 1077 694 1132 nempe
715 1072 934 1116 enarrat
964 1059 1222 1113 excubias
1251 1057 1550 1124 Scriptura,
1583 1071 1704 1109 cum
1733 1056 1861 1109 dicit
1888 1073 1899 1107 :
1940 1073 1957 1105 ‹
2000 1055 2075 1108 Eu

499 1153 758 1207 lectulum
819 1150 1123 1204 Salomonis
1174 1146 1453 1215 sexaginta
1506 1145 1673 1199 fortes
1730 1146 1973 1198 ambiunt
2010 1158 2075 1197 ex

502 1240 812 1295 fortissimis
847 1238 1011 1293 Israel
1060 1253 1074 1292 :
1112 1236 1403 1303 unicuique
1456 1235 1602 1288 ensis
1654 1248 1783 1288 suus
1813 1249 1975 1301 super
2002 1232 2079 1302 fe;

504 1348 625 1385 mur
664 1341 886 1401 propter
916 1331 1135 1383 timores
1164 1336 1457 1381 nocturnos
1505 1325 1681 1395 (Cant.
1702 1323 1835 1395 ιιι).›
1867 1324 1945 1377 Ex
1976 1324 2073 1378 de-

499 1421 611 1475 hito
642 1431 819 1474 autem
852 1419 1136 1473 reddenda:
1168 1417 1389 1471 rationis
1437 1431 1599 1485 super
1630 1416 1801 1475 tribus
1854 1414 2078 1483 psalmis

499 1521 686 1567 sancta
736 1526 835 1565 nos
884 1511 1120 1563 Trinitas
1158 1508 1401 1576 expedit;
1463 1508 1562 1561 sub
1619 1504 1772 1574 cujus
1821 1506 2073 1559 nimirum

498 1602 778 1672 signaculo
849 1610 1129 1670 peractum
1188 1601 1327 1653 diem
1385 1596 1793 1666 completorium
1850 1596 2072 1650 claudit.

501 1692 652 1746 Sicut
705 1693 846 1745 enim
908 1692 1091 1759 primze
1128 1691 1275 1743 horze
1324 1688 1581 1751 ofﬁcium,
1630 1696 1687 1741 ut
1718 1694 2072 1757 prmtaxalum

500 1790 607 1845 est,
656 1780 712 1834 S.
749 1780 1030 1833 Trinitatis
1081 1778 1203 1831 ﬁdei
1254 1778 1548 1839 dedicatur,
1579 1777 1651 1830 ita
1698 1786 1751 1830 et
1778 1775 2071 1845 completo-
2108 1783 2150 1841 Β

503 1873 641 1925 rium
674 1872 724 1925 in
756 1870 992 1939 ejusdem
1045 1870 1101 1922 S.
1133 1868 1413 1922 Trinitatis
1468 1869 1771 1921 assertione
1798 1866 2075 1921 concludi-

505 1971 604 2022 tur,
635 1969 692 2014 ut
720 1962 803 2015 cui
829 1961 991 2013 totius
1023 1960 1125 2012 diei
1150 1974 1340 2013 cursus
1363 1958 1600 2011 militare
1634 1957 1987 2027 dignoscitur,
2023 1957 2078 2010 in

499 2064 620 2103 cum
647 2060 877 2120 peracta:
903 2049 1115 2104 tandem
1148 2050 1282 2102 lucis
1306 2049 1545 2101 clausula
1584 2048 1922 2103 terminetur.
1955 2048 2080 2104 llaec

499 2140 677 2209 itaque
716 2142 781 2196 de
825 2140 1029 2195 diurnis
1092 2140 1344 2194 horarum
1382 2138 1571 2194 ofﬁciis
1627 2140 1899 2193 succincte
1960 2154 2081 2207 per-

497 2230 855 2293 strinximus,/
888 2238 944 2281 ut
976 2229 1041 2282 ad
1088 2229 1214 2296 quid
1267 2228 1525 2281 instituta:
1572 2229 1703 2293 sint,
1741 2228 1827 2281 vel
1853 2243 1950 2281 cur
1980 2228 2081 2281 sub

502 2320 724 2390 praeﬁxo
774 2318 1108 2389 psalmorum
1149 2317 1359 2371 calculo
1411 2319 1788 2384 terminentur,
1827 2318 2079 2373 enuclea-

500 2412 604 2465 tius
635 2411 1013 2480 panderemus.
1056 2410 1312 2478 Quisquis
1368 2410 1550 2478 itaque
1590 2419 1793 2479 septem
1827 2410 1944 2465 hzec
1985 2425 2079 2465 ca-

498 2502 814 2555 nonicorum
868 2501 1121 2554 horarum
1168 2500 1365 2565 ofﬁcia,
1416 2501 1727 2568 quotidiana
1760 2502 1866 2556 Deo
1919 2502 2081 2555 devo-

497 2590 645 2643 tione
708 2589 1060 2659 persolverit,
1128 2590 1171 2642 si
1229 2604 1258 2640 a
1303 2590 1557 2659 gravibus
1608 2590 1710 2644 illis
1764 2590 2080 2645 criminibus

495 2680 818 2735 omnimodis
859 2681 1088 2744 alienus,
1146 2695 1175 2731 a
1223 2679 1429 2734 levibus
1457 2695 1671 2748 quoque
1705 2690 1930 2748 septem,
1959 2695 2080 2749 qua:

496 2774 744 2841 Superius
776 2781 1089 2825 enumerata
1125 2778 1269 2833 sunt,
1322 2771 1372 2824 in
1401 2782 1661 2840 quantum
1712 2771 1944 2823 humana
1972 2772 2081 2824 fra-

498 2863 675 2931 gilitas
704 2862 922 2931 patitur,
951 2876 1075 2914 cum
1105 2860 1198 2913 Dei
1241 2860 1612 2913 snhvenientis
1642 2860 1842 2913 auxilio
1877 2868 2077 2928 tempe-

502 2953 658 3016 ravit,
692 2952 761 3005 ab
813 2952 896 3005 his
924 2967 1043 3019 qua:
1067 2966 1258 3004 cavere
1300 2966 1404 3003 non
1434 2960 1628 3018 potest,
1660 2959 1717 3003 ut
1748 2950 2080 3004 conﬁdenter

498 3043 693 3107 dicam,
728 3042 781 3095 in
815 3043 1064 3097 examine
1097 3041 1361 3095 tremendi
1403 3039 1592 3107 judicii
1633 3041 1912 3095 absolutus
1938 3043 2072 3105 erit;

2174 515 2447 583 parilitate
2481 514 2844 578 distribui,,ut
2874 529 2939 567 ex
2970 512 3053 566 his
3076 513 3217 567 nocti
3245 521 3501 581 quatuor,
3524 524 3763 583 quatuor

2180 597 2341 649 etiam
2373 595 2479 649 diei
2514 604 2881 664 competenter
2924 595 3208 649 vidcantur
3255 596 3461 663 aptari;
3493 605 3763 665 quatenus

2180 699 2489 755 vesperum,
2510 685 2941 754 completorium,
2977 693 3326 747 nocturnum,
3350 686 3616 740 matutina
3640 687 3761 741 laus

2183 777 2251 829 ad
2298 785 2542 838 noctem;
2597 775 2767 842 prima
2797 788 2946 836 vero,
2980 775 3155 838 tertia,
3188 783 3339 828 sexta
3374 782 3428 828 et
3458 789 3599 829 nona
3631 791 3761 830 con-

2180 881 2310 936 grue
2333 865 2684 919 conferantur
2708 866 2772 919 ad
2797 865 2957 919 diem.
2991 865 3150 934 217
3174 864 3270 918 Cui
3299 864 3549 921 videlicet
3580 882 3763 921 asser-

2180 958 2314 1012 tioni
2355 958 2471 1027 ipsa
2520 971 2759 1025 vespera:
2820 971 2883 1009 ac
2928 956 3116 1024 primae
3162 957 3416 1010 videntur
3472 959 3759 1028 astipulari

2180 1048 2463 1112 vocabula,
2497 1047 2621 1101 dum
2656 1054 2709 1101 et
2754 1060 3037 1114 vesperum
3070 1061 3098 1098 a
3150 1046 3299 1100 stella
3353 1048 3599 1117 hespero,
3638 1065 3760 1117 quae

2179 1139 2278 1193 sub
2325 1139 2440 1207 ipso
2488 1138 2662 1191 noctis
2704 1137 2858 1191 initio
2893 1137 3170 1203 clarescit,
3221 1138 3639 1204 denominetnr;
3707 1151 3762 1193 et

2177 1229 2372 1297 prima,
2403 1228 2545 1297 quod
2574 1243 2603 1281 a
2646 1243 2704 1283 se
2734 1230 2849 1282 dies
2878 1227 3120 1297 incipiat,
3152 1232 3436 1299 perspicua
3481 1230 3759 1287 nihilomi-

2177 1335 2279 1374 nus
2338 1322 2419 1375 sui
2475 1321 2709 1375 nominis
2779 1321 3125 1388 expressione
3206 1330 3449 1376 testetur.
3517 1322 3762 1391 Cumque

2177 1426 2403 1480 vespera
2461 1411 2654 1475 noctis,
2708 1412 2880 1481 prima
2944 1426 3075 1466 vero
3130 1412 3235 1478 diei
3267 1414 3468 1481 pandat
3523 1413 3757 1475 initium,

2177 1517 2514 1573 consequens
2574 1513 2675 1568 est,
2729 1512 2783 1557 ut
2827 1504 2895 1558 ab
2925 1503 3095 1557 altero
3147 1513 3436 1570 nocturna,
3473 1505 3541 1559 ab
3583 1505 3757 1560 altero

2177 1595 2369 1649 diurna
2409 1595 2663 1649 inchoare
2695 1594 3081 1663 perhibeantur
3102 1592 3294 1648 ofﬁcia.

2765 1683 2990 1739 CAPUT
3039 1684 3143 1739 Vll.

2320 1777 2621 1830 Mensuram
2668 1777 2963 1844 refectionis
3020 1776 3380 1829 excedentium
3426 1793 3599 1846 pmna.

2252 1865 2375 1919 [hac
2412 1866 2571 1934 plane
2594 1874 2678 1919 est
2705 1864 2963 1934 quadriga
2989 1866 3205 1934 duplex,
3241 1866 3293 1919 iu
3342 1883 3445 1936 qua
3499 1883 3642 1922 nunc
3694 1870 3761 1921 ad

2179 1956 2419 2011 caelestia
2450 1971 2612 2025 regna
2641 1955 2922 2021 festinans,
2955 1964 3140 2010 sancta
3167 1964 3413 2010 vectatur
3457 1957 3699 2011 Ecclesia
3744 1976 3756 2010 :

2180 2048 2233 2102 in
2263 2049 2364 2101 hac
2396 2047 2627 2115 denique
2653 2046 2914 2116 quadriga
2942 2045 3047 2100 iter
3074 2045 3200 2109 diei,
3233 2047 3520 2114 noctisque
3542 2061 3765 2115 percur.

2180 2151 2325 2199 rens,
2355 2136 2459 2189 illis
2484 2136 2574 2205 qui
2616 2136 2745 2190 dicti
2777 2146 2902 2189 sunt
2936 2153 2948 2188 :
2987 2136 3190 2188 Currus
3237 2135 3330 2190 Dei
3372 2137 3556 2189 dtcem
3599 2136 3763 2190 millia

2180 2228 2459 2297 multiplex
2486 2227 2657 2298 (Psal.
2678 2226 2993 2297 van),jam
3019 2227 3184 2282 Deum
3210 2227 3475 2281 laudando
3492 2226 3758 2297 jungitur,

2181 2334 2343 2389 quem
2375 2319 2717 2387 postmodum
2749 2319 2981 2373 videndo
3028 2331 3125 2387 per
3182 2318 3435 2386 speciem,
3463 2332 3763 2385 eorumque

2182 2411 2327 2466 felici
2358 2412 2637 2465 consortio
2672 2410 3001 2479 perfruetur.
3051 2410 3126 2465 De
3172 2410 3368 2479 quibus
3397 2410 3638 2479 profeCto
3666 2423 3764 2479 per

2182 2502 2498 2572 prophetam
2523 2500 2762 2554 dicitur:
2797 2519 2815 2550 ι
2852 2500 2986 2566 Quia
3027 2514 3132 2554 non
3171 2501 3464 2555 cessabunt
3497 2511 3655 2554 nocte
3696 2514 3763 2556 ac

2182 2593 2267 2646 die
2296 2592 2566 2653 clamare,
2608 2590 2851 2644 dicentes
2893 2604 2906 2642 :
2963 2589 3223 2653 Sanetus,
3254 2602 3491 2655 sanctus,
3521 2601 3761 2653 sanctus,

2182 2682 2445 2736 Dominus
2469 2681 2611 2735 Deus
2643 2681 2881 2735 Sabaoth
2914 2700 2927 2734 :
2973 2681 3072 2747 Qui
3104 2690 3209 2745 est,
3240 2691 3293 2734 et
3320 2683 3409 2750 qui
3432 2690 3571 2746 erat,
3595 2692 3649 2735 et
3671 2684 3769 2750 qui"

2181 2782 2441 2828 venturus
2465 2781 2547 2827 est
2572 2774 2919 2841 omnipotens
2965 2772 3149 2843 (Apoc.
3200 2773 3295 2845 tv).
3367 2793 3385 2825 ι
3447 2772 3762 2844 Quanquam

2183 2864 2345 2933 igitur
2382 2873 2489 2919 tota
2519 2865 2649 2934 justi
2690 2866 2797 2919 vita
2830 2865 3003 2919 oratio
3064 2865 3135 2919 sit
3185 2867 3572 2921 rationabiliter
3621 2882 3766 2921 asse-

2181 2957 2374 3022 renda,
2402 2966 2577 3011 tamen
2599 2964 2653 3010 et
2670 2971 2768 3010 nos
2784 2956 2981 3011 inﬁrmi
3004 2957 3312 3011 mandatum
3340 2973 3554 3027 semper
3571 2959 3761 3013 orandi

2181 3063 2209 3101 a
2243 3048 2397 3102 nobis
2426 3047 2638 3117 impleri
2688 3048 2812 3117 jure
2858 3047 3201 3114 conﬁdimus,
3254 3049 3297 3105 si
3346 3052 3603 3106 canonica
3651 3053 3765 3105 haec

498 3142 552 3185 et
585 3132 709 3200 quia
742 3146 885 3185 nunc
912 3131 1155 3186 Creatori
1187 3146 1285 3183 suo
1322 3145 1426 3183 non
1460 3120 1680 3200 negligit
1705 3130 1938 3198 iujuucta
1968 3146 2077 3187 suae
2105 3126 2149 3187 C
2180 3137 2558 3191 ecclesiasticae
2589 3137 2941 3193 institutionis
2982 3138 3155 3192 ofﬁcia
3204 3139 3443 3207 quotidie
3491 3139 3766 3209 persolva-

496 3221 772 3276 servitutis
796 3220 1050 3290 obsequia
1099 3219 1340 3280 reddere,
1386 3227 1512 3274 tunc
1543 3220 1711 3274 libera
1746 3219 2076 3274 conscientia

500 3328 623 3366 cum
652 3312 712 3364 Β.
758 3312 947 3376 David,
994 3322 1153 3379 atque
1200 3310 1364 3364 alacri
1415 3311 1615 3379 poterit
1642 3325 1772 3365 voce
1814 3320 2076 3364 cantare:

504 3402 736 3469 Septies,
792 3401 1063 3468 inquiens,
1103 3400 1153 3453 in
1186 3400 1271 3453 die
1299 3400 1511 3454 laudem
1560 3400 1669 3453 dixi
1702 3400 1820 3464 tibi,
1854 3399 2081 3455 Domine

504 3495 646 3548 Deus
675 3509 846 3557 meus,
880 3509 947 3546 ne
982 3492 1174 3562 perdas
1205 3508 1288 3545 me
1311 3490 1484 3561 (Psal.
1512 3491 1722 3562 cxvttl).

1111 3580 1337 3635 CAPUT
1386 3579 1472 3633 Vl.

647 3677 799 3744 Quod
835 3676 1081 3730 continua
1122 3674 1373 3729 Ecclesia?
1395 3676 1563 3728 oratio
1597 3691 1707 3729 esse
1734 3676 1936 3731 debeat.

572 3769 637 3823 Et
702 3768 954 3838 quoniam
1024 3767 1090 3820 ad
1149 3767 1416 3820 continua:
1451 3767 1713 3822 orationis
1767 3767 2079 3820 instantiam

501 3862 704 3915 excitat
731 3874 830 3914 nos
855 3858 1164 3928 evangelica
1191 3858 1316 3912 tuba
1336 3897 1351 3921 ,
1382 3857 1567 3912 dicens
1600 3874 1613 3909 :
1651 3876 1669 3908 ‹
1707 3858 1841 3923 Quia
1869 3866 2084 3927 oportet

502 3967 718 4021 semper
745 3966 923 4015 orare,
961 3958 1016 4003 et
1046 3964 1320 4017 nunquam
1365 3946 1597 4002 deﬁcere
1644 3946 1799 4017 (Luc.
1843 3946 2017 4018 xvtu).
2057 3967 2076 4000 ι

506 4045 572 4098 Ει
614 4042 900 4113 Apostolus
941 4059 954 4095 :
993 4058 1011 4090 ι
1050 4039 1181 4094 Sine
1225 4038 1644 4101 intermissione,
1684 4038 1877 4105 inquit,
1928 4048 2082 4093 orate

502 4133 551 4204 (1
581 4134 761 4187 Thess.
796 4136 870 4203 v).
930 4152 948 4183 ι
1002 4132 1067 4186 Ει
1118 4132 1220 4185 hoc
1275 4146 1381 4184 non
1423 4130 1593 4185 solum
1638 4130 1745 4195 die,
1778 4131 1871 4185 sed
1920 4140 1977 4184 et
2025 4131 2079 4184 in

504 4231 662 4280 nocte
699 4231 1025 4292 pra‘ceptum
1075 4220 1444 4275 ecclesiastica
1498 4221 1718 4288 impleat
1772 4221 2078 4290 disciplina,

503 4314 911 4379 diligentissime
961 4320 1304 4381 procuratum
1334 4321 1437 4374 est,
1484 4320 1542 4363 ut
1571 4312 1832 4366 duodenis
1862 4312 2082 4380 psalmis

506 4413 783 4459 nocturnae
820 4403 1015 4473 vigilite
1063 4403 1449 4469 transigantur.
1492 4402 1693 4455 Durum
1725 4403 1920 4472 quippe
1966 4404 2081 4458 fue-

508 4504 613 4559 rat,
644 4503 703 4549 ut
722 4496 929 4565 :egroti,
957 4494 1069 4545 sive
1102 4500 1469 4560 praegnantes,
1495 4507 1561 4545 ac
1581 4492 1836 4559 quaelibet
1861 4502 2077 4547 attalum
2112 4476 2156 4532 Ῐ)

507 4602 841 4655 sexuumque
897 4585 1202 4646 diversitas,
1262 4584 1400 4638 sicut
1441 4585 1493 4638 in
1542 4585 1627 4639 die
1665 4599 1763 4654 per
1817 4595 2076 4640 nocturna

508 4696 721 4749 quoque
772 4680 1023 4733 horarum
1068 4677 1350 4731 intervalla
1402 4687 1774 4748 consurgeret,
1823 4689 1983 4747 atque
2011 4679 2079 4732 ad

511 4772 801 4826 Ecclesiam
829 4769 1122 4822 festinaret.

525 4877 531 4883 '
582 4861 652 4917 Ut
672 4876 802 4930 ergo
829 4860 1064 4913 laborem
1095 4858 1349 4912 Ecclesiae
1379 4858 1636 4928 magistra
1664 4859 1919 4913 discretio
1947 4869 2079 4912 tem-

510 4960 745 5021 peraret,
788 4948 1135 5016 exquisitum,
1165 4956 1324 5015 atque
1367 4948 1576 5004 altioris
1609 4950 1818 5002 consilii
1866 4949 2080 5017 dispen-

512 5042 721 5095 satione
751 5048 1007 5094 statutum
1033 5080 1047 5104 ,
1079 5049 1136 5092 ut
1172 5039 1323 5108 juxta
1380 5048 1764 5093 nocturnarum
1824 5039 2079 5091 horarum

515 5147 795 5187 numerum
814 5130 1161 5184 nihilominus
1184 5130 1250 5183 ad
1274 5129 1480 5199 vigilias
1494 5130 1755 5182 duodenis
1771 5129 2082 5182 decurreret.

511 5227 644 5279 ordo
668 5222 994 5293 psalmorum
1016 5240 1028 5277 :
1049 5220 1516 5289 utquodanuuodo
1532 5227 1641 5273 tota
1658 5235 1756 5273 nox
1775 5220 1826 5272 in
1842 5221 2083 5273 oratione

515 5317 788 5370 videretur
847 5328 1103 5383 expensa,
1154 5313 1277 5365 dum
1320 5312 1539 5365 totidem
1594 5311 1827 5378 psalmos
1882 5312 2084 5365 orando

513 5407 870 5473 persolveret,
902 5416 1033 5472 quot
1054 5403 1306 5457 videlicet
1354 5402 1503 5456 horis
1530 5410 1581 5455 et
1630 5402 1743 5470 ipsa
1789 5413 2082 5457 constaret.

514 5495 625 5549 Hoc
656 5512 847 5565 nempe
894 5506 1216 5550 nocturnum
1255 5493 1499 5561 designat
1535 5490 1769 5545 ofﬁcium
1796 5491 2085 5561 Propheta,

514 5603 635 5639 cum
664 5590 792 5641 dicit
823 5607 835 5641 :
871 5607 887 5637 ‹
920 5587 1085 5639 Media
1121 5594 1279 5639 nocte
1312 5584 1597 5652 surgebam
1629 5585 1694 5635 ad
1721 5584 2083 5639 confitendqu

517 5677 610 5729 \ihi
645 5676 816 5749 (Psal.
860 5677 1069 5745 cxvm).
1105 5697 1122 5728 ι
1158 5676 1474 5743 Quanquam
1508 5684 1557 5728 et
1588 5673 1700 5728 ltrt‘c
1728 5674 1928 5739 omnia,
1965 5685 2086 5729 octo

2183 3242 2321 3282 mus.
2351 3227 2506 3296 Apud
2542 3226 2744 3285 Gallias
2770 3238 2951 3283 autem
2982 3231 3078 3299 (ut
3102 3229 3351 3299 specialis
3376 3230 3475 3284 viri
3500 3229 3767 3285 relatione

2182 3316 2486 3386 didicimus)
2549 3317 2793 3387 religiosi
2853 3318 3227 3372 emnohiorum
3283 3317 3472 3373 Patres
3520 3318 3766 3373 videntes

2181 3407 2468 3475 plerosque
2484 3405 2714 3460 fratrum
2740 3407 2995 3461 traditam
3037 3422 3067 3461 a
3105 3406 3162 3461 Β.
3192 3406 3484 3462 Benedicto
3514 3407 3765 3478 (cap.39)

2182 3513 2494 3553 mensuram
2535 3497 2847 3553 refectionis
2878 3500 3160 3558 excedere.
3189 3495 3286 3553 nec
3324 3513 3380 3552 se
3424 3514 3582 3568 posse
3624 3499 3767 3553 intra

2185 3590 2562 3658 prtescriptum
2594 3590 2858 3659 regularis
2883 3590 3041 3646 diarii
3076 3589 3297 3644 limitem
3336 3590 3612 3653 cohibere,
3636 3605 3767 3643 cauc

2184 3689 2297 3736 tum
2359 3681 2651 3745 duxerunt,
2679 3688 2739 3733 ut
2789 3681 3094 3735 constitutis
3152 3682 3455 3750 quibusque
3508 3682 3768 3736 horarum

2182 3769 2388 3827 ofﬁciis.
2412 3769 2614 3825 etalios
2641 3769 2817 3824 adhuc
2844 3771 3081 3839 psalmos
3112 3780 3471 3840 apponerent;
3502 3779 3769 3840 quatenus

2186 3862 2356 3915 victus
2389 3861 2717 3915 remissioris
2752 3876 3034 3917 excessum
3061 3872 3348 3933 augmento
3374 3863 3585 3917 valeant
3607 3878 3761 3917 com-

2182 3971 2412 4025 pensare
2449 3957 2797 4026 psalmorum.
3778 4012 3791 4023 ‘

2252 4050 2327 4101 At
2377 4049 2463 4102 hic
2515 4047 2653 4102 forte
2703 4049 3071 4101 stomachatus
3120 4048 3332 4117 inquies
3372 4065 3386 4101 :
3433 4047 3571 4114 Quid
3608 4048 3767 4115 mihi,

2182 4154 2381 4207 quaeso,
2410 4155 2532 4194 cum
2558 4140 2739 4209 regula
2780 4140 3205 4194 monachorum?
3261 4139 3402 4205 Quid
3456 4138 3524 4193 ad
3573 4154 3662 4193 me
3706 4149 3768 4194 et

2182 4231 2271 4285 illa
2302 4232 2638 4295 condiscere,
2663 4243 2784 4300 qua:
2818 4246 2921 4284 nou
2974 4231 3186 4300 expedit
3240 4231 3443 4285 nosse?
3504 4228 3613 4284 Sed
3670 4231 3767 4298 qui

2182 4319 2477 4388 quamlibet
2505 4319 2735 4388 suscipit
2765 4326 3000 4373 tractare
3040 4319 3350 4383 materiam,
3387 4333 3491 4372 non
3522 4316 3598 4372 illi
3627 4317 3770 4370 dun-

2186 4417 2354 4472 taxat,
2383 4409 2466 4464 cui
2502 4409 2692 4475 mittit,
2719 4408 2876 4462 debet
2913 4407 3275 4476 personaliter
3303 4406 3641 4470 satisfacere,
3669 4405 3768 4460 sed

2184 4517 2296 4554 rem
2322 4503 2493 4570 ipsam
2521 4501 2796 4554 ventilatis
2836 4501 3077 4567 undique
3120 4500 3367 4569 partibus
3416 4498 3694 4567 explicare
3753 4514 3767 4548 :

2184 4600 2240 4645 ιιι
2267 4592 2344 4645 sic
2378 4606 2517 4645 unus
2566 4590 2825 4651 edulium,
2852 4589 2991 4657 quod
3019 4590 3371 4657 conettpiscit,
3401 4587 3664 4650 inveniat,
3700 4601 3772 4639 ne

2184 4684 2488 4739 frustratus
2522 4682 2661 4737 alter
2715 4682 2998 4735 stomacho
3048 4688 3276 4735 vacante
3326 4677 3587 4733 discedat.
3644 4675 3772 4729 Haec

2185 4775 2347 4844 igitur
2378 4774 2781 4844 ecclesiastica:
2828 4772 3189 4825 institutionis
3211 4769 3405 4835 ofﬁcia,
3428 4768 3512 4822 vir
3545 4766 3771 4821 nobilis-

2186 4842 2321 4919 sime
2350 4842 2402 4919 εἰ
2432 4862 2877 4933 prudentissime,
2909 4861 3015 4915 noli
3066 4876 3301 4929 unquam
3353 4858 3597 4928 qualibet
3635 4857 3773 4909 obli-

2186 4960 2343 5013 vione
2374 4955 2665 5024 negligere,
2702 4952 2808 5007 noli
2837 4961 3043 5007 certum
3077 4952 3271 5005 animae
3316 4959 3419 5002 tua:
3466 4946 3769 5003 remedium

2188 5045 2535 5118 quantislihet
2561 5057 2845 5097 causarum
2870 5041 3204 5096 saecularium
3220 5047 3514 5108 occupatus
3536 5037 3775 5106 negotiis

2188 5137 2487 5209 praeterire.
2516 5135 2686 5189 Porro
2713 5134 2756 5188 si
2783 5134 2834 5187 in
2860 5132 3101 5188 Ecclesia
3132 5132 3213 5186 vel
3244 5146 3271 5184 a
3311 5129 3592 5183 sacerdote
3615 5134 3727 5195 pot.
3747 5140 3774 5176 s

2190 5227 2398 5289 audire,
2423 5240 2671 5279 securum
2699 5232 2812 5288 est;
2853 5222 3089 5290 alioquin
3122 5221 3166 5275 si
3194 5219 3278 5273 vel
3301 5232 3469 5286 eques
3498 5213 3773 5277 evehetia,

2193 5316 2275 5369 vel
2328 5314 2600 5369 ruralibus
2647 5315 2817 5378 forte,
2872 5314 2985 5367 sive
3031 5312 3444 5381 quibuscunque
3492 5306 3777 5362 laboribus

2190 5406 2485 5470 exerceris,
2524 5406 2669 5458 inter
2708 5404 2992 5474 agendum,
3050 5401 3191 5454 inter
3244 5399 3491 5454 eumdem
3540 5394 3779 5465 vectigal

2191 5495 2424 5558 Domini,
2450 5508 2555 5563 quo
2581 5494 2819 5549 censitus
2848 5507 2928 5557 es,
2984 5506 3048 5545 ea
3107 5505 3226 5558 qua:
3284 5487 3540 5557 suppetit,
3588 5500 3778 5539 merce

2189 5588 2455 5658 persolve.
2484 5588 2747 5643 Nimirum
2778 5589 2821 5643 si
2857 5597 2981 5643 sunt
3012 5585 3229 5657 psalmi,
3256 5597 3515 5638 numerus
3550 5580 3781 5648 imp‘ea-

2192 5688 2281 5732 tur
2306 5698 2318 5732 :
2354 5681 2396 5733 si
2426 5695 2562 5734 unus
2592 5690 2816 5742 tantum,
2850 5687 3007 5748 prout
3038 5691 3208 5731 canon
3238 5673 3492 5745 postulat,
3516 5672 3777 5726 iteretur.
