3996 6184
451 307 556 362 229

451 607 632 672 itaque
659 601 980 656 Christiana:
1005 601 1282 656 servitutis
1303 601 1497 667 otticia,
1531 604 1898 670 dilectissime,
1915 623 2022 660 non

448 692 786 763 obsequium,
833 691 926 745 sed
954 690 1190 744 debitum
1223 691 1447 759 deputa;
1507 701 1561 746 et
1613 709 1718 746 non
1759 696 2020 750 voluntati

447 783 540 840 sed
563 781 872 838 necessitati
909 796 1128 850 prorsus
1175 782 1385 836 ascribe
1414 801 1426 836 :
1457 792 1514 836 ut
1566 784 1704 838 sicut
1763 784 2022 840 Christia-

447 891 574 928 num
613 881 666 928 te
705 873 964 942 profiteri,
995 873 1206 942 signum
1250 875 1460 930 tibimet
1487 877 1664 932 crucis
1697 879 2016 946 imprimere,

446 978 641 1018 nomen
671 962 880 1017 Domini
909 963 1075 1032 218
1099 964 1342 1030 quotidie
1367 979 1472 1018 non
1502 967 1704 1022 desinis
1731 969 2016 1034 invocare;

445 1057 515 1108 ita
546 1063 600 1108 et
622 1054 734 1108 lucc
761 1052 1050 1122 aliquando
1077 1053 1235 1108 nullis
1261 1055 1606 1110 occasionum
1646 1057 1890 1114 obicibus
1919 1074 2016 1113 au-

445 1147 574 1199 deas
609 1144 890 1214 praeterire

635 1241 638 1244 ‘
1027 1235 1257 1291 CAPUT
1289 1237 1420 1292 VIII.

441 1323 516 1378 De
545 1325 654 1378 viro
681 1323 906 1393 quodam
933 1325 1021 1391 pio
1086 1329 1552 1446 etdcanonicarum
1606 1327 1856 1380 horarum
1902 1337 2015 1380 stu-

1171 1411 1301 1446 roso.

1171 1411 1301 1448 1080.

507 1502 578 1559 Ut
606 1511 788 1557 autem
826 1503 1122 1558 salutiferis
1170 1505 1636 1559 exhortationibus
1677 1504 1887 1560 facilius
1918 1522 2008 1560 ac-

433 1595 705 1664 quiescas,
731 1595 871 1663 quod
901 1595 952 1647 in
986 1593 1103 1663 ipso
1133 1611 1301 1662 nuper
1329 1597 1395 1648 ad
1427 1611 1520 1648 vos
1545 1595 1736 1649 itinere
1759 1597 2011 1665 gradiens

434 1684 612 1746 didici,
637 1684 876 1739 breviter
902 1684 1198 1754 explicabo.
1215 1685 1270 1738 In
1301 1685 1527 1740 Fauensi
1566 1703 1798 1756 namque
1824 1688 2011 1742 subur-

1479 309 1720 366 OPUSC.
1763 310 1832 366 Χ.
1873 343 1939 353 -
1977 313 2062 368 DE
2101 311 2305 370 IlORiS
2337 315 2721 378 CANONICIS.

451 422 602 488 Quod
641 419 684 474 si
715 432 909 487 expers
945 429 1006 471 es
1049 417 1358 475 omnimodo
1407 420 1729 488 litterarum,
1759 428 1871 478 sola
1903 441 2025 479 ora-
2053 431 2100 486 Α

453 516 596 568 tione
640 510 916 566 Dominica
974 511 1178 579 poteris
1235 511 1460 567 implere
1513 514 1654 582 quod
1692 525 1866 584 optas.
1901 515 2026 571 llaec
2077 545 2100 563 .~

3592 343 3699 396 ‘250

2725 434 2952 494 CAPUT
3003 439 3094 495 IX.

2479 519 2746 572 Orationis
2797 529 3070 592 eﬂicacitas
3126 548 3339 604 quanta.

2193 605 2313 659 Alio
2341 620 2553 702 quoque
2586 617 2826 679 tempore
2859 613 3022 678 idem,
3053 624 3120 670 de
3155 641 3260 686 quo
3291 629 3582 702 loquimur,
3615 642 3692 692 vir

2123 695 2188 748 ad
2217 699 2530 764 praedictum
2567 703 2950 757 monasterium
3003 717 3267 764 nocturno
3313 695 3526 772 silentio
3570 695 3693 784 pm-

2121 789 2358 855 perabat,
2385 789 2450 844 ad
2475 790 2644 842 rivum
2668 801 2846 846 autem
2878 795 3042 865 219
3066 797 3158 864 qui
3195 799 3532 858 interfluebat
3566 823 3694 876 per-

2121 877 2340 932 veniens
2370 879 2474 948 (cui
2521 880 2726 934 scilicet
2769 882 2968 952 Argilla
3020 889 3338 943 vocabulum
3390 893 3512 958 est),
3565 897 3690 965 quia

2119 969 2275 1036 aquis
2309 977 2433 1022 tunc
2476 973 2910 1028 excrescentibns
2951 975 3304 1043 intumuerat,
3341 986 3692 1043 transvadare

2117 1073 2223 1110 non
2257 1061 2428 1126 potuit
2472 1077 2484 1112 :
2517 1061 2606 1130 qui
2639 1078 2696 1116 se
2728 1065 2976 1131 protinus
3005 1067 3056 1120 in
3105 1071 3399 1126 orationem
3448 1075 3611 1140 dedit,
3635 1085 3692 1132 et

2116 1164 2222 1218 qua
2249 1151 2533 1219 completa,
2558 1153 2690 1206 mira
2723 1170 2828 1216 res,
2861 1155 2912 1208 in
2943 1157 3186 1212 ulteriori
3217 1161 3328 1229 ripa
3358 1179 3416 1217 se
3447 1173 3688 1232 transpo-

2115 1241 2276 1292 situm
2328 1242 2546 1310 reperit.
2593 1242 2718 1298 Ilaec
2765 1255 2978 1311 autem,
3009 1250 3091 1304 vir
3128 1253 3566 1322 prudentissime,
3603 1259 3686 1312 id-

2113 1331 2260 1384 circo
2291 1332 2384 1384 tibi
2411 1332 2684 1388 referenda
2710 1351 2806 1403 per
2830 1339 3074 1392 ordinem
3102 1341 3373 1408 duximus,
3393 1355 3450 1400 ul.
3488 1361 3688 1415 quanta

2111 1437 2272 1490 super
2298 1437 2389 1477 cos
2418 1439 2542 1478 cura
2573 1426 2911 1496 omnipotens
2937 1431 3073 1483 Deus
3105 1432 3362 1502 invigilct,
3397 1440 3486 1506 qui
3518 1440 3687 1493 eccle-

2111 1515 2346 1569 siasticis
2375 1527 2666 1570 occurrunt
2695 1528 3006 1575 reverenter
3033 1523 3243 1588 ofliciis,
3279 1526 3481 1596 liquido
3529 1548 3682 1585 mon-

2109 1613 2424 1658 straremus.
2449 1605 2652 1660 Pudeat
2678 1623 2805 1676 ergo
2843 1611 3177 1676 prudentiam
3215 1625 3360 1672 tuam
3393 1625 3682 1678 canonicas

2109 1693 2270 1746 horas
2301 1694 2626 1762 negligenter
2645 1697 2916 1763 omittere,
2943 1715 3076 1768 quas
3107 1711 3162 1756 et
3193 1717 3431 1762 sanctam
3463 1713 3680 1768 rustici-

433 1775 550 1838 bio,
579 1775 736 1828 tertio
773 1773 1022 1828 videlicet
1058 1789 1088 1826 a
1127 1776 1396 1829 moenibus
1443 1776 1637 1846 lapide,
1671 1779 1753 1831 vir
1787 1779 2002 1846 quidam
2037 1771 2078 1827 Β
2109 1792 2268 1836 tatem
2299 1785 2451 1840 audis
2479 1801 2600 1839 cum
2649 1795 2790 1840 tanta
2838 1789 3004 1858 gloria
3035 1791 3310 1849 celebrare
3343 1816 3354 1849 :
3397 1799 3502 1855 imo
3533 1802 3683 1869 cujus

431 1864 660 1930 habitat,
686 1873 742 1918 et
777 1864 966 1920 ordine
1003 1863 1243 1918 simulet
1279 1865 1534 1922 facultate
1565 1868 1850 1924 mediocris
1877 1887 1889 1920 :
1914 1871 2002 1937 qui

429 1957 684 2010 nimirum
713 1972 838 2011 casu
873 1955 983 2012 illic
1031 1973 1118 2011 me
1157 1959 1345 2012 adesse
1394 1973 1744 2028 cognoscens,
1775 1960 2004 2016 festinus

425 2050 676 2112 accessit,
705 2059 762 2105 et
789 2051 930 2104 inter
955 2033 1150 2105 caitera
1182 2049 1444 2104 castitatis
1471 2067 1682 2120 quoque
1713 2067 1822 2106 sua:
1843 2069 2000 2106 mun-

425 2139 632 2206 ditiam,
655 2153 818 2206 quam
837 2153 959 2193 cum
987 2153 1152 2192 uxore
1173 2139 1696 2195 servabatsecrctius
1725 2141 1997 2196 mdicavit.

423 2229 714 2284 Monachus
736 2231 878 2284 enim
914 2230 1130 2298 quidam
1165 2228 1280 2297 ejus
1304 2231 1491 2300 utique
1520 2241 1746 2300 patruus
1774 2249 1996 2286 uxorem

423 2320 564 2375 illius
613 2320 831 2374 sibimet
879 2320 1148 2388 perhibuit
1201 2320 1488 2388 aliquando
1541 2323 1852 2389 pertinere,
1906 2323 1996 2390 qui

423 2423 602 2466 tamen
627 2425 738 2481 prae
761 2409 1102 2480 simplicitate
1133 2411 1320 2476 nimia,
1353 2413 1642 2467 nonnullos
1688 2413 1851 2466 etiam
1903 2429 1997 2467 ex-

422 2512 660 2568 traneos,
711 2503 1044 2572 propinquos
1096 2513 1452 2558 consueverat
1505 2505 1790 2574 appellare.
1842 2505 1994 2560 Tunc

416 2593 504 2647 ille
554 2593 780 2646 verbum
825 2593 928 2646 hoc
965 2593 1118 2647 laetus
1145 2594 1394 2662 arripuit,
1425 2605 1482 2648 et
1509 2595 1834 2659 deliberans,
1865 2595 1938 2648 ait
1977 2613 1989 2648 :

417 2683 605 2738 Melius
627 2695 711 2740 est
739 2685 970 2752 denique
987 2693 1148 2738 certae
1169 2686 1436 2740 castitatis
1466 2687 1640 2739 nitore
1669 2685 1987 2750 clarescere,

413 2791 573 2846 quam
602 2775 702 2830 sub
728 2776 920 2831 incerti
961 2793 1174 2847 semper
1203 2781 1438 2830 incestus
1484 2776 1772 2830 formidine
1817 2776 1990 2845 palpi-

415 2877 548 2922 tare.
599 2865 698 2922 llic
725 2869 906 2935 itaque
937 2869 1224 2923 canonicas
1269 2869 1450 2932 horas,
1502 2876 1558 2921 et
1599 2867 1986 2932 ecclesiastica,

409 2979 532 3017 cum
565 2971 744 3031 potest
770 2977 874 3016 non
925 2961 1082 3016 facile
1138 2961 1340 3015 omittit
1399 2959 1569 3014 ofﬁcia
1636 2978 1648 3012 :
1709 2959 1988 3014 consuevit

407 3051 576 3104 etiam
597 3067 693 3120 per
713 3066 973 3104 annorum
999 3049 1111 3118 jam
1136 3050 1287 3119 plura
1318 3051 1585 3104 curricula
1615 3051 1681 3104 ad
1715 3059 1986 3104 monaste-

2103 1871 2327 1940 spiritus
2357 1873 2408 1925 in
2439 1889 2620 1927 amore
2651 1876 2742 1928 Dei
2775 1878 2936 1944 paulo
2963 1879 3256 1936 ferventius
3283 1885 3594 1954 inardescit,
3612 1895 3679 1946 ad

2103 1961 2208 2018 hoc
2235 1963 2395 2018 etiam
2435 1966 2764 2030 extenditur,
2797 1975 2852 2020 ut
2887 1968 3045 2024 horas
3071 1971 3244 2028 beata:
3270 1975 3361 2030 Dei
3391 1977 3680 2036 Geuitricis

2101 2053 2286 2106 audire
2317 2055 2552 2122 quotidie
2597 2071 2700 2109 non
2749 2069 3018 2126 gravetur.
3070 2062 3132 2115 Et
3193 2066 3314 2132 quia
3364 2083 3422 2122 se
3467 2073 3680 2126 occasio

2099 2144 2351 2211 praebuit,
2381 2145 2508 2214 quid
2537 2148 2700 2200 etiam
2733 2165 2798 2202 ex
2828 2149 2928 2204 bac
2954 2149 3192 2208 fraterna
3237 2155 3496 2213 relatione
3541 2163 3678 2215 didi-

2098 2233 2284 2296 cerim,
2339 2236 2466 2289 mibi
2532 2237 2746 2306 quidem
2797 2255 2900 2292 non
2950 2241 3161 2312 pigrum
3218 2254 3302 2298 est
3343 2249 3599 2314 scribere,
3630 2252 3672 2305 si

2099 2324 2256 2378 modo
2287 2335 2337 2380 te
2368 2341 2473 2378 non
2511 2327 2688 2396 pigeat
2713 2330 2920 2384 audire.

2720 2418 2948 2475 CAPUT
2981 2422 3045 2476 X.

2309 2505 2575 2560 Horarum
2611 2507 2676 2560 Β.
2721 2507 2945 2578 Virginis
2975 2515 3197 2582 eﬂicacia
3233 2528 3448 2586 quanta.

2164 2595 2405 2652 Clericus
2431 2599 2574 2651 enim
2605 2599 2820 2667 quidam
2869 2604 3054 2656 multis
3083 2613 3199 2658 erat
3231 2611 3465 2675 peccatis
3492 2611 3664 2664 obno-

2089 2685 2230 2746 xius,
2265 2695 2318 2739 et
2341 2687 2608 2754 praecipue
2634 2689 2868 2742 carnalis
2895 2690 3160 2746 illecebrae
3197 2695 3456 2751 fetoribus
3487 2698 3661 2767 inqui-

2090 2781 2406 2846 natus:qui
2455 2781 2670 2834 tandem
2723 2781 2978 2851 languore
3025 2797 3326 2854 correptus,
3383 2799 3544 2860 atque
3597 2792 3664 2847 ad

2089 2879 2338 2922 extrema
2381 2871 2730 2938 perveniens,
2787 2873 3114 2928 tremefactis
3157 2877 3454 2932 visceribus
3503 2895 3665 2948 expa-

2091 2971 2333 3024 vescere,
2367 2969 2421 3012 et
2465 2971 2757 3016 accusante
2806 2964 3158 3031 conscientia,
3212 2966 3449 3022 divinum
3502 2971 3666 3040 erepit

2082 3045 2343 3116 judicium
2379 3049 2686 3106 medullitus
2712 3051 3044 3108 formidare:
3078 3070 3306 3126 cumque
3341 3073 3486 3127 Spem
3519 3061 3569 3113 in
3605 3077 3664 3115 se

407 3141 546 3194 rium
575 3139 634 3194 S.
669 3139 976 3194 Paterniani
999 3141 1140 3209 quod
1171 3149 1338 3210 prope
1361 3155 1542 3193 muros
1569 3137 1806 3207 ejusdem
1834 3141 1983 3195 urbis
2011 3113 2054 3174 C
2088 3138 2286 3192 nullius
2309 3139 2434 3194 boni
2467 3141 2650 3209 operis
2681 3142 2965 3208 inveniret,
3001 3153 3168 3200 totum
3211 3113 3268 3202 se
3298 3113 3544 3217 protinus
3596 3152 3660 3206 ad

403 3232 640 3301 positum
697 3239 800 3294 est,
850 3232 1130 3302 praecipuis
1177 3231 1558 3286 festivitatibus
1587 3241 1984 3302 properare,ct

403 3334 701 3382 nocturnas
733 3323 840 3378 illic
870 3323 1057 3377 audire
1097 3323 1324 3394 vigilias.
1384 3323 1536 3390 Quod
1577 3325 1828 3377 nimirum
1875 3333 1982 3378 tam

401 3421 719 3469 constanter
735 3413 859 3484 agit,
878 3421 934 3466 ut
961 3427 1060 3467 nec
1085 3413 1385 3482 pluviarum
1419 3413 1701 3468 inundatio
1725 3423 1982 3467 ventuosa

399 3517 770 3572 compescere,
801 3517 901 3556 nec
926 3499 1172 3556 hiemalis
1199 3503 1370 3571 possit
1397 3503 1658 3572 asperitas
1690 3513 1977 3556 retentare.

402 3594 558 3664 Saepe
586 3603 764 3648 autem
799 3594 1020 3662 maligni
1059 3595 1280 3663 spiritus
1309 3609 1432 3649 eum
1467 3596 1519 3648 in
1543 3595 1660 3663 ipso
1685 3595 1898 3660 itinere,
1923 3605 1982 3647 ut

399 3695 686 3748 terreatur,
713 3685 1026 3749 inclamant,
1044 3693 1098 3739 et
1124 3685 1404 3754 strepitum
1434 3686 1650 3755 quidem
1679 3687 1808 3740 dine
1833 3687 1981 3743 vocis

397 3779 672 3842 emittunt,
690 3778 782 3832 sed
805 3776 1093 3846 cujuslibet
1114 3792 1386 3847 corporea:
1413 3777 1596 3832 forma:
1618 3778 1853 3848 speciem
1873 3794 1978 3834 non

395 3867 703 3920 ostendunt.

467 3958 606 4011 Ante
628 3973 830 4011 annum
857 3965 1037 4012 autem
1066 3967 1223 4013 nocte
1246 3957 1480 4028 quadam
1512 3962 1636 4012 dum
1669 3959 1735 4014 ad
1774 3961 1974 4029 prtedi-

2085 3232 2460 3298 postulandum
2512 3233 2573 3286 Β.
2635 3234 2816 3290 Maria:
2872 3252 3084 3306 seraper
3133 3239 3356 3309 virginis
3401 3244 3659 3299 auxilium

2084 3321 2332 3386 contulit,
2359 3331 2412 3376 et
2449 3323 2546 3376 sub
2572 3324 2689 3392 ejus
2715 3327 3071 3392 patrocinium
3127 3329 3428 3398 importuna
3484 3335 3660 3388 cordis

2082 3414 2354 3468 anxietate
2383 3414 2641 3482 confugit,
2670 3415 3118 3484 bnjusmodi-fere
3144 3421 3326 3476 verbis
3356 3423 3609 3480 insistens
3642 3443 3654 3478 :

2083 3506 2197 3561 Non
2253 3506 2462 3578 ignoro,
2496 3507 2689 3575 inquit,
2718 3523 2750 3561 ο
2783 3510 2935 3563 beata
2969 3513 3152 3580 regina
3190 3515 3372 3568 mtmdi
3400 3513 3415 3569 l
3447 3517 3570 3585 quia
3605 3525 3657 3572 te

2083 3597 2134 3649 in
2170 3595 2352 3650 multis
2395 3595 2616 3661 offendi,
2660 3609 2716 3650 et
2763 3599 3046 3660 castitatis,
3103 3609 3264 3669 atque
3312 3603 3656 3673 virginitatis,

2081 3687 2233 3757 cujus
2265 3701 2316 3743 tu
2362 3698 2534 3742 mater
2563 3705 2639 3752 es,
2665 3704 2765 3760 ego
2799 3689 2853 3743 in
2901 3707 3019 3746 meo
3046 3707 3271 3762 corpore
3321 3696 3656 3765 signaculum

2079 3779 2308 3843 violavi;
2338 3779 2632 3833 innumeris
2659 3781 2822 3834 etiam
2848 3791 3188 3850 peccatorum
3221 3787 3472 3842 sordibus
3507 3789 3658 3842 invo-

2079 3867 2221 3923 lutus
2248 3885 2386 3931 sum,
2413 3879 2510 3923 nec
2538 3870 2729 3937 dignus
2757 3871 3021 3936 invenior,
3057 3881 3107 3926 te
3157 3875 3322 3930 totius
3382 3877 3656 3932 munditite

2077 3959 2374 4028 principem
2407 3958 2622 4027 pollutis
2652 3959 2806 4014 labiis
2830 3960 3080 4016 invocare
3123 3981 3135 4015 :
3187 3975 3584 4031 verumtamen,
3623 3983 3656 4021 ο

395 4059 544 4104 ctum
573 4051 963 4105 monasterium
995 4059 1328 4120 properaret,
1374 4067 1498 4106 ecce
1549 4051 1656 4122 lupi
1721 4052 1878 4106 simul
1917 4037 1979 4107 et
2070 4047 2233 4117 janna
2284 4047 2426 4111 ctuti,
2489 4045 2720 4102 fenestra
2771 4050 3026 4117 paradisi,
3061 4066 3186 4104 vera
3243 4051 3411 4106 Mater
3460 4054 3553 4108 Dei
3600 4065 3655 4110 et

395 4155 596 4204 canes,
647 4138 1046 4208 furentiumque
1103 4141 1415 4194 animalium
1460 4140 1672 4198 diversa
1724 4150 1974 4211 portenta

393 4229 538 4284 facto
566 4231 782 4301 agmine
827 4231 1240 4285 insurrexerunt
1295 4233 1347 4286 in
1400 4248 1563 4297 eum,
1600 4241 1656 4287 et
1709 4233 1974 4287 ululantes

391 4323 653 4392 undique,
676 4332 730 4376 et
758 4321 1090 4376 oblatrantes
1130 4322 1334 4376 rabidis
1380 4339 1501 4376 eum
1563 4323 1800 4394 aggressi
1847 4331 1974 4376 sunt

391 4413 666 4466 morsibus
695 4421 1007 4467 attrectare.
1046 4411 1117 4465 At
1145 4412 1233 4466 ille
1263 4413 1348 4464 vix
1401 4413 1613 4465 tandem
1667 4427 1732 4464 ex
1782 4424 1968 4464 eormn

389 4503 644 4558 dentibus
707 4495 880 4570 pallio‘
935 4502 1093 4556 simul
1157 4509 1213 4555 et
1271 4502 1411 4570 pileo
1473 4505 1706 4558 nudatus
1771 4504 1964 4557 evasit.

387 4593 631 4649 Necdum
683 4603 864 4648 autem
909 4593 976 4647 ad
1021 4591 1232 4663 vigilias
1263 4594 1414 4662 signa
1446 4601 1766 4658 sonuerunt;
1814 4609 1968 4648 cum-

389 4703 496 4756 que
553 4689 910 4756 perveniens,
967 4685 1178 4740 clausas
1227 4685 1402 4739 adhuc
1455 4684 1598 4740 fores
1652 4685 1964 4740 monasterii

389 4779 698 4847 reperisset,
728 4789 854 4830 ante
883 4777 1046 4830 limen
1080 4793 1137 4831 se
1163 4778 1410 4846 protinus
1438 4777 1491 4829 in
1540 4778 1786 4831 oratione
1836 4794 1964 4846 pro-

386 4869 598 4923 stravit.
625 4869 837 4922 Diutius
887 4879 1064 4922 autem
1122 4870 1367 4924 oratione
1413 4879 1706 4938 protracta,
1751 4871 1963 4922 tandem

387 4961 643 5025 surrexit,
679 4971 732 5014 et
756 4961 897 5030 quod
929 4961 1188 5014 amiserat
1219 4961 1436 5030 pallium
1482 4961 1641 5014 simul
1685 4971 1736 5015 ct
1767 4961 1962 5030 pileum

379 5048 532 5116 juxta
566 5066 624 5105 se
646 5049 833 5116 jacere
859 5049 1156 5118 projectum
1185 5051 1533 5104 vehementer
1562 5050 1962 5118 expavit.Quod

385 5142 640 5196 nimirum
675 5151 855 5194 utrum
898 5157 993 5208 per
1043 5140 1262 5210 angelos
1315 5140 1514 5194 factum
1569 5141 1669 5206 sit;
1726 5158 1792 5194 an
1849 5141 1963 5210 ipse

385 5239 638 5284 cruentus
661 5229 842 5297 praedo
864 5229 1128 5293 diabolus,
1145 5230 1284 5297 quod
1302 5229 1622 5294 abstulerat,
1640 5232 1964 5286 reddidisset

387 5320 602 5384 invitus,
630 5321 866 5374 dubitari
897 5331 1094 5390 potest.
1125 5323 1193 5374 At
1225 5337 1326 5375 non
1358 5323 1590 5376 absurde
1613 5323 1956 5388 crediderim,

383 5421 440 5462 ut
471 5413 582 5479 ipse
601 5411 874 5480 malignus
905 5413 1096 5474 bustis,
1128 5415 1270 5480 qttod
1310 5413 1628 5478 abstulerat,
1652 5415 1960 5483 compulsus

380 5499 448 5552 sit
491 5501 799 5563 restituere,
846 5509 1004 5570 atque
1049 5502 1114 5553 ad
1161 5501 1492 5556 confusionis
1544 5511 1597 5556 et
1654 5503 1959 5572 ignominia:

379 5603 486 5642 sua:
515 5591 806 5657 cumulum,
840 5593 886 5646 ei
933 5607 1092 5660 quem
1145 5593 1376 5662 laeserat,
1417 5605 1636 5649 coactus
1684 5597 1754 5648 sit
1801 5596 1960 5648 mini-

381 5689 486 5732 Sll'a
496 5696 572 5734 I'C.

2075 4141 2330 4200 hominis.
2375 4149 2427 4192 tu
2462 4140 2592 4193 mibi
2621 4140 2774 4194 testis
2797 4154 2871 4202 es,
2903 4141 3028 4210 quia
3068 4141 3276 4212 septies
3319 4143 3369 4196 in
3407 4143 3492 4198 die
3533 4143 3646 4197 lau-

2073 4232 2193 4284 detn
2234 4231 2342 4285 dixi
2383 4231 2512 4296 tibi,
2540 4239 2593 4285 et
2623 4231 2869 4300 quamvis
2918 4241 3200 4301 peccator,
3227 4235 3471 4303 quamvis
3503 4235 3647 4290 iudi-

2073 4336 2229 4389 gnus,
2264 4319 2516 4374 omnibus
2548 4329 2724 4375 tamen
2767 4322 3043 4376 canonicis
3100 4321 3250 4378 boris
3313 4333 3416 4378 tua:
3473 4324 3648 4380 laudis

2072 4413 2388 4482 obsequium
2413 4429 2518 4467 non
2544 4411 2812 4468 fraudavi.

2145 4501 2388 4571 Cumque
2441 4502 2746 4570 bnjusmodi
2793 4504 2958 4559 verba
3014 4504 3244 4560 clericus
3302 4505 3646 4575 protulisset.

2072 4593 2234 4662 220
2267 4593 2607 4647 decumbenti
2635 4596 2974 4662 postmodum
3000 4595 3240 4664 piissima
3273 4595 3362 4648 Dei
3402 4595 3644 4650 Genitrix

2072 4687 2263 4746 astitit,
2291 4695 2344 4738 ct
2371 4686 2566 4739 blande
2597 4687 2894 4747 consolata,
2921 4699 3139 4754 peccata
3172 4687 3388 4740 sibimet
3426 4686 3644 4741 dimissa

2069 4795 2136 4834 ex
2168 4779 2414 4848 largitate
2470 4779 2665 4831 divinae
2721 4778 3106 4831 misericordia:
3157 4778 3442 4830 nuntiavit.
3493 4779 3646 4844 Quod

2071 4877 2248 4921 tamen
2281 4883 2374 4920 nos
2406 4867 2718 4935 trepidando
2755 4865 3100 4934 proferimus,
3125 4867 3247 4934 quia
3285 4875 3463 4919 utrum
3487 4867 3644 4934 juxta

2067 4958 2340 5012 relationis
2393 4957 2552 5010 fidem
2608 4973 2732 5011 vere
2780 4956 3097 5024 contigerit,
3145 4957 3474 5027 ignoramus.
3526 4955 3641 5013 Hoc

2067 5061 2245 5106 tamen
2279 5050 2466 5120 procul
2511 5049 2672 5106 dubio
2703 5051 2970 5114 novimus,
3018 5051 3140 5118 quia
3189 5049 3433 5119 quisquis
3459 5050 3641 5120 quoti-

2065 5145 2221 5198 diana
2269 5141 2538 5212 prtedictis
2597 5143 2746 5196 boris
2799 5141 2970 5196 ofﬁcia
3024 5142 3073 5194 in
3102 5139 3217 5208 ejus
3257 5139 3502 5194 laudibus
3536 5139 3642 5194 fe-

2064 5243 2326 5304 quentare
2375 5234 2662 5299 studuerit,
2691 5235 3008 5303 adjntricem
3039 5235 3272 5295 sibimet,
3307 5247 3370 5286 ac
3399 5234 3638 5300 patroci-

2064 5336 2310 5379 uaturam
2362 5327 2527 5394 ipsius
2567 5325 2770 5381 Judicis
2811 5341 3040 5381 ma'rem
3083 5327 3134 5379 in
3175 5325 3262 5380 die
3301 5325 3642 5378 necessitatis

2063 5418 2316 5484 acquirit.
2344 5415 2493 5470 Ilauc
2515 5417 2680 5486 igitur
2701 5416 2888 5468 rudem
2920 5415 3359 5482 scriptiunculam
3389 5424 3444 5468 et
3474 5415 3642 5470 incul-

2066 5518 2196 5570 tam,
2233 5507 2599 5567 dilectissime,
2625 5507 2818 5572 smpius
2845 5505 3092 5561 iterando
3129 5521 3408 5575 percurre,
3440 5515 3494 5560 et
3533 5523 3638 5561 non

2061 5597 2310 5665 qualiter,
2339 5597 2430 5650 sed
2451 5596 2576 5665 quid
2601 5596 2833 5658 dicatur,
2862 5594 3080 5648 attende
3111 5613 3124 5648 :
3167 5595 3292 5660 imo,
3325 5604 3382 5649 ut
3433 5597 3506 5649 ita
3557 5595 3638 5648 lo-

2063 5703 2216 5756 quar,
2235 5701 2339 5738 non
2361 5687 2649 5740 verborum
2681 5683 2885 5750 culmo,
2921 5684 3006 5740 vel
3052 5685 3217 5750 foliis,
3263 5689 3354 5741 sed
3408 5685 3636 5740 medulla
