3994 6190
291 375 391 430 2⁵51

753 362 812 419 S.
847 360 1045 416 PETRI
1087 350 1363 411 DAMIANI
1402 346 1550 404 OPP.
1595 338 1831 397 TOMUS
1869 331 2002 391 SEU
2043 330 2218 387 PARS
2256 330 2339 386 lll.
2370 330 2820 387 —0PUSCULA
2862 328 3089 384 VARIA.

3448 329 3555 385 232

394 485 405 497 ⁴
501 479 515 494 ⁸
613 475 666 529 ιι·
759 474 866 528 Ilia:
893 473 1185 525 delectare.
1238 465 1558 517 Prmdictam
1616 455 1872 505 herarnm
1906 459 1947 513 Α
1979 460 2205 499 auorum
2254 449 2686 524 ttoctrina_(qitod
2744 459 2919 497 Virum
2975 451 3341 497 doctissunum
3391 448 3557 498 etiam

296 496 475 556 ponus
496 488 612 535 "ne
656 491 757 546 'gel
1110 553 1120 556 _
1150 551 1180 556 _-
1289 550 1300 556 -
1438 547 1473 556 ..
1554 545 1566 556 .
1664 543 1695 556 Α.
1827 552 1837 556 -
1985 516 2151 556 Intern
2199 528 2302 556 nnn
2360 522 2558 556 lInIllllI
2608 526 3035 556 nnmmemnram
3076 513 3378 556 mmrtehal-
3423 513 3557 556 Pnln

295 543 655 631 bbedientiam
677 543 796 622 'Dco
810 564 1011 625 ,ἱμείρειν
1037 551 1256 613 exhibe,
1287 550 1339 602 hi
1380 545 1599 616 reliquis
1625 543 1789 599 etiam
1825 552 1876 595 te

298 673 521 723 sanctae
557 644 985 703 conversationis
1049 641 1244 696 studiis
1304 636 1590 707 vigilanter
1647 649 1875 698 exerce;

294 728 560 814 quatenus
586 739 629 792 si
658 752 799 791 nunc
829 734 928 789 sub
958 733 1061 787 leni
1088 731 1218 801 jugo
1245 728 1361 797 ejus
1407 737 1661 795 tanquam
1692 738 1880 778 servus

294 832 560 887 cervicem
594 827 773 882 cordis
811 823 1106 886 attriveris,
1148 820 1292 874 inter
1352 817 1487 872 filios
1538 814 1878 886 postmodum

298 918 630 978 itaareditatis
669 932 917 986 superna:
950 911 1247 968 funiculum
1270 925 1390 964 cum
1416 907 1583 979 gloria
1612 904 1879 962 sortiaris.

939 1114 1251 1170 SCHOLIA.

369 1228 574 1299 Septem
605 1246 758 1296 plane
783 1239 901 1280 sunt
918 1226 1231 1297 principalia
1260 1225 1380 1278 vitia
1403 1264 1419 1289 ,
1450 1238 1514 1299 ea;
1564 1222 1749 1299 quibus
1781 1237 1881 1275 ca:-

298 1293 447 1353 temr'
476 1293 717 1352 vitiorum
774 1293 937 1363 pestes
991 1293 1265 1357 oriuntur,
1299 1311 1415 1363 qua:
1458 1293 1704 1346 nimirum
1737 1302 1878 1355 sunt,

297 1371 538 1436 superbia
556 1409 568 1425 .
594 1370 814 1420 avitritin
834 1409 846 1428 ,
871 1385 1004 1421 enni:
1033 1366 1201 1434 gloria
1222 1407 1235 1427 ,
1263 1367 1363 1425 ira,
1399 1363 1612 1436 invidia,
1641 1363 1877 1436 luxuria,

299 1432 534 1491 tristitia.
566 1436 678 1489 Non
712 1448 794 1489 est
823 1432 1127 1489 mirandum
1156 1445 1399 1487 sanctum
1431 1432 1761 1486 cardiualem
1799 1434 1882 1485 in-

305 1520 386 1560 ter
418 1509 544 1561 vitia
575 1509 846 1576 capitalia,
874 1508 1051 1576 gulam
1098 1521 1203 1559 non
1237 1504 1590 1566 recensuisse,
1616 1519 1775 1572 quam
1812 1517 1878 1555 ex

1983 516 2151 569 latere
2199 528 2302 566 non
2360 515 2558 581 potuit)
2608 526 3035 568 commemorare
3076 513 3379 581 oportebat.
3423 513 3559 567 Puto

1984 594 2165 638 tamen
2190 584 2328 655 gulae
2361 598 2467 655 non
2498 584 2826 655 Ineu.f't.isse,
2864 582 3121 655 quoniam
3162 581 3387 636 inferius
3416 582 3561 655 inter

1984 655 2119 708 levia
2154 650 2398 721 peccata,
2431 652 2482 705 in
2529 668 2646 720 qum
2669 653 2831 705 etiam
2858 650 3061 719 justum
3087 666 3354 721 quemque
3382 653 3561 719 quoti-

1984 726 2071 778 die
2100 720 2202 776 labi
2235 720 2330 787 ait,
2355 731 2639 776 enumerat
2660 722 3035 776 neceSsitatem
3067 730 3122 775 ct
3146 721 3514 776 inﬁrmitatem
3542 740 3558 776 :

1986 792 2086 848 sub
2116 792 2311 862 quibus
2340 791 2539 862 gulam,
2572 805 2690 860 qua:
2723 804 2789 862 ex
2814 804 3013 861 genere
3033 806 3151 862 _suo
3180 806 3283 845 non
3312 799 3396 845 est
3435 806 3561 859 pec-

1987 859 2164 918 catum
2191 860 2441 924 mortale,
2473 859 2735 916 contineri
2767 859 2999 915 constat.
3032 860 3185 915 Patet
3215 875 3344 915 vero
3370 876 3562 915 omnes

1987 934 2193 993 modos,
2221 931 2418 1000 quibus
2466 931 2519 984 in
2567 931 2687 1001 gula
2734 928 3115 1000 delinquimus,
3147 946 3214 985 ex
3267 931 3562 1001 fragilitate

1982 1002 2137 1061 oriri,
2168 1002 2292 1054 dum
2323 1000 2585 1069 praetextu
2614 1000 2956 1055 necessitatis
2996 1001 3244 1069 voluptas
3276 1000 3444 1069 nobis
3476 1000 3560 1053 in-

1983 1057 2236 1133 sidiatur;
2260 1057 2489 1123 ut'aiunt
2510 1068 2745 1123 Joannes
2761 1070 3090 1135 Climachus,
3111 1057 3278 1125 Grad.
3294 1057 3359 1124 {4
3383 1080 3438 1124 et
3461 1069 3561 1134 15;

1982 1140 2220 1195 Joannes
2246 1138 2537 1193 Cassianus
2561 1140 2653 1193 lib.
2688 1156 2741 1193 Ix
2771 1156 2890 1210 cap.
2923 1142 2953 1195 7
3006 1141 3082 1195 De
3125 1141 3319 1209 spiritu
3370 1142 3566 1210 gastri-

1986 1211 2204 1279 margize
2226 1250 2241 1274 ,
2273 1210 2363 1279 qui
2411 1210 2533 1263 huic
2575 1211 2858 1264 sententia:
2897 1221 3095 1265 nostrae
3122 1210 3302 1263 favere
3330 1212 3561 1273 videtur,

1984 1278 2214 1334 dumait
2244 1298 2255 1331 :
2292 1297 2310 1329 ι
2345 1278 2631 1333 lufirmitas
2654 1281 2836 1334 carnis
2858 1281 2923 1333 ad
2948 1282 3234 1348 puritatem
3263 1279 3440 1333 cordis
3456 1294 3561 1331 non

1984 1349 2240 1411 oﬂicit,.si
2273 1348 2387 1401 bam
2418 1350 2813 1413 tantummodo,
2847 1366 2965 1418 qua:
3010 1349 3296 1418 fragilitas,
3319 1363 3425 1405 non
3449 1362 3567 1417 qua:

1986 1420 2232 1486 voluptas
2259 1419 2447 1487 exigit,
2476 1430 2823 1486 usurpentur.
2859 1439 2878 1471 ι

2272 1506 2354 1562 Sit
2413 1525 2599 1561 nomen
2665 1509 2875 1563 Domini
2941 1509 3283 1564 benedictum.

782 1862 1133 1937 221-222
1217 1878 2068 1995 OPUSCULUM
2157 1882 3009 2033 UNDECIMUM

487 2124 720 2184 LIBER
762 2118 898 2195 QUI
942 2118 1484 2192 APPELLATUR,
1527 2116 1905 2180 DOMINUS
1952 2118 2382 2182 VOBISCUM.
2433 2122 2541 2181 AD
2584 2120 2915 2183 LEONEM
2959 2123 3411 2186 BREMITAM.

308 2446 707 2499 Aacuusmvu.
740 2470 808 2479 —
832 2437 1067 2493 Leonem
1099 2440 1249 2509 mirzc
1270 2434 1595 2509 sanctitatis
1620 2433 1903 2509 eremitam
1930 2447 2091 2509 super
2114 2434 2346 2509 quadam
2371 2435 2857 2509 dubitationequid
2889 2439 3230 2509 sentiendum
3258 2445 3350 2509 sit,
3379 2461 3576 2502 consu-

377 2515 472 2577 lit;
506 2530 571 2565 au
604 2512 829 2573 scilicet,
857 2520 921 2579 ut
939 2508 1210 2562 nonnullis
1232 2506 1539 2579 videbatur,
1563 2519 1685 2557 cum
1720 2503 1843 2571 quis
1888 2504 1941 2555 in
1971 2503 2102 2579 cella
2153 2504 2302 2557 solus
2330 2503 2564 2560 cilicium
2594 2503 2872 2570 recitaret,
2909 2507 3030 2562 illas
3053 2503 3368 2579 particulas,
3399 2516 3576 2571 Domi-

380 2573 476 2636 nus
502 2582 783 2644 vobiscum,
814 2578 1028 2655 et‘Jubc
1052 2619 1065 2641 ,
1104 2580 1324 2655 domum.
1357 2576 1680 2655 benedicere,
1708 2583 1963 2655 tanquam
1994 2573 2153 2655 unius
2183 2589 2561 2655 persoluenon
2589 2579 3006 2655 convenientes,
3034 2573 3287 2637 omittere
3315 2573 3574 2655 deberet;

376 2654 492 2722 ipse
521 2661 709 2707 contra
742 2642 1033 2722 semire‘se
1075 2647 1149 2701 ait
1177 2645 1357 2700 multis
1390 2644 1709 2705 rationibus,
1742 2642 1810 2696 ad
1851 2642 1969 2710 ejus
2004 2652 2184 2699 tamen
2213 2646 2539 2701 sententiam
2569 2648 2827 2717 confugit.
2860 2651 2942 2705 Ad
2973 2642 3275 2707 extremum
3306 2656 3362 2710 in
3389 2642 3579 2713 solitu1

380 2718 522 2778 diuis
553 2724 738 2776 laudes
763 2718 1077 2775 clfunditur.

380 2902 586 2954 Domno
616 2899 782 2952 Leos:
839 2909 1022 2948 amore
1077 2907 1320 2961 supernae
1359 2890 1627 2945 libertatis
1658 2889 1884 2954 incluso,
1917 2891 1965 2951 B
1994 2904 2237 2958 peccare,
2258 2900 2513 2962 tanquam
2537 2895 2626 2965 qui
2647 2911 2872 2967 pensum
2891 2900 3058 2956 divini
3085 2904 3576 2973 servitiiminuaxt,

309 2994 526 3047 Pramus
577 2996 832 3058 peccator
866 2984 1161 3038 monachus
1186 2981 1445 3050 quidquid
1478 2995 1693 3045 servus,
1721 2990 1775 3033 et
1830 2978 1892 3032 fi-

308 3083 432 3136 lius.

379 3174 496 3228 Non
528 3172 738 3242 ignorat
768 3167 1077 3222 sanctitatis
1100 3175 1290 3220 vestra:
1323 3163 1632 3234 prudentia,
1654 3160 1894 3217 dilectis-

308 3267 444 3321 sime
475 3265 651 3323 Pater,
682 3262 806 3331 quia
850 3271 900 3314 te
939 3275 1042 3313 non
1091 3258 1521 3327 qualemcunque
1548 3255 1890 3325 complicem,

309 3356 394 3412 vel
424 3356 691 3415 amicum;
727 3353 821 3407 sed
868 3360 923 3406 te
960 3361 1191 3420 patrem,
1219 3360 1271 3403 te
1293 3349 1595 3413 doctorem,
1629 3360 1681 3402 te
1726 3346 1894 3416 magi-

310 3456 509 3509 strum,
541 3453 597 3499 et
623 3443 901 3498 dominum
932 3441 1163 3495 electum
1201 3440 1331 3494 mihi
1377 3455 1487 3508 prae
1514 3438 1726 3494 cunctis
1758 3452 1895 3508 pene

310 3535 630 3591 mortalibus
676 3533 877 3596 habeo;
912 3545 1105 3600 meque
1160 3539 1263 3583 tua:
1305 3527 1569 3583 orationis
1611 3527 1891 3589 instantia,

288 3668 292 3677 .
312 3630 453 3698 apud
476 3628 688 3683 divinas
702 3641 863 3680 aures
888 3623 1276 3679 misericordia:
1303 3622 1479 3676 locum
1505 3621 1748 3676 invenire
1768 3636 1897 3675 con-

312 3718 443 3773 fido.
466 3718 534 3772 Et
557 3716 688 3787 quid
729 3714 960 3784 amplius
997 3714 1210 3769 dicam?
1235 3712 1679 3781 Quandoquidem
1715 3725 1893 3765 meum

316 3818 370 3864 te
412 3806 661 3877 angelum
697 3819 818 3860 esse
861 3803 1142 3867 constitui,
1173 3811 1232 3856 ut
1261 3802 1314 3856 in
1345 3801 1519 3857 dubiis
1546 3802 1706 3855 rebus
1726 3801 1896 3870 quod-

313 3912 530 3968 cunque
568 3895 837 3951 haesitanti
885 3910 950 3949 ac
995 3893 1295 3949 sciscitanti
1339 3892 1470 3946 mihi
1507 3892 1793 3947 consilium
1829 3906 1896 3946 ex

315 3999 407 4045 tuo
430 4004 528 4045 ore
574 3987 914 4057 procederet,
959 3985 1035 4039 ita
1082 3985 1330 4053 protinus
1365 3983 1732 4037 indubitanter
1760 3981 1898 4036 acci—

316 4097 500 4153 perem
530 4096 594 4134 ac
627 4079 671 4133 si
712 4093 812 4132 vox
846 4077 976 4131 mihi
1012 4075 1251 4131 caelestis
1292 4073 1499 4129 oraculi
1525 4073 1788 4144 angelitus
1810 4072 1894 4125 in-

318 4178 571 4225 tonaret:
614 4179 775 4236 atque
827 4166 946 4221 ideo
980 4166 1025 4219 si
1063 4165 1278 4234 quando
1320 4163 1651 4232 scrupulosa:
1677 4160 1895 4229 cujusli-

1992 2982 2405 3051 pertimescunt.
2440 2985 2591 3040 Unde
2612 2989 2785 3054 nobis,
2820 2990 2945 3044 dum
2977 2990 3173 3048 solutio
3210 2998 3487 3064 quazritur,
3514 3001 3581 3055 ad

1994 3074 2494 3141 percunctationem
2528 3076 2707 3145 potius
2734 3091 2885 3133 mens
2912 3095 3065 3148 aeque
3110 3084 3292 3137 nescia
3321 3080 3582 3153 provoca-

1995 3170 2101 3215 tur.
2151 3161 2245 3219 His
2292 3164 2476 3235 itaque
2517 3170 2877 3237 quaestionum
2925 3173 3153 3229 vallatus
3201 3178 3482 3247 angustiis,
3515 3182 3583 3235 ad

1995 3254 2247 3324 angelum
2280 3272 2458 3311 meum
2484 3256 2640 3326 juxta
2681 3264 3123 3317 consuetudinem
3154 3266 3338 3331 redeo,
3374 3269 3440 3321 ad
3463 3267 3582 3322 fon-

1996 3352 2103 3397 tem
2128 3358 2235 3398 non
2268 3344 2528 3400 Tulliana:
2554 3347 2897 3419 eloquentiae,
2930 3352 3024 3407 sed
3064 3352 3259 3410 divina:
3289 3357 3467 3427 potius
3488 3373 3581 3413 sa-

1994 3437 2211 3508 pientiae
2238 3437 2365 3493 trito
2386 3438 2518 3495 calle
2544 3456 2785 3497 recurro.
2844 3478 2850 3486 .

2508 3547 2736 3605 CAPUT
2776 3551 3066 3609 PRIMUM.

2002 3638 2154 3702 Quod
2183 3650 2368 3695 sancta
2392 3641 2723 3783 simplicitati
2749 3646 2931 3766 n‘tundi
2953 3647 3276 3717 philosophis
3297 3648 3423 3718 jure
3440 3666 3582 3720 pra:-

2716 3730 2773 3766 er
2798 3731 2878 3767 ur.

2716 3730 2792 3766 ενι
2798 3731 2878 3767 ur.

2068 3803 2346 3854 r’latonem
2363 3800 2584 3857 latentis
2601 3812 2807 3858 natura:
2818 3815 3027 3860 secreta
3048 3807 3338 3863 rimantem
3364 3824 3582 3880 respuo,

1999 3888 2338 3958 planetarum
2382 3891 2600 3948 circulis
2643 3902 2839 3961 metas,
2894 3904 3276 3968 astrorumque
3318 3901 3588 3958 meatibus

1999 3979 2237 4035 calculos
2266 3979 2570 4052 atligentem
2604 3997 2620 4037 :
2658 3993 2853 4040 cuncta
2901 3986 3066 4042 etiam
3119 3989 3376 4058 sphzerici
3436 3990 3589 4048 orbis

2001 4069 2218 4125 climata
2262 4073 2415 4128 radio
2453 4074 2877 4145 distinguentem
2907 4075 3269 4149 Pythagoram
3299 4081 3579 4151 parvipeno

2002 4162 2070 4218 do
2099 4180 2112 4216 :
2139 4162 2527 4220 Nichomacum
2557 4181 2772 4237 quoque
2806 4166 2994 4221 tritum
3024 4169 3462 4238 ephemeridibus
3504 4171 3587 4226 di-

318 4262 411 4315 bet
441 4260 517 4314 rei
543 4258 670 4312 mihi
702 4257 944 4326 subrepit
971 4256 1259 4320 articulus,
1284 4265 1574 4322 antequam
1604 4262 1657 4307 te
1683 4250 1898 4307 eonsul-
1924 4242 1971 4303 C
2003 4255 2143 4325 gitos
2198 4256 2389 4312 abdico
2430 4274 2444 4311 :
2478 4257 2757 4312 Euclidem
2805 4258 3073 4329 perplexis
3122 4261 3583 4331 geometricalium

323 4362 474 4404 turus
497 4350 773 4412 accedam,
802 4349 904 4402 hoc
960 4347 1100 4416 apud
1152 4363 1236 4401 me
1264 4346 1500 4401 divinam
1534 4343 1763 4414 imploro
1790 4343 1898 4398 cle-

320 4441 573 4495 mentiam
591 4456 605 4504 ;
626 4448 682 4492 ut
706 4449 756 4492 te
776 4437 930 4507 quasi
958 4452 1067 4491 sua:
1081 4437 1368 4492 voluntatis
1391 4451 1650 4506 organum
1675 4434 1895 4499 faciens,

322 4543 411 4588 tuo
443 4530 574 4585 mihi
624 4544 718 4583 ore
765 4528 1043 4597 praecipiat
1081 4527 1208 4597 quid
1254 4543 1339 4582 me
1376 4527 1554 4581 facere
1583 4527 1636 4580 in
1689 4523 1899 4593 objecta

319 4623 667 4692 ambiguitate
690 4622 943 4675 decernat
966 4638 976 4673 :
1013 4629 1240 4689 quamet
1264 4636 1406 4675 nunc
1428 4635 1642 4689 quoque
1669 4633 1899 4673 consue-

320 4714 560 4769 tudinem
594 4722 804 4776 tcncus,
848 4714 948 4765 hoc
971 4728 999 4765 a
1035 4721 1084 4765 te
1114 4712 1389 4766 docendus
1434 4712 1666 4780 inquiro,
1703 4713 1844 4780 quod
1870 4725 1900 4764 a

322 4806 505 4859 multis
530 4820 669 4873 scepe
696 4804 847 4873 quasi
877 4818 1235 4872 responsurus
1263 4802 1657 4872 inquirentibus
1692 4802 1900 4869 exigor.

322 4897 570 4951 Nonnulli
601 4898 745 4950 enim
784 4896 982 4951 fratres
1008 4897 1300 4950 cremitica:
1326 4905 1625 4950 sectatores
1652 4896 1773 4948 vita-
1796 4893 1905 4948 fre-

2004 4347 2294 4421 figurarum
2345 4350 2535 4404 studiis
2586 4350 2866 4406 incurvum
2899 4366 3052 4419 aeque
3082 4351 3330 4406 declino:
3363 4362 3589 4409 cunctos

2002 4456 2134 4496 sane
2181 4442 2427 4496 rhetores
2481 4458 2603 4495 cum
2658 4442 2771 4497 suis
2822 4442 3145 4514 syllogismis
3186 4454 3242 4499 et
3280 4445 3588 4516 sophisticis

2003 4533 2439 4588 cavillationibus
2499 4534 2747 4606 indignos
2822 4537 2920 4590 hac
2980 4537 3277 4604 quaestione
3330 4537 3586 4592 decerno.

2004 4621 2262 4676 Tremant
2293 4622 2527 4693 gymnici
2562 4638 2716 4677 suam
2742 4623 2946 4693 jugiter
2965 4640 3152 4678 amore
3181 4625 3459 4693 sapientia:
3490 4642 3591 4680 nu-

2005 4713 2228 4769 ditatem
2265 4732 2277 4767 :
2311 4723 2558 4783 quierant
2587 4714 2926 4784 peripatetici
2969 4714 3227 4769 latentem
3274 4715 3326 4768 in
3366 4714 3594 4784 profun-

2004 4805 2072 4861 do
2102 4814 2263 4875 puteo
2292 4806 2593 4860 veritatem.
2636 4804 2747 4876 Ego
2790 4821 3054 4860 summam
3081 4822 3110 4859 a
3154 4815 3206 4860 te
3236 4822 3419 4875 quer
3450 4807 3590 4861 veri-

2005 4904 2194 4959 tatem,
2248 4894 2396 4949 illam
2430 4895 2696 4961 videlicet,
2726 4911 2845 4963 qure
2892 4896 2957 4950 de
2996 4904 3139 4949 terra
3168 4905 3286 4949 orta
3323 4903 3423 4960 est,
3479 4912 3587 4949 non

322 4999 552 5059 quenter
588 4988 937 5056 interrogant,
969 5004 1089 5043 cum
1125 4988 1426 5057 singulares
1449 4989 1499 5041 in
1529 4987 1731 5042 cellulis
1753 5003 1905 5041 com-
2001 4986 2111 5055 jam
2141 4986 2194 5039 in
2234 4995 2394 5053 puteo
2428 4986 2740 5055 ignobiliter
2761 4986 3082 5049 latitantem,
3114 4987 3206 5040 sed
3236 4985 3382 5039 omni
3410 4987 3589 5038 mani-

325 5088 627 5142 morantur,
679 5090 857 5132 utrum
908 5079 1010 5133 illis
1043 5081 1202 5134 liceat
1247 5081 1446 5145 dicere,
1489 5080 1742 5133 Dominus
1770 5079 1908 5133 vobi-

321 5188 500 5235 scum;
536 5171 694 5235 Jube,
740 5172 945 5235 domne,
986 5170 1280 5224 benedicere
1303 5186 1321 5223 :
1352 5181 1512 5238 atque
1548 5172 1671 5239 ipsi,
1698 5179 1754 5222 ut
1782 5180 1908 5223 sunt

325 5266 445 5330 soli,
489 5266 642 5335 juxta
686 5279 891 5318 morem
944 5263 1374 5318 ecclesiasticum
1427 5262 1642 5315 sibimet
1679 5262 1911 5314 debeant

330 5360 675 5427 respondere.
710 5357 939 5422 Quidam
978 5356 1121 5411 enim
1148 5356 1287 5409 inter
1310 5369 1368 5409 se
1398 5354 1550 5423 quasi
1583 5354 1911 5406 ratiocinan-

331 5459 432 5512 tes,
457 5448 644 5501 dicunt
681 5464 694 5501 :
729 5447 1108 5517 Nunquidnam
1164 5462 1193 5500 a
1240 5447 1526 5515 lapidibus,
1566 5454 1658 5497 aut
1718 5445 1912 5497 tabulis

329 5538 531 5593 cellula:
563 5539 790 5608 petenda
840 5547 924 5591 est
978 5536 1315 5591 benedictio?
1343 5545 1435 5588 aut
1484 5535 1585 5589 illis
1627 5534 1909 5587 dicendum

329 5641 433 5693 est,
463 5638 521 5681 ut
552 5627 809 5682 Dominus
837 5629 906 5681 sit
938 5644 1057 5681 cum
1095 5627 1209 5680 eis?
1236 5626 1462 5691 Quidam
1493 5635 1694 5689 autem,
1732 5625 1776 5677 si
1806 5641 1912 5693 quo

332 5722 491 5777 modo
521 5720 902 5775 ecclesiasticae
932 5706 1235 5775 traditionis
1260 5720 1504 5774 ordinem
1540 5719 1814 5785 deserant,
1852 5734 1911 5773 sc

2006 5078 2256 5134 festatam
2306 5080 2524 5142 mundo,
2568 5087 2821 5147 perpetua
2866 5078 2917 5131 in
2972 5078 3121 5133 oculis
3174 5077 3456 5145 majestate
3506 5094 3591 5130 rc-

2009 5177 2287 5238 gnantem.
2332 5168 2470 5234 Quid
2513 5168 2655 5221 enim
2698 5169 3087 5224 insanientium
3129 5182 3405 5240 poetarum
3439 5170 3591 5223 fabu-

2008 5260 2119 5313 lusa
2151 5258 2503 5312 commenta?
2528 5257 2665 5325 Quid
2718 5259 2849 5313 mihi
2901 5261 3223 5314 tumentium
3263 5262 3592 5330 tragicorum

2011 5351 2331 5405 cothurnata
2365 5350 2719 5404 discrimina?
2749 5350 3092 5418 Desinatjam
3121 5354 3452 5407 comicorum
3481 5352 3592 5404 uir-

2012 5445 2079 5497 ba
2114 5458 2315 5496 venena
2344 5441 2627 5496 libidinum
2673 5442 3064 5509 crepitantibus
3113 5442 3301 5497 buccis
3332 5441 3548 5496 efﬂuere
3575 5464 3591 5499 ε

2016 5542 2192 5587 cesset
2223 5532 2583 5603 satyricorum
2616 5532 2808 5601 vulgus
2837 5547 2962 5586 suos
2984 5533 3201 5587 tlarnos
3222 5532 3476 5602 captoria‘
3506 5532 3596 5582 de-

2025 5623 2304 5679 tractionis
2335 5622 2536 5674 amaris
2564 5621 2790 5689 dapibus
2829 5637 3095 5678 onerare:
3130 5637 3235 5675 non
3293 5620 3425 5674 mihi
3470 5617 3597 5671 Tul-

2020 5716 2147 5768 liani
2183 5722 2427 5769 oratores
2477 5718 2726 5766 accurata
2772 5711 2961 5782 lepida:
2985 5712 3309 5768 urbanitatis
3336 5711 3597 5767 tmtiuent
