3996 6184
384 326 489 383 235

842 321 901 377 S.
940 317 1138 375 PETRI
1179 313 1460 389 D.\MlANl
1497 310 1646 369 OPP.
1687 307 1923 365 TOMUS
1960 308 2091 364 SEU
2133 307 2311 365 PARS
2347 309 2432 364 Ill.
2462 338 2527 350 -—
2565 306 2929 365 OPUSCULA
2968 304 3180 363 VARIA

385 451 568 494 rerum
601 434 817 492 casibus
843 441 925 487 est
946 428 1199 492 obnoxia,
1227 435 1288 482 ut
1314 425 1474 480 modo
1520 419 1773 491 proferri,
1803 418 1962 472 modo
1991 425 2034 481 Α
2065 427 2124 471 ut
2146 427 2199 472 et
2230 419 2327 488 ipsi
2353 418 2404 472 in
2432 418 2584 473 nobis
2608 433 2771 471 unum
2797 418 2924 482 sint,
2951 427 3009 472 ut
3035 417 3264 472 mundus
3285 421 3495 486 credat,
3520 422 3648 490 quia

387 528 580 582 debeat
628 523 844 579 εῑιεηιῑο
883 513 1181 583 pmtcrtri;
1232 509 1326 565 sed
1363 511 1528 565 etiam
1578 510 1621 564 si
1655 510 1838 579 plures
1877 510 1970 564 de—

389 614 519 675 εῑιιι,
546 616 794 661 illicitum
841 612 928 659 est
971 612 1032 658 ut
1071 601 1447 659 ecclesiastica
1492 602 1713 657 traditio
1748 617 1968 672 permu—

387 707 552 754 tetur.

1009 783 1237 840 CAPUT
1275 783 1338 839 ν.

392 879 546 947 Quod
574 887 756 934 sancta
787 876 1023 933 Ecclesia
1055 886 1103 931 et
1130 893 1235 930 una
1258 875 1548 947 inmultis,
1580 886 1627 930 et
1656 883 1765 931 tota
1794 876 1968 930 videa-

960 958 1050 1001 tur
1074 950 1129 1001 in
1160 946 1399 1015 singulis.

462 1064 703 1121 Ecclesia
731 1063 996 1133 siquidem
1025 1061 1225 1116 Christi
1261 1068 1407 1114 tanta
1428 1058 1708 1114 charitatis
1736 1057 1963 1111 invicem

388 1158 531 1214 inter
559 1173 617 1213 se
644 1170 899 1225 compage
920 1153 1290 1218 connectitur;
1321 1162 1379 1204 ut
1400 1161 1454 1206 et
1483 1151 1533 1205 in
1566 1150 1807 1220 pluribus
1833 1164 1962 1212 una,

390 1258 445 1302 et
495 1249 548 1303 in
596 1245 820 1314 singulis
875 1245 949 1298 sit
994 1258 1092 1312 per
1122 1241 1434 1311 mysterium
1475 1248 1611 1303 tota;
1667 1240 1801 1295 adeo
1829 1246 1887 1291 ut
1913 1255 1968 1298 et

390 1338 566 1391 omnis
596 1332 911 1389 universalis
941 1331 1179 1387 Ecclesia
1208 1346 1313 1385 non
1338 1329 1607 1385 immerito
1635 1344 1739 1382 una
1765 1323 1964 1383 Christi

388 1426 741 1498 perhibeatur
772 1420 1121 1492 singulariter
1148 1434 1368 1489 sponsa,
1400 1426 1457 1473 et
1483 1432 1819 1487 unaquaque
1847 1416 1967 1471 ani-

389 1535 475 1573 ma
501 1532 597 1586 per
622 1514 942 1571 sacramenti
1002 1510 1315 1582 mysterium
1366 1509 1523 1579 plena
1566 1522 1685 1563 esse
1713 1507 1968 1563 credatur

390 1607 647 1660 Ecclesia.
674 1603 808 1657 Nam
836 1614 889 1657 et
911 1601 1242 1671 propheticis
1268 1597 1417 1654 Isaac
1439 1598 1660 1653 naribus
1688 1607 1797 1652 tota
1828 1612 1964 1667 pra:-

391 1712 517 1752 sens
562 1694 839 1750 redolebat
888 1690 1150 1755 Ecclesia,
1188 1705 1308 1744 cum
1355 1703 1519 1758 super
1566 1688 1726 1742 unius
1756 1688 1849 1741 lilii
1881 1688 1963 1742 sui

389 1799 618 1856 persona
649 1783 860 1837 dicebat
891 1797 905 1833 :
945 1798 963 1832 ι
987 1780 1125 1834 Ecce
1174 1778 1309 1833 odor
1342 1777 1434 1831 lilii
1481 1777 1608 1841 mei,
1662 1778 1799 1832 sicut
1829 1777 1963 1831 odor

392 1875 508 1945 agri
553 1872 694 1942 pleni
740 1868 893 1942 (Gen.
974 1869 1199 1940 xxvu)»
1258 1868 1323 1923 Et
1350 1868 1587 1922 debitrix
1621 1866 1708 1921 illa
1743 1866 1960 1930 mulier,

391 1978 511 2034 qua:
548 1978 611 2017 ex
642 1968 911 2032 praecepto
958 1959 1120 2013 Elisei
1169 1972 1361 2026 parum
1428 1955 1532 2011 olei
1580 1954 1735 2025 quasi
1779 1969 1963 2010 semen

390 2052 605 2123 sparsit,
652 2060 707 2106 et
754 2051 946 2106 uberes
996 2063 1121 2103 mox
1155 2046 1338 2117 fruges
1371 2047 1558 2101 eodem
1602 2060 1702 2115 per
1743 2045 1963 2099 vascula

389 2144 724 2200 redundante
790 2139 1112 2211 permessuit
1167 2137 1274 2208 (IV
1332 2135 1459 2209 Reg.
1514 2136 1613 2207 ιν),
1670 2134 1962 2192 Ecclesiam

389 2233 576 2303 utique
612 2231 881 2302 figuravit.

462 2325 615 2392 Quod
660 2322 706 2379 si
738 2337 835 2393 per
868 2334 1036 2376 sacra:
1085 2317 1382 2388 Scriptura:
1424 2329 1643 2386 campos
1683 2313 1969 2387 diligenter

392 2413 703 2483 inquiritur,
726 2412 886 2465 unius
915 2409 1037 2473 viri,
1061 2407 1146 2462 vel
1175 2406 1416 2461 mulieris
1435 2419 1664 2476 persona
1691 2404 1966 2476 designari

392 2506 692 2561 Ecclesiam
726 2501 970 2557 crebrius
998 2499 1287 2554 invenitur.
1317 2497 1470 2552 Licet
1496 2496 1642 2551 enim
1683 2494 1969 2565 multiplex

389 2595 637 2650 videatur
666 2591 929 2655 Ecclesia,
959 2598 1178 2660 propter
1207 2586 1648 2642 numerositatem
1694 2584 1963 2657 gentium:

391 2702 497 2739 una
531 2695 733 2747 tamen,
761 2689 818 2737 et
839 2679 1066 2749 simplex
1090 2686 1190 2742 est,
1222 2677 1379 2731 unius
1403 2676 1547 2741 fidei,
1576 2687 1632 2731 et
1654 2675 1850 2729 divina:
1879 2689 1967 2730 rer

391 2772 757 2845 generationis
796 2769 1162 2825 confmderata
1219 2765 1499 2836 mysterio.
1547 2764 1616 2819 Et
1656 2778 1967 2835 quanquam

392 2872 599 2935 septem
640 2861 892 2916 mulieres
926 2857 1233 2926 acceperint
1258 2856 1435 2909 virum
1482 2870 1671 2919 unum,
1698 2854 1852 2925 virgo
1882 2861 1967 2906 ta-

396 2966 518 3005 men
542 2959 597 3005 et
637 2963 743 3004 una
778 2946 982 3002 ccelesti
1010 2945 1083 2999 illi
1115 2944 1229 2998 viro
1257 2944 1455 2999 dicitur
1484 2944 1806 3012 desponsata
1830 2941 1965 3015 (ιτα.

394 3041 494 3114 tv).
524 3040 600 3095 De
623 3053 731 3109 qua
760 3037 1012 3091 nimirum
1033 3032 1321 3103 Apostolus
1353 3051 1367 3086 :
1403 3050 1422 3084 ι
1446 3033 1735 3102 Despondi,
1767 3033 1965 3101 inquit,

394 3147 491 3186 vos
541 3130 633 3184 uni
694 3128 809 3183 viro
859 3124 1120 3196 virginem
1173 3130 1380 3178 castam
1436 3121 1695 3178 exhibere
1746 3120 1966 3177 Christo
1996 3116 2039 3177 C

391 3214 836 3377 Ulgfrhiytrgo
882 3304 1170 3360 manifeste
1213 3300 1499 3373 colligitur,
1545 3266 1687 3357 sicut
1717 3301 1966 3371 superius

395 3402 596 3457 dictum
622 3406 725 3465 est,
755 3396 880 3466 quia
917 3410 1040 3450 cum
1086 3394 1139 3449 in
1183 3409 1287 3448 una
1315 3392 1551 3449 hominis
1578 3406 1809 3463 persona
1852 3400 1963 3446 tota

395 3492 702 3562 designetur
727 3486 987 3552 Ecclesia,
1031 3494 1088 3540 et
1128 3485 1241 3556 ipsa
1292 3492 1691 3553 consequenter
1726 3482 1963 3538 Ecclesia

396 3598 507 3638 una
531 3582 742 3637 dicatur
766 3579 941 3649 virgo,
962 3584 1148 3632 sancta
1186 3574 1429 3631 Ecclesia
1451 3582 1506 3629 et
1532 3574 1587 3629 in
1614 3574 1866 3629 omnibus
1889 3572 1965 3627 sit

397 3689 525 3739 una,
556 3681 611 3727 et
656 3670 707 3726 in
737 3668 964 3740 singulis
1006 3673 1117 3722 to‘ta
1148 3684 1162 3719 :
1188 3666 1447 3722 nimirum
1493 3665 1548 3720 in
1579 3664 1824 3736 pluribus
1867 3678 1964 3734 per

397 3764 521 3820 fidei
552 3763 808 3817 unitatem
835 3757 1082 3829 simplex,
1110 3765 1165 3812 et
1208 3757 1263 3811 in
1305 3754 1531 3827 singulis
1556 3768 1653 3826 per
1680 3753 1962 3810 charitatis

397 3854 679 3926 glutinum,
711 3851 1027 3917 diversaque
1054 3847 1195 3902 dona
1223 3845 1615 3902 charismatum
1644 3844 1955 3915 multiplex-

394 3948 519 4020 quia
544 3946 687 4003 enim
713 3959 781 4001 ex
806 3958 912 4000 uno
936 3957 1141 3999 omnes.

988 4030 1213 4088 CAPUT
1272 4031 1360 4088 Vl.

632 4124 772 4181 Item
794 4126 857 4180 de
885 4126 1083 4180 unitate
1112 4122 1415 4178 universalis
1439 4120 1710 4177 Ecclesite.

460 4216 664 4272 Sancta
724 4228 954 4283 namque
1010 4212 1275 4278 Ecclesia,
1312 4211 1436 4265 licet
1487 4226 1841 4281 personarum
1889 4221 1962 4267 srt

387 4304 787 4376 multiplicitate
835 4304 1070 4367 diversa,
1118 4303 1173 4355 in
1227 4315 1390 4355 unum
1438 4308 1616 4354 tamen
1664 4309 1748 4355 est
1786 4302 1959 4356 sancti

376 4391 629 4464 'Spiri'lus
655 4394 775 4464 igne
796 4390 1025 4446 conﬂata
1053 4404 1069 4444 :
1097 4399 1262 4460 atque
1290 4390 1411 4444 ideo
1444 4390 1609 4443 etiam
1649 4390 1692 4445 si
1718 4405 1814 4460 per
1838 4405 1962 4445 cor-

2071 520 2126 564 tu
2157 525 2242 565 me
2272 511 2502 567 misisti:
2526 519 2581 565 et
2625 524 2726 580 ego
2767 509 3068 566 claritatem
3105 525 3267 580 quam
3295 510 3493 566 dedisti
3518 512 3652 567 mihi

2069 600 2187 655 dedi
2216 600 2317 663 eis,
2370 608 2430 655 ut
2463 600 2575 656 sint
2605 615 2792 665 unum,
2840 599 2979 654 sicut
3021 608 3078 655 et
3127 614 3225 654 nos
3257 614 3423 654 unum
3465 616 3652 657 sumus

2068 688 2250 759 (Joan.
2286 690 2440 759 xm).
2465 708 2484 742 ι

2139 780 2195 836 Si
2225 796 2353 851 ergo
2385 782 2664 836 credentes
2707 781 2759 836 in
2802 781 3076 838 Christum
3124 796 3288 834 unum
3335 788 3479 845 sunt,
3528 781 3649 835 ubi-

2067 886 2280 939 cunque
2303 872 2549 925 videatur
2570 887 2688 927 esse
2719 887 2814 942 per
2841 872 3172 941 corporalem
3204 872 3438 940 speciem
3484 888 3649 927 mem-

2066 959 2246 1022 brum,
2296 959 2365 1013 ibi
2412 959 2573 1013 etiam
2618 975 2715 1029 per
2757 961 3079 1015 sacramenti
3123 961 3440 1029 mySIerium
3475 970 3646 1016 totum

2067 1056 2151 1102 est
2183 1063 2395 1116 corpus.
2414 1048 2481 1102 Et
2509 1048 2768 1119 quidquid
2797 1058 2880 1103 est
2904 1051 3045 1119 quod
3071 1058 3341 1118 competat
3370 1050 3484 1109 toti.
3510 1066 3646 1119 quo-

2069 1140 2356 1194 dammodo
2402 1155 2699 1208 congruere
2738 1140 2948 1194 videtur
2984 1140 3145 1196 etiam
3178 1141 3313 1209 parti
3345 1156 3359 1193 :
3386 1150 3649 1209 quatenus

2071 1238 2127 1284 et
2158 1230 2299 1299 quod
2335 1239 2634 1285 conventus
2674 1231 2929 1285 Ecclesia:
2956 1233 3313 1286 communiter
3340 1240 3515 1297 sonat,
3540 1247 3648 1285 non

2067 1320 2359 1374 absurdum
2396 1320 2488 1384 sit,
2537 1319 2582 1374 si
2626 1336 2765 1374 unus
2808 1320 2971 1374 homo
3017 1320 3363 1390 singulariter
3387 1320 3528 1374 dieat
3555 1338 3567 1372 :
3594 1328 3651 1373 et

2067 1412 2210 1479 quod
2266 1410 2334 1464 ab
2378 1425 2486 1464 uno
2519 1420 2665 1465 recte
2713 1410 3073 1479 depromitur,
3120 1425 3150 1462 a
3196 1410 3440 1480 pluribus
3481 1410 3646 1464 etiam

2068 1500 2613 1569 irreprehensibiliter
2655 1497 2978 1568 proferatur.
3027 1498 3164 1554 Hinc
3207 1506 3291 1553 est
3316 1500 3457 1552 enim
3503 1499 3646 1567 quod

2070 1589 2123 1642 in
2156 1599 2422 1644 conventu
2460 1588 2640 1658 positi,
2674 1598 2821 1643 recte
2857 1603 3045 1643 omnes
3088 1587 3352 1643 dicimus:
3382 1588 3642 1654 «Inclina,

2076 1682 2321 1745 Domine,
2359 1696 2544 1735 aurem
2572 1691 2743 1747 tuam,
2773 1688 2831 1734 et
2856 1680 3048 1734 exaudi
3080 1694 3165 1733 me
3194 1697 3205 1731 :
3230 1679 3485 1748 quoniam
3516 1693 3645 1749 ege-

1997 1762 2037 1820 Β
2068 1789 2169 1827 nus
2223 1781 2280 1827 et
2327 1787 2533 1842 pauper
2588 1788 2705 1829 sum
2753 1789 2883 1842 ego;
2921 1773 3129 1827 custodi
3175 1774 3408 1826 animam
3447 1788 3643 1837 meam,

2072 1864 2323 1932 quoniam
2347 1864 2700 1920 sanctus'sum
2727 1865 2896 1936 (Peril.
2916 1866 3136 1934 Lxxxv).
3162 1883 3180 1917 ι
3207 1865 3269 1919 Et
3300 1865 3645 1934 singulariter

2071 1956 2371 2018 constituti,
2406 1971 2512 2010 non
2559 1957 2853 2027 incongrue
2900 1957 3248 2011 decantamus
3279 1971 3292 2009 :
3322 1975 3340 2007 ι
3365 1956 3647 2010 Exsultate

2066 2046 2177 2100 Deo
2204 2047 2432 2116 adjutori
2454 2056 2659 2107 nostro.
2680 2046 2903 2114 jubilate
2918 2048 3026 2101 Deo
3039 2045 3203 2101 Iacob
3227 2045 3396 2118 (Psal.
3422 2048 3606 2113 Lxxx).
3621 2066 3639 2097 ι

2067 2133 2179 2189 Nec
2200 2135 2297 2190 abs
2321 2151 2379 2190 re
2405 2145 2509 2200 est,
2559 2136 2701 2205 quod
2754 2134 2908 2189 multi
2957 2135 3112 2189 simul
3141 2135 3366 2190 dicimus
3391 2153 3402 2187 :
3435 2154 3453 2185 ι
3474 2132 3645 2189 Bene-

2068 2225 2243 2280 dicam
2283 2226 2567 2279 Dominum
2597 2225 2651 2279 in
2681 2224 2823 2278 omni
2850 2234 3108 2293 tempore.
3147 2239 3357 2294 semper
3384 2224 3501 2277 laus
3527 2223 3645 2291 ejus

2069 2314 2121 2369 in
2152 2330 2247 2369 ore
2277 2329 2396 2369 meo
2420 2311 2591 2385 (Psal.
2621 2314 2870 2383 xxxm)»
2903 2313 2969 2367 Et
2994 2314 3092 2368 soli
3121 2328 3263 2383 saepe
3286 2313 3477 2383 plurali
3507 2328 3645 2367 voce

2067 2405 2390 2475 proferimus
2419 2420 2435 2459 :
2467 2405 2802 2475 Magni/icate
2836 2406 3116 2460 Dominum
3153 2423 3371 2472 mecum,
3419 2416 3468 2461 et
3499 2407 3647 2460 exal-

2068 2505 2235 2551 temus
2262 2513 2447 2551 nomen
2485 2497 2599 2567 ejus
2628 2498 2845 2551 invicem
2867 2517 2886 2553 :
2907 2508 2960 2551 et
2994 2497 3159 2551 multa
3206 2498 3254 2553 id
3292 2512 3478 2568 genus.
3507 2497 3642 2564 Quia

2068 2587 2324 2643 nimirum
2358 2600 2535 2657 neque
2574 2587 2661 2641 hic
2701 2586 2996 2656 pluralibus
3022 2589 3203 2642 verbis
3227 2588 3382 2663 unius
3405 2602 3645 2657 persona:

2068 2675 2303 2731 solitudo
2326 2676 2673 2746 praeiudicat:
2700 2692 2872 2747 neque
2902 2677 3011 2732 illic
3038 2677 3320 2732 multitudo
3349 2677 3582 2732 fidelium
3611 2693 3641 2731 a

2065 2765 2439 2837 singularitate
2486 2764 2757 2824 discordat
2798 2784 2811 2821 :
2851 2768 2975 2839 quia
3027 2782 3121 2837 per
3168 2768 3420 2822 virtutem
3470 2768 3641 2821 sancti

2068 2856 2326 2926 Spiritus,
2377 2857 2470 2926 qui
2507 2867 2563 2912 et
2609 2857 2833 2928 singulis
2886 2859 3039 2921 inest,
3070 2872 3124 2912 et
3159 2872 3346 2912 omnes
3373 2857 3563 2926 replet,
3590 2864 3646 2911 et
3736 2920 3741 2923 ν

2068 2941 2160 2996 hic
2181 2946 2412 3004 solitudo
2434 2947 2680 3018 pluralis,
2728 2955 2783 3003 et
2835 2946 2947 3002 illic
2999 2947 3284 3003 multitudo
3328 2946 3644 3018 intelligitur

2067 3036 2373 3110 singularis.

2667 3125 2892 3182 CAPUT
2928 3125 3039 3182 VII.

2071 3215 2225 3285 Quod
2253 3217 2299 3271 si
2342 3216 2580 3286 Doumns
2608 3230 2864 3273 vostscuu
2898 3233 2991 3285 pro
3035 3217 3399 3286 singularitate
3428 3233 3529 3271 non
3559 3217 3642 3271 di-

2253 3287 2411 3351 citur,
2441 3285 2607 3339 multa
2628 3286 2737 3340 alia
2765 3302 2968 3341 necesse
2993 3297 3070 3342 est
3095 3285 3444 3341 dimittantur.

2134 3395 2252 3451 Jam
2296 3376 2426 3451 vero
2472 3395 2545 3451 illi
2575 3397 2667 3467 qui
2696 3396 2902 3463 dicunt,
2949 3397 3189 3466 nunquid
3240 3396 3507 3467 lapidibus
3548 3406 3643 3453 aut

2066 3486 2264 3542 tabulis
2283 3486 2430 3543 cella:
2452 3489 2684 3556 petenda
2712 3495 2799 3543 est
2827 3488 3167 3543 benedictio?
3197 3498 3290 3543 aut
3311 3488 3419 3543 illis
3455 3489 3643 3543 dicen-

2063 3574 2189 3629 dum
2211 3583 2316 3643 est,
2340 3584 2400 3630 ut
2419 3575 2681 3631 Dominus
2702 3576 2775 3632 sit
2794 3591 2916 3631 cum
2938 3577 3054 3632 eis?
3081 3576 3463 3647 Respondeant
3504 3578 3636 3632 mihi

2063 3676 2120 3721 et
2164 3666 2365 3732 dicant,
2400 3681 2499 3723 cur
2546 3667 2849 3739 singulares
2895 3668 2948 3723 in
2992 3669 3197 3725 eisdem
3243 3668 3448 3723 cellulis
3476 3670 3635 3739 positi

2062 3755 2247 3810 dicunt
2273 3769 2289 3809 :
2321 3774 2340 3807 ‹
2359 3754 2571 3821 Venite,
2596 3756 2928 3812 exsultemus
2949 3757 3209 3813 Domino?
3228 3775 3247 3808 ι
3273 3755 3443 3825 (Pent.
3468 3758 3636 3829 serv.)

2064 3838 2237 3899 Dicite
2266 3844 2419 3909 mihi,
2464 3843 2685 3908 fratres,
2738 3844 2921 3911 dicite,
2951 3860 3150 3915 quaeso,
3204 3862 3336 3917 pace
3363 3857 3538 3903 vestra
3561 3848 3637 3902 lo-

2062 3950 2389 4006 quamcum
2436 3936 2533 3992 soli
2581 3938 2735 4001 estis,
2783 3951 2919 4007 quos
2962 3937 3357 3993 exhortaminil
3386 3954 3522 4009 quos
3566 3941 3635 3993 ad

2061 4028 2256 4082 divina:
2306 4027 2480 4083 laudis
2514 4029 2773 4084 excubias
2804 4029 3085 4083 invitatis?
3113 4045 3235 4085 cum
3280 4030 3458 4086 dicitis
3486 4048 3499 4084 :
3534 4029 3635 4084 Ve-

2060 4119 2187 4184 nite,
2214 4118 2528 4173 exsultemus
2553 4118 2804 4185 Domino;
2832 4118 2914 4174 vel
2941 4120 3068 4174 illud
3092 4138 3105 4174 :
3129 4119 3314 4190 Regem
3342 4131 3633 4191 martyrum

2060 4209 2338 4264 Dominum
2362 4213 2525 4266 venite
2546 4212 2861 4267 adoremus?
2883 4214 3257 4268 lnvitatorium
3279 4229 3511 4283 namque
3532 4215 3633 4269 hoc

2060 4298 2279 4364 dicitur,
2308 4309 2365 4354 et
2401 4300 2472 4355 ob
2514 4301 2566 4356 id
2597 4302 2783 4372 procul
2811 4303 2996 4369 dubio,
3022 4304 3146 4373 quia
3172 4318 3269 4373 per
3297 4304 3398 4359 hoc
3428 4305 3493 4358 ad
3536 4304 3634 4360 Dei

2059 4390 2244 4445 laudes
2285 4391 2519 4446 fidelium
2566 4392 2793 4462 populus
2841 4393 3119 4448 invitatur.
3160 4394 3217 4448 Si
3268 4402 3447 4449 autem
3475 4409 3573 4450 vos
3600 4409 3631 4448 a

381 4452 631 4554 .poralem
674 4452 843 4535 situm
902 4479 1145 4550 partibus
1171 4452 1440 4534 uideatur
1487 4479 1676 4545 dividi,
1718 4452 1958 4537 unitatis
1986 4452 2036 4511 θ
2062 4480 2208 4535 nullo
2236 4489 2366 4535 tunc
2410 4452 2943 4551 prorsus-audimini,
2969 4498 3104 4552 quos
3148 4484 3215 4537 ad
3256 4483 3631 4539 exsultandum

396 4582 573 4628 tamen
616 4570 818 4625 intima:
855 4578 1251 4626 sacramentum
1281 4568 1589 4625 nullatenus
1617 4584 1647 4624 a
1680 4585 1777 4624 sua
1809 4571 1957 4626 valet

394 4663 702 4734 integritate
731 4660 1021 4732 corrumpi.
1054 4677 1073 4711 ι
1093 4658 1344 4715 Charitas
1366 4660 1511 4714 enim
1535 4658 1630 4715 Dei
1655 4645 1847 4715 dill‘i'i'sa
1876 4670 1961 4716 est

396 4757 449 4809 in
474 4755 725 4809 cordibus
753 4752 952 4808 nostris
976 4766 1077 4821 per
1100 4750 1358 4820 Spiritum
1387 4759 1655 4816 sanctum,
1683 4752 1774 4820 qui
1801 4752 1958 4806 datus

393 4854 478 4900 est
523 4844 679 4899 nobis
705 4842 876 4914 (Rom.
922 4844 1041 4911 av)»
1095 4842 1199 4897 Iste
1253 4842 1433 4910 itaque
1460 4840 1718 4911 Spiritus,
1742 4843 1833 4911 qui
1876 4852 1959 4897 est

394 4933 769 5002 proculdubio
795 4942 847 4985 ct
872 4948 1029 4996 unus,
1065 4940 1117 4985 et
1164 4931 1473 4999 multiplex;
1508 4946 1647 4985 unus
1679 4931 1731 4985 in
1768 4929 1959 4999 majes-

398 5024 526 5079 tatis
551 5022 807 5086 essentia,
858 5021 1134 5091 multiplex
1182 5037 1278 5091 per
1330 5023 1539 5076 diversa
1568 5022 1958 5075 charismatum

396 5121 555 5180 dona.
597 5116 690 5170 dat
723 5112 975 5169 Ecclesiae
1019 5122 1241 5179 sanctae,
1284 5128 1445 5182 quam
1495 5111 1687 5181 replet,
1732 5121 1790 5165 ut
1823 5112 1957 5166 etin

393 5208 745 5265 universitate
789 5207 860 5261 sit
897 5220 1025 5269 una,
1054 5213 1109 5259 et
1145 5204 1196 5258 in
1227 5205 1339 5258 suis
1361 5203 1609 5273 partibus
1638 5211 1772 5257 tota.
1804 5202 1959 5271 Quod

394 5302 648 5355 nimirum
678 5296 962 5352 individua:
1007 5294 1227 5349 unitatis
1267 5307 1524 5371 arcanum
1568 5293 1776 5348 Veritas
1813 5309 1963 5348 com-

399 5388 842 5450 mcndabat,cum
860 5384 1004 5438 Patri
1032 5384 1097 5436 de
1121 5382 1232 5437 suis
1257 5381 1532 5451 discipulis
1551 5382 1715 5453 226
1727 5382 1956 5437 diceret:

406 5496 424 5527 ι
462 5477 596 5537 Non,
622 5475 813 5543 inquit,
845 5486 942 5541 pro
990 5470 1075 5525 his
1104 5485 1233 5543 rogo
1273 5478 1501 5535 tantum,
1530 5473 1622 5525 sed
1653 5479 1707 5525 et
1736 5486 1833 5540 pro
1859 5472 1958 5535 eis,

402 5565 493 5633 qui
520 5564 773 5617 credituri
820 5572 944 5615 sunt
973 5562 1027 5615 in
1070 5576 1154 5617 me
1194 5575 1292 5631 per
1328 5559 1551 5615 verbum
1602 5561 1858 5632 ipsorum,
1902 5572 1960 5617 ut

400 5669 587 5708 omnes
610 5665 774 5705 unum
797 5653 925 5717 sint,
954 5654 1093 5708 sicut
1119 5662 1171 5707 tu
1194 5651 1353 5707 Pater
1381 5650 1432 5707 in
1458 5666 1564 5718 me,
1591 5661 1643 5707 et
1673 5667 1771 5722 ego
1800 5653 1853 5707 in
1884 5664 1953 5715 te.

2061 4570 2291 4626 Domino
2326 4572 2713 4626 exhortatoriis
2748 4572 2970 4628 vocibus
2998 4573 3282 4628 excitatis?

2131 4661 2306 4732 Agite,
2330 4661 2574 4731 inquam,
2602 4660 2819 4725 fratres.
2860 4662 3023 4718 dicite
3053 4664 3231 4717 adhuc
3258 4660 3409 4729 mihi,
3449 4661 3494 4716 si
3524 4678 3631 4718 non

2061 4750 2128 4805 ad
2157 4759 2553 4805 sacramentum
2578 4742 2844 4820 respicitis
2866 4752 3246 4807 ecclesiasticae
3270 4752 3515 4817 unitatis,
3539 4753 3633 4807 sed

2062 4839 2128 4893 ad
2171 4855 2455 4895 numerum
2501 4841 2681 4911 potius
2731 4843 3030 4910 praesentiae
3079 4842 3397 4912 corporalis,
3438 4843 3636 4913 quibus

2061 4932 2241 4988 dicitis
2267 4947 2282 4986 :
2308 4932 2476 4988 Nocte
2504 4945 2769 5004 surgentes
2798 4936 3064 5004 vigilemus
3099 4938 3313 4991 omnes?
3353 4936 3559 5003 Quibus
3580 4944 3637 4989 et

2060 5025 2189 5079 illud
2215 5042 2228 5078 :
2253 5024 2447 5081 Somno
2473 5027 2674 5096 refectis
2705 5026 3234 5098 artubus,surgamus
3260 5026 3434 5081 omnes
3456 5028 3636 5081 ocius!

2065 5115 2177 5168 Cur
2202 5124 2350 5170 certe
2394 5131 2501 5169 non
2544 5132 2735 5172 omnes
2761 5118 3010 5188 hymnos,
3040 5131 3227 5171 omnes
3256 5116 3487 5186 denique
3511 5130 3639 5170 ora-

2067 5205 2261 5268 tiones,
2288 5219 2408 5274 qua:
2438 5205 2691 5265 nimirum
2723 5222 2751 5258 a
2778 5208 3088 5263 doctoribus
3117 5206 3308 5278 plurali
3343 5214 3470 5262 sunt
3497 5206 3640 5278 stylo

2066 5295 2398 5364 compositae,
2426 5296 2507 5350 vel
2535 5294 2748 5351 silentio
2770 5306 3157 5365 praetereuntes
3179 5298 3449 5362 emittitis,
3471 5299 3637 5369 227

2065 5385 2150 5438 vel
2178 5386 2245 5439 ad
2277 5386 2602 5456 singularem
2630 5387 2892 5443 violenter
2920 5405 3202 5445 numerum
3229 5391 3529 5445 revocatis?

2139 5474 2257 5529 lam
2284 5490 2412 5530 vero
2439 5490 2559 5530 cum
2591 5476 2658 5529 ad
2687 5476 2943 5533 lectiones
2967 5480 3177 5542 venitis.
3205 5480 3328 5551 quia
3366 5478 3516 5535 nefas
3538 5477 3649 5532 du-
3740 5528 3747 5535 .

2066 5565 2210 5629 citis,
2255 5564 2418 5619 nullis
2460 5565 2796 5621 adstantibus
2828 5567 3259 5623 benedictionem
3310 5580 3515 5637 petere,
3555 5567 3646 5621 vel

2067 5654 2218 5717 dare,
2252 5667 2348 5708 cur
2376 5652 2594 5708 Patrum
2635 5653 2902 5720 bomilias,
2953 5665 3007 5712 et
3049 5656 3487 5712 concionatorum
3515 5669 3649 5711 ser-

3540 308 3715 367 236-
