3996 6184
360 335 462 389 257

1103 341 1344 400 OPUSC.
1385 344 1474 400 XI.
1517 377 1586 388 —
1621 345 1823 402 LIBER
1858 345 1972 414 QUI
2009 348 2282 404 DlClTUR
2323 347 2624 406 DOMINUS
2662 348 3029 407 VOBlSCUM.

3499 348 3606 403 2'38

357 463 545 504 mones
591 448 771 521 legitis
799 465 814 505 :
849 453 1043 522 quibus
1088 435 1343 511 nimirum
1392 467 1622 530 cogente
1685 459 1935 516 lectionis
1964 467 2011 525 Α
2039 460 2294 515 Ecclesia:
2317 461 2879 530 unitatemApostolus
2904 459 3188 519 manifeste
3204 461 3462 528 declarat,
3485 479 3608 518 cum

359 539 538 604 modo,
568 541 825 610 populum
853 543 1050 613 alloqui
1078 545 1358 613 videmini,
1388 558 1442 603 et
1470 549 1615 604 velut
1643 551 1709 604 ad
1739 566 1927 605 secun-

359 631 478 683 dam
525 645 838 700 personam,
885 634 1091 689 scilicet
1147 637 1498 703 auditorum,
1545 640 1725 694 omnia
1772 640 1934 695 verba

356 729 540 776 vestra
562 722 828 793 dirigitis;
859 733 1021 794 atque
1043 735 1101 781 ιιι
1128 728 1242 797 ipsa
1274 730 1618 786 homiliarnm
1648 733 1812 787 verba
1841 749 1938 803 po-

360 826 572 876 namus,
624 814 838 882 quibus,
869 829 1072 884 quaso,
1099 818 1283 873 dicitis
1308 837 1320 872 :
1349 820 1560 887 Audite,
1594 821 1783 890 fratres
1813 826 1940 876 cha-

359 907 576 970 rissimi,
607 917 662 962 et
699 918 913 973 caetera,
941 926 1060 980 quae
1100 922 1426 982 sequuntur,
1452 929 1574 968 cum
1619 914 1693 969 ibi
1739 913 1939 969 fratres

360 998 489 1050 nulli
518 997 803 1066 sint?Quaa
839 1001 1090 1056 videlicet
1117 1004 1161 1057 si
1189 1004 1355 1059 vultis
1383 1005 1452 1059 ad
1492 1013 1726 1059 vestram
1757 1004 1940 1075 singu-

359 1087 630 1142 laritatem
707 1090 846 1160 stylo
909 1092 1242 1147 reclamante
1307 1095 1576 1148 violenter
1643 1093 1937 1160 inﬂectere,

359 1178 484 1244 quia
512 1177 566 1230 id
603 1194 825 1246 prorsus
853 1180 1184 1250 impossibile
1205 1192 1307 1248 est,
1344 1184 1430 1238 his
1459 1183 1678 1238 omissis
1717 1198 1940 1238 necesse

355 1267 464 1336 jam
489 1271 644 1324 vobis
673 1273 776 1325 erit
802 1287 936 1325 nova
967 1274 1193 1329 dictare.
1216 1275 1326 1329 Cur
1353 1277 1516 1331 etiam
1563 1292 1687 1331 cum
1719 1277 1786 1331 ad
1819 1292 1942 1331 ora-

362 1363 536 1416 tiones
557 1373 874 1430 perventum
900 1364 1083 1428 fuerit,
1112 1365 1328 1420 dicitis:
1355 1364 1613 1431 Oremus;
1639 1381 1761 1420 cum
1784 1381 1941 1421 nemo

361 1451 471 1505 illic
501 1453 591 1514 sit,
623 1453 714 1521 qui
745 1467 902 1508 orare
932 1455 1209 1509 vobiscum
1244 1455 1474 1510 debeat?
1506 1472 1664 1526 quem
1699 1457 1767 1510 ad
1794 1471 1943 1511 com-

361 1541 673 1596 munionem
724 1544 990 1599 orationis
1046 1545 1314 1611 invitatis,
1373 1546 1465 1615 qui
1514 1545 1718 1600 nullum
1751 1547 1943 1600 adesse

359 1631 712 1700 conspicitis?
737 1632 849 1688 Cur
875 1634 1040 1688 etiam
1078 1634 1132 1688 in
1169 1635 1363 1704 expleti
1393 1634 1551 1689 ollicii
1598 1635 1842 1689 clausula
1875 1649 1944 1690 ex

363 1737 515 1776 more
539 1723 866 1794 subjungitis
885 1741 899 1776 :
918 1722 1296 1779 Benedicamus
1311 1725 1568 1791 Domino;
1598 1741 1720 1780 cum
1747 1734 1944 1795 praesto

2037 548 2169 601 dicit
2201 567 2214 602 :
2253 568 2270 599 ι
2292 547 2468 603 Unum
2496 564 2715 618 corpus,
2763 565 2902 603 unus
2941 549 3118 617 panis,
3150 550 3302 602 multi
3346 566 3531 606 sumus
3558 550 3609 619 (1

2038 638 2158 690 Cor.
2189 637 2265 708 κ).
2289 658 2307 690 ι
2339 637 2509 691 Tanta
2531 647 2614 692 est
2635 638 2775 692 enim
2809 638 3060 694 Ecclesia:
3090 639 3266 693 imitas
3296 638 3348 693 in
3369 639 3613 706 .Christo,

2039 736 2099 780 ut
2129 744 2266 782 unus
2294 728 2491 798 ubique
2523 729 2574 782 in
2617 738 2729 783 toto
2760 731 2890 785 orbe
2918 740 3182 784 terrarum
3213 732 3283 786 sit
3307 732 3460 801 panis
3489 747 3612 785 cor-

2036 816 2187 885 poris
2215 817 2436 880 ChriSti,
2472 827 2525 870 et
2551 833 2687 872 unus
2715 819 2855 874 calix
2882 819 3161 888 sanguinis
3189 818 3324 887 ejus.
3349 819 3615 887 Quoniam

2039 907 2179 960 sicut
2209 907 2462 961 divinitas
2500 908 2650 962 Verbi
2693 909 2784 963 Dei
2819 927 2924 963 una
2959 919 3065 974 est,
3088 926 3206 979 quae
3234 919 3400 966 totum
3431 911 3618 980 implet

2040 997 2340 1050 mundum:
2368 997 2439 1050 ita
2494 997 2620 1052 licet
2663 1000 2844 1052 multis
2895 986 3051 1065 locis,
3103 1001 3394 1071 multisque
3425 1001 3616 1055 diebus

2040 1085 2173 1140 illud
2221 1101 2417 1156 corpus
2470 1098 2850 1155 consecretur;
2893 1106 2997 1143 non
3047 1101 3174 1144 sunt
3222 1099 3399 1144 tamen
3451 1089 3619 1143 multa

2041 1191 2291 1246 corpora,
2316 1178 2408 1232 sed
2437 1195 2598 1231 unum
2624 1194 2820 1249 corpus
2835 1180 3058 1234 Christi.
3082 1181 3144 1234 Et
3172 1183 3311 1234 sicut
3354 1180 3440 1235 ille
3466 1180 3620 1250 panis
3663 1171 3670 1175 ’

2041 1276 2097 1320 et
2123 1268 2344 1336 sanguis
2387 1268 2438 1320 in
2483 1282 2682 1337 corpus
2721 1269 2921 1323 Christi
2952 1270 3220 1325 veraciter
3247 1270 3616 1324 transierunt:

2041 1357 2115 1412 ita
2147 1373 2358 1424 omnes,
2405 1360 2495 1428 qui
2544 1359 2674 1414 illud
2715 1360 2767 1413 in
2809 1349 3053 1416 Ecclesia
3093 1361 3251 1432 digne
3292 1361 3618 1430 percipiunt,

2041 1463 2208 1503 unum
2249 1449 2452 1519 absque
2487 1450 2651 1504 dubio
2681 1449 2880 1505 Christi
2929 1465 3125 1520 corpus
3156 1451 3329 1516 ﬁunt,
3378 1451 3495 1521 ipso
3544 1461 3623 1505 te-

2043 1544 2243 1600 stante,
2271 1551 2394 1591 cum
2436 1537 2547 1590 ait:
2581 1556 2598 1588 ι
2621 1535 2724 1603 Qui
2768 1539 3059 1592 manducat
3088 1553 3308 1593 carnem
3337 1554 3535 1603 meam,
3563 1547 3620 1592 et

2043 1627 2182 1682 bibit
2208 1627 2526 1699 sanguinem
2571 1643 2772 1693 meum,
2818 1629 2870 1683 in
2900 1644 2986 1684 me
3018 1637 3225 1694 manet,
3255 1638 3310 1684 et
3345 1643 3446 1700 ego
3471 1630 3524 1685 in
3556 1643 3622 1684 eo

2045 1717 2229 1788 (Joan.
2259 1720 2390 1788 νη.»

365 1811 544 1866 nullus
577 1785 818 1880 assistat,
865 1818 957 1884 qui
994 1815 1272 1870 vobiscum
1313 1785 1596 1870 Dominum
1628 1785 1946 1871 benedicat?
1978 1808 2020 1866 Β
2057 1785 2064 1788 ⁷
2119 1809 2176 1864 Si
2207 1785 2336 1880 ergo
2363 1824 2555 1864 omnes
2592 1825 2757 1863 unum
2784 1785 2982 1864 Christi
3015 1825 3210 1880 corpus
3238 1825 3447 1874 sumus.
3477 1818 3534 1864 0|-
3561 1809 3626 1864 Ῑί·

435 1899 562 1953 11ωο
588 1900 752 1970 igitur
776 1909 829 1956 et
863 1902 970 1956 alia
995 1902 1164 1958 multa
1207 1919 1328 1974 qua:
1367 1903 1584 1975 longum
1611 1913 1696 1959 est
1720 1919 1946 1962 enume-

366 2004 513 2055 rare,
554 1992 894 2059 perpendite,
944 1999 999 2046 et
1043 1992 1428 2047 ecclesiastica:
1458 1993 1764 2048 traditionis
1793 2007 1948 2063 regu-

362 2084 468 2137 lam
495 2083 611 2138 sive
644 2083 765 2150 soli,
797 2085 913 2138 sive
955 2099 1078 2138 cum
1110 2082 1356 2154 pluribus
1395 2085 1737 2142 uniformiter
1762 2085 1948 2140 obser-

360 2183 506 2228 vate.
534 2173 595 2231 Si
635 2174 780 2227 enim
811 2175 1060 2229 doctores
1089 2174 1344 2230 Ecclesia:
1376 2175 1429 2230 id
1471 2175 1728 2244 expedire
1759 2177 1948 2231 decer-

368 2272 582 2329 nerent,
643 2264 696 2317 in
760 2265 1150 2320 ecclesiasticis
1209 2265 1399 2320 olliciis
1463 2265 1630 2320 alium
1697 2265 1944 2337 singulis,

366 2352 530 2406 alium
610 2352 795 2406 multis
873 2354 1118 2408 ordinem
1179 2355 1559 2422 tradidissent;
1635 2355 1729 2410 sed
1780 2371 1944 2410 unum

365 2442 609 2498 contenti
682 2453 889 2498 remota
955 2444 1271 2499 diversitate
1324 2460 1698 2515 componere,
1779 2444 1946 2500 unum

365 2548 462 2586 nos
489 2533 789 2586 docuerunt
819 2532 1064 2587 ordinem
1112 2532 1406 2588 inviolabili
1435 2547 1650 2602 semper
1688 2533 1948 2588 observa-

367 2626 511 2679 tione
563 2632 769 2679 tenere.
807 2623 1166 2679 Providerunt
1211 2625 1379 2689 enim,
1429 2624 1555 2695 quia
1602 2623 1862 2694 quidquid
1894 2625 1947 2678 in

369 2715 566 2769 divinis
603 2714 878 2784 obsequiis
904 2729 935 2768 a
961 2714 1198 2784 quolibet
1229 2714 1486 2770 Ecclesiae
1528 2715 1770 2769 membro
1798 2729 1951 2770 reveo

368 2814 554 2860 renter
576 2803 824 2870 oﬁertur,
861 2806 914 2859 id
940 2806 1104 2860 etiam
1154 2805 1258 2859 ﬁde
1302 2814 1356 2860 et
1411 2806 1700 2861 devotione
1727 2814 1950 2861 cuncto-

367 2910 486 2952 rum
516 2899 900 2955 universaliter
926 2902 1269 2955 exhibeatur.
1306 2899 1455 2955 Unus
1483 2910 1568 2956 est
1600 2902 1744 2956 enim
1763 2902 1950 2957 Eccle-

367 2991 459 3044 siae
490 2990 752 3059 Spiritus,
779 3006 888 3062 quo
915 2990 1226 3046 viviﬁcatur
1267 3007 1437 3046 unum
1485 3007 1704 3062 corpus,
1743 2993 1889 3062 quod
1918 3008 1949 3047 a

368 3079 588 3134 Christo
620 3079 874 3135 videlicet
914 3094 1012 3135 suo
1049 3081 1228 3150 capite
1265 3091 1648 3151 praeservatur.
1678 3079 1816 3137 Tota
1853 3082 1952 3154 igi-

2047 1911 2136 1956 cet
2167 1915 2264 1970 per
2291 1901 2629 1970 corporalem
2657 1902 2893 1970 speciem
2921 1901 3203 1956 videamur
3233 1899 3477 1972 abjungi,
3512 1900 3627 1970 spi-

2046 1995 2154 2049 ritu
2181 2005 2357 2050 tamen
2390 1996 2458 2051 ab
2484 1994 2713 2049 invicem
2760 1995 3001 2064 separari
3045 2009 3151 2049 non
3185 2009 3492 2064 possumus,
3534 1992 3627 2062 qui

2046 2085 2102 2141 in
2126 2100 2192 2140 eo
2214 2101 2526 2151 manemus;
2557 2084 2685 2154 quid
2711 2092 2927 2150 noceat,
2950 2099 3051 2154 ego
3080 2099 3185 2138 non
3209 2085 3385 2150 video,
3415 2084 3460 2138 si
3482 2097 3624 2138 com-

2047 2189 2265 2229 munem
2292 2174 2545 2230 Ecclesia:
2567 2174 3011 2230 consuetudinem
3037 2182 3092 2228 et
3107 2172 3303 2244 singuli
3329 2185 3642 2237 teneamus,

2048 2269 2139 2338 qui
2165 2283 2267 2338 per
2289 2269 2514 2324 unitatis
2543 2268 2835 2323 individua:
2860 2277 3270 2322 sacramentum
3303 2267 3372 2321 ab
3401 2282 3463 2322 ea
3493 2283 3632 2320 nun-

2049 2373 2212 2429 quam
2260 2359 2604 2413 recessimus.
2654 2357 2790 2412 Cum
2842 2357 2986 2412 enim
3022 2357 3328 2411 communia
3375 2355 3632 2411 Ecclesia:

2050 2448 2220 2506 verba
2247 2447 2394 2503 solus
2417 2445 2655 2518 profero,
2687 2461 2809 2500 cum
2854 2460 2918 2502 ea
2949 2460 3037 2499 me
3083 2459 3201 2500 esse
3232 2460 3418 2508 unum,
3445 2460 3509 2499 ac
3537 2460 3633 2514 per

2049 2539 2395 2608 prmsentiam
2440 2537 2663 2607 spiritus
2695 2537 2748 2590 in
2777 2551 2843 2590 ea
2873 2549 2960 2589 me
2989 2535 3250 2589 veraciter
3291 2549 3513 2589 manere
3540 2535 3636 2588 de-

2053 2635 2419 2684 monstrozet
2446 2627 2490 2682 si
2546 2626 2663 2697 ejus
2708 2641 2829 2682 sum
2877 2626 3145 2680 veraciter
3173 2627 3500 2689 membrum,
3528 2641 3632 2678 non

2051 2718 2501 2774 inconvenienter
2522 2715 2792 2786 adimpleo
2817 2730 2952 2770 mea:
2983 2714 3355 2769 universitatis
3376 2713 3631 2768 ollicium.
3659 2738 3680 2747 κ

2659 2825 2886 2882 CAPUT
2923 2824 3013 2879 1X.

2055 2917 2207 2986 Quod
2234 2918 2460 2991 r-ﬂicium
2480 2917 2697 2999 membri
2707 2915 2999 2999 cuiuslibet
3026 2913 3283 2985 speciale,
3313 2917 3406 2969 toti
3433 2915 3638 2984 corpori

2651 2997 2716 3041 δίε
2743 3002 2944 3040 commu
2953 3001 3035 3039 ne.

2128 3082 2299 3138 Porro
2322 3083 2377 3136 in
2409 3081 2647 3136 humano
2677 3093 2907 3148 corpore
2955 3076 3100 3130 aliud
3143 3075 3309 3136 oculi.
3356 3076 3501 3130 aliud
3540 3073 3644 3130 lin-

370 3179 459 3224 tur
489 3169 732 3224 Ecclesia
773 3169 1112 3225 diversorum
1165 3150 1385 3240 quidem
1431 3179 1646 3225 constat
1698 3150 1956 3241 compage
1985 3155 2028 3216 C
2060 3191 2188 3248 gua,
2214 3172 2360 3228 aliud
2387 3173 2570 3242 pedes,
2622 3169 2768 3225 aliud
2815 3181 3010 3221 manus
3061 3150 3265 3221 babent
3317 3163 3642 3219 naturaliter

372 3261 770 3326 membrorum,
821 3261 916 3315 sed
961 3275 1130 3315 unum
1179 3267 1264 3314 est
1308 3260 1495 3331 procul
1541 3260 1707 3315 dubio
1736 3275 1956 3330 corpus,

373 3352 534 3405 unius
556 3350 682 3405 ﬁdei
714 3351 984 3406 soliditate
1007 3348 1320 3416 fundatum,
1349 3365 1459 3405 una
1483 3349 1805 3405 viviﬁcantis
1835 3347 1956 3418 Spi-

275 3471 278 3473 λ
375 3446 516 3500 ritus
562 3445 764 3498 virtute
817 3443 1118 3515 perfusum.
1172 3441 1329 3498 Unde
1380 3451 1436 3498 et
1486 3442 1781 3512 Apostolus
1832 3441 1955 3495 ait:

381 3555 399 3588 α
431 3536 611 3592 Unum
654 3551 871 3608 corpus,
903 3552 1042 3590 unus
1089 3535 1334 3607 spiritus,
1364 3535 1507 3590 sicut
1528 3535 1706 3589 vocati
1735 3534 1871 3590 estis
1906 3535 1960 3588 in

375 3643 482 3681 una
516 3641 613 3696 spe
636 3627 935 3682 vocationis
961 3635 1154 3681 vestra:
1175 3623 1393 3697 (Ephes.
1419 3624 1551 3696 1v).s
1580 3624 1808 3695 Dignum
1830 3638 1961 3694 ergo

375 3729 460 3775 cst
484 3730 544 3774 ut
569 3719 832 3790 quidquid
859 3719 912 3772 in
934 3717 1106 3772 sacris
1138 3714 1328 3771 olﬁciis
1348 3731 1379 3769 a
1405 3715 1814 3784 quibuscunqne
1836 3715 1963 3769 lide-

377 3811 518 3867 libus
567 3811 968 3882 particulariter
1011 3810 1211 3881 agitur,
1259 3809 1362 3864 hoc
1411 3808 1529 3878 ipsa
1572 3807 1818 3864 Ecclesia
1868 3823 1965 3876 per

377 3905 644 3958 unitatem
698 3903 844 3969 ﬁdei,
897 3912 954 3958 et
1002 3902 1290 3958 cbaritatis
1341 3915 1584 3956 amorem
1634 3901 1966 3955 unanimiter

379 4008 543 4064 agere
563 3993 833 4048 videatur.

971 4061 1201 4118 CAPUT
1245 4061 1377 4116 V'Ill.

379 4153 540 4220 Quod
567 4152 890 4224 sacrificium
940 4154 1084 4224 quod
1126 4153 1385 4224 altaribus
1411 4150 1802 4224 superponitur,
1833 4167 1864 4204 a
1889 4121 1966 4204 ui—

692 4227 768 4277 ris
789 4223 946 4277 simul
960 4223 1022 4277 et
1053 4223 1360 4277 mulieribus
1383 4223 1657 4293 olferatur.

453 4335 596 4390 Hinc
622 4342 709 4390 est
733 4333 900 4398 enim,
950 4335 1094 4402 quod
1126 4334 1181 4388 in
1215 4333 1332 4404 ipsa
1366 4332 1732 4388 celebratione
1775 4331 1972 4386 missa-

373 4443 508 4482 rum
558 4426 647 4482 cui
697 4424 1237 4490 diciturzuemento,
1275 4425 1515 4489 Domine,
1548 4423 1866 4493 famulorum
1889 4423 1974 4492 fa-

2058 3264 2359 3336 pr0prium.
2389 3262 2498 3316 Sed
2541 3273 2719 3329 neque
2743 3271 2938 3311 manus
2961 3254 3089 3310 sola:
3129 3255 3348 3310 sibimet
3388 3260 3637 3323 tangunt,

2059 3368 2160 3408 nec
2188 3352 2289 3408 sibi
2325 3351 2491 3420 pedes
2518 3347 2798 3413 incedunt,
2826 3355 2919 3399 aut
2944 3344 3125 3415 lingua
3179 3343 3438 3412 loquitur,
3463 3341 3550 3397 vel
3571 3342 3644 3398 si-

2059 3445 2229 3501 bimet
2252 3441 2392 3498 oculi
2417 3437 2850 3510 contemplantur
2871 3455 2886 3490 :
2909 3437 3005 3492 sed
3026 3435 3287 3506 quidquid
3313 3441 3492 3504 potest
3519 3450 3648 3489 una-

2063 3549 2290 3608 quaeque
2320 3547 2446 3604 pars
2475 3529 2720 3600 corporis
2747 3525 3054 3598 specialiter
3079 3541 3266 3597 agere,
3317 3526 3421 3580 hoc
3455 3525 3649 3594 proba-

2068 3639 2156 3683 tur
2177 3625 2429 3680 omnibus
2461 3621 2515 3676 in
2563 3632 2849 3676 commune
2877 3615 3242 3672 conferreaEt
3265 3612 3410 3685 quod
3440 3613 3648 3669 unicui-

2065 3732 2169 3787 que
2192 3715 2438 3770 membro
2478 3713 2732 3784 singulari
2779 3711 2902 3780 jure
2951 3723 3156 3765 natura:
3183 3709 3518 3775 conceditur,
3548 3709 3653 3762 hoc

2065 3805 2135 3859 ab
2161 3805 2277 3873 ipso
2305 3815 2532 3871 corpore
2549 3801 2712 3870 (quod
2737 3811 2821 3856 est
2848 3808 3017 3854 totum
3041 3797 3176 3867 ejus)
3205 3796 3321 3851 ﬁeri
3340 3796 3647 3866 iudicatur:

2066 3900 2126 3946 ut
2155 3907 2260 3945 non
2287 3891 2580 3960 incongrue
2621 3897 2677 3942 et
2707 3905 2829 3959 pars
2863 3888 3047 3954 totius,
3074 3896 3126 3941 et
3157 3895 3326 3940 totum
3370 3901 3482 3940 sua:
3511 3887 3652 3955 parti

2067 3983 2322 4037 exhibere
2349 3981 2561 4035 dicatur
2585 3977 2838 4034 oﬁlcium.
2865 3978 3003 4033 llinc
3032 3987 3118 4033 est
3142 3979 3286 4032 enim
3311 3987 3369 4031 ut
3387 3986 3444 4032 et
3471 3977 3652 4048 lingua

2069 4071 2224 4128 Pauli
2264 4072 2532 4128 veraciter
2564 4069 2746 4124 dicat:
2777 4088 2796 4120 ι
2824 4069 3036 4124 Laboro
3062 4068 3114 4122 in
3139 4067 3430 4139 Evangelio
3453 4067 3654 4123 Christi

2070 4179 2243 4234 usque
2270 4164 2339 4219 ad
2363 4161 2574 4218 vincula
2609 4160 2693 4233 (11
2721 4160 2858 4216 Tim.
2895 4161 2993 4232 ll);
3024 4179 3043 4212 ι
3073 4174 3195 4214 cum
3219 4159 3402 4230 lingua
3441 4158 3560 4226 ejus
3589 4159 3655 4213 li-

2071 4266 2194 4329 gata
2220 4272 2326 4312 non
2362 4255 2454 4310 sit.
2482 4254 2619 4309 Nam
2669 4263 2732 4308 ut
2769 4253 2877 4309 illic
2925 4253 3211 4322 sequitur:
3251 4269 3270 4302 ι
3292 4251 3529 4307 Verbum
3557 4251 3653 4305 Dei

2072 4363 2180 4403 non
2205 4355 2288 4402 est
2309 4347 2585 4416 alligatum
2620 4343 2864 4415 (Ibid.).s
2915 4343 2982 4396 Et
3010 4343 3206 4398 Petrus
3248 4341 3317 4396 ad
3350 4341 3657 4412 sepulcrum

2080 4435 2284 4492 Christi
2313 4451 2434 4490 cum
2463 4433 2671 4488 Joanne
2692 4433 3018 4498 cucurrerit,
3063 4448 3187 4488 cum
3218 4431 3318 4486 soli
3346 4435 3510 4502 pedes
3538 4449 3660 4488 cur-

373 4518 754 4588 πιίιίαηυηφιε
780 4527 1024 4579 ιααναηῑι
1053 4515 1212 4586 Paulo
1250 4527 1375 4586 Ροδι
1401 4515 1649 4569 subdiu"
1672 4533 1685 4569 ³
1711 4513 1759 4567 Ρ
1764 4531 1820 4568 νο
1862 4515 1978 4585 (W5-
2009 4499 2057 4558 Ῑ)
2083 4525 2234 4580 rendi
2262 4525 2489 4580 subeant
2516 4525 2872 4579 ministerium
2899 4523 3084 4590 (Joan.
3115 4523 3231 4594 xx).
3256 4523 3322 4578 Et
3350 4499 3663 4594 Stephanus

373 4610 482 4663 bus
504 4609 600 4663 tibi
624 4609 916 4679 oﬁ’erimus,
939 4607 1023 4662 vel
1051 4607 1141 4677 qui
1171 4606 1265 4660 tibi
1289 4607 1513 4676 offerunt
1537 4607 1634 4660 hoc
1658 4604 1978 4674 sacriﬁcium

375 4701 590 4754 laudis.
621 4699 679 4753 lu
705 4701 906 4768 quibus
935 4699 1120 4753 verbis
1143 4706 1396 4768 patenter
1422 4697 1748 4758 ostenditur.
1776 4696 1917 4766 quod
1946 4712 1976 4749 a

373 4789 607 4844 cunctis
633 4789 901 4853 ﬁdelibus,
938 4803 1043 4844 non
1074 4788 1249 4844 solum
1277 4788 1431 4852 viris,
1463 4787 1555 4841 sed
1588 4795 1641 4842 et
1663 4787 1980 4843 mulieribus

371 4880 722 4953 sacriﬁcium
753 4881 883 4936 illud
910 4882 1088 4937 laudis
1116 4880 1356 4945 offertur,
1389 4880 1516 4935 licet
1546 4880 1614 4935 ab
1640 4896 1749 4934 uno
1770 4881 1971 4951 specia-

373 4971 521 5023 liter
552 4967 736 5024 ot'l'erri
765 4972 1048 5026 sacerdote
1087 4970 1522 5040 videatur;quia
1562 4969 1706 5040 quod
1753 4968 1844 5023 ille
1871 4967 1982 5022 Deo

370 5056 677 5113 oﬂ'erendo
727 5060 975 5116 manibus
1014 5069 1231 5126 tractat,
1279 5060 1384 5116 hoc
1428 5059 1716 5116 multitudo
1745 5058 1981 5114 ﬁdelium

374 5153 608 5205 intenta
656 5151 917 5206 mentium
963 5152 1246 5207 devotione
1298 5152 1660 5209 commendat.
1692 5149 1844 5217 Quod
1877 5151 1986 5206 illic

371 5261 619 5318 quoque
666 5247 994 5311 declaratur,
1051 5247 1141 5302 ubi
1191 5246 1620 5316 dicitnrzzzs
1646 5243 1799 5298 Hanc
1828 5245 1989 5314 igitur

374 5338 718 5393 oblationem
766 5338 1034 5391 sanitatis
1074 5348 1288 5400 nostrre,
1319 5338 1408 5389 sed
1451 5346 1498 5389 et
1543 5346 1743 5390 cuncta:
1771 5334 1988 5403 fanailia:

376 5445 536 5494 sua,
563 5445 890 5498 quwsumus,
939 5427 1180 5494 Domine,
1223 5439 1278 5481 ut
1309 5427 1545 5496 placatus
1585 5429 1831 5495 accipias.
1860 5425 1989 5493 Qui-

349 5527 512 5584 .bus
542 5520 743 5585 verbis,
789 5520 908 5574 luce
957 5521 1155 5576 clarius
1200 5529 1429 5584 constat,
1483 5521 1606 5591 quia
1639 5519 1988 5584 sacriﬁcium,

373 5612 557 5686 quod
585 5627 614 5665 a
641 5612 926 5667 sacerdote
980 5613 1153 5668 sacris
1203 5613 1466 5666 altaribus
1516 5612 1917 5681 superponitur,
1960 5627 1990 5664 a

368 5715 608 5761 cuncta
635 5704 731 5760 Dei
761 5703 963 5760 familia
989 5705 1310 5780 generaliter
1331 5703 1608 5760 olleratur.
1640 5703 1788 5759 Hanc
1815 5715 1991 5760 autem
2035 5739 2045 5749 ι

2039 4613 2280 4668 'viderit
2337 4612 2508 4667 caelos
2558 4622 2800 4681 apertos,
2853 4627 2974 4666 cum
3024 4613 3220 4666 Videre
3270 4611 3549 4680 proprium
3593 4614 3666 4668 sit

2081 4705 2360 4760 oculorum
2390 4703 2530 4776 (Act.
2556 4707 2677 4770 vn).
2708 4703 2772 4757 Et
2800 4703 2947 4756 Isaac
2978 4701 3144 4757 ﬁlium
3171 4717 3328 4756 suum
3345 4701 3518 4757 Jacob
3543 4702 3662 4771 pal-

2081 4797 2261 4866 pando
2285 4795 2541 4866 tetigerit,
2564 4810 2687 4848 cum
2715 4793 2967 4864 tangendi
3003 4792 3086 4847 vel
3135 4792 3385 4862 palpandi
3430 4792 3662 4848 facultas

2085 4886 2334 4941 manibus
2361 4886 2432 4940 sit
2460 4884 2769 4955 specialiter
2797 4884 3058 4939 attributa
3102 4881 3258 4958 (Gen.
3284 4882 3479 4956 xxv").
3509 4883 3662 4952 Quod

2084 4990 2214 5044 ergo
2238 4973 2539 5029 membrum
2561 4974 2838 5042 quodlibet
2857 4989 3017 5045 agere
3039 4973 3303 5038 cernitur,
3329 4975 3434 5030 hoc
3453 4975 3523 5029 ab
3549 4975 3665 5044 ipso

2087 5078 2317 5134 corpore
2343 5063 2461 5118 ﬁeri
2493 5063 3041 5134 irreprebensibiliter
3066 5060 3382 5134 perhibetur
3409 5081 3424 5118 ;
3452 5073 3508 5119 et
3540 5078 3572 5118 e
3593 5063 3671 5118 di-

2087 5171 2246 5211 verso
2270 5157 2416 5225 quod
2439 5170 2634 5225 corpus
2664 5155 2818 5220 facit,
2864 5155 3150 5211 multitudo
3193 5155 3428 5224 partium
3473 5168 3669 5224 coope-

2087 5247 2262 5303 ‘rando
2283 5247 2569 5302 consentit.

2623 5336 2789 5407 229
2816 5333 3043 5391 CAPUT
3074 5332 3140 5387 x.

2167 5428 2322 5494 Quod
2357 5426 2622 5490 sacerdos,
2645 5443 2767 5489 pars
2798 5423 3128 5494 ecclesiastici
3156 5417 3414 5494 corporis,
3442 5423 3603 5478 totius

2365 5499 2615 5552 Ecclesia:
2634 5497 2992 5550 convenienter
3017 5492 3183 5557 utitur
3203 5492 3387 5546 verbis.

2169 5611 2307 5679 Quid
2356 5625 2486 5682 ergo
2529 5610 2727 5664 mirum
2772 5609 2816 5666 si
2866 5607 3118 5663 sacerdos
3143 5605 3391 5677 quilibet,
3431 5607 3523 5678 qui
3555 5609 3674 5662 sine

2101 5704 2264 5759 dubio
2303 5702 2654 5759 ecclesiastici
2697 5701 2939 5760 corporis
2976 5710 3104 5775 pars
3140 5707 3257 5768 est,
3305 5700 3478 5756 vicem
3532 5697 3677 5754 salu-
