3996 6184
314 375 420 432 2-39

770 367 826 423 S.
863 365 1068 421 PETRI
1105 361 1384 418 DAMlANl
1418 360 1567 413 ΟῐῬ.
1611 356 1847 413 TOMUS
1886 356 2015 412 SEU
2057 354 2235 410 PARS
2273 349 2357 408 Ill.
2385 347 2831 409 -ΟΡυὸῦυιιΑ
2874 347 3102 404 VARIA.

3445 342 3553 400 2ιο

316 485 480 544 tantis
519 497 581 537 ac
598 476 944 536 resalutantis
981 470 1234 527 Ecclesiae
1254 468 1398 523 solus
1418 466 1653 537 expleat,
1678 465 1878 519 dicens:
1910 472 1960 530 Α
1986 479 2092 518 non
2115 463 2406 533 ambigitur
2418 460 2724 515 communia
2750 456 2915 514 totius
2936 455 3191 511 Ecclesia:
3213 468 3556 510 sacramenta

318 581 571 636 Dominus
614 573 922 635 vobiscum;
987 568 1319 637 subindeque
1377 564 1708 635 respondens
1753 581 1765 616 :
1816 562 1881 615 Et

316 684 434 721 tum
460 665 646 734 spiritu
669 673 755 715 tuo
780 675 798 713 :
829 672 1151 728 rursumque
1173 656 1600 712 benedictionem
1630 653 1775 708 solus
1795 668 1885 722 pe-

321 765 399 812 tat
443 764 499 810 et
546 753 763 817 reddat;
801 766 923 807 cum
974 764 1070 819 per
1098 748 1321 802 unitatis
1352 745 1553 799 intima:
1580 758 1885 798 sacramen-

319 858 431 901 tum
457 854 567 900 tota
592 842 905 914 spiritaliter
922 838 1265 902 sitEcclesia,
1292 836 1379 890 ubi
1407 833 1646 903 ejusdem
1676 832 1795 888 ﬁdei
1826 847 1887 887 ac

319 939 570 993 fratemrc
601 934 896 990 devotionis
921 931 1081 987 fuerit
1108 945 1212 985 una
1236 925 1492 999 persona?
1505 926 1602 981 Ubi
1634 925 1886 979 nimirum

318 1030 497 1083 unitas
538 1025 684 1091 lidei,
715 1041 814 1079 nec
853 1025 905 1078 in
947 1038 1053 1077 uno
1082 1021 1426 1077 solitudinem
1462 1017 1670 1087 recipit,
1705 1031 1803 1071 nec
1833 1016 1886 1069 iu

252 1132 263 1153 '
317 1118 563 1189 pluribus
584 1115 870 1171 scissuram
900 1110 1227 1165 diversitatis
1268 1108 1526 1163 admittit.
1579 1106 1732 1159 Enim
1760 1120 1889 1158 vero

320 1208 447 1276 quid
465 1205 801 1276 praeiudicat,
818 1202 861 1256 si
884 1217 948 1254 ex
982 1216 1087 1253 uno
1112 1214 1205 1253 ore
1242 1213 1430 1252 vocum
1459 1196 1743 1249 diversitas
1767 1208 1890 1276 pro-

321 1272 640 1352 deat,_quas
684 1292 739 1336 et
775 1282 822 1334 si
850 1295 947 1347 per
967 1278 1146 1347 plures
1178 1277 1379 1343 lingua,
1412 1289 1515 1327 una
1551 1284 1727 1326 tamen
1759 1272 1891 1325 ﬁdes

324 1374 587 1429 alternat?
602 1373 733 1426 Tota
750 1385 979 1439 namque
996 1368 1231 1423 Ecclesia
1250 1367 1409 1435 (sicut
1428 1365 1540 1434 jam
1563 1365 1763 1418 dictum
1786 1362 1907 1437 est)”

323 1479 487 1518 unum
515 1462 698 1532 procul
728 1462 890 1515 dubio
903 1476 1096 1529 corpus
1122 1467 1226 1513 est.
1254 1456 1408 1521 Nam,
1443 1465 1581 1510 teste
1601 1453 1887 1525 Apos’tolo:

329 1573 346 1604 ι
383 1555 536 1608 Sim:
566 1554 709 1606 enim
758 1564 953 1619 corpus
1005 1564 1167 1602 unum
1213 1557 1316 1611 est,
1359 1555 1412 1601 et
1456 1546 1696 1601 membra
1732 1544 1895 1598 habet

326 1643 515 1706 multa,
557 1642 739 1695 munia
803 1650 981 1694 autem
1031 1639 1270 1691 membra
1332 1636 1575 1705 corporis
1615 1650 1737 1689 cum
1785 1633 1894 1685 sint

327 1732 514 1796 tnulta,
556 1748 722 1784 llllllm
773 1739 950 1783 tamen
988 1743 1183 1797 corpus
1215 1736 1342 1780 sunt
1388 1740 1402 1778 :
1450 1727 1521 1778 ita
1541 1734 1595 1777 et
1620 1722 1890 1778 Christus.

1988 552 2287 621 suscipere,
2316 566 2415 605 cur
2442 550 2792 621 prohibeatur
2810 547 3114 602 communia
3141 544 3391 600 Ecclesia:
3410 544 3558 599 solus

1988 646 2153 699 verba
2196 643 2459 713 proferre,
2510 657 2633 697 cum
2671 641 2922 695 videlicet
2973 639 3143 694 multo
3178 636 3399 707 majoris
3444 651 3558 692 mo-

1991 737 2155 791 menti
2185 737 2296 791 sint
2319 735 2670 790 Sacramenta
2700 748 2861 803 quam
2887 731 3088 786 verba?

2586 841 2811 898 CAPUT
2871 840 2960 896 XI.

2032 936 2186 1002 Quod
2229 936 2451 1008 populus
2476 935 2646 1008 Israel
2690 936 2758 987 ad
2811 934 3177 1008 ostendendam
3226 942 3528 987 societatem

2343 1007 2528 1059 altaris
2552 1016 2851 1058 exstruxere
2871 1007 3179 1074 congeriem.

2063 1094 2214 1162 Quod
2243 1094 2286 1148 si
2315 1095 2433 1163 quis
2480 1094 2655 1148 adhuc
2684 1095 2767 1148 his
2799 1093 2962 1148 etiam
3003 1093 3203 1147 nostris
3242 1092 3566 1162 disputatio-

1993 1184 2150 1238 nibus
2174 1183 2530 1238 calumniator
2552 1182 2841 1248 exstiterit,
2866 1182 3051 1236 dicens
3076 1196 3091 1235 :
3116 1181 3313 1251 Utique
3340 1198 3446 1236 non
3473 1183 3566 1235 dc—

1992 1275 2120 1328 bere
2160 1289 2190 1326 a
2233 1273 2459 1343 singulis
2514 1272 2783 1342 usurpari,
2829 1290 2948 1343 quae
2995 1273 3267 1327 communi
3323 1272 3561 1328 ﬁdelium

1994 1373 2121 1422 sunt
2156 1365 2403 1420 instituta
2435 1374 2719 1427 conventu,
2762 1373 2820 1417 ut
2871 1380 2974 1418 nou
3007 1374 3113 1417 tam
3154 1364 3352 1425 verbis,
3399 1380 3561 1433 quam

1996 1455 2295 1510 rationibus
2316 1455 2643 1524 acquiescat,
2672 1454 2976 1524 exemplum
3001 1455 3191 1508 damus
3214 1455 3357 1524 quod
3385 1470 3449 1508 ex
3474 1470 3563 1509 sa-

1996 1548 2074 1601 cri
2137 1546 2338 1615 eloquii
2411 1548 2735 1601 auctoritate
2789 1547 3092 1600 didicimus.
3162 1547 3356 1601 Notum
3410 1563 3562 1602 nam-

1996 1653 2100 1707 que
2157 1646 2278 1703 est,
2334 1638 2474 1691 sicut
2528 1636 2688 1691 Josue
2744 1627 2892 1693 libro.
2925 1646 3195 1702 testante,
3263 1649 3557 1693 narratur:

1997 1730 2138 1799 quod
2164 1730 2254 1783 ﬁlii
2286 1728 2499 1792 Ruben,
2527 1740 2581 1783 et
2615 1728 2751 1792 Gad,
2779 1739 2832 1782 et
2870 1730 3091 1783 dimidia
3125 1730 3295 1785 tribus
3317 1729 3564 1784 Manasse

327 1822 538 1875 Etenim
561 1822 616 1874 in
647 1834 752 1874 uno
777 1819 965 1886 spiritu
1008 1833 1194 1871 omnes
1218 1831 1314 1870 nos
1339 1830 1503 1868 unum
1536 1828 1733 1884 corpus
1764 1814 1895 1882 bap-
1923 1829 1969 1889 B
2000 1820 2293 1874 redeuntes
2321 1835 2348 1872 a
2376 1818 2498 1873 ﬁliis
2542 1817 2704 1873 Israel
2734 1822 2797 1873 de
2821 1818 2953 1883 Silo,
2981 1828 3039 1872 ut
3066 1820 3333 1872 intrarent
3361 1818 3565 1873 Galaad

328 1910 478 1964 tizati
524 1922 712 1963 sumus
751 1907 801 1979 (Ι
840 1906 961 1961 Cor.
1006 1905 1134 1976 xu);
1179 1924 1198 1957 ι
1232 1914 1284 1959 et
1321 1905 1484 1959 alibi:
1530 1922 1548 1955 ι
1578 1904 1718 1957 Cum
1772 1916 1899 1957 cor—

317 2000 478 2070 pore,
505 1998 697 2066 inquit,
729 2011 846 2061 suto,
875 1995 1016 2065 quod
1047 1999 1131 2049 est
1155 1994 1393 2049 Ecclesia
1422 1991 1645 2059 (Colon.
1670 1992 1735 2062 ι).
1762 2004 1786 2043 t

398 2088 455 2143 Si
486 2103 614 2158 ergo
653 2095 760 2141 tota
792 2085 1028 2140 Ecclesia
1058 2100 1223 2137 unum
1255 2080 1453 2138 Christi
1485 2096 1683 2151 corpus
1711 2089 1817 2146 est,
1845 2086 1901 2137 et

308 2194 428 2235 ιιιοε
460 2178 708 2233 Ecclesiae
733 2172 1216 2240 memhra'sumns;
1246 2174 1377 2243 quid
1406 2174 1629 2228 obest'si
1652 2174 1901 2242 corporis

328 2270 525 2333 nostri,
569 2269 620 2323 id
664 2277 768 2333 est,
812 2267 1067 2321 Ecclesia:
1112 2265 1310 2336 singuli
1350 2266 1553 2335 quique
1580 2264 1759 2319 verbis
1779 2270 1901 2319 uta-

328 2375 471 2426 mur,
496 2359 589 2428 qui
614 2373 735 2429 cum
767 2372 830 2411 ea
860 2370 1027 2410 unum
1054 2356 1319 2410 Veraciter
1358 2354 1581 2409 sumus?
1609 2353 1811 2424 Nempe
1853 2355 1899 2410 si

329 2447 482 2502 multi
527 2461 689 2501 unum
738 2458 922 2499 sumus
957 2445 1010 2498 in
1041 2444 1280 2508 Christo,
1327 2451 1495 2497 totum
1518 2438 1900 2498 nostrum‘sin-

328 2536 437 2604 guli
470 2536 806 2605 possidemus
855 2535 906 2588 in
940 2535 1056 2604 ipso
1088 2551 1102 2588 :
1139 2543 1300 2603 atque
1349 2532 1491 2599 ideo,
1542 2532 1667 2587 licet
1706 2532 1899 2587 remoti

329 2628 513 2697 procul
544 2628 612 2681 ab
641 2626 878 2681 Ecclesia
902 2626 1181 2679 videamur
1212 2634 1309 2693 per
1331 2623 1675 2677 solitudinem
1704 2636 1891 2691 corpo-

334 2734 477 2783 rum,
510 2718 564 2771 in
590 2732 653 2771 ea
686 2729 861 2770 tamen
905 2714 1309 2784 prtesentissimi
1358 2727 1571 2781 semper
1599 2711 1903 2765 assistimus

336 2822 432 2875 per
453 2807 677 2860 unitatis
723 2804 1028 2859 inviolabile
1053 2812 1471 2858 sacramentum.
1504 2802 1701 2871 Sicque
1740 2801 1818 2866 ﬁt,
1847 2809 1906 2855 ut

336 2895 477 2965 quod
518 2905 601 2949 est
640 2894 899 2959 omnium,
955 2893 1025 2947 sit
1067 2892 1231 2945 etiam
1275 2892 1646 2961 singulorum:
1678 2899 1735 2945 et
1763 2890 1906 2960 quod

339 2989 656 3059 quibusdam
689 2996 772 3042 est
798 2985 1144 3055 singulariter
1171 2984 1422 3053 speciale,
1469 2984 1719 3039 omnibus
1766 2998 1903 3052 quo-

336 3098 445 3153 que
475 3082 551 3155 sit
582 3081 633 3135 in
666 3080 789 3136 ﬁdei
836 3089 891 3136 et
918 3080 1199 3134 charitatis
1231 3078 1538 3149 integritate
1586 3093 1900 3144 commune;

2001 1918 2200 1962 terram
2232 1909 2588 1979 possessionis
2634 1922 2765 1972 suae,
2815 1907 3217 1962 atdilicaverunt
3245 1908 3414 1961 altare
3444 1908 3567 1961 inﬁ-

1998 1998 2123 2051 nita:
2154 1997 2534 2068 magnitudinis
2561 1997 2772 2051 interra
2798 1996 3054 2051 Chanaan
3090 2015 3103 2051 :
3138 2012 3367 2068 cumque
3393 1998 3566 2054 iratus

1999 2084 2240 2157 graviter
2266 2087 2491 2156 populus
2520 2085 2682 2141 Israel
2728 2086 2988 2141 adversus
3023 2102 3117 2142 eos
3140 2103 3289 2141 arma
3325 2091 3565 2157 corripe-

2000 2185 2102 2239 ret,
2135 2177 2470 2247 interrogati,
2502 2193 2598 2233 cur
2625 2177 2794 2232 altare
2821 2186 3133 2233 construere
3171 2187 3368 2247 praeter
3396 2178 3567 2231 altare

2001 2266 2211 2320 Domini
2237 2274 2437 2320 temere
2467 2267 2972 2337 prmsumpsissent?
3001 2268 3427 2335 Responderunt,
3460 2281 3565 2320 non

1998 2356 2103 2410 hoc
2124 2356 2579 2426 prarvaricatiunis
2620 2372 2802 2423 causa,
2841 2358 2934 2412 sed
2961 2373 3058 2427 pro
3080 2357 3246 2412 futuri
3275 2358 3568 2412 testimonii

2001 2443 2194 2500 fecisse
2223 2445 2451 2499 cautela.
2490 2464 2508 2496 ι
2538 2444 2615 2499 Ne
2641 2447 2876 2515 quando,
2910 2448 3174 2516 inquiunt,
3207 2448 3449 2502 dicerent
3473 2449 3568 2502 ﬁlii

2001 2538 2166 2591 vestri
2214 2536 2336 2591 ﬁliis
2386 2539 2584 2592 nostris
2608 2552 2623 2590 :
2651 2537 2791 2604 Quid
2830 2538 3003 2602 vobis,
3027 2549 3082 2592 et
3114 2539 3339 2592 Domino
3361 2539 3469 2593 Deo
3497 2538 3572 2593 ls-

2004 2628 2156 2681 rael?
2191 2628 2501 2681 Tcrminum
2530 2630 2709 2697 posuit
2750 2629 3005 2684 Dominus
3050 2630 3191 2684 inter
3234 2645 3332 2683 nos
3391 2638 3446 2683 et
3478 2646 3574 2685 vos

2002 2715 2286 2771 Jordanem
2311 2715 2548 2783 ﬂuvium,
2573 2727 2627 2772 et
2658 2718 2860 2773 idcirco
2896 2728 3104 2789 partem
3133 2734 3237 2773 non
3269 2719 3477 2774 habetis
3519 2722 3575 2774 in

2004 2805 2230 2859 Domino
2259 2824 2272 2858 :
2300 2816 2355 2859 et
2380 2821 2475 2876 per
2504 2808 2642 2862 hanc
2670 2810 3011 2863 occasionem
3042 2818 3286 2865 avertent
3325 2810 3419 2864 ﬁlii
3482 2825 3579 2866 ve-

2004 2896 2103 2950 stri
2126 2895 2263 2950 ﬁlios
2286 2907 2500 2952 nostros
2523 2913 2553 2951 a
2586 2899 2775 2953 timore
2804 2900 3014 2955 Domini
3038 2901 3171 2972 (los.
3196 2903 3352 2971 uti).
3385 2921 3403 2954 ι

2075 2985 2185 3040 Cur
2236 2996 2413 3039 autem
2459 2987 2696 3041 historia:
2729 2988 2888 3058 hujus
2918 2988 3199 3044 articulum
3237 2990 3302 3044 ad
3339 2990 3574 3046 medium

2007 3074 2406 3142 deduxerimus,
2459 3080 2503 3132 si
2554 3079 2640 3133 cui
2677 3078 2908 3135 fortasse
2944 3097 3049 3136 non
3095 3091 3296 3151 pateat,
3340 3082 3578 3137 breviter

344 3182 404 3228 ut
428 3181 485 3227 et
514 3171 745 3243 populus
785 3178 928 3225 recte
946 3169 1182 3225 clamet:
1222 3187 1239 3219 ε
1280 3166 1533 3223 Miserere
1570 3168 1701 3236 mei,
1740 3167 1899 3233 Deus,
1931 3156 1977 3228 C
2009 3168 2300 3238 aperimus.
2356 3168 2577 3224 Poterat
2628 3185 2821 3240 nempe
2866 3173 3222 3241 quorumdam
3260 3173 3579 3243 simplicitas

338 3261 600 3316 miserere
651 3260 754 3314 mei
796 3258 965 3330 (Psal.
998 3253 1135 3327 ut);
1159 3276 1177 3309 ι
1216 3258 1282 3311 Et
1316 3274 1329 3311 :
1366 3274 1385 3308 ε
1420 3255 1652 3312 ῡθιιειίη
1699 3256 1906 3324 adjuto-

338 3356 478 3408 rium
490 3368 672 3407 meun.
701 3352 936 3415 intende;
953 3350 1195 3418 Domine,
1220 3352 1287 3405 ad
1311 3351 1668 3421 adjuvandum
1689 3362 1779 3404 me
1804 3347 1910 3403 fes-

350 3444 459 3495 tina
490 3441 662 3513 (Psal.
694 3442 868 3513 ικιχ).
908 3459 929 3494 ι
960 3441 1134 3510 Atque
1162 3456 1298 3495 unus
1341 3442 1500 3495 homo
1519 3439 1641 3508 jure
1665 3453 1905 3508 pronun-

346 3536 444 3589 tiet
475 3552 487 3587 :
526 3554 543 3585 ι
584 3534 723 3588 Deus
769 3536 1087 3589 misereatur
1124 3534 1339 3598 nostri,
1386 3543 1441 3588 et
1480 3534 1763 3588 benedicat
1813 3548 1909 3589 nos

349 3623 519 3695 (Psal.
550 3626 714 3696 Lm).
748 3640 775 3676 τ
810 3625 981 3691 Quam
1020 3623 1269 3678 videlicet
1320 3623 1555 3677 ﬁdelittm
1586 3621 1784 3678 Christi
1813 3637 1910 3677 ne-

349 3715 755 3779 cessitudincm,
784 3723 837 3769 et
864 3714 1292 3768 communionem
1326 3715 1495 3768 sancti
1526 3714 1714 3769 Patres
1741 3716 1908 3769 nostri

340 3812 508 3858 tanta:
546 3803 880 3857 .ertitudinis
915 3817 1037 3857 esse
1073 3801 1267 3868 debere
1309 3802 1634 3867 decrevere,
1665 3811 1725 3857 ut
1774 3802 1911 3857 hanc

348 3892 590 3965 symbolo
616 3892 893 3947 catholicm
926 3892 1277 3962 professionis
1317 3901 1666 3963 apponerent,
1711 3901 1765 3947 et
1805 3891 1911 3946 fre-

338 3983 708 4051 quentandam
748 3982 905 4038 nobis
943 3983 1087 4037 inter
1110 3984 1225 4053 ipsa
1254 3982 1575 4039 Christianae
1606 3982 1728 4041 ﬁdei
1761 3985 1910 4041 rudi-

340 4083 531 4128 menta
576 4074 913 4128 mandarent.
947 4073 1081 4128 Nam
1108 4090 1232 4129 mox
1271 4085 1328 4129 ut
1360 4076 1586 4130 dicimus
1621 4092 1634 4129 :
1669 4073 1836 4129 Credo
1857 4077 1910 4129 in

345 4162 600 4233 Spiritum
630 4175 887 4228 sanctum,
915 4175 1149 4217 sanctam
1187 4162 1509 4230 Ecclesium;
1540 4165 1788 4234 protinus
1819 4165 1914 4218 ad-

346 4253 532 4307 dimus
560 4270 574 4305 :
605 4250 915 4306 Sanctorum
953 4254 1404 4316 communionem;
1433 4260 1495 4306 ut
1530 4252 1617 4306 ubi
1659 4252 1766 4307 Deo
1793 4253 1913 4306 ﬁdei

346 4352 546 4395 nostra:
588 4340 956 4393 testimonium
1004 4340 1316 4395 reddimus:
1346 4340 1418 4394 ibi
1458 4341 1622 4393 etiam
1665 4354 1912 4395 commu-

346 4434 563 4486 nionem
589 4431 860 4495 Ecclesia},
890 4447 1009 4501 quae
1029 4446 1150 4485 cum
1172 4447 1236 4485 eo
1259 4447 1426 4485 unum
1452 4440 1552 4496 est,
1581 4446 1915 4501 consequen-

350 4535 432 4577 ter
461 4525 821 4577 adstruamus.
857 4521 1178 4577 Sanctorum
1204 4522 1471 4591 siquidem
1503 4523 1614 4577 haec
1653 4532 1738 4576 est
1768 4523 1821 4577 in
1856 4522 1918 4575 ﬁ-
1949 4509 1993 4567 υ

350 4614 434 4667 dei
470 4613 676 4667 unitate
701 4614 1032 4677 communio,
1061 4623 1118 4665 ut
1136 4612 1195 4665 in
1218 4628 1381 4665 unum
1411 4612 1581 4667 Deum
1602 4612 1914 4679 credentes,

346 4719 459 4757 uno
484 4704 809 4773 baptismate
840 4706 946 4758 sint
973 4705 1168 4769 renati,
1202 4719 1307 4757 uno
1326 4715 1525 4758 sancto
1552 4703 1760 4773 Spiritu
1791 4718 1919 4758 con-

351 4796 570 4858 lirmati,
608 4796 675 4848 ad
713 4810 870 4848 unam
901 4796 1061 4849 vitam
1093 4805 1351 4849 aeternam
1401 4797 1509 4849 sint
1552 4808 1650 4865 per
1684 4795 1917 4865 gratiam

352 4886 656 4954 adoptionis
677 4885 885 4939 adsciti.

424 4975 577 5028 Sicut
605 4983 778 5027 autem
816 4974 993 5037 homo,
1025 4974 1211 5030 Graeco
1234 4975 1446 5045 eloquio
1480 4975 1680 5029 dicitur
1726 4975 1921 5028 Micro-

358 5080 579 5131 “smus,
610 5065 712 5118 hoc
732 5077 835 5129 est,
867 5065 1042 5117 minor
1071 5066 1321 5128 mundus,
1342 5065 1595 5133 quoniam
1616 5078 1715 5133 per
1747 5074 1917 5118 mate-

354 5157 541 5211 rialem
593 5156 881 5210 essentiam
925 5154 1123 5209 eisdem
1163 5150 1392 5222 quatuor
1431 5153 1711 5209 elementis
1757 5154 1917 5207 homo

359 5256 589 5309 constat,
610 5246 801 5315 quibus
817 5254 870 5297 et
898 5244 1216 5298 universalis
1244 5245 1329 5296 hic
1355 5244 1622 5308 mundus;
1656 5244 1726 5297 ita
1753 5244 1918 5297 etiam

362 5340 728 5405 unusquisque
773 5336 1003 5389 ﬁdelium
1036 5335 1185 5402 quasi
1216 5334 1456 5401 quasdam
1490 5335 1662 5387 minor
1705 5335 1919 5387 videtur

360 5439 481 5477 esse
502 5425 760 5488 Ecclesia,
785 5429 906 5478 dum
930 5424 1089 5494 230
1110 5427 1259 5478 salvo
1288 5423 1509 5475 unitatis
1538 5436 1748 5475 arcanae
1777 5437 1919 5492 mys-

365 5514 520 5575 terio,
546 5515 703 5567 etiam
744 5526 933 5569 cuncta
974 5513 1351 5581 redemptionis
1370 5514 1623 5565 huutanre
1662 5527 1796 5563 unus
1828 5512 1921 5564 ho-

364 5621 451 5659 mo
482 5607 703 5673 suscipit
734 5616 1091 5666 sacramenta,
1124 5621 1239 5674 quae
1284 5607 1379 5674 ipsi
1421 5605 1707 5660 universali
1741 5604 1921 5657 Eccle-

365 5698 457 5750 sia)
514 5706 637 5746 sunt
687 5695 941 5748 divinitus
994 5698 1267 5750 attributa.
1311 5696 1366 5749 Si
1413 5709 1540 5764 ergo
1587 5711 1722 5750 unus
1764 5696 1920 5749 homo

2008 3256 2238 3313 fratrum
2266 3260 2481 3325 tentari,
2509 3269 2567 3315 ut
2593 3261 2988 3331 quodammodo
3016 3273 3325 3333 segregatos
3352 3280 3412 3319 se
3437 3280 3466 3317 a
3494 3281 3580 3320 su-

2009 3348 2204 3403 cictate
2254 3349 2491 3404 ﬁdelium
2538 3352 2818 3415 ducerent,
2874 3352 2917 3407 si
2975 3350 3026 3406 in
3076 3354 3366 3407 solitudine
3392 3355 3575 3424 positi,

2010 3440 2171 3495 etiam
2221 3442 2528 3494 communia
2572 3436 2827 3496 Ecclesiae
2856 3442 3013 3496 verba
3042 3443 3357 3512 depromere
3384 3444 3437 3499 in
3465 3446 3579 3499 suis

2010 3526 2344 3585 orationibus
2374 3546 2477 3609 non
2513 3533 2792 3587 auderent.
2842 3531 3074 3587 Utuntur
3096 3533 3257 3605 igitur
3278 3536 3581 3588 communi-

2009 3617 2111 3673 bus
2138 3620 2316 3674 verbis
2361 3619 2617 3675 Ecclesiae
2638 3662 2652 3685 ,
2694 3632 2751 3675 ut
2778 3622 2828 3675 in
2858 3622 3221 3677 ecclesiastica
3250 3639 3308 3678 se
3335 3640 3582 3678 commu-

2013 3710 2173 3764 nione
2217 3711 2441 3765 doceant
2489 3724 2828 3780 permanere,
2855 3722 3017 3780 atque
3060 3712 3171 3781 ipsa
3201 3714 3359 3768 verba
3399 3715 3581 3768 auito

2012 3802 2350 3856 satisfaciant
2394 3800 2701 3868 ﬂuctuanti,
2747 3818 2865 3874 quae
2906 3804 3269 3858 testimonium
3298 3805 3584 3874 perhibent

2014 3893 2313 3960 prmsentia:
2343 3890 2576 3945 ﬁdelium
2605 3892 2888 3961 spirituali.
2913 3891 3082 3947 Porro
3111 3901 3290 3947 autem
3311 3893 3382 3947 illi
3405 3896 3579 3951 altare

2012 3980 2437 4045 aadiﬁcaverunt,
2477 3996 2582 4035 non
2614 3982 2682 4036 ad
2706 3997 2857 4036 nsunt
2894 3982 3231 4047 libaminum,
3279 3985 3372 4038 sed
3404 3984 3471 4038 ad
3501 3983 3581 4040 vi-

2013 4072 2176 4127 caria:
2213 4085 2336 4126 cum
2388 4070 2677 4127 Israelitica
2717 4072 2871 4142 plebe
2898 4075 3173 4129 societatis
3200 4074 3477 4141 indicium,
3500 4075 3585 4132 si-

2014 4174 2103 4219 cut
2155 4173 2209 4219 ct
2265 4165 2365 4235 ipsi
2408 4166 2561 4234 quasi
2596 4165 2711 4233 jam
2747 4181 2812 4221 ex
2836 4180 3065 4235 persona
3093 4166 3322 4221 ﬁliorum
3359 4181 3584 4224 suorum
3650 4170 3655 4171 “

2015 4254 2202 4307 dicunt
2232 4270 2246 4305 :
2276 4272 2293 4304 α
2322 4253 2460 4307 Ecce
2485 4252 2654 4309 altare
2681 4255 2923 4319 Domini,
2949 4256 3091 4324 quod
3129 4254 3369 4310 iecerunt
3395 4264 3588 4325 patres

2021 4344 2213 4409 nostri,
2245 4358 2349 4397 non
2375 4346 2427 4398 in
2456 4346 2791 4413 holocausta,
2832 4361 3004 4417 neque
3029 4347 3081 4400 in
3103 4346 3456 4412 sacriﬁcium,
3484 4348 3587 4401 sed

2018 4433 2073 4487 in
2114 4434 2477 4487 testimonium
2527 4445 2770 4490 nostrum
2817 4452 2880 4492 ac
2920 4447 3158 4493 vestrum
3201 4437 3413 4507 (Ibid.).
3444 4454 3466 4488 ι
3503 4428 3583 4486 Illi

2024 4521 2274 4576 nimirum
2305 4522 2356 4577 id
2386 4521 2629 4578 fecerunt
2652 4526 2720 4579 ad
2765 4527 3123 4580 testimonium
3164 4526 3466 4581 Israelitica
3493 4544 3588 4583 so-

2022 4614 2255 4678 cietatis,
2301 4627 2401 4667 nos
2445 4614 2548 4668 ista
2594 4615 2824 4669 dicimus
2866 4616 2936 4669 ob
2964 4615 3173 4685 signum
3208 4615 3589 4671 ecclesiastica:

2024 4704 2289 4758 veraciter
2338 4704 2579 4759 unitatis.
2624 4704 2705 4759 llli
2742 4719 2810 4759 ne
2844 4705 3245 4774 despicerentur
3271 4720 3302 4758 a
3329 4705 3589 4761 fratribus

2024 4792 2135 4847 suis
2160 4808 2175 4858 ;
2223 4805 2319 4847 nos
2345 4807 2411 4845 ne
2441 4793 2848 4847 remordeamur
2880 4809 2909 4848 a
2933 4793 3348 4863 cogitationibus
3371 4804 3588 4848 nostris.

2026 4881 2101 4937 Illi
2133 4883 2327 4936 terreni
2355 4881 2541 4937 altaris
2562 4891 2879 4938 exstruxere
2901 4884 3329 4949 similitudinem;
3357 4899 3454 4937 nos
3479 4886 3582 4952 spi-

2023 4972 2195 5028 ritalis
2250 4973 2548 5027 concordiae
2592 4974 2923 5027 ostendimus
2952 4974 3252 5027 veritatem.
3280 4972 3354 5027 llli
3406 4974 3471 5026 ad
3502 4988 3569 5026 os

2025 5062 2347 5115 tendendum
2387 5063 2467 5115 sui
2508 5063 2724 5131 generis
2752 5064 3149 5129 testimonium;
3174 5078 3270 5117 nos
3299 5064 3367 5117 ad
3404 5072 3596 5117 tenen~

2025 5150 2151 5205 dum
2183 5166 2331 5204 novae
2360 5152 2781 5221 regenerationis
2812 5162 2866 5206 ct
2918 5152 3169 5207 fraternae
3195 5154 3597 5207 communioniJ

2026 5243 2336 5299 inviolabile
2358 5254 2773 5298 sacramentum.

2517 5358 2673 5428 231
2726 5358 2951 5414 CAPUT
2990 5308 3100 5414 in.

2029 5444 2136 5499 Cur
2183 5448 2416 5515 bigamus
2470 5464 2501 5499 α
2553 5448 2842 5499 sacerdotio
2881 5449 3088 5501 omnino
3138 5447 3419 5513 repellitur,
3472 5461 3595 5497 cum

2098 5519 2151 5567 in
2202 5516 2599 5583 fornicationem
2649 5516 2823 5585 lapsus
2870 5535 3004 5586 sirpe
3056 5520 3108 5570 in
3154 5516 3403 5570 Ordinem
3453 5530 3596 5566 revo-

2099 5595 2263 5637 θείην.

2097 5676 2349 5759 Quaedam
2384 5710 2614 5762 namque
2661 5694 2793 5747 ﬁunt
2841 5696 2891 5748 in
2931 5694 3195 5760 Ecclesia,
3240 5710 3359 5763 quae
3401 5708 3595 5764 super-
