3996 6184
399 332 496 387 ΞΗ

1066 325 1306 387 OPUSC.
1350 329 1754 388 XL—LIBER
1791 332 1906 401 QUI
1947 334 2223 390 DlClTUR
2261 333 2565 392 DOMI‘NUS
2605 336 2968 394 VOBISCUM.

3530 338 3638 392 232

398 445 500 497 flua
531 441 746 512 quidem
789 438 1038 493 videntur
1079 447 1342 510 quantum
1375 442 1443 500 ad
1473 443 1720 497 humana:
1744 441 1969 498 rationis
1998 448 2046 509 Α
2075 445 2242 516 rigat;
2270 446 2526 502 Dominus
2547 457 2984 516 tecum,necesse
3005 449 3453 522 cstsiugulariter
3473 450 3638 504 dicat.

397 533 690 604 ingenium,
741 529 920 586 divina
944 537 1124 583 autem
1161 539 1305 595 sunt,
1343 531 1389 585 si
1421 531 1488 586 ad
1527 531 1740 585 virtutis
1769 532 1970 587 intima:
2071 534 2223 600 Quod
2253 535 2440 604 utique
2478 545 2738 606 quantum
2769 554 2798 592 a
2827 538 3008 610 regula
3057 539 3452 594 Ecelesiasticae
3487 538 3644 593 insti-

396 621 656 691 respicias
692 627 1112 674 sacramentum.
1149 617 1280 685 Quis
1309 620 1455 675 enim
1485 635 1589 674 non
1632 620 1860 676 miretur
1879 637 1970 674 ca-

397 711 605 766 nonicis
688 708 1091 778 promulgatum
1156 722 1276 763 esse
1338 709 1641 773 sententiis,
1700 709 1970 780 bigamum

398 799 706 870 quempiam
753 796 1058 852 nullatenus
1081 811 1239 866 posse
1260 797 1326 852 ad
1367 799 1727 853 sacerdotium
1760 813 1974 868 promo-

399 892 543 956 veri;
573 891 628 944 in
664 889 1078 944 fornicationem
1124 903 1254 944 vero
1296 889 1502 959 lapsum
1537 890 1698 944 etiam
1725 889 1975 943 sacerdo-

403 992 529 1045 tem,
564 987 784 1050 peracta
823 979 1164 1049 pmnitentia,
1219 979 1286 1034 ad
1323 979 1537 1050 pristini
1567 978 1707 1047 juris
1741 977 1974 1034 officium

399 1072 681 1128 revocari?
720 1071 796 1126 De
839 1069 1196 1127 fornicatione
1245 1071 1510 1140 siquidem
1564 1069 1849 1124 manifesta
1892 1078 1978 1124 est

401 1159 696 1230 apostolica
747 1159 1012 1213 sententia
1042 1200 1056 1220 ,
1100 1175 1206 1228 qua
1257 1159 1454 1214 dicitur
1499 1175 1512 1211 :
1561 1177 1580 1209 ς
1610 1159 1745 1225 Quia
1803 1172 1977 1228 neque

403 1250 708 1310 fornicarii.
738 1267 915 1321 neque
965 1251 1123 1306 idolis
1175 1251 1500 1315 servientes,
1556 1265 1727 1321 neque
1749 1247 1976 1302 adulteri

402 1362 626 1418 regnum
656 1345 750 1400 Dei
783 1345 1134 1415 possidebunt
1159 1343 1211 1414 (Ι
1239 1341 1364 1397 Cor.
1389 1343 1485 1412 vt).
1523 1363 1540 1396 ι
1568 1343 1644 1397 Dc
1667 1342 1749 1396 his
1775 1349 1974 1404 autem,

403 1439 495 1508 qui
518 1437 786 1492 secundas
810 1435 1137 1490 contrahunt
1158 1435 1398 1503 nuptias,
1423 1434 1494 1487 ita
1520 1433 1763 1503 sequitur
1786 1447 1800 1485 :
1831 1449 1849 1482 ε
1873 1430 1979 1484 Mn-

403 1529 526 1595 lier,
555 1528 753 1598 inquit,
781 1527 991 1598 alligata
1022 1535 1106 1581 est
1129 1526 1228 1595 legi
1256 1536 1458 1595 quanto
1481 1535 1724 1595 tempore
1758 1525 1840 1579 vir
1861 1522 1980 1594 ejus

404 1621 554 1679 vivit;
583 1619 726 1688 quod
781 1618 825 1673 si
875 1617 1156 1671 dormierit
1211 1617 1294 1670 vir
1332 1614 1469 1682 ejus,
1500 1613 1729 1669 liberata
1756 1623 1856 1676 est,
1890 1613 1978 1667 cui

403 1711 515 1763 vult
544 1709 734 1772 nubat,
777 1717 982 1762 tantum
1031 1707 1083 1760 in
1125 1706 1349 1761 Domino
1378 1705 1425 1775 (ι
1460 1704 1582 1759 Cor.
1626 1702 1748 1771 vn).
1788 1723 1808 1757 ι
1851 1703 1981 1770 Qui-

2074 628 2296 683 tutionis
2321 629 2631 696 abhorreat,
2668 630 2760 700 qui
2793 631 2956 686 limen
2997 631 3123 686 terit
3156 631 3432 695 Ecclesiae,
3465 631 3646 685 nullus

2074 718 2307 787 ignorat.
2338 718 2555 773 Certum
2586 728 2672 774 est
2706 721 2848 775 enim
2895 721 3040 791 quod
3084 735 3258 789 neque
3299 719 3647 774 beatissimus

2075 806 2379 874 apostolica:
2408 807 2553 862 sedis
2589 809 2834 874 antistes,
2867 825 2990 864 cum
3030 809 3280 864 videlicet
3315 810 3648 878 obsequente

2075 893 2326 948 ministro
2361 895 2566 964 privata
2618 895 2729 950 Deo
2761 896 2939 950 reddit
2965 897 3244 965 obsequia,
3287 910 3460 965 neque
3489 895 3646 964 quis-

2075 998 2236 1051 quam
2271 985 2492 1037 omnino
2521 983 2858 1054 pontificum,
2893 986 2978 1040 vel
3022 986 3410 1041 catholicorum
3450 986 3645 1056 aliquis

2075 1073 2416 1126 sacerdotum
2438 1072 2522 1128 his
2543 1075 2721 1130 verbis
2748 1075 2814 1128 ad
2837 1074 3062 1130 alterum
3085 1076 3430 1147 singulariter
3455 1077 3644 1133 utitur.

2149 1160 2206 1214 Si
2231 1175 2359 1216 vero
2383 1161 2774 1218 venerabilium
2805 1166 3143 1220 sacerdotum
3179 1167 3508 1222 consuetudo
3529 1165 3648 1220 lau-

2078 1251 2349 1317 datur,'ut
2375 1253 2521 1308 solus
2557 1254 2654 1309 soli
2685 1263 2830 1309 recte
2874 1255 3039 1322 dicat,
3073 1255 3322 1310 Dominus
3351 1257 3606 1311 vobiscum
3629 1268 3650 1308 :

2078 1349 2134 1392 et
2163 1355 2336 1410 neque
2364 1341 2432 1394 sit
2456 1342 2735 1406 absonum,
2764 1358 2936 1412 neque
2963 1344 3030 1396 ab
3061 1343 3413 1399 ecclesiastici
3444 1343 3651 1398 ordinis

2079 1445 2306 1485 censura
2353 1440 2654 1498 semotum;
2707 1432 2833 1502 quid
2876 1432 3066 1498 ullicit,
3114 1435 3161 1492 si
3207 1442 3262 1488 et
3308 1433 3653 1504 singulariter
3728 1449 3730 1451 ‘

2080 1520 2201 1590 quis
2243 1521 2449 1591 positus
2481 1521 2530 1576 id
2568 1523 2739 1592 ipsum
2777 1523 2940 1586 dicat,
2971 1530 3095 1576 dum
3119 1533 3377 1594 quantum
3417 1525 3482 1577 ad
3512 1523 3653 1577 litte-

2082 1625 2171 1665 ras
2208 1611 2348 1668 sicut
2387 1613 2476 1665 uni
2510 1614 2729 1668 minime
2771 1615 3036 1683 congruit,
3083 1616 3155 1669 ita
3198 1631 3298 1670 nec
3341 1615 3482 1668 inter
3519 1616 3652 1669 duos

2082 1701 2304 1768 pluralis
2332 1701 2419 1755 ille
2449 1718 2628 1758 sermo
2653 1705 2930 1773 procedit?
2953 1704 3085 1759 Cum
3126 1721 3256 1774 ergo
3282 1703 3647 1760 ecclesiastica

406 1803 505 1857 bus
570 1800 823 1853 nimirum
886 1797 1165 1872 utriusque
1207 1796 1490 1850 sententia
1553 1795 1731 1849 verbis
1793 1800 1979 1863 aperte
2011 1783 2052 1840 Β
2082 1792 2416 1846 consuetudo
2452 1802 2612 1847 tanta:
2640 1794 2976 1850 auctoritatis
3005 1790 3654 1860 sit,utsibiomnisartifi-

406 1897 763 1950 monstratur,
819 1886 943 1956 quia
994 1895 1048 1939 et
1098 1885 1296 1955 bigami
1342 1883 1534 1938 divina:
1580 1883 1713 1953 legis
1741 1881 1976 1952 regulam

406 1997 515 2036 non
552 1978 852 2040 uﬂ‘endunt,
875 1983 931 2030 et
960 1973 1314 2029 fornicatores
1343 1989 1372 2027 a
1399 1984 1566 2042 regno
1606 1971 1699 2026 Dei
1741 1986 1839 2042 pro
1874 1984 1984 2024 sua:

407 2069 592 2123 carnis
663 2063 1077 2136 intemperantia
1156 2061 1535 2117 damnabiliter
1620 2059 1984 2131 praeciduntlr

408 2154 722 2227 (Hebr.XItI;
738 2152 925 2221 Ephes.
959 2151 1034 2220 v).

479 2243 618 2309 Quid
645 2252 729 2296 est
764 2257 918 2313 ergo,
943 2240 1085 2310 quod
1113 2240 1188 2303 hi,
1228 2239 1318 2308 qui
1352 2253 1457 2291 non
1497 2245 1746 2307 peccant,
1796 2237 1860 2291 de
1889 2252 1984 2308 spe

408 2332 694 2386 sacerdotii
745 2331 982 2384 funditus
1026 2337 1285 2384 corruunt
1318 2346 1331 2382 :
1367 2339 1420 2382 et
1463 2328 1556 2391 illi,
1589 2343 1724 2396 quos
1758 2343 1785 2379 a
1813 2342 1980 2396 regno

415 2423 510 2476 Dei
545 2431 724 2476 reatus
761 2420 1023 2482 eliminat,
1069 2418 1418 2474 ecclesiastici
1469 2417 1667 2486 gradus
1710 2415 1982 2479 fiduciam,

410 2515 456 2568 si
508 2515 666 2584 digne
719 2513 1089 2583 ptenituerint,
1149 2527 1255 2564 non
1303 2507 1601 2563 amittunt?
1641 2507 1752 2561 Nisi
1781 2507 1907 2576 quia
1932 2507 1984 2560 in

413 2605 497 2657 his
542 2604 632 2672 qui
676 2602 928 2657 secundis
977 2601 1176 2671 nuptiis
1203 2599 1545 2668 copulantur,
1601 2613 1705 2651 non
1758 2607 1865 2651 tam
1917 2596 1984 2650 ad

410 2701 713 2761 peccatum,
741 2706 903 2760 quam
945 2691 1010 2746 ad
1055 2689 1307 2744 Ecclesia:
1349 2686 1636 2758 respicitur
1676 2701 1987 2742 sacramen-

415 2795 550 2838 tum.
577 2783 730 2840 Sicnt
767 2785 911 2838 enim
954 2782 1224 2846 Christus,
1272 2780 1361 2850 qui
1396 2789 1480 2834 est
1513 2776 1750 2852 pontifex
1777 2776 1986 2833 futuru-

414 2892 534 2929 rum
587 2875 873 2936 bonorum,
924 2881 977 2929 ct
1021 2887 1181 2928 verus
1238 2871 1496 2926 sacerdos
1541 2871 1695 2941 juxta
1743 2870 1986 2923 ordinem

414 2964 829 3030 Melchisedech,
873 2966 962 3036 qui
1007 2965 1257 3021 videlicet
1301 2963 1496 3019 obtulit
1533 2977 1729 3032 agnum
1786 2961 1988 3031 proprii

413 3057 661 3125 corporis
691 3055 745 3108 in
789 3071 882 3108 ara
926 3054 1101 3111 crucis
1133 3055 1241 3108 Deo
1281 3053 1428 3109 Patri
1459 3068 1556 3124 pro
1577 3052 1748 3107 salute
1777 3051 1984 3117 mundi,

2089 1882 2250 1937 eiusa:
2278 1883 2599 1956 eloquentiae
2643 1885 2877 1941 facultas
2919 1886 3195 1940 humiliter
3227 1886 3402 1949 cedat,
3435 1900 3534 1940 nec
3578 1885 3654 1938 illi

2088 1990 2415 2045 magnopere
2450 1977 2713 2031 habeatur
2744 1979 3028 2033 verborum
3060 1994 3211 2044 cura,
3241 1979 3333 2033 sed
3376 1994 3652 2041 sensuum,
3714 1982 3724 1991 ‘

2086 2065 2130 2118 si
2162 2065 2304 2120 inter
2333 2065 2465 2126 duos
2496 2066 2582 2120 illa
2620 2069 3038 2138 grammaticalis
3074 2068 3251 2140 regula
3277 2068 3399 2138 jure
3426 2069 3656 2139 despici-

2088 2165 2194 2217 tur,
2220 2156 2572 2224 consequitnr
2599 2157 2764 2216 etiam
2794 2166 2853 2211 ut
2879 2159 2946 2213 ab
2977 2174 3083 2212 uno
3112 2159 3657 2235 irreprehensibiliter

2085 2256 2483 2302 contemnatur.
2518 2249 2670 2304 Sicut
2705 2249 2868 2318 igitur
2903 2248 3282 2303 ecclesiastica:
3321 2249 3658 2303 auctoritatis

2088 2346 2192 2399 est,
2225 2347 2286 2390 ut
2310 2336 2451 2390 inter
2478 2335 2613 2391 duos
2645 2345 2789 2391 recte
2814 2337 3043 2402 dicatur,
3073 2337 3326 2392 Dominus
3357 2339 3656 2394 vobiscum:

2087 2427 2166 2480 sic
2200 2427 2372 2480 eidem
2402 2429 2707 2482 auctoritati
2755 2443 2858 2482 non
2903 2438 2987 2482 est
3013 2427 3360 2494 contrarium,
3394 2430 3437 2484 si
3468 2432 3534 2485 ab
3568 2447 3655 2495 eo,

2086 2516 2177 2586 qtti
2205 2516 2352 2572 solus
2374 2526 2478 2580 est,
2509 2532 2660 2585 teque
2689 2517 2902 2570 dicatur
2931 2518 3126 2587 ipsum.

2160 2605 2398 2674 Denique
2418 2615 2472 2660 et
2501 2606 2566 2659 de
2593 2606 2939 2675 responsione
2961 2604 3096 2674 ejus,
3127 2623 3246 2677 qua:
3272 2617 3354 2663 est
3383 2609 3652 2670 videlicet.

2089 2695 2156 2750 Et
2181 2713 2295 2750 cum
2327 2698 2512 2766 spiritu
2553 2706 2683 2759 tuo;
2712 2710 2808 2751 nec
2855 2711 2959 2750 nou
3003 2705 3056 2751 et
3085 2697 3151 2751 de
3180 2697 3397 2753 lectoris
3436 2699 3656 2754 benedi-

2087 2786 2266 2842 ctione
2299 2785 2642 2856 singulariter
2687 2786 2934 2854 petenda,
2974 2794 3136 2854 atque
3179 2787 3469 2851 reddenda,
3512 2788 3652 2844 idem

2087 2883 2170 2931 est
2221 2875 2570 2930 nihilominus
2606 2875 2962 2930 sentiendum.
3016 2875 3130 2930 Non
3179 2877 3320 2931 enim
3373 2878 3460 2932 hic
3502 2879 3660 2948 digne

2089 2980 2344 3021 numerus
2376 2981 2759 3035 personarum;
2809 2966 2900 3021 sed
2936 2965 3313 3024 ecclesiastica:
3336 2969 3510 3037 potius
3541 2970 3658 3022 uni-

2094 3057 2218 3111 tatis
2247 3055 2545 3110 attenditur
2574 3063 2970 3110 sacramentmn
2999 3074 3011 3107 :
3047 3055 3133 3110 ubi
3159 3055 3364 3110 scilicet
3410 3072 3510 3110 nec
3539 3057 3660 3111 uni-

409 3149 497 3202 vir
525 3156 610 3200 est
633 3147 789 3200 unius
834 3161 1064 3216 sponsae,
1127 3146 1289 3200 totius
1336 3145 1546 3200 scilicet
1571 3152 1771 3198 sanctae
1799 3125 2060 3197 Eccle-C
2093 3155 2176 3200 tas
2209 3147 2447 3201 excludit
2478 3145 2894 3209 multitudinem,
2925 3161 3022 3198 nec
3048 3146 3330 3202 multitudo
3355 3148 3513 3203 violat
3541 3149 3659 3203 uni-

416 3237 536 3299 site,
569 3251 690 3308 qua:
712 3236 898 3304 procul
930 3235 1090 3292 dubio
1132 3236 1282 3305 virgo
1329 3245 1431 3299 est,
1467 3235 1591 3304 quia
1621 3235 1740 3289 fidei
1774 3233 1990 3304 integri-

419 3338 586 3384 tatem
638 3326 1020 3383 inviolabiliter
1074 3319 1416 3392 servat;‘ita
1462 3325 1688 3395 quilibet
1734 3324 1990 3380 sacerdos

413 3402 602 3471 unius.
628 3417 814 3470 uxoris
869 3417 952 3471 vir
996 3431 1115 3472 esse
1150 3415 1487 3486 praecipitur,
1529 3423 1587 3468 ut
1615 3413 1757 3468 illius
1795 3411 1992 3468 summi

412 3508 594 3577 sponsi
627 3506 881 3576 prmferre
912 3508 1198 3578 imaginem
1229 3507 1491 3560 videatur.

483 3596 543 3650 1n
570 3596 801 3666 bigamis
827 3597 1007 3670 itaque
1031 3613 1136 3652 non
1167 3611 1414 3652 mensura
1450 3597 1676 3667 peccati,
1702 3595 1798 3650 sed
1825 3594 1993 3648 forma

411 3689 598 3758 potius
627 3689 920 3757 inquiritur
961 3689 1308 3753 sacramenti,
1333 3687 1570 3757 atquein
1593 3702 1780 3742 eorum
1807 3699 1996 3755 repro-
2066 3721 2072 3728 ι

413 3781 659 3846 batione,
688 3797 794 3834 non
828 3787 1012 3835 reatus
1040 3779 1342 3844 ulciscitur,
1365 3779 1457 3833 sed
1480 3779 1702 3848 mystica
1746 3776 1861 3830 veri
1911 3790 1996 3830 sa-

413 3869 646 3924 cerdotii
694 3870 876 3940 regula
915 3869 1247 3932 custoditur;
1284 3868 1520 3936 alioquin
1558 3866 1826 3936 quomodo
1853 3865 1997 3919 inter

415 3961 652 4015 crimina
687 3977 792 4015 non
833 3969 1090 4025 meretur,
1140 3960 1284 4031 quod
1316 3959 1540 4014 licenter
1561 3958 1678 4013 fieri
1703 3956 1996 4026 apostolica

419 4051 669 4105 doctrina
717 4050 1088 4120 permittitur?
1135 4048 1240 4104 Sed
1287 4057 1340 4104 et
1387 4048 1529 4102 sacri
1591 4061 1844 4109 canones,
1906 4059 1998 4099 eos

412 4141 513 4210 qui
545 4143 814 4196 secundas
857 4141 1076 4210 nuptias
1120 4139 1446 4208 improbant,
1501 4139 1641 4192 intra
1672 4136 1999 4191 Novatiano-

415 4247 545 4285 rum
593 4231 845 4286 hmresim
877 4239 1089 4285 notant.
1144 4229 1211 4285 Ut
1249 4229 1598 4284 ostendamus
1627 4242 1755 4297 ergo
1786 4241 1882 4281 nos
1912 4241 1999 4280 ec-

415 4320 751 4374 clesiastica:
787 4335 999 4389 semper
1029 4319 1250 4374 unitatis
1275 4328 1456 4373 tenere
1488 4317 1824 4386 mysterium,
1867 4315 2001 4370 irrc-

413 4412 859 4480 preheusibiliter
905 4412 1126 4475 utimur,
1174 4419 1229 4466 et
1276 4411 1452 4466 sinon
1507 4410 1640 4462 adeo
1687 4404 1996 4462 necessaria

411 4502 727 4571 prolatione
773 4502 1080 4557 verborum.

1013 4610 1240 4666 CAPUT
1273 4610 1404 4664 Xlll.

414 4702 582 4767 Quod
605 4719 652 4756 st
685 4703 924 4757 DOIIINUS
947 4716 1205 4757 voetscuu
1231 4703 1366 4755 inter
1389 4701 1522 4756 duos
1553 4711 1684 4754 recte
1713 4699 1996 4769 profertur,

845 4789 877 4824 a
899 4771 1010 4825 solo
1034 4773 1190 4824 etiam
1198 4772 1322 4841 jure
1346 4771 1572 4824 dicatur.

487 4862 615 4917 Jam
693 4878 824 4918 sane
877 4871 932 4916 et
990 4863 1094 4916 hoc
1159 4878 1189 4916 a
1257 4859 1530 4932 fratribus!
1591 4859 1726 4915 meis
1785 4864 1999 4913 servata

409 4953 693 5008 eharitate
758 4953 1015 5022 perquiro
1055 4969 1069 5006 :
1111 4953 1155 5007 si
1208 4953 1315 5006 duo
1375 4951 1535 5006 simul
1591 4952 1701 5004 sint
1763 4949 1999 5015 fratres,

410 5052 618 5097 utrum
706 5041 845 5095 alter
916 5042 1072 5096 alteri
1145 5041 1371 5119 licenter
1437 5042 1582 5096 dicat
1655 5056 1670 5094 :

412 5133 748 5188 vobiscum?
815 5132 948 5187 Nam
1029 5133 1238 5189 scilicet
1314 5135 1442 5203 quid
1523 5141 1630 5198 est,
1709 5134 1854 5203 quod
1937 5131 2007 5185 ad

2023 4459 2074 4517 D

1745 5038 2025 5121 Dominus.

2093 3245 2260 3290 tatem
2288 3254 2300 3288 :
2337 3235 2462 3304 quia
2488 3243 2541 3288 et
2580 3249 2744 3288 unum
2766 3248 2964 3302 corpus
2989 3249 3083 3303 per
3113 3235 3276 3291 multa
3307 3238 3547 3293 membra
3578 3236 3663 3291 di-

2091 3327 2313 3396 yiditur,
2344 3335 2398 3379 et
2424 3341 2490 3379 ex
2521 3324 2749 3377 diversis
2780 3324 3036 3378 membris
3063 3342 3226 3378 unum
3254 3342 3450 3396 corpus
3481 3328 3661 3398 imple-

2091 3427 2199 3472 tur.
2242 3415 2351 3470 Nec
2396 3416 2446 3469 in
2477 3415 2681 3469 unitate
2709 3415 2952 3483 corporis
2975 3412 3349 3473 membrorum
3379 3418 3662 3474 multitudo

2091 3506 2454 3572 confunditur,
2469 3522 2568 3562 nec
2593 3507 2644 3560 in
2661 3503 3343 3577 pluralitatemembrorum
3359 3508 3517 3566 unius
3542 3525 3661 3565 cor-

2093 3601 2241 3670 poris
2270 3599 2552 3669 integritas
2581 3588 2830 3661 violatur.

2678 3693 2904 3750 CAPUT
2940 3693 3077 3749 XIV.

2097 3775 2252 3843 Quod
2288 3777 2514 3849 populus
2567 3781 2735 3836 Israel
2769 3780 3132 3837 ecclesiastica:
3176 3784 3309 3836 inter
3349 3799 3404 3836 se
3447 3783 3664 3836 unitatis

2659 3851 2890 3921 regulam
2926 3853 3106 3905 tenuit.

2167 3960 2234 4014 Et
2278 3961 2408 4030 quid
2459 3963 2693 4028 mirum,
2743 3964 2787 4018 si
2832 3963 2897 4017 de
2934 3973 3122 4018 sancta
3162 3963 3400 4018 Ecclesia
3446 3962 3664 4025 dicitur,

2096 4051 2237 4120 quod
2281 4059 2336 4105 et
2385 4051 2662 4121 multiplex
2712 4055 2764 4106 in
2805 4054 3028 4120 unitate,
3074 4064 3125 4108 et
3168 4071 3271 4108 una
3314 4055 3564 4110 credatur
3612 4056 3664 4108 iu

2099 4139 2468 4205 multitudine;
2505 4157 2631 4196 cum
2656 4150 2711 4196 et
2739 4142 2827 4196 ille
2856 4143 3091 4197 carnalis
3121 4143 3303 4210 Israel,
3334 4144 3458 4216 quia
3485 4143 3667 4198 socius

2098 4237 2218 4282 erat
2254 4244 2472 4298 genere,
2497 4230 2609 4300 jam
2655 4239 2781 4284 tunc
2820 4229 2977 4297 hujus
3006 4231 3225 4284 unitatis
3255 4232 3499 4284 videatur
3531 4232 3669 4284 intcr

2100 4333 2158 4372 se
2182 4318 2420 4389 regulam
2453 4320 2727 4375 tenuisse?
2756 4320 2889 4374 Nam
2917 4330 2972 4374 et
3002 4322 3110 4391 regi
3140 4322 3303 4376 Edum
3339 4321 3555 4375 nuntios
3584 4323 3634 4375 di
3655 4352 3668 4359 -

2101 4409 2247 4478 rigit,
2277 4410 2367 4478 qui
2397 4410 2617 4464 dicant:
2655 4429 2673 4462 ι
2705 4410 2829 4464 llaec
2875 4411 3089 4464 mandat
3133 4412 3297 4464 frater
3342 4419 3464 4464 tuus
3509 4411 3670 4464 Israt-l

2103 4497 2294 4566 (Num.
2343 4499 2456 4567 xx).
2493 4519 2511 4551 ι
2549 4499 2616 4554 Ει
2653 4498 2778 4554 alibi
2818 4515 2941 4554 eum
2985 4499 3322 4554 Chananeus
3366 4516 3457 4554 rex
3500 4501 3670 4554 Aratli

2104 4599 2370 4662 pugnaret
2393 4593 2650 4645 adversus
2677 4591 2858 4655 Israel,
2885 4599 3046 4658 atque
3069 4591 3276 4644 sublata
3306 4605 3374 4644 ex
3400 4605 3464 4644 eo
3490 4592 3670 4658 praeda

2103 4681 2278 4734 victor
2321 4669 2603 4746 existeret,
2645 4688 2873 4733 testante
2913 4679 3210 4748 Scriptura,
3257 4678 3419 4732 lsrael
3459 4687 3585 4732 voto
3616 4696 3674 4731 se

2109 4769 2334 4824 Domino
2363 4769 2632 4839 obligans,
2657 4769 2733 4822 ait
2755 4785 2767 4798 ο
2806 4786 2824 4820 t
2853 4768 2910 4823 Si
2941 4768 3246 4834 tradideris,
3279 4769 3475 4837 inquit,
3509 4785 3672 4838 popu-

2106 4859 2215 4912 lum
2270 4860 2430 4914 istum
2487 4860 2543 4913 in
2596 4874 2813 4913 manum
2861 4874 3060 4924 meum,
3109 4860 3298 4914 delebo
3343 4860 3507 4916 urbes
3559 4861 3676 4930 ejus

2108 4945 2584 5021 (lbid.xx).iQuod
2605 4950 2859 5006 nimirum
2902 4961 2957 5006 et
2992 4952 3042 5005 in
3086 4951 3223 5006 libro
3265 4951 3468 5023 Regum
3500 4954 3669 5006 mani-

2108 5042 2244 5100 feste
2274 5041 2604 5107 declaratur,
2633 5056 2756 5100 cum
2781 5043 2848 5096 ab
2883 5041 3174 5098 Israelitico
3197 5044 3395 5114 popqu
3420 5044 3486 5096 ad
3530 5043 3674 5095 virus

2106 5133 2263 5200 Juda,
2296 5133 2554 5189 redeunte
2585 5132 2750 5186 David
2778 5133 2829 5186 in
2861 5149 3105 5203 regnum,
3133 5135 3367 5188 dicitur:
3403 5151 3421 5184 ι
3455 5133 3672 5195 Decem,

407 5239 592 5278 unam
634 5239 924 5294 personam
981 5225 1262 5296 pluraliter
1322 5224 1578 5295 loquitur,
1627 5233 1682 5280 et
1741 5223 2011 5294 postposi-
2107 5223 2302 5292 inquit,
2341 5222 2586 5293 partibus
2614 5221 2784 5291 major
2815 5237 2914 5289 ego
2945 5237 3064 5276 sum
3089 5221 3246 5292 233
3276 5222 3416 5290 apud
3469 5234 3670 5292 regem,

410 5323 470 5368 ta
502 5313 670 5384 232
693 5328 919 5369 censura
944 5314 1278 5370 litteratoria:
1298 5315 1611 5386 disciplinae,
1637 5314 2004 5371 ecclesiastica

407 5405 768 5460 consuetudo
801 5405 1047 5459 tenetur?
1082 5406 1352 5472 Quantum
1380 5407 1522 5460 enim
1551 5407 1618 5460 ad
1643 5404 1890 5474 loquendi
1919 5419 2010 5458 ar-

307 5526 324 5539 ς
408 5504 568 5558 tem,
600 5503 775 5548 tecum
817 5495 1016 5564 potius,
1043 5511 1206 5566 quam
1256 5497 1532 5562 vobiscum,
1565 5497 1632 5550 ad
1679 5496 2004 5566 singularem

403 5584 674 5637 Jirectus
701 5598 991 5652 personam
1035 5600 1214 5640 sermo
1242 5586 1510 5640 deeurret.
1543 5586 1696 5654 Quod
1722 5586 1767 5640 si
1803 5603 1906 5640 non
1938 5585 2004 5638 li-

406 5683 542 5739 cet,
575 5683 633 5728 ut
661 5683 728 5729 ad
766 5691 924 5730 ttttam
955 5693 1240 5746 personam
1283 5678 1502 5732 verbum
1536 5677 1739 5749 plurale
1779 5678 1898 5748 quis
1927 5678 2006 5730 di-

2108 5323 2165 5367 et
2191 5302 2579 5384 priniogenitus
2607 5329 2709 5384 ego
2743 5329 2883 5378 sum,
2929 5313 3204 5382 magisque
3236 5312 3300 5363 ad
3332 5326 3416 5365 me
3444 5311 3678 5382 pertinet

2115 5403 2301 5470 David,
2347 5419 2508 5474 quam
2550 5403 2616 5458 ad
2649 5411 2734 5467 te;
2775 5417 2872 5456 cur
2916 5401 3045 5454 mihi
3091 5400 3264 5454 fecisti
3300 5401 3574 5471 injuriam,
3621 5411 3678 5455 et

2111 5511 2216 5550 non
2252 5496 2380 5549 mihi
2433 5495 2737 5561 nuntiatum
2773 5502 2856 5546 est
2884 5491 3072 5561 priori,
3118 5501 3177 5544 ut
3216 5489 3528 5546 reducerem
3591 5505 3674 5545 ru—

2112 5600 2229 5654 gcm
2261 5584 2512 5637 meum?»
2548 5581 2631 5652 (fl
2667 5581 2794 5652 Reg.
2833 5581 2970 5650 xix.)

2185 5676 2242 5728 Si
2276 5691 2404 5744 ergo
2434 5673 2660 5744 populus
2698 5673 2816 5739 ille,
2847 5690 2946 5744 pro
2984 5689 3048 5728 eo
3083 5673 3224 5743 quod
3260 5689 3326 5726 ex
3366 5689 3472 5726 una
3507 5671 3674 5740 stirpe
