3996 6184
319 363 425 417 285

777 363 833 419 S.
872 362 1075 419 PETRI
1113 362 1394 418 DAMIANI
1433 363 1584 419 OPP.
1622 360 1856 419 TOMUS
1887 362 2016 419 SEU
2056 362 2235 420 PARS
2268 363 2354 418 111.
2384 394 2445 404 -
2481 362 2841 420 OPUSCULA
2879 360 3115 418 VARIA.

3433 361 3539 418 2-H

315 478 576 548 originem
608 478 857 544 duceret,
890 478 973 532 vel
1011 480 1079 532 ob
1114 477 1166 531 id
1194 477 1402 546 potius,
1432 478 1558 547 quia
1590 476 1749 530 unius
1780 477 1872 530 Dei
1902 480 1951 538 Α
1978 476 2023 531 si
2064 484 2173 530 tota
2205 475 2535 531 Testamenti
2562 475 2772 531 Veteris
2816 476 2984 531 series
3025 483 3410 531 recenseatur:
3445 482 3538 534 sed

316 569 518 625 cultum
550 577 792 636 teneret,
826 578 1077 638 tanquam
1127 584 1235 623 una
1266 584 1492 638 persona
1532 568 1879 637 singulariter

316 658 573 729 loquitur,
613 666 669 711 ut
696 659 747 711 in
779 658 961 713 multis
994 672 1052 713 se
1084 674 1249 712 unum
1284 673 1403 714 esse
1443 666 1712 713 testetur:
1750 656 1877 726 quid

316 747 568 801 nimirum
608 745 651 799 si
688 753 872 799 sancta
909 745 1179 808 Ecclesia,
1228 761 1348 815 qua:
1386 761 1491 799 uno
1538 744 1634 798 Dei
1674 744 1875 813 Spiritu

312 835 704 899 sanctificatur,
755 842 810 888 et
852 835 1074 903 regitur,
1115 836 1273 889 unius
1316 835 1467 889 Fidei
1514 842 1569 887 et
1620 833 1877 903 Baptismi

318 925 676 978 sacramentis
708 925 965 978 imbuitur
998 926 1064 979 ad
1102 926 1344 979 eamdem
1382 925 1749 979 hereditatem
1783 940 1877 979 ca-

312 1014 629 1083 pessendam
660 1016 1087 1085 per-adoptionis
1115 1017 1341 1086 gratiam
1376 1024 1722 1078 convocatur,
1760 1024 1877 1068 tan-

313 1114 421 1158 tam
460 1106 601 1160 inter
635 1121 694 1160 se
730 1106 927 1160 habeat
974 1105 1431 1167 communionem,
1480 1116 1540 1158 ut
1589 1113 1643 1159 et
1682 1103 1877 1173 singuli

317 1197 499 1251 verbis
536 1197 808 1261 omnium,
843 1206 897 1250 et
925 1210 1112 1249 omnes
1144 1197 1322 1249 verbis
1352 1196 1426 1249 uti
1458 1196 1669 1249 valeant
1697 1196 1876 1264 singu-

311 1284 485 1338 lorum
508 1285 531 1337 ’ρ
557 1284 694 1338 Hinc
722 1293 805 1339 est
832 1285 1023 1348 etiam,
1057 1285 1201 1352 quod
1231 1285 1426 1340 divinis
1457 1285 1764 1340 insistentes
1791 1284 1877 1339 of-

313 1372 482 1436 ﬁciis,
519 1388 658 1443 saepe
693 1373 749 1429 in
788 1375 945 1428 unius
982 1375 1153 1428 sancti
1187 1375 1531 1428 veneratione
1561 1383 1874 1443 cantamus,

311 1463 453 1531 quod
504 1465 599 1517 toti
649 1463 807 1517 simul
856 1464 1111 1518 Ecclesia:
1144 1465 1426 1518 convenire
1463 1466 1875 1535 cognoscimus:

311 1552 452 1619 quod
479 1552 728 1607 videlicet
751 1551 841 1621 qui
870 1564 1061 1607 cantus
1085 1554 1258 1609 beata:
1288 1555 1380 1609 Dei
1420 1554 1708 1610 Genitricis
1746 1557 1878 1611 alio-

310 1655 535 1708 rumque
574 1649 885 1695 sanctorum
913 1642 1201 1712 diligenter
1232 1643 1477 1713 inspicit,
1510 1644 1878 1701 indubitanter

310 1728 572 1797 agnoscit.

902 1822 1130 1879 CAPUT
1170 1824 1285 1880 XV.

380 1912 532 1978 Quod
571 1914 806 1985 qucrdam
837 1914 1135 1987 festiuitates
1164 1933 1267 1971 non
1293 1932 1388 1971 suo
1418 1925 1641 1987 tempore
1678 1918 1808 1973 cele-

967 1984 1203 2039 brantur.
1518 1984 1527 1987 ⁷
1599 2006 1612 2017 ε

381 2096 622 2152 Ecclesia
661 2098 926 2168 siquidem
964 2098 1202 2168 Christi,
1233 2116 1351 2170 qua:
1380 2108 1465 2156 est
1492 2102 1742 2158 columna
1772 2103 1873 2157 im-

314 2189 556 2252 mobilis,
590 2205 709 2258 quae
739 2192 884 2259 regni
912 2191 1171 2247 calorum
1201 2191 1379 2247 claves
1408 2194 1644 2263 accepit,
1675 2210 1877 2264 nequa-

311 2293 473 2345 quam
524 2279 770 2345 casibus,
820 2281 1124 2336 numerisve
1174 2282 1444 2349 deservit,
1494 2284 1587 2339 sed
1633 2285 1870 2339 omnium

306 2366 634 2422 locutionum
667 2371 855 2426 modos
885 2371 1028 2425 intra
1059 2386 1169 2426 suae
1208 2372 1340 2440 legis
1369 2371 1492 2441 jura
1533 2375 1870 2445 conStringit.

306 2456 417 2513 Nec
467 2469 767 2529 aucupatur
820 2463 1017 2525 verba,
1074 2463 1166 2517 sed
1224 2464 1453 2519 animas.
1522 2463 1637 2521 Non
1691 2466 1872 2535 itaque

306 2550 669 2618 magnipendit
716 2554 1057 2621 praasentiam
1106 2570 1424 2624 corporum,
1475 2556 1559 2610 vel
1612 2557 1872 2629 articulos

307 2648 635 2708 temporum,
693 2643 788 2697 sed
845 2643 912 2697 ad
969 2645 1306 2699 devotionem
1344 2646 1520 2715 potius
1572 2655 1626 2700 et
1690 2647 1868 2700 unita-

308 2738 411 2782 tem
463 2731 681 2798 respicit
726 2732 1053 2786 animorum.
1106 2752 1123 2784 ι
1154 2734 1271 2803 lpsa
1308 2750 1501 2806 nempe
1524 2736 1730 2805 judicat
1756 2753 1870 2791 om-

305 2816 393 2869 uia
415 2856 432 2881 ,
478 2827 532 2872 et
570 2834 601 2871 a
640 2819 1160 2891 neminejudicatur
1188 2823 1258 2894 (1
1291 2823 1413 2878 Cor.
1444 2841 1482 2879 ιι
1503 2825 1545 2897 ).
1577 2845 1596 2878 ι
1626 2826 1762 2882 llinc
1787 2836 1872 2882 est

307 2908 451 2961 enim
474 2950 490 2974 ,
520 2912 661 2979 quod
690 2913 740 2965 in
772 2926 1117 2969 sacrosancta
1147 2916 1485 2972 solemnitate
1525 2920 1763 2988 paschali
1794 2920 1872 2974 di-

305 2995 479 3049 cimus
508 3014 519 3049 :
552 2995 809 3068 Deus.qui
835 3000 1086 3054 hodierna
1116 3003 1198 3055 die
1225 3020 1315 3072 per
1346 3003 1681 3074 Uuigenitunt
1719 3017 1867 3060 tuum

302 3086 607 3140 wternitatis
661 3088 807 3141 nobis
850 3090 1050 3143 aditum
1105 3090 1304 3145 devicta
1356 3103 1519 3146 morte
1576 3096 1864 3159 reserasti;

1977 565 2102 634 quia
2136 565 2187 618 in
2217 566 2555 620 solemnitate
2590 565 2828 636 paschali
2853 564 3102 620 venerari
3131 564 3289 636 digne
3318 583 3421 621 non
3450 583 3542 637 po-

1979 662 2188 719 terant,
2219 655 2285 708 ad
2310 670 2494 709 earum
2521 656 2723 710 cultum
2750 656 2894 710 aliud
2923 666 3136 726 tempus
3162 666 3244 712 est
3273 657 3539 715 Ecclesia-

1977 743 2112 797 stica
2142 744 2497 813 dispositione
2528 745 2819 813 provisum.

2048 833 2171 889 Haec
2200 845 2380 888 autem
2412 835 2611 890 idcirco
2642 836 2708 889 de
2738 835 2908 890 sacris
2936 834 3363 893 solemnitatibus
3386 836 3537 905 juxta

1978 924 2353 991 compendium
2384 924 2612 979 dixerim
2633 965 2648 989 ,
2682 933 2743 980 ut
2774 924 3061 979 manifeste
3087 926 3383 990 clarescat,
3415 931 3539 997 quia

1978 1022 2165 1067 sancta
2196 1012 2432 1068 Ecclesia
2465 1029 2570 1067 non
2602 1023 2710 1067 tam
2743 1015 3139 1086 constringitur
3176 1016 3291 1087 lege
3333 1028 3540 1089 tempo-

1978 1119 2096 1156 rum
2118 1143 2133 1167 ,
2163 1118 2323 1171 quant
2354 1104 2498 1172 ipsas
2526 1111 2828 1172 temporum
2858 1105 3006 1159 vices
3031 1105 3097 1160 ad
3137 1121 3290 1161 suum
3327 1109 3541 1163 cohibet

1978 1203 2189 1248 nutum.
2231 1193 2414 1264 Neque
2441 1195 2585 1249 enim
2617 1196 2717 1250 sub
2754 1194 3034 1251 elementis
3067 1198 3234 1251 servit
3264 1197 3500 1253 Ecclesia
3522 1239 3539 1263 ,

1977 1285 2071 1339 sed
2110 1284 2211 1354 ipsi
2249 1285 2428 1353 potius
2467 1283 2708 1352 subjecta
2737 1294 2891 1350 sunt,
2931 1294 2987 1341 et
3018 1287 3394 1356 obtemperant
3427 1289 3539 1344 ele-

1979 1382 2180 1428 menta.
2239 1373 2390 1428 Unde
2428 1381 2482 1428 et
2525 1372 2777 1444 Magister
2823 1376 3062 1444 gentiqu
3093 1377 3261 1431 dicit:
3293 1397 3311 1429 ι
3346 1378 3537 1433 Omnia

1977 1465 2143 1541 enim‘
2170 1474 2345 1520 vestra
2391 1476 2549 1529 sunt,
2599 1466 2712 1519 sive
2762 1465 2991 1532 Paulus,
3023 1468 3135 1522 sive
3178 1469 3397 1537 Apollo,
3429 1470 3541 1525 sive

1977 1553 2221 1624 Cephas,
2272 1554 2387 1609 sive
2434 1555 2700 1619 mundus,
2746 1556 2861 1609 sive
2904 1558 3048 1622 vita,
3077 1559 3190 1613 sive
3218 1575 3393 1624 mors,
3426 1562 3539 1615 sive

1976 1643 2282 1711 prmsenlia,
2309 1644 2422 1697 sive
2446 1643 2647 1698 futura.
2673 1644 2861 1700 Omnia
2884 1646 3026 1700 enim
3057 1656 3231 1702 vestra
3262 1658 3419 1713 sunt,
3446 1666 3538 1704 vus

1978 1739 2157 1785 autem
2203 1730 2438 1799 Christi,
2489 1732 2741 1788 Christus
2787 1743 2962 1789 autem
3004 1735 3098 1790 Dei
3129 1737 3146 1807 (
3172 1736 3198 1791 ι
3227 1736 3485 1804 Corum),
3516 1760 3533 1791 ι

1903 1822 1950 1882 Β
1978 1828 2139 1887 atque
2158 1859 2174 1885 ,
2207 1829 2267 1874 ut
2293 1821 2544 1875 ostendat
2571 1832 2783 1891 quantae
2812 1826 3150 1881 auctoritatis
3180 1830 3533 1898 praerogativa

1978 1918 2165 1965 sancta
2195 1911 2467 1981 praecellat
2494 1913 2763 1981 Ecclesia,
2802 1931 2986 1971 rursus
3011 1919 3077 1972 ad
3105 1920 3319 1973 eosdem
3349 1918 3533 1974 Corin-

1977 1998 2164 2055 thios:
2203 2019 2221 2052 ‹
2253 2000 2334 2055 An
2374 2004 2623 2065 nescitis,
2661 2004 2767 2067 ait,
2807 2007 3058 2075 quoniam
3099 2009 3273 2063 sancti
3322 2010 3387 2063 de
3435 2010 3539 2063 hoc

1976 2090 2174 2144 mundo
2214 2089 2573 2158 judicabant?
2615 2093 2680 2148 Et
2725 2095 2768 2149 si
2813 2110 2842 2148 a
2890 2097 3042 2151 vobis
3078 2096 3410 2165 judicabitur
3446 2100 3534 2154 hic

1975 2184 2204 2236 mundus
2236 2200 2249 2236 :
2297 2183 2705 2254 indigni,estis,
2739 2185 2829 2254 qui
2867 2186 2935 2240 de
2976 2187 3213 2243 minimis
3243 2187 3531 2256 judicetis:

1974 2272 2195 2326 nescitis
2227 2274 2353 2341 quia
2394 2273 2615 2344 angelos
2649 2274 3063 2344 judicabimus?
3101 2286 3304 2347 quanto
3364 2279 3536 2349 magis

1973 2362 2250 2417 saecularia
2279 2364 2303 2416 τ
2338 2383 2357 2417 ι
2390 2362 2440 2435 (1
2477 2362 2598 2419 Cor.
2629 2365 2727 2433 vi.)

2534 2471 2762 2530 CAPUT
2796 2474 2930 2529 XVI.

2114 2560 2267 2627 Quod
2300 2563 2354 2616 in
2388 2558 2624 2617 Ecclesia
2660 2573 2797 2685 {lecte
2833 2565 2970 2621 alius
3004 2565 3204 2637 supplet
3242 2568 3393 2622 verba

2626 2650 2656 2685 a
2702 2650 2858 2685 enus.

2626 2650 2858 2688 alterius.

2041 2718 2206 2789 Igitur
2243 2728 2299 2773 ut
2338 2719 2401 2773 ad
2432 2721 2708 2790 superiora
2742 2722 3022 2779 redeamus
3046 2764 3063 2790 ,
3095 2725 3224 2795 quid
3256 2704 3529 2781 mirum‘si

1969 2818 2154 2863 sancta
2204 2809 2476 2875 Ecclesia,
2528 2812 2612 2864 cui
2662 2821 2809 2867 tanta
2861 2823 3101 2884 potestas
3148 2816 3407 2873 divinitus
3447 2829 3531 2872 est

1969 2912 2262 2961 concessa,
2312 2900 2473 2954 verba
2516 2899 2618 2955 sibi
2659 2899 2972 2957 famulantia
3014 2904 3084 2957 ita
3124 2904 3189 2958 ad
3218 2921 3372 2959 suum
3392 2892 3531 2959 icon-

1967 3000 2143 3045 vertat
2174 2992 2453 3047 arbitrium
2478 3034 2494 3060 ,
2528 3003 2584 3048 ut
2611 2994 2693 3048 vel
2719 2996 2915 3067 singuli
2942 2998 3206 3068 plurium,
3238 2998 3321 3052 vel
3348 2998 3530 3067 plures

1967 3080 2180 3150 eloquia
2210 3082 2486 3151 proferant
2529 3084 2904 3154 singulorum?
2941 3088 3049 3143 Aut
3087 3088 3215 3157 quid
3256 3090 3443 3153 obest,
3482 3089 3528 3142 si

306 3174 429 3228 dum
458 3177 637 3230 cuncti
665 3177 869 3246 liquido
894 3180 1142 3235 novimus
1162 3222 1176 3246 ,
1209 3183 1333 3252 quia
1371 3183 1560 3253 (juxta
1598 3158 1864 3239 calculan-

1967 3185 2060 3233 ea,
2102 3185 2221 3240 qua:
2257 3172 2376 3227 aliis
2415 3175 2724 3242 specialiter
2753 3189 3086 3248 congruunt,
3115 3177 3183 3231 ab
3211 3178 3331 3232 aliis
3353 3178 3535 3249 profe-

305 3262 439 3318 tium
473 3268 902 3339 supputationes)
928 3269 1273 3327 Hebraeorum
1312 3272 1517 3329 Pascha
1550 3277 1861 3345 praecedat;

305 3354 450 3409 circa
505 3358 647 3425 quod
701 3358 959 3415 Dominus
1013 3377 1203 3431 passus
1250 3372 1368 3428 est,
1422 3375 1478 3419 et
1529 3369 1862 3433 resurrexit;

305 3443 498 3499 deinde
526 3447 615 3499 ubi
645 3448 795 3516 prius
823 3452 1153 3519 quotuslibet
1178 3453 1486 3511 Dominicus
1522 3457 1636 3512 dies
1670 3474 1864 3513 occur-

308 3533 411 3598 rit,
451 3534 728 3593 Paschalis
758 3542 915 3596 nobis
951 3540 1215 3613 festivitas
1253 3545 1530 3601 illucescit.
1564 3546 1699 3601 Nam
1726 3557 1781 3602 et
1812 3550 1863 3603 in

298 3631 630 3687 Ascensione
662 3634 870 3690 Domini
902 3645 956 3691 et
983 3647 1171 3693 sancto
1196 3635 1534 3697 'Pentecoste
1553 3644 1653 3697 sub
1672 3645 1863 3702 eodem

300 3733 463 3775 sensu
492 3721 756 3789 dicimus,
784 3726 944 3781 hodie
970 3741 985 3780 :
1011 3742 1133 3783 cum
1164 3737 1219 3783 et
1249 3730 1368 3785 istae
1396 3730 1715 3790 festivitates
1737 3750 1867 3791 con-

301 3821 592 3880 sequenter
625 3812 777 3881 juxta
809 3818 1070 3872 rationem
1100 3819 1372 3887 paschalis
1404 3824 1659 3892 temporis
1686 3824 1865 3893 dispo-

305 3912 524 3957 nantur.
561 3905 851 3961 Decollatio
898 3923 1116 3978 quoque
1164 3910 1306 3965 beati
1342 3910 1565 3968 Joannis
1609 3913 1865 3984 Baptistae

302 4007 486 4048 mense
535 3994 776 4065 Augusto
830 3998 1167 4065 celebratur,
1221 4016 1340 4055 cum
1394 4010 1572 4057 tamen
1625 4012 1866 4075 tempore

297 4085 588 4141 Dominicae
614 4089 880 4157 passionis
912 4092 1212 4147 trucidatus
1240 4094 1308 4147 ab
1325 4092 1538 4150 Herode
1565 4094 1732 4151 fuisse
1764 4098 1867 4151 mi-

299 4173 442 4228 nimc
469 4174 760 4230 dubitetur.
1584 4236 1591 4241 ,

372 4264 570 4318 Eadem
621 4280 833 4334 quoque
876 4268 1016 4323 ratio
1062 4278 1148 4324 est
1179 4278 1235 4323 et
1266 4271 1331 4325 de
1368 4270 1657 4326 festivitate
1692 4274 1863 4329 sancti

298 4352 517 4417 Jacobi,
546 4368 645 4408 nec
669 4369 774 4408 non
798 4365 854 4410 et
876 4356 936 4409 Β.
967 4357 1147 4419 Petri,
1175 4374 1297 4428 qua:
1321 4360 1517 4413 dicitur
1543 4376 1572 4413 a
1601 4360 1861 4416 Vinculis.

1969 3266 2163 3311 runtur
2189 3258 2212 3311 ?
2254 3259 2415 3315 Certe
2441 3276 2546 3315 non
2579 3263 2922 3334 ignoramus,
2953 3266 3074 3334 quia
3100 3281 3221 3321 cum
3250 3268 3399 3337 pueri
3442 3282 3531 3321 ca-

1971 3348 2331 3412 teehizantur,
2376 3350 2639 3408 Sacerdos
2679 3354 2976 3425 interrogat
3004 3373 3017 3408 :
3049 3356 3184 3423 Quid
3214 3357 3397 3426 petis?
3428 3356 3528 3411 Ubi

1967 3453 2071 3493 non
2116 3452 2270 3509 puer,
2319 3440 2413 3496 sed
2463 3442 2596 3497 alius
2645 3443 2819 3498 reddit
2866 3443 2982 3513 ejus
3020 3445 3136 3500 vice
3176 3458 3526 3514 responsum,

1964 3529 2186 3584 dicens:
2217 3530 2400 3586 Fidem
2443 3541 2497 3587 et
2534 3542 2759 3600 caetera,
2787 3549 2905 3603 qua:
2949 3535 3164 3605 praprie
3204 3536 3270 3588 ad
3303 3551 3525 3605 puerum

1966 3620 2266 3687 pertinent,
2299 3622 2435 3677 alius
2462 3621 2576 3689 ejus
2608 3624 2658 3676 in
2694 3639 2921 3693 persona
2965 3627 3266 3695 respondet.
3313 3624 3367 3679 Si
3398 3641 3528 3694 ergo

1967 3708 2020 3761 in
2066 3708 2179 3778 ipso
2206 3711 2632 3778 regenerationis
2658 3720 2861 3766 nostra:
2892 3714 3178 3782 mysterio,
3208 3712 3294 3766 ubi
3324 3713 3529 3768 scilicet

1968 3799 2131 3853 totius
2178 3799 2425 3853 humana:
2475 3799 2662 3853 salutis
2706 3810 2917 3854 constat
2963 3804 3148 3871 origo,
3195 3811 3341 3856 recte
3393 3801 3527 3855 alius

1968 3893 2129 3946 verba
2163 3891 2623 3945 redditalterins:
2665 3893 2794 3962 quid
2832 3892 3114 3962 prohibet,
3148 3892 3191 3947 si
3236 3902 3287 3947 et
3328 3893 3379 3946 in
3424 3892 3526 3946 illis

1964 3981 2343 4035 ecclesiaSticis
2390 3981 2842 4052 salutationibus"
2888 3981 2973 4037 vel
3016 3983 3258 4051 petendis
3303 3982 3524 4037 benedi-

1964 4076 2231 4131 ctionibus
2277 4075 2413 4130 alter
2458 4077 2829 4146 respondendo
2858 4077 3102 4146 suppleat
3142 4076 3314 4130 locum
3354 4074 3522 4135 illius,

1964 4164 2053 4233 qui
2094 4163 2291 4216 vacat?
2337 4162 2469 4216 Nam
2511 4173 2568 4217 ut
2606 4164 2742 4219 alter
2778 4179 2876 4235 pro
2906 4165 3075 4219 altero
3108 4164 3431 4233 respondere
3471 4162 3522 4213 in

1964 4251 2205 4306 Ecclesia
2256 4251 2455 4315 valeat,
2508 4266 2612 4306 non
2663 4254 2916 4309 moderna
2966 4255 3241 4309 temeritas
3285 4252 3520 4321 reperit,

1963 4343 2058 4398 sed
2118 4344 2186 4398 ab
2250 4343 2542 4412 apostolica
2614 4346 2790 4413 potius
2846 4347 3166 4401 auctoritate
3227 4344 3520 4400 descendit.

295 4447 429 4500 Cum
476 4448 619 4500 enim
649 4432 816 4501 Actus
845 4449 1121 4518 apostolici
1154 4450 1431 4521 Scriptura
1462 4452 1646 4505 dicat:
1677 4470 1694 4502 ε
1725 4452 1859 4518 Quia

1965 4431 2118 4489 Unde
2145 4442 2201 4488 et
2228 4433 2422 4490 Paulus
2451 4436 2516 4490 ad
2544 4436 2854 4495 Corinthios
2885 4458 2897 4493 :
2933 4459 2951 4492 ‹
2979 4439 3274 4505 Caeterum,
3312 4440 3520 4507 inquit,

1965 4522 2005 4544 ,ε
2051 4522 2384 4544 μηληηῃηε,
2427 4524 2615 4544 __._..__
2685 4541 2710 4544 _
2753 4527 2786 4544 .,
2958 4528 2972 4544 .
3013 4537 3025 4544 .
3061 4528 3073 4544 .
3380 4538 3389 4544 .
3455 4529 3479 4544 ..

222 4565 224 4567 >
294 4534 549 4600 Herodes,
581 4544 867 4605 postquam
914 4538 1114 4593 occidit
1149 4538 1406 4594 Jacobum
1440 4540 1660 4595 fratrem
1697 4540 1861 4595 Joan-

299 4626 384 4679 nis
432 4625 642 4694 gladio,
692 4625 878 4680 videns
912 4626 1036 4694 quia
1071 4627 1310 4697 placeret
1341 4625 1569 4692 Judaeis,
1610 4631 1855 4699 apposuit

293 4717 694 4785 apprehendere
731 4726 785 4771 ct
821 4717 1036 4772 Petrum
1074 4718 1228 4788 (Act.
1260 4719 1421 4791 xu);
1452 4739 1470 4772 ι
1498 4721 1690 4776 deinde
1726 4723 1855 4775 sub-

280 4803 473 4875 jungat
497 4822 510 4858 :
541 4824 560 4856 ‹
592 4806 952 4861 Erantautem
980 4807 1093 4863 dies
1111 4808 1461 4878 Azymorum,
1496 4830 1514 4862 ι
1540 4821 1701 4879 atque
1728 4827 1853 4879 pro-

291 4897 433 4949 tinus
477 4896 638 4949 addat
667 4914 680 4949 :
716 4916 735 4947 ι
767 4897 933 4962 Quem
960 4912 1081 4951 cum
1114 4901 1591 4967 apprehendisset,
1621 4903 1765 4957 misit
1799 4904 1853 4956 in

290 5000 562 5041 carcerem
582 5025 596 5049 ,
633 4986 957 5054 tradensque
985 4996 1216 5055 quatuor
1242 4990 1683 5061 quaternionibus
1713 4992 1853 5043 mili-

234 5100 245 5106 -
289 5085 402 5129 tum
432 5075 876 5139 custodiendum,
922 5076 1107 5130 volens
1146 5085 1263 5142 post
1303 5075 1509 5131 Pascha
1548 5066 1852 5148 producere

204 5206 209 5209 ι
285 5180 409 5219 eum
457 5164 654 5235 populo
696 5164 915 5235 (lbid.)
945 5180 958 5229 ;
994 5173 1186 5233 rpatet
1231 5165 1433 5233 absque
1480 5167 1679 5231 dubio,
1727 5167 1850 5235 quia

290 5254 397 5307 alio
443 5255 566 5307 anni
615 5262 855 5322 tempore
903 5254 1018 5306 lucc
1062 5267 1158 5320 per
1205 5254 1579 5307 executionem
1627 5269 1847 5321 operum

288 5353 416 5399 sunt
442 5344 631 5399 effecta
652 5383 668 5410 ,
700 5352 863 5412 atque
889 5342 994 5395 alio
1024 5339 1357 5409 postmodum
1390 5342 1630 5395 colendis
1656 5342 1852 5395 solem-

285 5436 549 5491 nitatibus
578 5437 839 5490 instituta.
870 5433 1210 5488 chtivitates
1231 5432 1373 5485 enim
1399 5431 1500 5486 illa:
1524 5472 1539 5495 ,
1570 5442 1629 5485 ut
1655 5442 1839 5487 notum

281 5536 364 5582 est
382 5568 398 5593 ,
426 5527 766 5582 celebrantur
788 5527 930 5582 circa
957 5524 1120 5597 234
1143 5532 1311 5579 metas
1333 5521 1457 5576 Julii
1489 5524 1707 5588 mensis,
1736 5539 1841 5591 quo

281 5615 531 5671 videlicet
574 5624 811 5683 tempore
848 5630 1020 5683 neque
1065 5613 1266 5667 Pascha
1299 5612 1632 5677 celebrasse,
1670 5628 1843 5682 neque

232 5743 236 5748 -
283 5709 606 5777 Azyinorum
635 5705 748 5759 dies
777 5703 866 5757 ille
896 5704 1243 5757 Hebrarorum
1274 5702 1500 5773 populus
1544 5702 1834 5764 invenitur,

1961 4522 2008 4576 si
2051 4522 2387 4579 benedixeris
2424 4524 2640 4594 spiritu.
2676 4527 2797 4582 ouis
2822 4528 3032 4599 supolet
3060 4528 3235 4583 locum
3264 4528 3514 4584 idiotas?»

1961 4610 2012 4681 (1
2041 4611 2162 4665 Cor.
2197 4614 2330 4683 xlv.)

2032 4701 2146 4756 Huc
2170 4704 2377 4758 accedit
2394 4744 2408 4764 .
2440 4704 2580 4773 quod
2606 4706 2650 4759 si
2680 4694 2903 4775 propter
2929 4707 3226 4760 absentiam
3254 4706 3374 4776 quis
3401 4720 3524 4774 per-

1958 4805 2213 4866 sonarum
2236 4793 2395 4848 timet
2410 4794 2589 4849 dicere
2614 4812 2625 4847 :
2658 4795 2911 4850 Dominus
2936 4797 3191 4851 vobiscum
3212 4838 3225 4861 ,
3251 4797 3334 4851 vel
3356 4797 3519 4850 etiam

1956 4883 2283 4950 respondere
2308 4897 2322 4935 :
2350 4882 2415 4936 Et
2445 4900 2561 4937 cum
2591 4886 2779 4953 spirilu
2809 4897 2896 4939 tuo
2926 4927 2941 4951 ,
2971 4888 3159 4941 timeat
3186 4902 3398 4956 quoque
3427 4901 3519 4939 ηε»

1956 4991 2110 5031 cesse
2138 4985 2252 5040 est,
2280 4993 2347 5032 ne
2377 4978 2521 5033 dicat
2546 4997 2558 5031 :
2595 4978 2847 5044 Oremus,
2881 4983 2972 5035 sed
3003 4984 3211 5049 potius,
3240 4996 3419 5043 orem,
3453 4996 3519 5033 ne

1936 5067 2206 5120 videlicet
2249 5067 2367 5121 illos
2413 5069 2478 5121 ad
2522 5070 2822 5123 orationem
2851 5071 3098 5123 videatur
3132 5071 3392 5134 invitare,
3425 5070 3517 5139 qui

1954 5159 2147 5212 desunt
2177 5174 2192 5212 :
2220 5170 2275 5213 et
2305 5161 2395 5227 qui
2439 5162 2782 5232 sacrilegium
2830 5165 2977 5218 ducit
3019 5164 3176 5219 nullis
3217 5165 3518 5219 astantibus

1952 5248 2382 5303 benedictionem
2416 5260 2635 5319 petere,
2677 5254 2761 5308 vel
2806 5255 2973 5320 dare,
3019 5264 3211 5309 caveat
3252 5256 3416 5309 etiam
3460 5255 3516 5309 in

1950 5337 2056 5390 fine
2084 5337 2332 5393 lectionis
2376 5341 2556 5396 dicere
2586 5360 2598 5395 :
2634 5343 2711 5396 Tu
2750 5352 2954 5408 autem,
2990 5344 3239 5409 Domine,
3274 5346 3517 5398 miserere

1947 5428 2090 5482 nobis
2107 5447 2127 5494 ;
2153 5430 2247 5483 sed
2273 5429 2417 5485 dicat
2443 5433 2641 5500 potius,
2669 5435 2929 5489 miserere
2960 5435 3113 5488 mihi.
3145 5436 3294 5500 Quod
3322 5436 3365 5488 si
3398 5451 3517 5487 om-

1945 5518 2074 5571 nino
2103 5530 2488 5586 prmposterum
2512 5561 2525 5585 ,
2555 5522 2776 5576 omnino
2805 5524 3015 5578 videtur
3053 5523 3376 5587 absurdum,
3407 5538 3514 5575 non

1946 5620 2198 5663 vereatur
2227 5610 2482 5665 Ecclesia:
2508 5613 2669 5667 verba
2700 5614 2845 5669 solus
2872 5616 3065 5680 edere,
3106 5615 3196 5684 qui
3242 5615 3310 5669 ab
3350 5629 3409 5668 ea
3456 5627 3515 5666 se

1948 5712 2145 5760 tuente.
2167 5710 2222 5755 et
2242 5701 2432 5771 spiritu
2460 5718 2720 5773 nusquam
2745 5704 3199 5760 deccrnitabesse
3225 5723 3237 5758 :
3270 5702 3429 5773 235
3458 5711 3512 5757 et
