3996 6184
365 326 471 381 215

1000 323 1239 382 OPUSC.
1279 327 1371 383 XI.
1420 358 1486 369 —
1527 328 1727 386 LIBER
1770 329 1885 399 QUI
1921 331 2198 389 DICITUR
2238 331 2541 390 DOMINUS
2586 333 2943 392 VOBISCUM.

3502 336 3609 392 9M

362 439 519 519 cujus
585 453 646 495 se
704 438 990 511 proﬁtetur
1055 440 1361 510 specialiter
1423 446 1761 510 membrtun,
1824 461 1927 501 non
1956 444 2182 516 Alepor
2225 446 2543 514 eloquentiae
2590 448 2857 517 suppetit,
2887 448 3010 502 dum
3041 455 3284 519 palentes
3319 448 3610 519 Scriptura:

365 548 425 587 se
474 548 503 586 a
548 547 647 587 suo
694 544 918 602 corpore
957 532 1189 587 divisum
1235 543 1445 589 asserat
1475 537 1773 605 prolatione
1810 552 1931 591 ver-

362 624 605 688 borum;
661 622 760 677 sed
810 637 933 676 cum
964 623 1166 678 Christi
1228 624 1467 679 Ecclesia
1528 635 1613 680 est
1669 627 1937 681 veraciter

363 728 568 778 unum,
618 712 950 768 conﬁdenter
996 714 1211 783 expleat
1258 732 1373 770 sua:
1419 717 1783 773 universitatis
1826 715 1938 772 olli-

361 801 544 865 cium,
605 801 882 872 magisque
932 801 987 856 in
1047 803 1133 857 his
1188 800 1555 860 Ecclesiastici
1611 809 1935 863 sacramenti

361 905 586 944 servare
612 891 868 949 virtutem
918 891 1166 958 studeat,
1201 902 1364 962 Quam
1394 897 1802 965 congruentiam
1843 900 1939 955 do-

364 980 608 1034 mestica:
637 980 1087 1038 confabulationis
1111 981 1370 1038 attendat.

934 1089 1164 1149 CAPUT
1201 1093 1363 1148 XVII.

367 1178 525 1244 Quod
561 1180 815 1256 quidquid
851 1196 978 1256 pene
1025 1182 1080 1234 in
1112 1183 1320 1256 divinis
1370 1183 1548 1254 omciis
1595 1186 1791 1256 agitur,
1842 1188 1937 1242 sub

746 1248 931 1318 ﬁguris
967 1252 1198 1320 mysticis
1235 1248 1563 1322 disponatur.

436 1335 593 1390 Sicut
622 1337 767 1391 enim
800 1338 1053 1407 superius
1082 1340 1283 1395 dictum
1316 1350 1431 1405 est.
1469 1343 1725 1398 nonnulla
1762 1344 1815 1400 in
1844 1360 1937 1401 ec-

364 1424 690 1481 clesiasticis
718 1427 1189 1483 observationibus
1218 1426 1390 1495 ﬁunt,
1421 1446 1540 1500 quae
1570 1432 1625 1485 in
1654 1434 1940 1502 superﬁcie

363 1515 582 1583 quidem
611 1515 805 1570 frivola
836 1517 1088 1571 videntur
1112 1527 1168 1572 et
1196 1518 1335 1573 levia
1360 1536 1375 1586 ;
1437 1522 1782 1578 considerata
1810 1538 1939 1580 vero

366 1606 623 1661 subtilius
654 1621 861 1676 magna:
889 1608 1110 1664 virtutis
1138 1611 1488 1679 reperiuntur
1517 1614 1784 1680 gravitate
1812 1615 1939 1669 sub-

364 1695 513 1748 nixa.
539 1693 608 1749 Ut
635 1696 778 1749 enim
800 1710 968 1766 pauca
998 1697 1423 1767 perstringamus
1448 1716 1478 1756 e
1505 1701 1752 1771 plurimis
1770 1744 1784 1769 ,
1816 1706 1938 1774 quis

2036 549 2256 604 campos
2305 534 2537 588 elfraanis
2587 533 2769 604 lingua
2803 536 3100 603 percurrit,
3150 537 3393 608 populari
3438 538 3608 593 favori

2036 639 2135 678 cor
2188 624 2425 679 deditum
2481 625 2705 694 spiritus
2763 626 3014 682 elationis
3072 628 3321 684 invadit:
3370 638 3427 683 et
3480 630 3606 684 dum

2036 710 2170 767 alios
2212 727 2309 780 per
2358 713 2491 767 recti
2542 714 2749 768 itineris
2794 716 3063 770 tramitem
3109 717 3314 786 dirigit,
3364 718 3480 787 ipse
3528 719 3613 773 di-

2037 799 2358 854 verticulum
2407 816 2651 857 erronem
2696 801 3028 858 confusionis
3080 804 3324 859 incurrit.
3357 804 3494 860 Hinc
3526 815 3610 861 est

2036 895 2235 959 etiam,
2272 896 2415 966 quod
2458 910 2656 950 mensae
2702 895 2991 952 lectoribus
3037 912 3100 951 ex
3152 912 3302 952 more
3345 898 3546 953 dicitur
3593 916 3607 952 :

2036 984 2256 1055 Auferat
2283 1004 2313 1039 a
2349 996 2397 1040 te
2439 986 2578 1040 Deus
2606 986 2848 1056 spiritum
2884 987 3145 1041 elationis.
3175 986 3246 1043 Ut
3268 1002 3397 1058 ergo
3426 988 3607 1042 immi-

2036 1075 2185 1129 nenti
2218 1073 2439 1128 forsitan
2466 1076 2790 1146 arrogantia:
2808 1074 2923 1143 jam
2954 1076 3007 1130 in
3039 1076 3154 1145 ipso
3176 1075 3424 1131 lectionis
3448 1092 3603 1131 exor-

2037 1164 2129 1218 dio
2160 1164 2436 1219 humilitas
2480 1174 2801 1235 apponatur,
2847 1176 2994 1221 recte
3047 1174 3198 1221 tanta
3259 1165 3609 1236 subiectionis

2038 1262 2155 1307 arte
2184 1252 2489 1310 benedictio
2512 1256 2733 1323 petitur,
2756 1264 2814 1309 ut
2835 1255 3041 1312 lecturo
3060 1271 3167 1312 non
3193 1256 3481 1315 Sacerdos.
3514 1263 3609 1313 sed

2038 1343 2123 1398 cui
2152 1343 2265 1415 ipse
2286 1342 2539 1412 jusserit,
2570 1345 2871 1401 benedicat.

2120 1432 2483 1490 Sacerdotalis
2509 1443 2692 1490 autem
2720 1434 2971 1491 salutatio
2996 1436 3200 1492 idcirco
3233 1436 3293 1491 fit
3334 1438 3386 1491 in
3415 1437 3607 1493 Eccle—

2039 1521 2117 1576 sia
2139 1563 2153 1587 ,
2186 1531 2246 1576 ut
2290 1537 2349 1577 se
2386 1523 2643 1578 sacerdos
2690 1537 2879 1593 pacem
2925 1524 3124 1579 habere
3153 1539 3275 1579 cum
3315 1533 3427 1581 tota
3455 1526 3610 1595 plebe

2040 1608 2275 1664 ﬁdelium
2305 1609 2515 1666 doceat.
2564 1609 2814 1681 Praecipit
2843 1612 2989 1667 enim
3030 1612 3082 1666 in
3110 1612 3399 1682 Evangelia
3428 1614 3579 1668 Domi

2042 1716 2176 1765 nus,
2207 1700 2392 1757 dicens
2418 1719 2432 1755 :
2462 1718 2480 1752 ι
2511 1699 2644 1755 Cum
2676 1702 2893 1757 stabitis
2918 1703 2987 1757 ad
3011 1704 3271 1759 orandum
3291 1744 3309 1769 ,
3338 1704 3608 1769 dimittite,

361 1802 487 1839 cum
516 1787 869 1841 sacerdotalia
901 1790 1168 1859 conspicit
1199 1790 1513 1848 indumenta
1531 1833 1549 1859 ,
1582 1795 1938 1853 admiratione
1968 1777 2013 1837 Β
2045 1790 2087 1845 si
2123 1790 2254 1862 quid
2278 1790 2491 1847 habetis
2517 1791 2777 1847 adversus
2799 1792 3054 1862 aliquem.
3078 1800 3139 1847 ιιι
3157 1802 3210 1848 ει
3232 1792 3393 1847 Ρθιθτ
3411 1802 3607 1860 νθειετο

365 1875 588 1942 dignum
616 1875 797 1931 inesse
825 1877 931 1931 illis
959 1877 1161 1948 aliquid
1193 1882 1412 1947 credat,
1448 1883 1552 1940 nisi
1594 1885 1723 1955 quid
1765 1886 1819 1941 in
1860 1888 1940 1943 eis

361 1965 677 2036 ﬁguraliter
696 1968 976 2033 innuatur,
1008 1970 1314 2042 intelligat?
1340 1973 1409 2027 At
1432 1975 1477 2031 si
1510 1976 1805 2047 spiritualis
1831 1979 1941 2033 cla-

366 2065 548 2110 rescat
587 2056 842 2121 intuitus,
884 2059 1268 2116 animadvertit
1303 2078 1404 2118 cur
1436 2066 1678 2121 sandalia
1716 2066 1944 2124 clerico-

362 2161 485 2200 rum
514 2148 680 2216 pedes
708 2150 924 2219 quidem
964 2167 993 2205 a
1036 2160 1181 2207 terra
1220 2153 1492 2225 dividunt,
1528 2159 1723 2228 pedum
1759 2170 1939 2217 autem

358 2234 641 2302 superiora
684 2250 750 2290 ex
800 2248 955 2307 parte
1004 2248 1221 2309 tegunt,
1270 2257 1337 2297 ex
1382 2258 1535 2313 parte
1584 2261 1690 2302 non
1731 2256 1937 2320 tegunt.

364 2325 689 2382 Considerat
734 2329 935 2394 etiam,
985 2346 1083 2385 cur
1119 2333 1335 2402 poderis
1364 2348 1535 2407 usque
1569 2339 1637 2394 ad
1675 2339 1811 2397 talos
1847 2342 1939 2397 de-

360 2415 526 2481 ﬂuat,
566 2432 664 2472 cur
701 2421 1143 2491 superhumerale
1181 2440 1249 2486 ex
1296 2426 1391 2484 lini
1439 2430 1671 2485 materia
1718 2447 1934 2505 semper

371 2506 509 2574 ﬁat;
545 2510 830 2578 perpendit
866 2512 1066 2578 etiam,
1106 2515 1234 2583 quid
1273 2516 1543 2588 cingulum
1568 2558 1584 2584 ,
1624 2521 1755 2591 quid
1791 2522 1937 2579 desi-

367 2609 501 2668 gnat
538 2601 819 2666 orarium;
861 2612 1133 2658 scrutatur
1168 2620 1381 2676 quoque
1420 2608 1800 2677 nihilominus,
1836 2628 1937 2668 cur

366 2691 425 2742 in
460 2691 676 2744 modum
707 2693 885 2747 crucis
914 2694 985 2749 sit
1021 2696 1284 2764 quadrata
1317 2698 1601 2754 dalmatica
1628 2718 1645 2767 ;
1685 2718 1782 2758 cur
1811 2705 1935 2760 reli-

358 2781 490 2850 quis
529 2782 852 2838 indumentis
888 2785 959 2839 sit
986 2790 1397 2856 superponenda
1425 2791 1742 2857 casula,cur
1768 2796 1933 2850 etiam

364 2874 678 2944 manipulus
714 2876 766 2930 in
805 2877 1023 2932 sinistra
1062 2890 1216 2949 parte
1253 2890 1508 2951 gestetur,
1540 2900 1648 2954 quo
1678 2885 1932 2942 nimirum

357 2970 726 3040 spiritualium
777 2973 992 3041 potius,
1046 2990 1207 3045 quam
1262 2976 1561 3032 carnalium
1612 2979 1928 3047 oculorum,

358 3059 449 3114 vel
483 3060 693 3114 narium
723 3061 912 3130 pituita
942 3061 1258 3133 detergitur.

432 3147 546 3204 Nec
592 3149 725 3204 illud
772 3152 935 3206 etiam
982 3152 1103 3208 sine
1149 3168 1313 3209 causa
1364 3154 1609 3215 decernit
1644 3158 1796 3227 ﬁeri,
1834 3176 1934 3218 cur

357 3238 659 3301 diaconus,
712 3240 804 3308 qui
858 3239 1147 3297 dalmatica
1197 3259 1304 3297 non
1343 3254 1427 3301 est
1462 3245 1707 3313 indutus,
1749 3250 1931 3307 casula

356 3327 786 3384 circumcinctus
822 3329 1006 3400 legat;
1047 3346 1147 3387 cur
1182 3334 1347 3388 etiam
1388 3335 1506 3405 ipsa
1545 3337 1835 3394 dalmatica
1875 3341 1932 3396 in

358 3417 586 3473 sinistra
618 3418 701 3474 sui
729 3428 882 3490 parte
909 3421 1152 3478 ﬁmbrias
1180 3422 1395 3479 habeat.
1424 3426 1595 3482 Porro
1623 3440 1803 3484 autem
1832 3446 1933 3487 nec

358 3507 451 3562 illa
494 3510 833 3565 consuetudo
870 3511 1105 3567 inaniter
1144 3515 1343 3579 tenuit,
1371 3517 1515 3585 quod
1542 3519 1769 3587 pallium
1800 3537 1933 3590 pon-

360 3596 658 3652 tiﬁcalibus
682 3598 1011 3656 indumentis
1037 3602 1343 3671 apponitur,
1368 3612 1425 3659 ut
1448 3605 1647 3661 lamina
1674 3608 1727 3662 in
1755 3606 1933 3665 fronte

356 3688 642 3745 Pontiﬁcis
670 3690 738 3746 ad
767 3690 1019 3747 decorem
1068 3706 1123 3748 et
1182 3694 1408 3764 gloriam
1440 3698 1737 3768 antiquitus
1768 3715 1934 3770 pone-

360 3779 565 3835 batur:
610 3782 662 3835 iii
703 3798 807 3850 qua
849 3784 1102 3839 nimirum
1139 3784 1335 3840 lamina
1375 3802 1568 3843 nomen
1608 3789 1817 3843 Domini
1853 3800 1933 3845 te-

360 3876 792 3936 tragrammaton
832 3871 1093 3940 scriptum
1132 3884 1250 3927 erat
1286 3873 1483 3944 (Exod.
1522 3875 1753 3947 xxvni),
1790 3878 1933 3945 quod

354 3965 611 4010 sanctum
651 3956 865 4013 Domini
904 3962 1224 4025 vocabatur,
1258 3963 1445 4032 paucis
1482 3964 1698 4033 quidem
1739 3965 1933 4020 litteris

352 4056 648 4113 constans,
693 4048 787 4102 sed
832 4051 1009 4121 magni
1053 4050 1355 4108 intellectus
1396 4054 1650 4110 virtutem
1703 4056 1931 4111 interius

356 4134 668 4189 continens.
703 4136 809 4191 Sed
842 4139 968 4207 quid
1000 4155 1100 4194 nos
1129 4140 1341 4195 inﬁnita
1371 4144 1772 4212 persequimur,
1801 4144 1928 4199 dum

351 4222 619 4292 quidquid
658 4226 757 4280 sub
799 4226 976 4281 Veteri
1035 4229 1119 4283 vel
1157 4231 1256 4285 sub
1302 4230 1451 4286 Novo
1490 4230 1835 4289 Testamento
1876 4235 1928 4289 in

353 4313 560 4365 divinis
596 4315 775 4382 agitur
805 4316 1031 4382 oliiciis,
1074 4327 1242 4373 totum
1282 4334 1418 4388 pene
1453 4336 1550 4390 per
1588 4320 1787 4392 ﬁguras
1817 4338 1932 4395 my-

350 4403 529 4457 stieas
572 4413 630 4458 et
653 4405 942 4476 enigmata
997 4407 1113 4463 ﬁeri
1144 4409 1442 4465 videatur?
1470 4411 1609 4478 Quid
1640 4412 1784 4467 enim
1822 4422 1930 4467 tota

354 4492 454 4546 illa
507 4494 839 4550 tabernaculi
879 4499 1232 4567 compositio,
1272 4501 1401 4570 quid
1440 4517 1699 4559 numerus
1736 4505 1929 4559 levita-

349 4597 517 4647 rum,
556 4585 685 4652 quid
717 4588 1054 4643 caeremonias
1103 4591 1480 4655 sacerdotum,
1521 4593 1649 4662 quid
1699 4594 1930 4663 denique

347 4672 442 4726 vel
475 4676 718 4728 moderni
750 4686 950 4732 sanctae
977 4678 1228 4734 Ecclesiae
1262 4681 1397 4736 ritus
1430 4682 1657 4753 exigunt
1684 4725 1699 4749 ,
1733 4684 1840 4740 nisi
1868 4695 1928 4740 ut

349 4762 535 4816 virtus
584 4764 635 4817 in
685 4766 766 4820 eis
814 4767 1112 4835 spiritualis
1159 4769 1527 4840 intelligentim
1578 4774 1926 4843 requiratur?

345 4854 562 4921 Atque,
594 4863 652 4909 ut
680 4857 749 4910 ita
777 4857 989 4926 loquar,
1018 4860 1332 4930 mysterium
1362 4862 1489 4917 latet
1516 4863 1571 4917 in
1597 4864 1919 4930 ministerio,

346 4948 479 4998 dum
519 4948 805 5003 exterioris
832 4948 1010 5004 cultus
1039 4952 1300 5008 exercitio
1327 4968 1583 5009 arcanum
1617 4955 1921 5026 allegorica:

347 5038 576 5092 theoriac
604 5041 1084 5109 comprehenditur
1114 5054 1538 5121 sacramentum.

918 5131 1144 5190 CAPUT
1182 5135 1361 5191 XVIII.

634 5221 849 5279 Peracti
888 5226 1125 5293 apusculi
1159 5227 1325 5282 brevis
1362 5227 1638 5300 Epilogus.

418 5306 623 5363 Verum
656 5311 775 5375 his,
812 5328 932 5382 qua!
961 5314 1030 5368 ab
1065 5316 1293 5370 eruditis
1328 5317 1728 5385 expositoribus
1762 5332 1927 5387 expe-

345 5396 464 5451 dita
497 5397 819 5467 probantur,
846 5405 1095 5470 omissis,
1128 5405 1179 5459 id
1206 5406 1347 5473 quod
1378 5407 1713 5461 tractandum
1744 5420 1925 5463 susce-

339 5486 558 5556 pimus,
596 5498 655 5542 ut
690 5492 1022 5547 enucleatius
1059 5494 1416 5559 inclarescat,
1460 5496 1639 5551 adhuc
1675 5496 1918 5551 breviter

342 5578 702 5648 replicemus.
759 5580 1079 5638 Lectoribus
1144 5600 1379 5654 namque
1435 5586 1598 5657 236
1650 5587 1922 5641 nonnullis

334 5668 540 5722 vitium
586 5672 908 5740 arrogantia:
951 5672 1219 5727 familiare
1264 5683 1376 5738 est,
1425 5676 1721 5743 prmscrtim
1755 5678 1917 5732 sicui

2044 1882 2138 1952 qui
2190 1882 2244 1935 in
2298 1881 2452 1938 cailis
2484 1890 2597 1946 est,
2652 1882 2890 1937 dimittat
2942 1882 3092 1938 vobis
3145 1892 3366 1954 peccata
3430 1894 3609 1939 vestra

2042 1971 2238 2043 (Marc.
2273 1973 2375 2043 XI).
2411 1990 2430 2024 ι
2456 1971 2524 2027 Et
2550 1972 2743 2028 iterum
2775 1990 2791 2027 :
2820 1991 2839 2025 ι
2877 1972 2933 2027 Si
2966 1971 3152 2038 otfers,
3177 1974 3380 2045 inquit,
3417 1991 3611 2031 munus

2042 2072 2191 2118 tuum
2229 2062 2297 2116 ad
2327 2061 2529 2127 altare,
2559 2070 2614 2116 et
2638 2061 2711 2117 ibi
2741 2063 3054 2119 recordatus
3078 2061 3267 2129 fueris,
3297 2064 3422 2135 quia
3446 2064 3613 2119 frater

2041 2162 2164 2207 tuus
2189 2152 2353 2208 habet
2377 2150 2577 2220 aliquid
2603 2151 2889 2207 adversum
2924 2159 2977 2207 te
2997 2191 3014 2218 ,
3041 2151 3284 2222 relinque
3311 2152 3384 2208 ibi
3415 2168 3611 2210 munus

2040 2251 2188 2296 tuum
2215 2251 2338 2297 ante
2368 2240 2542 2295 altare
2563 2282 2576 2305 ,
2610 2248 2665 2296 et
2705 2242 2841 2298 vade
2884 2243 3035 2313 prius
3068 2243 3407 2299 reconciliari
3454 2244 3610 2300 fratri

2039 2338 2154 2396 tuo,
2175 2341 2230 2385 et
2253 2341 2379 2385 tunc
2400 2331 2620 2385 veniens
2641 2330 2838 2387 oﬁ‘eres
2860 2347 3056 2387 munus
3078 2342 3228 2388 tuum
3249 2332 3462 2402 (Matth.
3486 2334 3562 2404 v).
3588 2353 3606 2386 ι

2039 2423 2304 2480 Sacerdos
2334 2439 2465 2494 ergo
2485 2464 2501 2489 ,
2531 2434 2589 2479 ut
2622 2423 2726 2479 hoc
2766 2423 3101 2480 Dominicum
3143 2434 3466 2495 praeceptum
3503 2441 3609 2481 nou

2035 2513 2208 2568 solum
2234 2513 2396 2568 corde
2422 2512 2712 2578 custodiat,
2743 2512 2838 2567 sed
2862 2513 3026 2567 etiam
3052 2528 3150 2583 per
3168 2514 3459 2569 exterioris
3485 2529 3607 2585 spe-

2034 2604 2170 2661 ciem
2198 2604 2335 2658 ritus
2360 2605 2647 2667 ostendat,
2681 2611 2972 2673 antequam
3021 2605 3129 2659 Deo
3167 2602 3453 2661 fundentia:
3481 2620 3609 2660 ora—

2033 2694 2198 2750 tionis
2244 2695 2438 2751 oﬁ'erat
2483 2694 2842 2757 sacriﬁcium,
2876 2708 2973 2764 per
3019 2703 3219 2751 mutua
3266 2696 3611 2752 salutationis

2034 2785 2292 2841 indicium
2314 2785 2553 2841 ostendit
2572 2801 2630 2840 se
2652 2785 2706 2839 in
2730 2785 3258 2849 fraternacharitate
3279 2787 3611 2842 unanimiter

2033 2875 2370 2932 fmderatum.
2396 2876 2736 2947 Quapropter
2758 2877 2873 2930 sive
2890 2884 3088 2945 priesto
3112 2876 3245 2941 sint,
3272 2877 3386 2931 sive
3409 2877 3607 2942 desint,

2032 2966 2147 3038 ipse
2195 2967 2566 3037 spiritualibus
2609 2967 2784 3023 oculis
2830 2974 3127 3036 prtesentes
3184 2967 3460 3031 attendat,
3511 2982 3611 3037 pro

2032 3058 2226 3129 quibus
2252 3073 2414 3113 orare
2443 3059 2710 3128 disponit;
2745 3072 2845 3113 nec
2874 3058 3065 3113 abesse
3082 3056 3183 3112 sibi
3209 3071 3307 3127 per
3330 3057 3609 3126 spirituale

2034 3148 2445 3203 contubernium
2481 3148 2689 3210 credit,
2715 3162 2850 3217 quos
2880 3147 2933 3200 in
2964 3147 3210 3201 oratione
3240 3161 3425 3201 secum
3458 3148 3604 3217 pari-

2033 3246 2117 3296 ter
2156 3238 2584 3308 comprehendit.
2614 3237 2845 3294 Obtutus
2874 3237 3053 3306 itaque
3096 3235 3223 3291 ﬁdet
3268 3234 3610 3291 salutationis

2030 3329 2147 3400 eius
2171 3328 2338 3385 verba
2369 3328 2628 3394 intendit,
2654 3338 2709 3384 et
2736 3328 2934 3398 accipit
2962 3330 3105 3398 quod
3134 3328 3324 3383 adesse
3357 3329 3607 3383 cominus

2031 3434 2132 3490 per
2161 3418 2496 3489 spiritualem
2550 3419 2892 3489 praesentiam
2933 3418 3129 3474 cernit.
3178 3417 3436 3487 Quisquis
3476 3433 3606 3485 ergo

2030 3511 2200 3565 frater
2229 3509 2285 3564 in
2319 3508 2508 3565 cellula
2554 3508 2903 3580 singulariter
2922 3509 3151 3576 habitat,
3173 3509 3477 3565 communia
3506 3509 3607 3563 Ec-

2030 3596 2209 3653 clesiae
2231 3598 2392 3652 verba
2433 3595 2677 3666 proferre
2708 3612 2813 3651 non
2844 3597 3062 3660 timeat.
3094 3612 3255 3667 quem
3287 3596 3536 3652 videlicet
3569 3608 3597 3650 ι

2030 3696 2297 3741 conventu
2329 3684 2563 3741 ﬁdelium
2581 3726 2596 3750 ,
2621 3685 2745 3741 etsi
2774 3684 2946 3742 locale
2969 3686 3205 3756 spatium
3227 3685 3446 3751 dividit,
3475 3694 3574 3740 eus

2030 3778 2283 3833 omnibus
2318 3786 2498 3834 tamen
2543 3779 2723 3834 unitas
2749 3778 2871 3834 ﬁdei
2904 3778 2957 3832 in
2993 3777 3257 3833 charitate
3282 3777 3558 3847 conjungit
3585 3792 3600 3829 :

2029 3871 2120 3938 qui
2154 3869 2278 3924 licet
2308 3870 2487 3924 absint
2532 3884 2630 3939 per
2662 3868 2842 3923 moles
2892 3882 3180 3937 corporum
3200 3906 3214 3932 ,
3249 3875 3446 3936 praesto
3476 3873 3604 3920 sunt

2031 3969 2209 4015 tamen
2235 3974 2331 4030 per
2356 3959 2578 4015 unitatis
2604 3958 2985 4015 ecclesiasticae
3015 3967 3435 4014 sacramentum.

2610 4047 2837 4104 CAPUT
2874 4047 3014 4103 XIX.

2482 4137 2625 4194 Laus
2665 4137 2961 4193 Eremiticw
3006 4136 3144 4191 vita.

2101 4229 2208 4285 Sed
2242 4230 2384 4285 inter
2427 4229 2543 4285 haec
2590 4228 2721 4284 libet
2763 4228 2829 4282 de
2875 4226 3164 4297 singularis
3207 4225 3332 4280 vitae
3393 4223 3611 4278 meritis

2028 4333 2199 4388 pauca
2233 4320 2617 4391 perstringere,
2638 4326 2693 4374 et
2713 4318 2843 4388 quid
2863 4318 2930 4372 de
2952 4316 3189 4388 przefatae
3217 4317 3341 4370 vitae
3366 4317 3609 4369 culmine

2034 4409 2296 4476 sentiam,
2339 4407 2607 4465 laudando
2632 4409 2839 4479 potius,
2884 4422 3046 4477 quam
3075 4406 3430 4476 disputando,
3475 4406 3600 4459 bre-

2034 4504 2173 4557 viter
2203 4502 2474 4555 intimare.
2503 4500 2757 4556 Solitaria
2788 4514 2919 4554 sane
2945 4499 3053 4553 vita
3077 4498 3314 4553 cmlestis
3340 4494 3605 4551 doctrinae

2031 4590 2212 4647 schola
2259 4599 2374 4652 est.
2421 4605 2487 4646 ac
2532 4591 2833 4645 divinarum
2891 4590 3089 4642 artium
3136 4588 3441 4657 disciplina.
3490 4586 3602 4641 Illic

2028 4684 2171 4739 enim
2202 4684 2342 4737 Deus
2369 4691 2452 4736 est
2482 4691 2650 4736 totum
2673 4721 2689 4747 ,
2713 4680 2855 4749 quod
2886 4680 3142 4745 discitur;
3179 4680 3298 4741 via,
3329 4693 3435 4746 qua
3478 4686 3597 4731 ten-

2027 4774 2190 4835 ditur,
2224 4786 2321 4840 per
2345 4786 2505 4839 quam
2554 4770 2620 4824 ad
2663 4784 2887 4824 summa:
2930 4768 3174 4824 veritatis
3203 4767 3448 4821 notitiam
3478 4782 3600 4835 per-

2027 4862 2257 4917 venitur.
2290 4860 2520 4915 Eremus
2554 4873 2788 4928 namque
2815 4866 2899 4913 est
2938 4856 3221 4927 paradisus
3248 4854 3598 4919 deliciarum,

2023 4950 2112 5004 ubi
2145 4959 2397 5019 tanquam
2428 4947 2783 5003 redolentium
2822 4947 3029 5017 species
3053 4947 3485 5016 pigmentorum,
3512 4943 3599 4998 vel

2026 5040 2308 5094 rutilantes
2348 5036 2508 5093 ﬂores
2540 5045 2873 5102 aromatum,
2913 5037 2992 5091 sic
3041 5035 3339 5107 fragrantia
3390 5035 3599 5104 spirant

2024 5132 2374 5186 odoranienta
2401 5128 2684 5183 virtutum.
2712 5127 2789 5183 Ibi
2835 5126 3098 5197 siquidem
3146 5142 3282 5183 rosae
3314 5126 3597 5180 charitatis

2027 5222 2183 5292 igneo
2210 5221 2407 5274 rubore
2436 5218 2834 5284 ﬁammescunt;
2869 5218 2940 5272 ibi
2976 5218 3084 5271 lilia
3129 5216 3398 5272 castitatis
3439 5215 3597 5269 niveo

2028 5312 2224 5365 decore
2250 5310 2614 5374 candescunt,
2657 5324 2779 5365 cum
2824 5308 3020 5378 quibus
3067 5306 3226 5361 etiam
3276 5304 3619 5361 humilitatis,

2025 5399 2202 5463 violae,
2227 5398 2353 5452 dum
2386 5399 2509 5453 imis
2549 5407 2815 5453 contenta:
2850 5404 3007 5459 sunt,
3052 5394 3211 5449 nullis
3236 5392 3453 5449 ﬂatibus
3487 5394 3592 5447 im-

2025 5491 2331 5561 pelluntur;
2364 5492 2436 5545 ibi
2461 5492 2677 5561 myrrha
2706 5490 2953 5561 perfecta:
2975 5488 3405 5543 mortiﬁcatiouis
3426 5502 3592 5544 exsu-

2023 5584 2151 5647 dat,
2173 5593 2227 5637 et
2251 5585 2376 5638 thus
2403 5585 2632 5638 assiduae
2660 5583 2924 5638 orationis
2951 5582 3325 5639 indeﬁcienter
3352 5591 3591 5639 emanat.

2309 5672 2373 5725 Et
2435 5688 2530 5725 cur
2588 5673 2792 5740 singula
2852 5688 3077 5753 qumque
3140 5674 3593 5732 commemorem!
