3996 6184
374 348 481 406 2n

846 353 903 413 S.
945 345 1141 413 PETRI
1177 355 1461 413 DAMIANl
1492 355 1645 415 OPP.
1696 348 1930 414 TOMUS
1973 353 2103 410 SEU
2144 352 2322 408 PARS
2354 352 2440 408 ill.
2480 382 2549 393 —
2577 350 2938 409 OPUSCULA
2979 348 3208 407 VARIA.

3520 354 3635 411 Q48

380 470 831 545 Quandoquidem
863 470 1044 525 omnia
1066 464 1176 525 illic
1206 472 1517 541 sanctarum
1556 470 1809 525 virtutum
1840 485 1962 539 ger-'-
1990 471 2038 531 Α
2066 467 2148 524 sui
2186 461 2385 524 invicta
2430 468 2767 538 protectione
2822 466 3137 538 tripudiant,
3184 473 3240 522 et
3283 468 3348 523 de
3395 468 3635 526 hostium

380 567 528 619 mitts
558 558 795 619 diVersis
821 566 1049 618 Venusia
1078 561 1351 618 coloribus
1396 560 1640 626 rutilam,
1689 570 1745 617 et
1770 576 1961 632 perpe-

384 662 490 711 toto
538 654 829 710 viriditatis
873 656 1047 725 gratia
1081 650 1587 725 incomparabiliter
1614 663 1862 708 vernant.
1912 646 1957 709 Ο

378 750 599 801 eremus‘
650 752 965 801 sanctarum
1014 747 1275 802 mentium
1316 745 1628 811 delectatio,
1683 755 1735 799 et
1781 745 1957 800 intimi

381 840 574 905 gustus
602 833 923 890 inexhausta
955 832 1183 890 dulcedo
1218 831 1231 888 l
1268 826 1349 890 'l‘u
1378 836 1623 889 caminus
1678 833 1768 887 ille
1800 835 1959 890 Chal-

380 922 590 991 daieus,
642 924 735 977 ubi
770 924 940 978 sancti
968 923 1121 992 pueri
1148 921 1379 977 furentis
1403 922 1640 976 incendii
1668 922 1811 976 vires
1838 931 1961 976 ora-

382 1011 625 1065 tionibus
670 1012 996 1080 reprlmunt,
1040 1017 1096 1065 et
1145 1010 1341 1064 ardore
1398 1010 1520 1065 ﬂdei
1571 1010 1956 1078 crepitantium

383 1107 576 1169 contra
596 1112 654 1153 se
680 1094 1018 1152 ﬂammarum
1054 1098 1240 1167 globos
1262 1098 1611 1169 exstinguunt
1636 1113 1652 1163 ;
1688 1095 1780 1150 ubi
1807 1095 1957 1151 scilla

384 1166 471 1240 cei
502 1188 556 1237 et
585 1197 755 1237 nexus
780 1188 1031 1247 tmtntur,
1061 1190 1117 1235 et
1148 1183 1395 1237 ardorem
1427 1166 1669 1236 membra
1694 1194 1800 1233 non
1828 1191 1959 1232 sena

386 1269 563 1335 riunt;
617 1266 746 1335 quia
784 1275 842 1319 et
888 1276 1107 1333 peccata
1154 1266 1463 1342 solvuntur,
1509 1271 1563 1318 et
1610 1264 1664 1317 in
1697 1262 1958 1332 hymnum

382 1356 580 1412 divina:
609 1355 786 1410 laudis
818 1354 995 1408 anima
1027 1363 1372 1423 provocatur,
1401 1353 1633 1408 dicens:
1670 1366 1691 1401 ι
1735 1346 1961 1417 οἰτυρίο

384 1455 477 1520 sti,
507 1453 748 1520 Damius,
775 1454 987 1509 vincula
1014 1462 1175 1508 mea:
1222 1455 1318 1509 tibi
1365 1454 1684 1509 sacriﬁcabo
1722 1454 1957 1509 haetiam

389 1543 564 1598 laudis
591 1543 756 1613 (Dan.
777 1554 868 1609 ut;
895 1541 1203 1613 Parthe“).
1228 1561 1249 1597 ι
1276 1544 1356 1599 Tu
1379 1544 1596 1611 ternas,
1616 1542 1707 1600 ubi
1739 1541 1957 1614 superni

390 1636 555 1706 Regis
587 1641 715 1690 vasa
769 1635 1094 1701 formantur,
1139 1644 1195 1689 et
1248 1637 1313 1691 ad
1358 1646 1674 1708 perpetuum
1727 1636 1957 1691 nitorem

390 1726 580 1781 malleo
607 1727 939 1796 poenitemim
965 1734 1243 1796 percussa,
1275 1736 1339 1782 ac
1367 1728 1495 1782 lima
1520 1726 1812 1783 Salutiferae
1838 1743 1960 1783 cor-

2056 565 2275 613 Suorum
2319 557 2618 625 deiectione
2667 555 2781 626 jam
2829 557 2964 611 certi
3025 557 3377 624 triumphant.
3426 559 3634 625 Quibus

2058 646 2310 703 nimirum
2362 650 2559 703 dicitur
2587 666 2600 703 :
2640 668 2658 701 ι
2693 648 2951 703 Dominus
2976 647 3229 717 pugnabit
3256 662 3355 717 pro
3379 648 3554 712 vobis,
3582 660 3639 704 et

2055 748 2150 792 vos
2180 737 2424 792 tacebitis
2455 731 2649 807 (Exod.
2676 738 2808 805 xtv).
2850 756 2868 788 ι
2916 734 3007 790 Vel
3031 736 3074 789 si
3105 751 3242 789 unus
3270 744 3354 789 est
3381 754 3393 789 :
3434 755 3453 788 ι
3494 734 3635 805 Noli,

2056 825 2251 896 inquit,
2283 825 2491 891 timere,
2523 826 2702 895 plures
2728 827 2893 889 enim,
2937 826 3131 895 inquit,
3162 826 3440 879 nobiscum
3472 827 3638 898 238

2055 926 2204 981 sunt,
2229 930 2388 986 quam
2417 930 2539 972 cum
2565 910 2666 970 illis
2691 913 2797 988 (IV
2827 915 2950 984 Reg.
2978 916 3073 984 vt).
3111 935 3130 968 ι
3172 915 3216 970 Ο
3250 931 3464 971 eremus
3495 934 3639 972 mors

2055 1007 2334 1071 vitiorum,
2373 1022 2436 1061 ac
2465 1007 2650 1076 procul
2691 1007 2853 1060 dubio
2898 1003 3088 1070 fomes,
3119 1014 3173 1059 et
3200 1004 3307 1060 vita
3336 1008 3593 1060 virtutum
3621 1008 3634 1060 !

2057 1094 2135 1150 Te
2161 1095 2247 1149 lex
2294 1094 2512 1159 attollit,
2538 1103 2588 1149 te
2617 1093 2899 1164 prophetia
2932 1092 3159 1147 miratur
3188 1112 3200 1147 :
3245 1104 3300 1148 et
3331 1095 3640 1163 quicunque

2056 1185 2126 1240 ad
2149 1183 2492 1253 perfectionis
2526 1184 2798 1237 cumulum
2844 1192 3224 1253 pervenerunt,
3266 1192 3411 1237 tuum
3441 1199 3640 1239 novere

2058 1275 2402 1344 praeconium.
2431 1268 2609 1329 Porro
2632 1274 2725 1328 tibi
2754 1273 2963 1345 Moyses
2998 1271 3157 1328 debet
3194 1272 3277 1329 bis
3306 1285 3539 1344 acceptae
3566 1275 3642 1330 leo

2056 1363 2138 1435 gis
2165 1362 2485 1434 Decalogum
2535 1363 2733 1434 (Exod.
2781 1376 2925 1428 xxxv,
2956 1362 3082 1433 34);
3127 1379 3226 1434 per
3255 1371 3306 1417 te
3356 1358 3500 1419 Elias
3548 1381 3641 1420 co-

2058 1453 2243 1523 gnovit
2288 1452 2499 1508 Domini
2548 1453 2975 1523 pe’rtranseuntis
3019 1469 3303 1508 excursum
3346 1453 3461 1525 (III
3511 1454 3636 1523 Reg.

2058 1556 2152 1599 xtx
2181 1546 2235 1615 );
2279 1559 2375 1615 per
2405 1554 2457 1600 te
2484 1540 2694 1600 Eliseus
2723 1544 2993 1615 duplicem
3042 1545 3281 1616 magistri
3310 1544 3391 1601 sui
3420 1548 3641 1602 sortitus

2058 1646 2141 1691 est
2170 1635 2419 1705 spiritum
2448 1636 2498 1707 (1
2518 1634 2555 1689 ν
2583 1636 2714 1707 Reg.
2762 1639 2846 1708 tt).

2132 1726 2200 1781 Et
2242 1727 2369 1796 quid
2398 1726 2627 1796 amplius
2668 1725 2883 1781 dicam?
2923 1720 3361 1794 Quandoquidem
3392 1724 3643 1783 Salvator

392 1815 645 1871 rectionis
668 1822 845 1880 erasa,
889 1814 1207 1884 perveniunt
1239 1823 1253 1869 ξ
1294 1818 1348 1869 ἱιι
1382 1831 1487 1886 qua
1516 1817 1767 1871 nimirum
1797 1815 1963 1871 obso.
1992 1806 2035 1870 Β
2067 1818 2249 1872 mundi
2274 1818 2327 1872 in
2360 1817 2475 1887 ipso
2499 1817 2885 1887 redemptionis
2913 1817 3161 1871 humanae
3187 1817 3485 1886 primordio
3508 1833 3642 1886 prae-

388 1904 508 1959 leta:
534 1905 728 1958 animte
771 1905 961 1976 rubigo
988 1908 1345 1974 consumitur,
1388 1918 1444 1963 et
1485 1907 1693 1963 scabra:
1720 1918 1965 1979 peccato-

390 2008 508 2047 rum
558 1993 753 2049 scoria:
805 1991 1169 2063 depanuntur.
1231 2012 1252 2048 ι
1311 1996 1451 2050 Vasa
1504 1998 1758 2067 siquidem
1819 1996 1965 2069 ﬁguli

387 2080 582 2150 probat
612 2081 825 2146 fornax,
858 2089 915 2135 et
947 2082 1194 2138 homines
1211 2084 1388 2154 justas
1411 2086 1637 2141 tentatio
1668 2085 1965 2143 tribulatio-

388 2170 472 2224 nis
496 2169 689 2238 (Ecclt'.
721 2168 911 2243 xxvn).
952 2180 972 2223 ι

459 2258 504 2314 0
530 2260 668 2316 cella
697 2262 1098 2332 negotiatorum
1127 2263 1429 2320 cmlestium
1462 2266 1746 2336 apotheca,
1778 2266 1830 2320 in
1860 2281 1965 2335 qua

386 2347 641 2403 videlicet
684 2349 895 2404 illarum
934 2352 1193 2406 mercium
1221 2364 1429 2407 summa
1479 2355 1811 2420 reconditur,
1851 2355 1969 2426 qui-a

391 2439 494 2495 bus
538 2449 696 2495 terra:
739 2442 1033 2497 viventium
1078 2443 1348 2511 possessio
1381 2446 1763 2513 comparatur!
1815 2444 1967 2502 Felix

391 2531 798 2597 commercium,
832 2532 921 2587 ubi
950 2547 1050 2603 pro
1099 2534 1331 2590 terrenis
1374 2534 1638 2600 emlestia,
1687 2534 1741 2589 in
1772 2537 1970 2591 transi-

391 2620 544 2675 toriis
570 2632 971 2678 commutantur
999 2633 1222 2681 aeterna.
1270 2624 1499 2689 Felices,
1544 2627 1784 2699 inquam,
1827 2642 1969 2683 nun-

394 2711 556 2780 dinm,
597 2714 684 2768 tibi
717 2715 924 2770 venalis
964 2726 1165 2770 aeterna
1210 2716 1319 2770 vita
1347 2718 1681 2785 proponitur,
1712 2718 1778 2772 ad
1808 2729 1971 2786 quam

395 2803 678 2855 colendam
706 2804 868 2856 etiam
898 2804 1179 2863 minimum
1208 2806 1335 2874 quid
1379 2806 1550 2860 solum
1583 2805 1796 2871 auﬂicit,
1828 2806 1971 2877 quod

395 2892 668 2946 habetur:
710 2894 800 2947 ubi
858 2892 1038 2948 brevis
1092 2894 1308 2950 ainictio
1352 2898 1532 2952 carnis
1576 2882 1707 2953 emit
1754 2898 1973 2954 caeleste

393 2980 724 3047 convivium,
758 2991 814 3037 et
843 2984 1051 3053 exiguas
1094 2984 1346 3057 lacrymaa
1376 2986 1541 3042 risum
1586 2989 1804 3058 pariunt
1831 3004 1972 3045 sem-

394 3071 698 3141 piternum;
724 3075 1001 3143 possessio
1033 3085 1244 3131 terrena
1275 3077 1616 3143 distrahitur,
1645 3084 1699 3133 et
1719 3078 1785 3133 ad
1815 3086 1975 3134 aeter-

2066 1916 2255 1962 conem
2285 1916 2440 1962 suum
2476 1906 2553 1961 tui
2598 1906 2837 1961 accolam
2884 1905 3012 1961 fecit
3044 1924 3059 1962 :
3092 1916 3358 1975 quatenus
3400 1907 3499 1961 sub
3528 1907 3641 1977 ipsa

2062 1998 2175 2067 jam
2214 1998 2393 2054 saeculi
2421 1997 2690 2053 venientis
2738 2000 2931 2053 aur’ora
2971 2014 3038 2053 ex
3080 2007 3131 2054 te
3172 1992 3361 2054 lucifer
3399 2000 3643 2054 veritatis

2067 2094 2419 2157 erumperet:
2467 2095 2590 2157 post
2635 2099 2792 2155 quem
2838 2084 3027 2156 plenus
3067 2086 3143 2141 sol
3172 2088 3412 2152 veniens,
3459 2088 3642 2141 mundi

2068 2174 2350 2246 caliginem
2381 2172 2686 2245 splendoris
2713 2175 2794 2229 sui
2829 2176 2995 2230 radiis
3041 2176 3352 2230 illustraret.
3384 2176 3463 2229 Tu
3500 2174 3645 2230 scala

2070 2265 2156 2320 illa
2185 2262 2353 2320 Iacob
2381 2260 2534 2336 (Gen.
2572 2265 2783 2336 xxvtti),
2816 2281 2934 2335 qua:
2965 2265 3209 2320 homines
3240 2265 3390 2320 vehis
3434 2267 3499 2319 ad
3527 2280 3641 2319 εω-

2068 2354 2203 2420 lum,
2231 2360 2288 2409 et
2313 2355 2532 2424 angelos
2577 2354 2642 2408 ad
2676 2357 2966 2409 humanum
2999 2355 3218 2424 deponis
3245 2356 3521 2410 auxilium.
3562 2356 3643 2412 Tu

2069 2446 2155 2499 via
2198 2450 2363 2498 aurea
2389 2485 2405 2509 ,
2457 2458 2577 2513 qua:
2628 2444 2874 2499 homines
2917 2445 3131 2500 reducis
3177 2445 3240 2498 ad
3283 2444 3530 2515 patriam.
3562 2445 3640 2499 Tu

2070 2533 2324 2598 stadium,
2356 2532 2498 2603 quod
2520 2530 2657 2588 bene
2680 2537 2962 2588 currentes
2984 2533 3234 2603 provehis
3262 2534 3328 2587 ad
3359 2544 3637 2588 coronam.

2068 2622 2113 2678 Ο
2144 2624 2249 2678 vita
2288 2622 2584 2683 eremitica,
2631 2618 2880 2677 balneum
2919 2624 3240 2686 animarum,
3269 2638 3414 2679 mors
3460 2623 3644 2679 crimi-

2070 2728 2219 2780 num,
2250 2713 2617 2785 purgatorium
2645 2712 3003 2767 sordidarum.
3040 2710 3117 2766 Tn
3150 2706 3408 2766 mentium
3431 2720 3641 2767 secreta

2070 2801 2343 2871 puriﬂcas,
2376 2800 2655 2871 squalores
2684 2801 2844 2856 diluis
2866 2800 3149 2866 scelerum,
3180 2806 3341 2872 atque
3375 2800 3441 2856 ad
3481 2817 3646 2871 ange-

2072 2894 2188 2948 lica:
2225 2894 2454 2948 nitorem
2480 2893 2757 2947 munditiae
2781 2892 3283 2962 pervenireanimas
3309 2891 3463 2947 facis.
3495 2891 3641 2946 Cella

2072 2996 2264 3054 nempe
2284 2991 2365 3039 est
2385 2983 2797 3039 conciliabulum
2831 2982 2921 3037 Dei
2946 2991 2999 3037 et
3028 2983 3324 3046 hominum,
3349 2983 3639 3051 compitum

2072 3073 2126 3128 in
2158 3088 2321 3128 carne
2346 3072 2673 3142 degentium,
2712 3081 2767 3126 et
2809 3084 3185 3142 supernorum.
3220 3070 3347 3125 Illuc
3375 3070 3641 3140 siquidem

394 3173 481 3216 nae
529 3161 861 3220 hatreditalls
916 3166 1299 3234 patrimonium
1353 3167 1683 3236 pervenitur.
1740 3166 1785 3223 Ο
1840 3168 1969 3222 cella
1998 3181 2043 3243 ρ
2075 3164 2289 3233 superni
2328 3160 2473 3218 cives
2502 3164 2569 3217 ad
2609 3163 2874 3233 colloquia
2905 3163 3137 3217 humana
3168 3160 3512 3225 conveniant,
3554 3160 3643 3213 ubi

403 3250 703 3321 spiritualis
746 3254 991 3308 exercitii
1035 3255 1296 3311 mirabilis
1322 3248 1554 3322 oﬂicina,
1596 3257 1650 3311 in
1681 3272 1785 3327 qua
1822 3260 1970 3313 certe

398 3342 630 3397 humana
657 3344 836 3399 anima
880 3345 1155 3402 Creatoris
1185 3348 1266 3402 sui
1316 3349 1368 3402 in
1398 3354 1456 3403 se
1492 3352 1759 3403 restaurat
1786 3348 1974 3420 imagi-

400 3448 546 3492 nem.
569 3443 625 3489 et
651 3435 718 3489 ad
746 3450 855 3491 suae
885 3438 1024 3493 redit
1052 3439 1276 3507 originis
1299 3440 1620 3508 puritatem!
1653 3440 1755 3497 Ubi
1784 3450 1973 3495 sensus

403 3524 582 3579 obtusi
604 3524 672 3577 ad
699 3524 1047 3581 subtilitatem
1073 3528 1159 3582 sui
1204 3530 1468 3583 acuminis
1519 3530 1764 3596 redeunt,
1806 3536 1861 3583 et
1896 3531 1979 3584 vis

402 3612 550 3667 tiata:
573 3622 779 3668 naturae
805 3629 994 3687 azyma
1025 3618 1236 3672 sincere
1263 3623 1599 3687 reparantur.
1646 3619 1726 3673 Tu
1768 3614 1883 3685 das,
1915 3628 1976 3675 ut

395 3703 617 3775 jejuniis
671 3706 959 3761 videantur
1009 3716 1105 3763 ora
1156 3706 1428 3779 palientia,
1483 3710 1538 3765 et
1592 3722 1743 3766 mens
1781 3708 1974 3766 divina:

403 3796 591 3866 gratia:
636 3797 708 3851 sit
751 3796 1074 3868 pinguedine
1123 3800 1410 3870 saginata:
1462 3807 1518 3854 tu
1554 3799 1671 3866 das,
1722 3804 1779 3854 ut
1816 3801 1975 3854 homo

406 3887 608 3942 mundo
634 3888 796 3943 corde
844 3890 1012 3944 Deum
1060 3891 1374 3961 conspiciat,
1426 3892 1517 3961 qui
1567 3890 1977 3947 suisinvoluttts

402 3977 666 4042 tenebris,
711 3976 945 4048 seipsum
974 3980 1123 4050 prius
1169 3981 1470 4050 ignorabat.
1501 3976 1578 4036 Tu
1608 3981 1878 4035 hominem
1907 3981 1974 4034 ad

407 4079 561 4117 suum
604 4065 736 4119 facis
768 4066 944 4121 redire
972 4064 1313 4137 principium,
1346 4077 1400 4124 et
1424 4069 1491 4123 de
1528 4069 1674 4124 exilii
1712 4068 1975 4137 ejectione

401 4150 471 4205 ad
493 4152 725 4219 antiqua:
754 4152 1027 4223 dignitatis
1071 4166 1293 4210 revocas
1334 4158 1728 4212 celsitudinem.
1777 4157 1854 4209 Tu
1903 4154 1979 4209 fa-

404 4238 503 4300 cis,
532 4250 588 4292 ut
616 4239 778 4293 homo
804 4242 856 4293 in
885 4242 1079 4296 mentis
1124 4256 1250 4297 arce
1282 4244 1625 4310 constitutus,
1654 4252 1844 4299 cuncta
1876 4244 1975 4297 sub

403 4342 465 4382 se
502 4329 679 4382 videat
726 4338 937 4383 terrena
981 4331 1236 4397 deﬂuere,
1278 4335 1624 4402 semetipsum
1665 4341 1879 4403 qquue
1918 4332 1974 4385 in

404 4416 643 4485 ipsarum
698 4432 875 4472 rerum
932 4420 1223 4475 labentium
1294 4424 1586 4491 prospiciat
1656 4425 1973 4478 decursione

2074 3268 2180 3309 non
2215 3263 2324 3310 tam
2352 3256 2544 3326 linguae
2570 3255 2750 3309 carnis
2774 3254 2937 3309 verba
2965 3260 3314 3323 componunt,
3341 3262 3500 3320 quam
3529 3250 3645 3304 sine

2072 3349 2221 3404 vocis
2256 3349 2483 3417 strepitu
2514 3342 2742 3402 fecunda
2790 3346 3050 3423 mentium
3101 3354 3297 3398 arcana
3334 3349 3667 3412 patescunt.'

2072 3439 2215 3495 Cella
2243 3450 2479 3508 namque
2503 3436 2831 3493 conscientia
2862 3444 2946 3491 est
2988 3433 3182 3489 secreti
3229 3432 3458 3496 consilii,
3500 3429 3643 3500 quod

2073 3531 2383 3587 habetcum
2416 3526 2720 3585 hominibus
2754 3528 2908 3582 Deus.
2939 3520 2984 3582 0
3020 3536 3182 3595 quam
3208 3516 3429 3593 pulchra
3464 3536 3642 3576 rerum

2073 3625 2300 3695 species,
2332 3635 2453 3678 cum
2485 3621 2652 3676 frater
2691 3622 2743 3676 in
2775 3619 2963 3676 cellula
2986 3616 3313 3674 constitutus
3348 3623 3642 3669 nocturnas

2072 3712 2280 3784 peragit
2308 3711 2656 3782 psalmodias,
2694 3721 2749 3765 et
2774 3708 2926 3779 quasi
2957 3721 3053 3777 pro
3093 3700 3286 3759 divinis
3315 3701 3509 3758 castris
3538 3701 3642 3754 mia

2073 3800 2541 3862 litares'custodit
2594 3800 2850 3858 excubias
2896 3817 2909 3853 :
2964 3794 3356 3865 contemplatur
3404 3792 3455 3846 in
3504 3789 3641 3846 coelo

2073 3906 2266 3950 cursus
2305 3890 2561 3959 siderum,
2611 3889 2853 3944 decurrit
2895 3886 3056 3942 etiam
3088 3893 3183 3955 per
3230 3898 3291 3939 os
3344 3880 3455 3949 ejus
3509 3880 3641 3934 ordo

2073 3983 2423 4054 psalmorum.
2456 3981 2523 4036 Et
2568 3981 2708 4036 sicut
2748 3979 3115 4050 praecedentes
3164 3984 3228 4030 ac
3257 3975 3640 4040 subsequentes

2074 4072 2242 4127 stella
2269 4069 2335 4126 ad
2359 4070 2498 4126 diem
2526 4085 2650 4124 suas
2677 4069 3072 4123 Vicissitudines
3102 4063 3415 4120 alternandn
3444 4074 3637 4132 perve-

2074 4162 2247 4228 niunt,
2301 4158 2370 4214 ita
2409 4158 2619 4229 psalmi,
2653 4159 2743 4227 qui
2784 4168 2848 4212 ex
2877 4170 2971 4211 ore
2994 4156 3110 4225 ejus
3138 4163 3389 4222 tanquam
3417 4166 3482 4204 ex
3509 4166 3640 4219 quo—

2072 4252 2196 4307 dam
2241 4248 2451 4305 oriente
2486 4250 2802 4318 proceduut,
2857 4249 2923 4301 ad
2979 4256 3133 4300 Suum
3179 4245 3336 4298 finem
3383 4242 3639 4312 paulatim

2072 4340 2217 4397 velut
2245 4336 2397 4410 parili
2451 4350 2573 4393 cum
2624 4334 2889 4392 sitiet-ibus
2935 4330 3272 4390 COftViﬂliOlte
3327 4333 3641 4386 decurrunt.

2071 4430 2176 4487 Iste
2206 4444 2317 4485 sum
2342 4429 2619 4485 servitutis
2662 4428 2877 4481 exhibet
2925 4427 3312 4488 ministerium;
3359 4422 3459 4477 illa:
3498 4420 3646 4475 dele-

404 4510 656 4566 transire.
684 4508 727 4564 0
753 4514 885 4567 cella
924 4523 1094 4567 sacra!
1132 4513 1334 4567 militiae
1375 4514 1802 4579 tabernaculum,
1845 4524 1969 4585 pro-6
1995 4516 2045 4575 ι)
2069 4529 2250 4592 gatum
2283 4516 2383 4574 sibi
2413 4526 2780 4588 etSequuntur
2798 4510 3026 4572 cilicium
3063 4534 3075 4569 :
3119 4518 3217 4571 iste
3261 4512 3642 4583 psallepdoin-

404 4600 618 4655 cinctus
647 4601 1054 4672 lt‘illltlpitaloris
1086 4602 1376 4667 exercitus,
1418 4611 1597 4657 castra
1643 4603 1759 4667 Dei,
1793 4621 1813 4655 ς
1859 4610 1974 4657 tur-

406 4691 486 4745 ris
530 4692 721 4755 David,
759 4708 877 4761 quae
903 4691 1167 4747 aediﬁcata
1216 4702 1298 4747 est
1349 4706 1468 4747 cum
1512 4694 1971 4764 propugnaculis;

407 4782 555 4838 mille
575 4782 744 4854 clypei
796 4786 1033 4855 pendent
1079 4797 1143 4839 ex
1193 4793 1269 4850 te,
1320 4786 1496 4841 cannis
1546 4794 1817 4840 armatura
1868 4786 1977 4841 for-

411 4873 585 4928 tium!
621 4889 640 4926 t
669 4873 845 4944 (Cant.
882 4874 981 4943 tv.)
1018 4874 1097 4929 Tu
1128 4886 1349 4944 campus
1378 4876 1541 4930 divini
1584 4866 1779 4945 praelii,
1815 4876 1977 4945 Spiri-

413 4967 577 5024 tualis
621 4976 782 5023 arena
837 4968 1169 5035 certaminis,
1229 4969 1538 5040 angelorum
1591 4970 1979 5040 apeclaculum,

411 5062 658 5135 palaestra
693 5061 902 5115 fortiter
923 5062 1289 5116 dimicantium
1328 5062 1671 5124 luctatorum,
1703 5059 1790 5116 ubi
1814 5061 1977 5131 spiri-

408 5166 497 5214 tus
517 5164 640 5212 eum
665 5164 829 5209 carne
856 5155 1219 5224 congreditur,
1260 5162 1315 5210 et
1358 5154 1512 5210 fortis
1552 5155 1619 5209 ab
1666 5154 1978 5209 inﬁrmitate

407 5262 514 5303 non
551 5252 855 5315 superatur.
899 5244 979 5297 Tu
1025 5244 1221 5299 vallum
1267 5245 1319 5299 in
1367 5245 1704 5314 expeditione
1749 5259 1976 5298 curren-

407 5339 561 5397 tium,
590 5340 645 5391 tu
677 5335 904 5390 munitio
946 5332 1182 5397 fortium,
1232 5345 1287 5387 tu
1328 5335 1632 5404 praesidium
1672 5332 1861 5388 cedere
1885 5345 1974 5388 ne-

408 5427 690 5491 scientium
720 5428 1098 5496 pugnatorum.
1132 5425 1348 5479 Fremat
1390 5425 1620 5479 hostium
1649 5420 1973 5480 circumfusa

410 5519 708 5581 barbaries,
736 5518 996 5571 accedant
1024 5517 1215 5579 vincas,
1246 5515 1536 5585 phalaricis
1562 5515 1780 5569 missilia
1824 5515 1978 5583 jacu-

410 5604 606 5669 lentnr,
645 5606 972 5661 vibrantium
1023 5606 1319 5673 gladiorum
1367 5604 1498 5657 silva
1544 5604 1852 5668 densescat;
1883 5604 1973 5673 qui

407 5693 538 5750 inte
566 5703 705 5757 sunt,
755 5694 921 5749 lorica
974 5693 1094 5746 nilei
1142 5694 1454 5761 pra-muniti
1493 5692 1593 5748 sub
1636 5693 1979 5760 imperatoris

2076 4609 2342 4665 trinsecus
2369 4609 2434 4663 ad
2480 4606 2655 4665 lucem
2708 4607 2877 4660 tendit
2927 4598 3371 4668 inaccessibilem,
3404 4601 3506 4655 illa:
3537 4601 3642 4655 sibi

2081 4702 2307 4758 invicem
2339 4699 2697 4763 succedendo,
2738 4699 2853 4767 ejus
2890 4697 3245 4751 exterioribus
3267 4694 3432 4749 oculis
3453 4691 3645 4746 visibi-

2079 4793 2185 4847 lem
2215 4798 2469 4861 reparant
2493 4788 2656 4843 diem.
2689 4787 2753 4841 Et
2787 4784 2910 4841 dum
2939 4796 3166 4855 utraque
3193 4786 3258 4839 ad
3288 4798 3442 4839 suum
3482 4781 3646 4834 finem

2082 4882 2297 4936 diverso
2321 4879 2532 4933 tramite
2559 4885 2871 4946 properant,
2905 4886 3063 4930 servo
3111 4875 3204 4929 Dei
3249 4870 3648 4942 quodammodo

2082 4981 2136 5026 et
2185 4970 2298 5039 ipsa
2358 4970 2624 5023 elementa
2672 4964 3054 5020 subserviéndo
3101 4960 3447 5020 eoneordant.
3498 4959 3645 5013 Cella

2081 5060 2344 5129 siquidem
2377 5059 2528 5113 testis
2568 5064 2672 5121 cst,
2700 5058 2915 5125 quando
2948 5056 3112 5111 divini
3162 5055 3362 5110 amoris
3406 5053 3525 5121 igne
3550 5065 3649 5105 cor

2082 5152 2287 5206 ferveat
2310 5163 2325 5202 :
2350 5158 2403 5204 et
2429 5158 2607 5202 utrum
2641 5146 2892 5216 perfecta:
2914 5146 3215 5201 devotionis
3244 5143 3497 5199 instantia
3523 5139 3648 5208 quis

2082 5244 2175 5298 Dei
2201 5242 2393 5297 faciem
2439 5249 2665 5309 qua-rat.
2711 5236 2871 5293 Novit
2899 5254 3020 5295 cum
3048 5246 3202 5294 mens
3228 5236 3461 5292 hominis
3483 5234 3650 5288 caele-

2079 5333 2177 5385 stls
2217 5328 2402 5401 gratim
2428 5338 2551 5384 rore
2586 5323 2939 5399 perfunditur,
2976 5338 3046 5389 et,
3076 5332 3173 5398 pel-
3213 5320 3651 5396 compunctionis

2077 5420 2257 5475 ﬂetum
2314 5419 2669 5491 lacrymarum
2727 5416 3097 5473 inundantium
3145 5417 3405 5472 imbribus
3449 5416 3650 5484 irriga-

2079 5520 2166 5564 tur
2192 5528 2203 5563 :
2236 5508 2403 5567 ubiet
2428 5510 2473 5562 si
2501 5522 2565 5561 ex
2596 5509 2807 5562 carneis
2835 5507 3003 5562 oculis
3031 5507 3285 5576 lacryma:
3315 5512 3421 5558 non
3464 5518 3653 5556 erum—

2079 5609 2224 5670 pant,
2257 5601 2369 5670 ipsa
2423 5609 2601 5654 tamen
2653 5593 2953 5652 amaritudo
2997 5598 3176 5651 cordis
3221 5612 3250 5649 a
3284 5596 3651 5665 lacrymarum

2052 5690 2324 5754 ,ﬂuctibus
2349 5706 2452 5745 non
2482 5690 2725 5756 elongat;
2756 5688 2879 5754 quia
2910 5688 3051 5752 quod
3080 5698 3148 5741 ex
3174 5700 3324 5741 ramo
3349 5683 3650 5737 exterioris
