3996 6184
338 348 449 404 εις)
943 337 1183 397 OPUSC.
1229 334 1317 394 XI.
1356 364 1428 379 —-
1464 337 1664 393 LIBER
1704 337 1821 406 QUI
1857 334 2128 391 DlClTUR
2166 328 2468 390 DOMINUS
2512 326 2877 390 VOBISCUM.
3488 330 3595 387 250

340 454 647 516 incidentia!
673 466 779 509 non
818 452 1106 524 colligitur,
1145 453 1198 507 in
1242 453 1356 522 ipsa
1395 450 1602 506 humidi
1638 449 1816 505 cordis
1841 448 1917 502 vi-
1942 452 1993 509 Α
2019 454 2157 512 mat;
2207 445 2348 515 quod
2395 440 2672 513 obliquum
2716 450 2820 506 est,
2863 440 3089 511 dirigat;
3140 439 3283 509 quod
3331 437 3593 502 deforme,

341 550 509 605 rentis
533 560 750 616 semper
778 544 960 599 radice
983 550 1247 598 servatur.
1274 539 1480 596 Suiiicit
1506 541 1650 595 enim
1687 540 1729 594 si
1767 552 1919 593 mens
2021 544 2325 606 componat.
2355 535 2435 590 Tu
2464 532 2721 604 nuptialis
2756 546 2815 587 es
2859 530 3148 593 thalamus,
3198 530 3249 583 in
3280 544 3388 598 quo
3421 530 3597 585 sancti

340 639 407 693 sit
435 634 649 700 ﬂebilis,
678 634 889 690 etiamsi
913 632 1116 701 jugiter
1138 631 1264 686 ﬂere
1302 646 1407 685 non
1432 631 1621 699 possit.
1668 628 1813 684 Cella
1840 634 1925 683 est
2023 623 2259 698 Spiritus
2281 627 2440 680 arrha
2474 624 2752 688 tribuitur,
2778 629 2833 676 et
2862 620 3069 675 caelesti
3098 618 3308 687 Sponso
3336 618 3457 672 felix
3483 619 3599 672 ani-

342 725 699 793 ergastuium,
729 724 818 776 ubi
844 721 1063 790 pretiosi
1098 721 1305 789 lapides
1329 719 1626 789 poliuntur,
1655 729 1921 789 quatenus
2022 733 2109 772 ma
2145 715 2458 773 foederatur.
2485 714 2638 768 Recti
2671 712 2902 782 diligunt
2934 719 2985 764 te
3008 749 3022 773 ,
3055 718 3108 762 et
3135 708 3226 777 qui
3271 716 3323 763 te
3364 708 3596 777 fugiunt,

344 818 395 869 in
424 823 698 868 structura
751 810 932 880 templi
979 809 1320 879 postmodum
1369 810 1485 863 sine
1533 809 1640 863 ullo
1678 809 1922 864 eudentis
2020 798 2272 862 veritatis
2311 806 2428 859 luce
2458 803 2674 872 privati,
2727 816 2834 869 quo
2861 814 3076 868 gressus
3105 811 3307 866 ponere
3344 796 3598 861 debeant,

344 906 521 959 mallei
563 904 743 959 sonitu
776 900 1150 973 disponantur.
1672 898 1677 903 ’
2022 911 2129 973 non
2168 903 2483 973 agnoscunt.
2536 905 2573 973 «Δ
2615 889 2916 973 Adha‘reat.
2947 889 3129 958 lingua
3177 900 3298 941 mea
3354 886 3600 971 faucibus

413 996 457 1052 0
492 994 629 1051 cena
661 962 953 1048 υοπηεηίότε
977 991 1266 1060 sepultum
1293 988 1678 1059 propemodum
1708 987 1919 1054 amula,
2015 969 2173 1033 meis,
2200 962 2246 1021 ii
2273 978 2380 1019 non
2413 967 2715 1018 meminero
2742 962 2842 1026 tui,
2874 962 2919 1014 si
2945 977 3051 1014 non
3082 976 3419 1030 proposuero
3450 971 3501 1014 te
3540 966 3598 1013 in

2013 1059 2289 1128 principio
2345 1057 2545 1112 latitia:
2594 1069 2725 1111 mea:
2764 1054 2935 1127 (Psal.
2981 1057 3231 1123 curvi).
3264 1055 3398 1109 illud
3432 1056 3597 1107 etiam

2013 1150 2087 1207 de
2136 1160 2191 1205 te
2220 1164 2345 1204 cum
2394 1152 2585 1204 eodem
2617 1147 2889 1219 Propheta
2937 1146 3100 1201 alacri
3134 1147 3263 1200 libet
3310 1160 3441 1201 voce
3469 1160 3601 1200 cans

2014 1252 2167 1300 tare:
2204 1261 2223 1296 ι
2275 1241 2403 1297 Haec
2430 1243 2648 1311 requies
2681 1255 2799 1294 mea
2834 1242 2885 1293 in
2935 1240 3195 1295 saeculum
3229 1241 3411 1295 saeculi
3444 1256 3459 1294 :
3512 1240 3601 1292 hic

2014 1338 2291 1399 habitabo,
2318 1337 2573 1406 quoniam
2604 1335 2854 1404 pra-elegi
2884 1347 3026 1387 eam.
3054 1333 3228 1399 Quam
3255 1334 3487 1403 pulchra
3514 1345 3598 1395 es,

2012 1437 2067 1483 et
2084 1444 2243 1497 quam
2263 1431 2483 1493 decora,
2506 1425 2850 1485 charissima,
2880 1424 2934 1478 in
2959 1423 3173 1478 deliciis
3192 1421 3366 1492 (Psal.
3392 1436 3554 1477 cum
3578 1436 3598 1489 ;

2014 1527 2178 1579 Cant.
2205 1522 2304 1595 vn)
2337 1523 2354 1577 t
2392 1540 2410 1572 ι
2446 1521 2563 1574 Sub
2589 1522 2755 1588 ﬁgura
2780 1516 2944 1590 240
2985 1518 3061 1571 ιιιὶ
3096 1516 3389 1572 Rachelem
3433 1517 3601 1571 decor

2014 1622 2222 1673 venusti
2247 1617 2426 1671 vultus
2466 1614 2678 1669 ornavit
2700 1611 2854 1683 (Gen.
2884 1609 2975 1680 xx)
3002 1625 3018 1667 :
3044 1619 3099 1665 et
3132 1608 3297 1664 Maria
3334 1611 3597 1679 Optimam

345 1102 462 1155 quae
484 1088 539 1140 in
565 1094 789 1154 peccato
838 1091 1080 1136 mortuos
1128 1080 1379 1151 suscipis,
1430 1090 1487 1135 et
1539 1093 1637 1148 per
1684 1079 1919 1133 alilatnm

346 1180 515 1232 sancti
548 1174 786 1244 Spiritus
828 1174 938 1228 Deo
964 1172 1290 1226 reviviscere.
1320 1171 1455 1226 facis
1483 1169 1496 1225 l
1552 1168 1715 1240 239
1753 1166 1830 1223 Tu
1862 1185 1921 1225 es

345 1268 410 1321 ab
438 1266 598 1333 hujus
644 1265 769 1317 vita:
824 1262 1034 1316 turbida
1087 1262 1371 1315 vexatione
1425 1261 1764 1329 sepulcrum,
1826 1259 1919 1313 sed

344 1354 579 1410 caelestis
608 1352 732 1406 vitae
764 1352 953 1422 pandis
985 1351 1283 1405 introitum.
1317 1349 1393 1405 Te
1415 1360 1627 1418 portum
1661 1350 1922 1418 tranquil-

345 1447 511 1499 litatis
539 1442 846 1505 inveniunt,
888 1440 978 1511 qui
1026 1441 1362 1509 naufragium
1418 1441 1671 1493 tnundani
1727 1439 1923 1494 ﬂuctus

343 1535 601 1591 evadunt.
646 1532 723 1589 Te
776 1531 1014 1601 potentis
1058 1531 1251 1585 medici
1300 1529 1554 1585 conclave
1605 1531 1918 1594 decernunt,

344 1628 432 1695 qui
464 1624 731 1680 vulnerati
778 1624 831 1677 in
886 1622 1073 1692 praelio
1127 1621 1353 1676 hostiles
1395 1632 1585 1674 manus
1639 1616 1917 1689 elfuginnt.

346 1717 462 1772 hic:
493 1714 637 1771 enim
668 1722 726 1767 ut
756 1714 810 1767 in
841 1714 914 1766 tui
944 1710 1193 1767 culminis
1216 1712 1461 1770 umbram
1498 1709 1738 1778 perfecto
1759 1712 1921 1765 Corde
1958 1776 1988 1780 _
2013 1720 2245 1780 partem,
2266 1724 2385 1779 qua:
2414 1708 2483 1762 ab
2507 1721 2570 1761 ea
2601 1719 2878 1774 nunquam
2904 1704 3204 1769 auferetur,
3238 1702 3403 1771 elegit
3442 1700 3595 1772 (Luc.

346 1806 634 1869 acceditur,
667 1807 848 1860 omnis
872 1802 1130 1859 sauciatae
1158 1805 1351 1858 animae
1380 1802 1535 1863 llVOl‘,
1559 1803 1740 1856 omnis
1774 1812 1921 1857 certe
1954 1776 2095 1873 Bx).
2137 1799 2217 1855 Tn
2248 1800 2427 1853 areola
2470 1808 2800 1854 aromatum.
2852 1795 2970 1850 fons
3016 1797 3322 1859 hortorum,
3371 1804 3427 1849 tu
3480 1809 3599 1848 ma-

347 1896 623 1951 interioris
674 1893 909 1948 hominis
973 1893 1124 1962 plaga
1192 1901 1435 1947 curatur:
1509 1889 1585 1945 Te
1662 1890 1924 1945 Jeremias

346 1990 654 2053 aspexerat,
695 1996 818 2037 cum
876 1981 1131 2036 dicebat:
1170 1997 1189 2032 ι
1246 1980 1451 2035 Βοηιιιιι
1495 1991 1579 2035 est
1627 1978 1924 2049 prmstolari

348 2088 465 2130 cum
497 2073 718 2129 silentio
744 2073 980 2127 salutare
1022 2071 1255 2126 Domini.
1287 2071 1492 2125 Bonum
1525 2078 1607 2125 est
1628 2072 1764 2135 viro,
1801 2082 1924 2124 cum

346 2166 642 2236 portaverit
683 2165 871 2234 jugum
947 2164 1014 2218 ab
1062 2162 1425 2217 adolescentia
1498 2178 1594 2218 sua
1643 2180 1657 2216 :
1718 2158 1928 2216 sedebit

346 2255 649 2317 solitarius,
699 2261 755 2308 et
804 2252 1041 2315 tacebit,
1101 2252 1228 2320 quia
1278 2252 1478 2307 levabit
1545 2266 1625 2308 se'
1663 2266 1827 2321 super
1867 2264 1927 2305 se

351 2343 557 2408 (Thuri.
580 2344 686 2413 ιιι).
729 2360 749 2394 ι
786 2342 1070 2397 Habitator
1095 2344 1295 2397 etenim
1338 2352 1463 2397 tuus
1486 2343 1660 2397 elevat
1683 2358 1743 2397 se
1766 2357 1932 2411 super

346 2449 421 2501 se,
445 2436 573 2503 quia
607 2434 777 2488 Deum
818 2433 1062 2487 esuriens
1092 2434 1270 2486 anima
1307 2449 1338 2486 a
1375 2441 1712 2488 terrenarum
1762 2448 1821 2488 se
1847 2449 1929 2487 re-

349 2541 461 2579 rum
494 2524 775 2578 obtutibus
803 2523 985 2592 erigit,
1008 2532 1073 2595 ,ει
1104 2524 1157 2577 in
1190 2525 1387 2578 divinae
1425 2540 1484 2578 se
1517 2523 1927 2593 contemplatio-

350 2616 429 2670 nis
458 2630 587 2669 arce
617 2611 922 2683 snspendit,
958 2628 987 2668 a
1026 2614 1206 2669 mundi
1250 2630 1309 2671 se
1331 2617 1632 2671 actionibus
1660 2626 1926 2685 segregat,

350 2715 507 2774 atque
536 2720 595 2757 se
625 2704 677 2757 in
715 2702 879 2757 altum
903 2703 1142 2758 caelestis
1182 2704 1437 2759 desiderii
1486 2704 1680 2773 pennis
1719 2704 1879 2758 librat
1909 2720 1925 2769 ;

349 2810 578 2863 cumque
631 2794 803 2858 illum,
866 2794 960 2863 qui
1021 2802 1103 2848 est
1154 2808 1315 2864 super
1355 2794 1579 2860 omnia,
1618 2794 1931 2864 conspicere

349 2885 582 2955 satagit,
643 2884 992 2953 semetipsum
1049 2899 1263 2952 quoque
1331 2885 1492 2939 homo
1546 2900 1667 2939 cum
1723 2885 1929 2955 reliqua

348 2974 635 3027 mundanae
660 2972 817 3026 vallis
844 2970 1144 3038 dejectione
1173 2974 1526 3028 transcendit.
1560 2973 1604 3028 Ο
1651 2974 1785 3028 cella
1816 2974 1929 3044 spi-

350 3065 543 3119 rituale
568 3078 797 3134 prorsus
820 3064 1211 3129 habitaculum,
1239 3080 1360 3135 qua:
1388 3066 1453 3120 de
1483 3066 1731 3135 superbis
1756 3066 1929 3119 humi-

2026 1888 2132 1940 lum
2163 1883 2441 1955 punicum.
2475 1881 2626 1935 Licet
2651 1879 2793 1933 enim
2821 1876 3183 1932 nescientibus
3201 1888 3389 1929 amara
3412 1873 3593 1926 videa—

2026 1976 2103 2029 ris
2132 1973 2185 2027 in
2228 1970 2452 2034 cortice,
2495 1969 2589 2024 sed
2633 1978 2888 2037 magnum
2932 1972 3035 2031 est,
3074 1964 3221 2033 quod
3280 1962 3607 2016 intrinsecus

2028 2065 2178 2127 latet,
2211 2074 2334 2118 cum
2355 2068 2675 2130 perventum
2707 2056 2873 2112 fuerit
2894 2054 2961 2110 ad
2995 2054 3317 2110 suavitatem
3339 2050 3602 2107 medullae.

2026 2156 2073 2213 Ο
2118 2164 2334 2210 eremus
2372 2151 2562 2206 mundi
2613 2148 2989 2221 perscquentis
3041 2144 3313 2215 eil‘ugium,
3362 2144 3611 2198 laboran-

2028 2246 2165 2301 tium
2194 2244 2370 2313 quies,
2404 2240 2750 2297 maerentium
2789 2236 3109 2299 consolatio,
3149 2237 3216 2289 ab
3245 2242 3380 2288 aestu
3422 2232 3606 2287 saeculi

2032 2335 2394 2405 refrigerium,
2472 2331 2730 2403 peccandi
2786 2329 3091 2400 repudium,
3142 2325 3365 2381 libertas
3394 2326 3606 2379 anima-

2028 2427 2189 2481 rum!
2216 2423 2291 2479 Te
2326 2423 2495 2479 David
2534 2422 2712 2492 petiit,
2746 2434 2868 2473 cum
2896 2419 3082 2472 mundi
3129 2416 3269 2472 mala
3302 2415 3604 2485 perferret;

2029 2523 2083 2570 et
2117 2530 2235 2569 cum
2266 2513 2437 2567 timidi
2473 2520 2529 2565 et
2587 2508 2855 2564 tenebrosi
2898 2508 3080 2564 cordis
3114 2508 3329 2562 taedium
3372 2506 3611 2559 sustine-

2031 2613 2113 2660 ret
2141 2620 2156 2658 :
2184 2621 2201 2656 ι
2233 2598 2389 2663 Ecce,
2441 2602 2637 2670 inquit,
2672 2599 2913 2669 elongavi
2982 2597 3213 2666 fugiens,
3239 2605 3295 2651 et
3322 2595 3496 2650 mansi
3546 2595 3602 2648 in

2031 2694 2322 2751 solitudine
2356 2690 2529 2760 (Psal.
2568 2689 2700 2761 LIV).
2738 2705 2757 2742 ι

2100 2786 2169 2841 Ει
2193 2785 2321 2854 quid
2349 2782 2485 2837 alios
2512 2779 2845 2836 memorem?
2886 2772 3331 2844 Quandoquidem
3365 2774 3480 2843 ipse
3507 2770 3611 2827 Re-

2031 2877 2280 2946 demptor
2308 2872 2587 2928 hominum
2634 2869 2690 2925 in
2733 2868 2960 2924 exordio
2990 2876 3042 2921 te
3070 2880 3183 2921 suae
3211 2864 3608 2918 manifestatio-

2031 2967 2117 3022 nis
2138 2965 2393 3029 invisere,
2437 2976 2498 3016 ac
2526 2960 2742 3031 propria
2771 2967 2825 3014 te
2865 2958 3119 3028 dignatus
3156 2963 3243 3010 est
3273 2954 3610 3009 habitatione

2030 3072 2272 3114 sacrare.
2319 3055 2620 3125 Postquam
2666 3052 2810 3107 enim
2854 3047 3194 3119 baptismatis
3241 3061 3456 3114 aquam,
3504 3059 3610 3114 qua

346 3154 447 3219 les,
470 3155 539 3209 de
558 3116 776 3225 gulosis
820 3153 1055 3218 sobrios,
1091 3155 1158 3209 de
1199 3116 1510 3210 c:udelibus
1538 3116 1676 3225 pios,
1724 3154 1789 3208 de
1814 3153 1926 3207 ira-
1953 3116 1998 3177 Ο
2030 3149 2172 3204 lotus
2195 3155 2297 3213 est,
2330 3116 2487 3209 lavit,
2524 3153 2582 3198 ut
2607 3116 2951 3213 Evangelista
2995 3147 3243 3202 testatur,
3281 3136 3462 3191 statim
3502 3136 3615 3204 spi-

348 3244 540 3299 cnndis
563 3245 742 3305 miles,
773 3245 839 3299 de
867 3245 1070 3299 odiosis
1093 3245 1275 3299 reddis
1306 3246 1358 3299 in
1400 3244 1638 3299 fraterna
1662 3244 1927 3297 charitale

348 3333 661 3389 ferventes!
697 3328 777 3389 Tn
804 3337 993 3389 otiosa
1021 3328 1215 3406 lingua:
1256 3329 1497 3397 frenum,
1532 3345 1585 3389 ιιι
1635 3334 1927 3390 luxuriosis

349 3425 568 3480 renibus
591 3424 773 3479 nitidae
794 3425 1067 3480 castitatis
1092 3425 1315 3479 adhibes
1344 3424 1636 3494 cingulum.
1672 3420 1749 3477 Tn
1794 3420 1928 3477 facis

347 3525 408 3569 ut
434 3515 584 3569 leves
621 3516 821 3584 quique
871 3517 939 3569 ad
992 3515 1312 3585 gravitatem
1352 3516 1596 3579 redeant,
1655 3524 1713 3569 ut
1754 3513 1925 3583 jocosi

349 3605 766 3660 scurrilitatibus
803 3613 1046 3675 parcant,
1082 3613 1143 3659 ut
1169 3604 1444 3675 vaniloqui
1491 3619 1552 3659 se
1596 3603 1696 3659 sub
1742 3604 1930 3659 distrio

350 3701 432 3748 cta
457 3692 660 3747 silentii
687 3708 912 3748 censura
943 3694 1336 3761 constringant.
1364 3693 1445 3748 Tu
1474 3692 1805 3763 jejuniorum
1862 3708 1928 3749 ac

350 3779 656 3855 vigiliarum
678 3782 880 3847 nutrix,
908 3789 963 3836 tu
994 3782 1269 3853 patientiae
1294 3790 1496 3846 custos,
1536 3791 1591 3837 ιιι
1620 3783 1929 3852 purissimae

351 3874 716 3942 simplicitatis
742 3873 1019 3943 magistra,
1066 3888 1131 3928 ac
1170 3873 1391 3929 omnino
1433 3873 1789 3928 fraudulentas
1832 3872 1927 3927 du-

350 3964 607 4034 plicitatis
637 3965 843 4034 ignara.
876 3962 957 4017 Ttt
998 3963 1132 4019 facis
1174 3970 1234 4018 ut
1259 3976 1425 4034 vagos
1464 3974 1705 4032 quosque
1730 3960 1929 4018 Christi

353 4064 540 4108 catena
576 4061 846 4119 coerceat,
880 4061 937 4108 ut
982 4053 1363 4124 indiscipiinati
1408 4052 1650 4107 moribus
1678 4067 1708 4106 a
1747 4067 1844 4107 sua
1871 4068 1931 4108 se

352 4144 615 4213 pravitate
665 4152 1033 4212 compescant.
1079 4141 1157 4195 Tu
1190 4142 1330 4196 nosti
1372 4140 1618 4195 homines
1650 4140 1718 4195 ad
1756 4139 1933 4211 perfe-

354 4234 550 4287 ctionis
577 4232 790 4287 culmen
822 4233 1079 4296 evehere,
1110 4239 1270 4301 atque
1292 4232 1357 4285 ad
1394 4238 1784 4285 consummata
1803 4245 1930 4285 san-

353 4321 554 4375 ctitatis
579 4320 853 4391 fastigium
879 4320 1198 4373 sublimare.
1246 4317 1324 4372 Tu
1373 4319 1508 4373 facis
1551 4328 1609 4371 ut
1655 4317 1817 4373 homo
1862 4317 1934 4373 sit

354 4420 496 4466 teres
550 4420 712 4481 atque
750 4411 1035 4473 rotundus,
1068 4426 1131 4464 ac
1179 4409 1321 4463 nulla
1364 4409 1654 4477 semetipso
1682 4410 1753 4463 sit
1799 4411 1932 4464 inm-
1961 4450 2013 4509 υ

357 4505 615 4574 qualitate
640 4505 908 4558 diversus.
940 4503 1021 4557 Tu
1042 4504 1202 4556 etiam
1235 4503 1505 4556 hominem
1538 4501 1674 4555 facis
1700 4501 1930 4570 lapidem

362 4595 652 4661 quadrum,
686 4592 1069 4647 construendis
1094 4591 1350 4646 videlicet
1373 4590 1610 4646 cmlestis
1634 4587 1931 4644 Jerusalem

356 4684 621 4737 moenibus
643 4690 865 4750 aptum:
897 4681 988 4750 qui
1020 4677 1275 4734 nimirum
1301 4695 1407 4733 non
1448 4693 1517 4734 ex
1556 4678 1778 4733 levitate
1811 4688 1928 4731 mo-

356 4786 473 4824 rum
503 4784 563 4825 se
602 4771 913 4826 versatilem
964 4771 1224 4839 praebeat,
1282 4771 1375 4825 sed
1418 4768 1558 4824 fixus
1604 4783 1821 4838 semper
1873 4768 1927 4821 in

355 4874 557 4919 sancte
592 4864 869 4934 religionis
895 4864 1163 4932 gravitate
1194 4862 1467 4932 persistat.
1496 4861 1575 4915 Tu
1627 4861 1872 4916 homines
1897 4872 1926 4913 a

355 4952 659 5021 semetipsis
678 4958 968 5006 extraneos
1003 4952 1205 5013 reddis,
1234 4960 1288 5005 et
1309 4960 1434 5005 vasa
1457 4949 1712 5004 vitiorum
1739 4948 1931 5003 ﬂorere

354 5043 646 5098 virtutibus
691 5041 847 5096 facis.
883 5041 965 5096 Tn
999 5043 1173 5113 nigra,
1221 5041 1315 5095 sed
1361 5040 1617 5103 formosa,
1662 5039 1804 5092 sicut
1853 5046 1931 5090 ta-

360 5130 643 5185 bernacula
689 5130 887 5195 Cedar,
930 5130 1075 5184 sicut
1101 5129 1257 5199 pellis
1286 5128 1613 5182 Salomonis.
1657 5127 1737 5180 Tu
1786 5126 1933 5180 lavas

358 5234 507 5275 crum
547 5228 849 5275 tonsarum.
880 5219 958 5273 Tu
984 5220 1127 5275 sicut
1163 5220 1369 5289 piscina
1402 5218 1455 5273 in
1486 5217 1753 5272 liesebOn.
1779 5212 1930 5273 Oculi

362 5313 435 5365 tui
474 5313 616 5367 sicut
644 5312 911 5367 columbas
949 5324 1111 5380 super
1138 5311 1280 5364 rivos
1309 5320 1595 5377 aquarum,
1645 5320 1766 5379 quae
1795 5305 1933 5362 lacte

362 5410 489 5456 sunt
536 5403 686 5468 lotae,
748 5411 805 5457 et
870 5402 1109 5456 resident
1152 5401 1305 5469 juxta
1361 5400 1555 5454 ﬂuenta
1621 5398 1929 5468 plenissima

360 5492 535 5564 (Cant.
576 5512 621 5561 ι,
647 5509 723 5560 ιν,
753 5508 809 5562 v,
837 5496 955 5563 vn).
1005 5494 1082 5547 Ttt
1139 5503 1370 5561 namque
1412 5505 1471 5546 es
1511 5492 1784 5560 speculum
1824 5490 1936 5543 aui.

362 5600 592 5653 marum,
620 5588 715 5642 ubi
742 5602 803 5642 se
830 5601 982 5642 mens
1014 5584 1245 5639 humana
1285 5582 1672 5652 perspicaciter
1696 5582 1931 5644 intuens,

362 5676 502 5742 quod
548 5674 857 5740 minusest,
900 5672 1152 5743 impleat;
1203 5671 1346 5740 quod
1386 5669 1712 5739 superﬂuum
1762 5668 1932 5735 repri-

2028 3238 2164 3292 ritus
2191 3235 2397 3305 expulit
2425 3249 2549 3289 eum
2584 3233 2637 3286 in
2663 3234 2935 3286 desertum
2975 3245 2990 3281 :
3021 3245 3040 3279 ι
3070 3226 3136 3281 Ει
3162 3234 3282 3280 erat
3309 3226 3360 3279 in
3397 3225 3613 3278 deserto

2027 3327 2381 3399 Quadraginta
2438 3322 2649 3387 diebus,
2695 3329 2750 3376 et
2803 3314 3158 3390 quadraginta
3214 3313 3507 3369 noctibus:
3552 3319 3611 3365 et

2028 3419 2338 3476 tentabatur
2368 3432 2396 3471 a
2427 3426 2636 3478 satana,
2664 3419 2886 3478 eratque
2921 3423 3043 3464 cum
3066 3405 3250 3461 bestiis
3276 3403 3468 3473 (Marc.
3502 3400 3563 3471 l).
3584 3420 3605 3453 ι

2028 3511 2331 3567 Debitorem
2356 3521 2485 3578 ergo
2511 3503 2694 3560 se-tibi
2721 3500 2951 3556 mundus
2981 3503 3258 3568 agnoscat,
3287 3493 3427 3547 unde
3467 3506 3606 3561 prae-

2031 3604 2378 3665 dicaturum,
2435 3614 2500 3652 ac
2553 3593 2811 3650 miracula
2865 3590 3131 3645 facturum
3200 3584 3500 3654 suscepisse
3552 3598 3615 3636 se
3682 3578 3683 3583 “

2030 3692 2194 3746 Deum
2225 3705 2327 3745 non
2368 3689 2601 3759 ignorat.
2634 3684 2678 3740 Ο
2716 3697 2930 3738 eremus
2964 3677 3205 3735 terribile
3230 3674 3477 3746 malignis
3501 3673 3612 3741 spi-

2030 3782 2225 3838 ritibus
2257 3777 2658 3835 babitaculuml
2702 3774 2792 3830 ubi
2822 3770 2972 3828 cella:
3016 3768 3425 3828 monachorum,
3466 3763 3615 3818 velut

2031 3873 2258 3928 tentoria
2304 3870 2552 3924 ordinata
2591 3874 2917 3925 castrorum,
2971 3862 3126 3929 quasi
3174 3867 3321 3910 tures
3372 3855 3525 3915 Sion,
3558 3861 3613 3906 et

2030 3960 2182 4033 quasi
2226 3953 2623 4031 propugnacula
2670 3951 2971 4007 Jerusalem
3025 3947 3311 4016 eriguntur
3348 3945 3605 3998 adversus

2028 4030 2280 4123 Assyrios
2337 4055 2392 4102 et
2435 4056 2623 4100 contra
2662 4041 2853 4096 faciem
2887 4034 3175 4099 Damasci;
3234 4033 3340 4086 imo
3388 4047 3509 4085 cum
3554 4030 3607 4082 in

2030 4118 2230 4197 eisdem
2258 4137 2463 4191 cellulis
2492 4146 2601 4187 uno
2629 4130 2820 4200 spiritu
2868 4127 3081 4182 diversa
3126 4128 3382 4192 gerantur
3408 4118 3606 4181 cilicia,

2033 4232 2157 4285 dum
2183 4226 2435 4282 videlicet
2473 4224 2560 4277 hic
2592 4219 2854 4291 psallitur,
2879 4216 2988 4270 illic
3027 4220 3235 4275 oratur,
3267 4210 3317 4263 in
3350 4209 3452 4263 alia
3479 4208 3611 4262 scri-

2031 4323 2196 4385 bitur,
2230 4320 2283 4387 in
2306 4318 2427 4374 aliis
2448 4328 2576 4372 vero
2604 4309 2770 4368 variis
2810 4322 3067 4365 manuum
3107 4304 3359 4375 Operibus
3389 4300 3609 4355 insuda-

2038 4424 2153 4481 tur;
2182 4412 2303 4483 quis
2326 4426 2431 4465 non
2456 4409 2567 4462 haec
2593 4404 2773 4459 divina
2799 4403 2960 4456 verba
3001 4411 3183 4450 eremo
3210 4405 3504 4459 congruere
3535 4390 3612 4443 vi-

2034 4479 2402 4572 deat,i|tiibtts
2445 4498 2682 4552 dicitur:
2725 4513 2743 4545 ι
2798 4493 2969 4559 Quam
3014 4488 3235 4558 pulchra
3266 4479 3610 4539 tabernacula

2036 4589 2335 4653 tuaJacob.
2365 4586 2593 4641 tentoria
2624 4579 2903 4642 tua.lsrael
2938 4596 2951 4631 :
2998 4585 3058 4631 ut
3089 4574 3248 4629 valles
3291 4586 3610 4633 numerosae,

2030 4689 2091 4735 ut
2121 4681 2262 4734 horti
2300 4676 2453 4746 iuxta
2499 4672 2692 4729 ﬂuvios
2739 4668 2950 4738 irrigui,
3001 4675 3061 4720 ut
3092 4663 3459 4722 tabernacula,
3491 4674 3616 4729 qua:

2030 4770 2150 4825 ﬁxit
2175 4769 2349 4833 Deus,
2374 4764 2529 4835 quasi
2553 4762 2699 4817 cedri
2725 4772 2889 4829 prope
2924 4758 3126 4825 aquas!
3160 4768 3179 4805 ι
3215 4750 3611 4839 (Ναηιίιιιιν.)

2033 4859 2100 4914 Ει
2127 4856 2253 4926 quid
2283 4855 2511 4922 amplius
2539 4852 2605 4905 de
2635 4858 2686 4903 te
2715 4848 2915 4906 dicam,
2945 4859 2979 4896 ο
3025 4845 3133 4896 vita
3176 4840 3476 4903 eremitica,
3501 4839 3610 4891 vita

2032 4948 2339 5010 benedicta,
2380 4942 2696 4998 viridarium
2734 4938 3062 4999 animarum,
3109 4933 3217 4988 vita
3260 4938 3469 4996 sancta,
3501 4929 3609 4983 vita

2034 5038 2296 5111 angelica,
2322 5036 2519 5091 exedra
2559 5042 2897 5102 gemmarum
2922 5024 3246 5090 cmlestium,
3271 5023 3421 5078 curia
3451 5020 3612 5091 spiris

2033 5128 2255 5184 tualium
2283 5122 2635 5181 senatorum!
2668 5120 2815 5175 Odor
2861 5125 2988 5171 tuus
3030 5122 3346 5169 cunctorum
3396 5122 3606 5164 aroma-

2035 5228 2146 5273 tutn
2173 5214 2523 5286 fragrantiam
2577 5218 2815 5279 superat,
2866 5220 3026 5275 sapor
3076 5214 3202 5259 tuus
3243 5216 3405 5270 super
3432 5199 3606 5254 distil‘

2033 5307 2207 5362 iantes
2234 5305 2404 5367 favos,
2443 5316 2605 5372 super
2640 5299 2818 5355 omnia
2884 5294 3040 5351 mella
3095 5300 3277 5363 guttur
3327 5289 3612 5344 illutninati

2039 5399 2221 5454 cordis
2244 5395 2500 5452 obdnlcat
2530 5409 2545 5448 :
2582 5401 2742 5461 atque
2764 5389 2904 5457 _ideo
2950 5384 3205 5456 quidquid
3241 5390 3341 5443 est,
3373 5380 3514 5450 quod
3544 5380 3617 5433 de

2040 5499 2093 5543 te
2163 5489 2385 5550 dicitur,
2437 5484 2715 5555 dignitatis
2768 5489 2872 5532 tuae
2931 5474 3139 5530 meritis
3177 5487 3281 5527 non
3325 5480 3612 5541 aequatur;

2038 5579 2165 5647 quia
2220 5576 2399 5646 lingua
2449 5573 2631 5628 carnis
2687 5568 2996 5623 nullatenus
3044 5564 3346 5634 exprimere
3392 5560 3615 5624 sumes},

1983 5696 1998 5716 ο
2039 5668 2179 5737 quod
2212 5668 2277 5721 de
2309 5673 2362 5720 te
2406 5664 2629 5733 spiritus
2675 5657 3018 5715 invisibiliter
3044 5657 3251 5722 sentit,
3290 5663 3345 5711 et
3388 5656 3528 5726 quod
3556 5665 3621 5708 tus
