3996 6184
312 270 412 325 25!

315 484 590 540 nunquam
634 484 771 540 pene
802 469 1058 538 explicuit
1094 468 1378 538 corporale
1420 484 1680 539 organum
1721 468 1891 523 vocis.

314 559 394 613 llli
434 568 485 613 te
512 566 799 623 noverunt,
835 559 925 626 qui
964 567 1014 611 te
1057 558 1323 627 diligunt:
1366 558 1441 613 illi
1482 560 1748 628 praeconia
1792 568 1898 612 tua:

314 648 489 702 laudis
517 656 833 717 agnoscunt,
876 647 966 715 qui
997 646 1052 701 in
1085 648 1160 701 tui
1191 648 1392 704 amoris
1436 648 1775 717 amplexibus
1803 648 1897 702 de-

317 740 646 796 lectabiliter
686 740 1053 808 requiescunt.

385 831 651 885 Caeterum
680 830 769 898 qui
794 830 895 883 hoc
923 830 1167 900 ignorant
1228 844 1333 885 non
1360 829 1652 898 praevalent
1691 845 1895 900 cogno-

315 934 467 974 scere
497 928 579 985 te;
632 933 720 972 me
762 919 926 973 etiam
959 917 1310 973 nihilominus
1358 928 1462 973 tua).
1507 919 1684 973 laudis
1720 920 1895 987 impa-

312 1024 429 1065 rem
457 1007 652 1072 fateor,
685 1008 778 1062 sed
809 1023 974 1062 unum
1015 1023 1113 1076 pro
1142 1015 1293 1064 certo
1340 1009 1475 1074 scio,
1521 1022 1555 1062 o
1581 1009 1691 1062 vita
1730 1009 1898 1063 bene-

313 1100 475 1163 dicta,
504 1099 645 1168 quod
676 1098 743 1153 de
772 1106 824 1152 te
868 1098 1237 1152 indubitanter
1283 1097 1533 1152 aﬁlrmo:
1567 1099 1694 1167 quia
1740 1097 1895 1167 quisa

313 1191 437 1260 quis
461 1191 512 1244 in
546 1189 748 1244 amoris
778 1188 853 1242 tui
893 1189 1163 1243 desiderio
1210 1204 1563 1258 perseverare
1607 1187 1890 1250 studuerit,

314 1283 430 1353 ipse
458 1283 674 1354 quidem
699 1285 972 1339 habitator
998 1295 1085 1340 est
1111 1294 1256 1348 tuus,
1292 1286 1384 1339 sed
1417 1282 1533 1351 ejus
1561 1283 1897 1338 inhabitator

312 1384 397 1428 est
422 1375 585 1429 Deus.
621 1376 875 1430 Diabolus
908 1376 983 1430 illi
1017 1377 1128 1433 suis
1155 1377 1543 1431 'mtationibus
1586 1377 1774 1440 servit,
1812 1385 1896 1429 at-

311 1483 418 1538 que
448 1469 572 1525 illuc
612 1485 734 1525 eum
770 1471 1011 1536 tendere,
1042 1475 1184 1526 unde
1230 1473 1345 1542 ipse
1376 1471 1617 1540 deiectus
1662 1482 1768 1538 est,
1805 1488 1897 1544 ge-

312 1558 431 1611 mit.
462 1560 645 1614 Victor
673 1560 853 1629 itaque
892 1562 1214 1625 daemonum,
1246 1563 1425 1617 socius
1466 1563 1699 1619 eﬂicitur
1731 1580 1896 1635 ange-

310 1646 516 1714 lorum;
547 1650 671 1705 exul
713 1651 925 1717 mundi,
956 1653 1131 1706 hazres
1175 1661 1262 1707 est
1300 1652 1567 1721 paradisi;
1603 1655 1897 1725 abnegator

772 269 831 326 S.
870 269 1076 326 PETRI
1110 270 1399 326 DAMIANI
1432 268 1581 327 OPP.
1626 268 1862 327 TOMUS
1901 270 2031 328 SEU
2067 268 2245 325 PARS
2284 270 2368 326 lli.
2404 299 2477 311 —-
2513 268 2875 327 OPUSCULA
2914 269 3142 326 VARIA.

228 410 231 413 ι
314 382 462 452 sapis
489 380 545 435 in
577 380 824 436 interiori
850 389 1031 449 gustu,
1084 389 1247 447 atque
1298 380 1353 433 in
1402 378 1635 433 medulla
1686 378 1888 442 cordis,
1917 387 1964 443 Α
1993 395 2114 434 nem
2157 379 2394 435 fraterna
2424 379 2664 450 pulsatus
2700 379 3050 449 inquisitione
3080 382 3359 450 proposui,
3389 383 3481 437 sed
3518 394 3575 439 et

3463 274 3572 329 252

1998 470 2112 539 ipse
2157 470 2372 525 interim
2409 486 2515 524 non
2546 470 2726 524 distuli
2773 470 3015 540 proferre
3049 473 3191 540 quod
3243 475 3386 527 sensi
3420 493 3432 528 :
3464 492 3573 529 non

1995 560 2248 614 videlicet
2278 570 2336 614 ut
2364 560 2501 615 alios
2542 569 2757 629 arrepta
2794 561 3030 615 doctoris
3064 563 3385 617 auctoritate
3411 563 3573 617 doce-

1996 665 2133 714 rem,
2157 652 2249 705 sed
2278 651 2372 704 tibi
2403 650 2605 720 potius,
2654 666 2773 719 qua:
2805 652 3088 720 imperitiae
3119 668 3251 706 meae
3285 653 3575 709 haberetur

1995 741 2198 808 opinio,
2227 742 2508 797 evidenter
2536 755 2863 810 exponerem
2892 758 2906 807 ;
2965 750 3127 810 atque
3165 743 3287 797 ideo
3315 744 3575 813 quidquid

1995 839 2080 884 est
2117 831 2415 899 praelibatis
2460 832 2919 900 disputationibus
2958 831 3427 901 comprehensum,
3464 851 3574 889 non

1999 927 2107 971 tam
2148 918 2308 990 242
2354 920 2729 975 assertationis
2772 919 2972 983 studio,
3023 934 3184 987 quam
3211 921 3311 973 sub
3339 922 3573 989 quadam

1997 1008 2071 1060 tui
2108 1009 2375 1062 examinis
2397 1018 2480 1063 est
2506 1009 2859 1076 suspensione
2896 1008 3186 1076 prolatum,
3215 1023 3314 1062 nec
3339 1018 3423 1061 est
3445 1010 3577 1063 deﬁ-

1996 1099 2162 1152 nitiva
2185 1098 2477 1162 sententia,
2500 1099 2596 1153 sed
2620 1099 2937 1168 disceptatio
2964 1099 3264 1152 rationibus
3291 1099 3571 1154 ventilata.

1997 1190 2361 1260 Quapropter,
2395 1192 2738 1256 charissime,
2786 1194 3055 1255 omnibus,
3100 1208 3220 1262 quae
3248 1209 3277 1247 a
3303 1195 3457 1249 nobis
3498 1205 3577 1249 ut-

2002 1293 2217 1347 cunque
2260 1280 2465 1349 digesta
2521 1288 2668 1346 sunt,
2721 1280 3013 1350 diligenter
3062 1280 3352 1350 inspectis,
3403 1283 3486 1336 vel
3530 1284 3575 1337 si

1995 1383 2160 1439 prave
2192 1379 2515 1439 praesumpta
2551 1378 2696 1434 sunt,
2741 1369 3061 1438 superducta
3108 1370 3366 1423 novacula
3403 1373 3574 1439 proti-

1996 1474 2099 1514 nus
2123 1459 2387 1514 audenter
2413 1458 2664 1513 oblittera
2692 1477 2706 1513 :
2731 1467 2825 1512 aut
2851 1459 2896 1513 si
2938 1459 3044 1512 tuis
3091 1458 3321 1513 fortasse
3367 1461 3574 1514 meritis

1996 1566 2146 1606 sanae
2188 1552 2448 1605 doctrina:
2492 1559 2619 1605 sunt
2660 1565 2916 1621 congrua,
2962 1550 3192 1619 propria:
3237 1550 3575 1604 auctoritatis

1998 1643 2185 1714 vigore
2231 1642 2517 1697 conﬁrma.
2570 1641 2723 1696 Potui
2772 1642 2988 1712 quidem
3039 1657 3158 1710 qua:
3212 1641 3373 1696 latius
3426 1642 3570 1695 dicta

313 1738 424 1799 sui,
462 1746 698 1793 sectator
721 1748 803 1794 est
845 1739 1071 1795 Christi.
1105 1739 1171 1794 Et
1201 1742 1295 1810 qui
1342 1757 1485 1796 nunc
1525 1757 1623 1812 per
1649 1742 1768 1811 ejus
1798 1758 1893 1797 ve-
1924 1751 1970 1811 Β
1997 1744 2146 1800 sunt,
2205 1735 2424 1790 brevius
2472 1734 2959 1804 comprehendere;
3012 1735 3106 1789 sed
3155 1734 3328 1797 libuit,
3379 1733 3571 1799 fateor,

312 1830 470 1897 stigia
525 1829 811 1900 graditur,
884 1840 1105 1899 peracto
1159 1847 1325 1887 cursu
1356 1872 1372 1896 ,
1433 1833 1553 1889 sine
1607 1834 1771 1889 dubio
1824 1834 1892 1890 ad

311 1917 468 1990 24],
520 1920 797 1975 societatis
850 1920 967 1988 ejus
1020 1921 1247 1990 gloriam
1310 1923 1674 1992 provehetur:
1703 1934 1888 1992 atque,

312 2016 373 2072 ut
404 2009 631 2078 idipsum
684 2008 911 2064 ﬁdenter
959 2010 1168 2077 dicam,
1222 2011 1316 2080 qui
1366 2011 1698 2081 singularem
1747 2012 1889 2067 hanc

310 2097 477 2151 vitam
520 2113 691 2167 usque
717 2099 783 2153 ad
818 2099 977 2153 ﬁnem
1025 2100 1149 2154 vine
1188 2115 1301 2155 sua;
1338 2116 1438 2170 pro
1474 2101 1656 2157 divino
1706 2115 1894 2158 amore

314 2190 571 2252 tenuerit,
609 2188 676 2244 de
702 2190 1014 2245 habilaculo
1052 2193 1232 2247 carnis
1257 2207 1533 2263 egressus,
1568 2192 1636 2246 ad
1663 2192 1896 2247 aediﬁca-

312 2279 515 2334 tionem
559 2279 883 2337 ineffabilem
930 2285 1232 2352 perveniet,
1275 2285 1495 2339 domum
1546 2299 1655 2339 non
1700 2300 1894 2339 manu-

310 2369 533 2437 factam,
563 2381 823 2428 aeternam
848 2374 901 2427 in
932 2374 1109 2429 cmlis.
1636 2384 1639 2387 ’

902 2465 1131 2522 CAPUT
1170 2465 1289 2521 XX.

312 2551 564 2609 Clausula
619 2557 989 2627 disputationis
1030 2575 1127 2681 per!
1163 2560 1508 2629 apostrophen
1549 2560 1619 2613 ad
1669 2558 1891 2613 Leonem

949 2646 1107 2681 ereim
1133 2646 1240 2681 um.

949 2646 1240 2682 eremttum.

378 2718 537 2785 Ecce,
572 2718 737 2776 Pater
760 2721 1101 2787 charissime,
1149 2721 1465 2776 solvendam
1499 2721 1595 2775 tibi
1638 2720 1892 2789 quaestio-

1999 1833 2227 1895 accepta
2258 1825 2546 1879 occasione
2582 1834 2685 1879 tua:
2713 1824 3005 1879 dulcedinis
3049 1824 3339 1893 alloquium
3388 1836 3573 1894 prote-

1994 1915 2134 1971 lare.
2183 1915 2444 1971 Libenter
2488 1916 2632 1970 enim
2683 1924 2984 1970 aromatum
3012 1916 3098 1969 diu
3129 1915 3333 1985 species
3360 1916 3571 1982 teritur,

1997 2009 2303 2079 praesertim
2329 2009 2372 2063 si
2395 2017 2452 2063 et
2474 2008 2618 2063 illius
2634 2010 2769 2064 odor
2788 2009 2970 2064 suavis
2993 2017 3077 2063 est
3098 2009 3183 2064 cui
3214 2009 3571 2065 ministerium

1997 2099 2305 2155 exhibetur.

2074 2210 2431 2280 Omnipotens
2470 2213 2612 2267 Deus
2642 2226 2799 2267 servo
2828 2227 2926 2268 suo
2954 2211 3122 2267 Leoni
3160 2212 3369 2267 occulta
3402 2211 3573 2282 inspi-

1998 2303 2210 2357 ratione
2245 2304 2551 2373 praecipiat,
2593 2314 2651 2357 ut
2679 2319 2776 2372 pro
2801 2319 2887 2357 me
2908 2306 3106 2358 misero
3134 2313 3256 2359 tres'
3269 2319 3365 2373 per
3388 2304 3573 2376 singu-

1995 2390 2078 2448 los
2098 2392 2213 2447 dies
2239 2393 2357 2449 sive
2392 2393 2684 2463 lacrymas,
2712 2393 2828 2447 sive
2848 2392 3080 2462 gemitus
3106 2392 3310 2446 fundat.

2336 2544 2419 2599 Sit
2452 2560 2635 2599 nomen
2666 2542 2876 2597 Domini
2905 2543 3245 2597 benedictum.

767 2978 1117 3109 “3'23”
1200 2970 1891 3168 OPUSCULI

1994 3056 2047 3165 ’l
2129 3054 3114 3169 DUODECIMUM.

530 3274 1155 3339 APOLOGETICUM
1197 3277 1304 3337 DE
1343 3275 1829 3340 CONTEMPTU
1871 3276 2197 3340 SECULI.
2244 3278 2355 3341 AD
2400 3276 2864 3340 ALBIZONEM
2909 3278 3337 3339 EREMITAM

1423 3378 1522 3438 ET
1566 3378 1891 3439 PETRUM
1934 3375 2413 3441 MONACHUM.

311 3680 707 3763 Anconam“.
754 3714 825 3726 —
853 3685 908 3740 ln
950 3687 1051 3763 hoc
1095 3688 1293 3763 libello
1315 3687 1677 3742 miserabilem
1721 3701 1818 3742 suo
1860 3696 2101 3763 tempore
2153 3689 2431 3763 religionis
2466 3694 2943 3763 statumiquotidie
2992 3695 3045 3750 in
3105 3693 3342 3749 deterius
3381 3694 3562 3763 prola-

382 3753 622 3834 bentem,
651 3755 720 3809 ob
746 3757 1058 3834 monastica),
1085 3759 1380 3834 disciplina;
1401 3766 1791 3834 contemptum,
1830 3753 2539 3834 omni'animicoﬁtentione
2570 3753 2832 3834 deplorat.
2861 3764 3137 3819 lnvehitur
3163 3764 3214 3817 in
3245 3753 3557 3830 monachos,

381 3825 473 3892 qui
496 3840 619 3905 cpm
649 3825 848 3905 mundo
877 3843 938 3905 se
965 3825 1915 3905 nuntium—remisisseproﬁteantur,
1939 3828 2431 3905 mundanistamen
2465 3825 2734 3894 ﬂuctibus,
2767 3842 2823 3905 et
2854 3835 3085 3905 negotiis
3120 3834 3313 3905 irretiti
3345 3825 3566 3887 teneanQ-

386 3904 491 3949 tur.
518 3896 773 3973 Queritur
802 3899 1063 3973 apud_eos
1093 3896 1656 3973 nulliusauctoritatjs
1681 3913 1803 3952 esse
1828 3897 1994 3973 leges,
2014 3910 2085 3973 et
2119 3898 2372 3973 instituta
2387 3899 2607 3973 Patrum
2630 3919 2653 3973 γε
2687 3903 2884 3972 quippe
2907 3896 3029 3958 c'um
3065 3903 3371 3973 pecuniam,
3397 3918 3559 3970 quam

382 3979 623 4019 seorsum
660 3965 857 4043 habere
883 3968 981 4022 sub
1013 3967 1617 4043 graviss_imi_sacrilegii
1669 3982 1824 4043 poma
1872 3965 2250 4043 prohibentur,
2296 3970 2435 4043 nihil
2465 3972 2639 4043 veriti
2681 3965 2872 4043 singuli
2907 3965 3234 4041 possideant,
3272 3983 3327 4027 et
3356 3965 3555 4043 passim

390 4035 979 4113 Qtizeraiit._lixaggerat
999 4035 1603 4113 eorumdemlevitatein
1625 4035 1679 4113 et
1704 4037 2139 4113 inconstantiam,
2166 4040 2307 4107 quod
2336 4055 2441 4113 non
2464 4040 2516 4113 in
2544 4041 2697 4103 cella,
2725 4035 2794 4096 ιιῖ
2810 4035 3028 4107 debent,
3051 4035 3403 4112 permaneant
3429 4060 3441 4094 :
3466 4042 3561 4095 sed

380 4106 588 4180 passim
616 4105 813 4173 ubique
859 4118 1174 4180 evagentur,
1219 4109 1360 4180 unde
1395 4107 1489 4161 ﬁat
1535 4117 1593 4160 nt
1629 4108 1681 4160 in
1715 4108 2033 4180 gravissima
2057 4105 2281 4180 peccata
2311 4110 2690 4180 prolabantur.
2728 4105 3363 4180 Detestatursuperbiam
3388 4122 3441 4164 et
3472 4127 3559 4163 are

381 4176 705 4249 rogantiam,
730 4176 874 4242 quod
905 4176 1162 4245 speciosis
1190 4179 1429 4249 vestibus
1459 4185 1699 4241 utantur,
1741 4178 1991 4249 quodque
2026 4177 2135 4230 sint
2164 4176 2436 4249 popularis
2472 4195 2617 4233 aura:
2652 4197 2746 4249 per
2769 4182 2946 4235 ﬁctam
2971 4176 3295 4249 probitatem
3332 4180 3559 4233 affecta-

381 4242 732 4320 tores.._'_l‘-um
779 4242 1033 4301 externas
1080 4247 1462 4320 occupationes
1509 4254 1563 4320 e_t
1608 4242 1948 4320 saecularium
2003 4242 2339 4320 negotiorum
2385 4249 2571 4311 moles,
2626 4242 2818 4320 quibus
2868 4266 2927 4304 se
2954 4242 3269 4320 implicant,
3300 4250 3559 4320 graphice

383 4311 662 4386 describit,
711 4323 767 4366 et
812 4324 937 4368 ante
974 4317 1158 4371 oculos
1188 4311 1358 4386 ponit.
1401 4313 1640 4367 Tandem
1671 4314 1958 4386 concludit
1997 4311 2215 4386 eosdem
2245 4318 2559 4380 obsecrans,
2594 4311 2657 4370 ιη’
2677 4318 2721 4370 si
2749 4334 2859 4373 suae
2887 4311 3078 4373 salutis
3109 4311 3549 4380 curamvhabent,

379 4384 599 4458 oumino
644 4396 702 4435 se
742 4397 774 4437 a
822 4386 1017 4440 saeculo
1072 4384 1415 4448 subtraham,
1464 4393 1519 4437 et
1559 4398 1618 4437 re
1666 4385 1814 4453 ipsa,
1863 4399 1970 4439 non
2013 4385 2372 4452 specietenus,
2421 4402 2479 4441 se
2524 4389 2723 4442 mundo
2768 4388 3049 4444 abdicasse
3089 4388 3342 4443 omnibus
3374 4388 3555 4458 palam

378 4448 600 4507 faciant.

828 4628 1054 4685 CAPUT
1091 4629 1379 4686 PRIMUM.

497 4714 746 4780 Queritur
767 4718 830 4772 de
856 4722 1157 4774 monastica:
1200 4720 1492 4789 discipline
1520 4717 1694 4789 lapsu.

382 4805 459 4860 De
507 4817 820 4877 contemptu
858 4811 1036 4864 saeculi
1078 4811 1254 4880 hujus,
1304 4811 1501 4867 fratres
1549 4812 1875 4875 charissimi,

310 4896 501 4952 Albizo
544 4899 797 4955 videlicet
849 4902 1175 4957 venerabilis
1223 4904 1473 4969 eremita,
1514 4914 1571 4958 et
1612 4902 1769 4959 Petre
1814 4903 1883 4959 de

313 4990 498 5042 mundi
525 4991 742 5044 rhetore
767 4991 875 5059 jam
900 4991 1102 5045 Christi
1143 4993 1478 5063 philosOphe,
1506 5010 1669 5062 saepe,
1701 5005 1759 5047 ut
1789 5010 1887 5048 no-

316 5078 440 5144 stis,
485 5078 738 5133 familiari
788 5080 1018 5149 quodam
1061 5082 1239 5135 studio
1272 5083 1546 5150 disputare
1575 5082 1739 5146 soliti,
1774 5092 1885 5141 tum

314 5169 381 5222 de
433 5180 619 5225 nostra
674 5171 912 5241 ipsorum
962 5171 1370 5239 imperfectione
1420 5171 1710 5233 doluimus,
1774 5178 1884 5224 tum

313 5257 474 5311 etiam
496 5259 560 5312 de
580 5258 852 5313 nonnullis
878 5258 1036 5323 huius
1066 5274 1236 5315 sacra;
1268 5259 1476 5313 militiae
1509 5258 1767 5312 fratribus
1792 5273 1888 5326 per

316 5350 543 5416 abrupta
596 5349 911 5418 vagantibus
950 5350 1232 5417 conquesti
1283 5364 1490 5403 sumus.
1540 5350 1621 5402 Ad
1673 5359 1879 5403 tantam

316 5437 509 5506 quippe
551 5437 734 5492 ﬁerem
782 5440 1021 5509 quotidie
1051 5448 1345 5510 semetipso
1384 5440 1624 5494 deterior
1652 5442 1883 5496 mundus

317 5526 422 5581 iste
460 5526 781 5593 devolvitur,
823 5539 882 5584 ut
920 5546 1025 5585 non
1065 5529 1238 5585 solum
1266 5529 1551 5601 cujuslibet
1571 5532 1685 5586 sive
1715 5548 1883 5586 smcu-

317 5620 470 5688 laris,
501 5621 613 5676 sive
635 5621 1014 5678 ecclesiastica:
1044 5622 1371 5679 conditionis
1394 5623 1529 5680 ordo
1552 5639 1580 5678 a
1608 5633 1754 5680 statu
1785 5640 1883 5681 suo

1915 4632 1960 4694 (ζ
1992 4623 2593 4695 collapsusjaceat,'sed
2619 4626 2781 4681 etiam
2810 4626 2924 4696 ipsa
2951 4628 3248 4683 monastica
3278 4628 3557 4697 disciplina

1992 4715 2288 4779 solotenus,
2320 4724 2375 4770 ut
2407 4717 2477 4769 ita
2504 4717 2752 4781 dixerim,
2793 4717 3070 4781 reclinata,
3119 4720 3188 4771 ab
3230 4728 3443 4771 assueta
3470 4718 3556 4771 illa

1988 4805 2328 4860 celsitudinis
2366 4820 2476 4860 suae
2506 4806 2836 4874 perfectione
2880 4806 3207 4875 languescat.
3252 4805 3422 4859 Periit
3462 4823 3559 4876 pu-

1988 4898 2106 4960 dor,
2140 4897 2398 4952 honestas
2433 4897 2675 4960 evanuit,
2712 4897 2897 4967 religio
2920 4896 3135 4960 cecidit,
3161 4906 3217 4950 et
3245 4896 3387 4949 velut
3418 4898 3560 4951 facto

1987 4987 2201 5055 agmine
2242 4987 2484 5041 omnium
2529 4996 2838 5041 sanctarum
2884 4988 3146 5041 virtutum
3193 4989 3345 5041 turba
3375 4988 3560 5056 procul

1992 5078 2273 5131 abscessit.
2333 5076 2535 5132 Omnes
2589 5078 2734 5133 enim
2786 5092 2904 5146 qua:
2955 5092 3052 5131 sua
3100 5088 3261 5141 sunt,
3315 5088 3561 5145 qumrunt

1994 5166 2250 5239 (Philipp.
2278 5168 2364 5235 ιι).
2417 5176 2472 5221 et
2517 5176 2829 5237 contempto
2870 5168 3077 5222 ccelesti
3121 5168 3411 5229 desiderio,
3451 5176 3533 5221 ter

1995 5273 2108 5311 ram
2159 5258 2539 5312 insatiabiliter
2583 5259 2986 5327 concupiscunt.
3041 5259 3107 5312 Et
3149 5260 3274 5328 quia
3306 5258 3406 5312 sub
3444 5260 3558 5327 ipso
3636 5307 3641 5311 .

1991 5348 2174 5401 mundi
2223 5347 2331 5402 ﬁne
2375 5348 2715 5417 postmodum
2744 5348 2950 5402 inhiare
2971 5364 3074 5401 non
3104 5349 3378 5411 desinunt,
3405 5349 3557 5416 quasi

1990 5449 2112 5509 post
2141 5440 2246 5495 alta
2279 5440 2454 5511 pelagi
2481 5440 2533 5495 in
2564 5440 2715 5495 littus
2742 5440 2936 5504 evecti,
2968 5450 3164 5495 terram
3192 5433 3419 5510 remigio
3446 5441 3558 5493 ina-

1990 5532 2137 5587 niler
2171 5533 2411 5601 pulsant,
2452 5534 2577 5588 dum
2606 5533 2783 5589 adhuc
2805 5534 3116 5602 pervicaces
3138 5535 3391 5604 navigare
3416 5532 3558 5588 festi-

1992 5633 2145 5679 nant.
2181 5623 2394 5680 Etcum
2427 5622 2709 5680 laborandi
2737 5623 2860 5680 ﬁnis
2880 5624 3067 5694 procul
3101 5625 3263 5681 dubio
3286 5625 3441 5693 quies
3462 5624 3554 5689 sit,
