3996 6184
282 275 421 329 253

1249 277 1489 336 OPUSC.
1533 279 1642 336 Xll.
1674 314 1741 323 —-
1780 285 2319 345 DECONTEMPTU
2358 289 2645 346 SECUU.

3455 294 3567 350 ΞΜ

283 388 528 452 quibus
566 385 706 440 ultro
749 385 1061 454 quiescendi
1093 388 1245 443 locus
1267 388 1512 457 offertur,
1555 407 1890 462 supervacuo
1919 403 1966 458 Α
1992 395 2250 454 fensionis
2295 407 2413 454 arte
2458 399 2842 470 purgabimus?
2889 399 3003 457 Huc
3048 402 3256 458 accedit
3281 405 3425 474 quod
3455 403 3563 473 illi,

283 477 535 534 laboris
563 478 743 533 studio
780 479 1073 547 ptenaliter
1100 479 1417 552 fatigantur.

949 590 1179 645 CAPUT
1216 591 1277 644 ll.

286 676 385 729 De
451 679 740 743 monachis,
788 679 877 748 qui
924 681 993 731 ad
1038 697 1119 742 ea,
1171 698 1287 751 qua:
1335 681 1670 753 reliquerant,
1727 702 1896 741 rever-

1011 760 1207 803 (untur.

379 835 509 891 Sed
542 847 679 901 esto,
713 847 769 891 ut
799 838 893 892 ﬁlii
924 839 1083 907 hujus
1120 843 1300 897 saeculi
1330 835 1385 899 in
1414 843 1698 918 ﬂuctivaga
1728 864 1891 903 saecu-

284 921 520 978 larium
546 925 903 994 procellarum
935 927 1285 984 inundatione
1322 943 1628 998 versentur,
1661 946 1716 990 et
1750 953 1894 992 nunc

286 1016 553 1080 semina,
596 1016 793 1085 quibus
838 1020 1157 1087 propensius
1191 1022 1553 1090 oblectantur,
1584 1037 1891 1098 aspergant,

258 1116 362 1157 ἰιι
402 1121 523 1158 non
567 1120 702 1174 quas
732 1106 1023 1172 voluerint,
1078 1113 1417 1178 postmodum
1458 1114 1643 1186 fruges
1665 1127 1887 1172 metant.

289 1192 456 1259 Quid
504 1195 648 1249 enim
691 1195 841 1256 mihi,
888 1196 1040 1263 juxta
1086 1198 1421 1267 Apostolnm,
1465 1204 1531 1259 de
1572 1205 1657 1260 bis
1701 1208 1789 1274 qui
1836 1208 1889 1262 in

287 1285 526 1338 mundo
567 1293 713 1350 sunt,
752 1286 1032 1355 judicare?
1076 1288 1127 1358 (Ι
1158 1286 1281 1343 Cor.
1308 1293 1384 1361 v.)
1411 1290 1516 1348 Nos
1560 1305 1761 1360 autem,
1797 1298 1887 1366 qui

292 1375 514 1429 mundi
544 1376 1041 1433 abrenuntiatioues
1070 1379 1321 1445 dicimur,
1345 1384 1435 1452 qui
1466 1388 1665 1441 terreni
1694 1388 1888 1445 ﬂuctus

289 1470 662 1539 naufragium
704 1470 943 1525 evasisse
978 1471 1297 1540 gloriamur,
1322 1488 1422 1528 cur
1443 1478 1510 1529 ad
1533 1476 1659 1530 illud
1688 1477 1883 1545 denuo,

292 1561 460 1613 velut
476 1560 639 1631 255
653 1562 885 1629 quodam
910 1563 1113 1617 vertice
1136 1563 1399 1619 violenter
1413 1565 1732 1622 absorbente
1750 1569 1887 1623 rela-

290 1647 540 1701 bimur?
559 1649 665 1702 Cur
686 1651 753 1704 ad
776 1664 859 1713 ea,
881 1665 1000 1718 qua:
1027 1667 1126 1721 pro
1150 1652 1331 1706 divino
1350 1670 1533 1710 amore
1559 1659 1885 1728 contempsi-

290 1753 454 1802 mus,
504 1738 833 1809 retrogradis
865 1740 1101 1795 nitentes
1129 1743 1423 1810 gressibus,
1470 1744 1609 1800 male
1636 1748 1883 1802 aestuanti

291 1829 586 1883 desiderio
633 1829 969 1883 recalemus?
994 1829 1104 1886 Cur
1147 1847 1252 1886 non
1296 1848 1544 1888 veremur
1574 1832 1700 1889 illud
1731 1836 1884 1891 inho-

289 1929 481 1973 nesta:
524 1921 834 1975 ambitionis
880 1923 1290 1990 importunitate
1324 1933 1587 1993 repetere,
1618 1929 1760 1995 quod
1786 1943 1883 1981 ne-

289 2025 417 2079 que
452 2020 672 2065 terrena
712 2011 856 2079 jura,
898 2027 1073 2081 neque
1100 2014 1292 2067 divinae
1318 2013 1451 2081 legis
1479 2017 1771 2070 auctoritas
1792 2031 1879 2071 ve-
1907 2079 1910 2083 ,

292 2111 494 2154 luerat
542 2102 852 2171 possidere?
897 2101 1067 2157 Porro
1109 2118 1207 2156 nos
1259 2102 1506 2167 fecimus,
1558 2114 1616 2159 ut
1657 2121 1686 2159 a
1729 2106 1882 2160 nobis

283 2192 451 2261 juste
480 2207 722 2262 possessa
746 2193 856 2260 jam
886 2204 1069 2247 nostra
1099 2210 1203 2247 non
1237 2194 1444 2258 flerent,
1480 2206 1531 2249 et
1563 2209 1681 2263 qua:
1709 2194 1879 2248 nostri

284 2284 447 2354 juris
492 2295 661 2349 erant,
715 2285 770 2339 in
813 2285 1046 2340 alienum
1080 2286 1377 2340 dowinium
1409 2287 1665 2341 translata
1693 2286 1879 2355 prodi-

288 2383 455 2429 rent.
487 2374 633 2440 Quod
663 2390 791 2447 ergo
817 2377 1102 2431 consilium
1148 2376 1251 2432 fuit
1289 2378 1343 2431 in
1382 2386 1489 2431 tam
1518 2377 1877 2444 periculosum

291 2466 668 2535 nosmetipsos
705 2476 977 2521 certamen
1009 2466 1298 2531 adducere,
1332 2477 1391 2519 ut
1419 2475 1605 2521 contra
1636 2467 1875 2519 omnium

287 2556 664 2609 humanarum
715 2557 1129 2624 divinarumque
1171 2557 1347 2626 legum
1376 2556 1615 2622 decreta,
1651 2571 1876 2625 quarum

288 2648 556 2703 videlicet
580 2664 707 2718 pace
730 2649 1060 2714 fruebamur,
1080 2665 1219 2704 nunc
1242 2663 1460 2703 necesse
1484 2649 1557 2703 sit
1581 2648 1877 2703 dimicare?

288 2737 419 2792 Nos
449 2738 705 2807 siquidem
736 2739 957 2792 minime
998 2738 1231 2794 lacessiti
1277 2740 1523 2793 ultronea
1572 2738 1877 2792 temeritate

284 2829 510 2884 bellum
556 2829 836 2893 movimus,
883 2837 939 2883 et
978 2844 1119 2884 nunc
1157 2838 1343 2885 contra
1393 2844 1561 2884 sacra:
1585 2827 1876 2898 Scriptura

286 2919 601 2973 sententias
627 2919 915 2991 conﬂigere
946 2935 1050 2974 non
1082 2920 1354 2974 timemus.

906 3026 1130 3084 CAPUT
1165 3028 1248 3082 Ill.

2000 489 2287 546 vacillante
2315 491 2489 546 adhuc
2519 491 2644 555 ﬁde,
2678 492 2727 544 in
2761 491 2906 546 nulla
2947 493 3265 548 videbantur
3311 496 3558 550 ecclesia-

1997 577 2128 633 stica
2154 593 2311 647 posse
2332 579 2718 634 sustentatione
2740 579 3042 639 confidere;
3071 582 3324 636 nimirum
3353 584 3476 637 dum
3506 584 3558 638 in

1998 666 2113 735 ipso
2166 666 2482 724 Christiana
2526 667 2805 737 religionis
2868 670 3089 723 exordio
3154 671 3303 740 ipsae.
3345 684 3558 742 quoque

1996 754 2246 825 Ecclesiae
2288 756 2513 812 necdum
2556 755 2768 812 fuerant
2812 770 2908 828 per
2958 760 3235 815 materiale
3272 762 3552 817 aediﬁcium

1994 845 2193 900 fabrica
2202 855 2287 900 tte.

2062 933 2172 989 Nos
2195 943 2398 999 autem,
2423 935 2514 1005 qui
2543 934 2741 1004 ubique
2783 944 3047 991 terrarum
3095 945 3201 991 tam
3252 938 3552 1007 largissima

1992 1022 2337 1078 ecclesiarum
2368 1024 2689 1092 patrimonia
2728 1026 3014 1090 cernimus,
3048 1038 3104 1081 ut
3141 1028 3398 1096 quotidie,
3426 1029 3551 1081 dum

1993 1115 2223 1168 mundus
2252 1114 2532 1169 imminuta
2570 1116 2909 1184 possessione
2938 1117 3290 1184 contrahitur,
3315 1117 3551 1173 Ecclesia

1991 1200 2357 1270 copiosissime
2401 1202 2684 1267 dilatetur;
2735 1203 2779 1257 si
2822 1213 3071 1273 tanquam
3114 1207 3180 1261 de
3228 1205 3423 1260 futuris
3463 1206 3555 1260 ali-

1990 1293 2186 1346 mentis
2225 1291 2431 1345 lucrum
2474 1293 2690 1347 carnale
2739 1295 3086 1363 reponimus,
3135 1297 3260 1351 dum
3306 1297 3459 1351 nobis
3496 1297 3547 1351 in

1987 1390 2259 1452 posterum
2290 1382 2622 1451 providendo
2664 1384 2993 1451 ditescimus,
3028 1386 3278 1439 thesauro
3304 1384 3424 1439 fidei
3452 1401 3549 1439 nos

1988 1490 2186 1531 vacuos
2214 1489 2334 1530 esse
2382 1485 2761 1531 monstramus.
2790 1474 2953 1547 246
2984 1475 3056 1530 De
3085 1491 3190 1544 quo
3213 1475 3499 1544 Apostolus
3532 1492 3546 1528 :

1993 1583 2012 1618 ι
2041 1564 2330 1631 Habemus,
2360 1568 2553 1636 inquit,
2584 1569 2895 1622 thesaurum
2922 1568 3085 1621 istum
3123 1567 3175 1621 in
3204 1568 3347 1622 vasis
3378 1567 3552 1622 ﬁctili-

1984 1655 2086 1711 bus
2115 1655 2200 1724 (II
2221 1655 2343 1710 Cor.
2370 1658 2468 1728 tv).
2499 1674 2527 1739 ι.
2574 1657 2639 1711 Et
2682 1658 2805 1711 dum
2850 1657 3150 1711 cautionem
3176 1698 3191 1724 ,
3237 1672 3394 1726 quam
3424 1671 3545 1711 cum

1912 1731 1960 1791 Β
1986 1744 2202 1799 Christo
2246 1731 2564 1815 pepigimus,
2598 1745 2911 1817 frangimus,
2955 1747 3166 1804 violatae
3205 1746 3327 1801 ﬁdei
3371 1745 3549 1815 potius

1986 1840 2254 1887 tormenta
2284 1842 2543 1898 metuere,
2575 1850 2739 1904 quam
2769 1835 2983 1903 praemia
3028 1850 3313 1906 possumus
3344 1837 3409 1889 de
3456 1850 3549 1888 no-

1983 1930 2092 1975 stra
2142 1923 2493 1977 conversione
2544 1938 2781 1992 sperare.
2837 1924 2893 1978 ln
2948 1926 3302 1980 conventione
3347 1925 3545 1979 etenim

1980 2011 2143 2078 pacti,
2171 2013 2314 2080 quod
2341 2013 2480 2067 inter
2504 2012 2639 2068 duos
2672 2014 2752 2075 lit,
2775 2014 3077 2082 sponsionis
3100 2028 3203 2068 vox
3227 2029 3294 2068 ex
3320 2021 3545 2081 utraque

1980 2111 2134 2168 parte
2159 2103 2399 2171 procedit
2434 2120 2448 2156 :
2484 2113 2541 2157 ttt
2568 2105 2822 2159 nimirum
2861 2106 3129 2170 uterlibet,
3171 2105 3262 2174 qui
3298 2105 3543 2160 condicta

1981 2193 2314 2255 servaverit,
2363 2195 2579 2247 modum
2631 2195 2904 2250 deliberati
2956 2195 3159 2251 fructus
3206 2196 3465 2264 accipiat;
3513 2209 3544 2248 e

1980 2288 2169 2331 contra
2218 2279 2308 2347 qui
2358 2289 2725 2352 transgressus
2773 2283 2973 2350 fuerit,
3013 2284 3279 2354 jacturam
3333 2282 3541 2336 violatae

1980 2366 2279 2434 sponsionis
2310 2367 2570 2423 incurrat.

2048 2455 2103 2508 In
2128 2457 2374 2523 pactione
2399 2467 2576 2512 autem
2606 2458 2715 2524 illa,
2743 2475 2849 2529 qua
2879 2474 3000 2515 cum
3048 2460 3160 2516 Deo
3188 2470 3372 2515 nostro
3413 2475 3543 2515 con-

1977 2548 2258 2614 venimus,
2306 2563 2406 2602 vox
2460 2559 2641 2605 nostra
2681 2552 2796 2607 haec
2836 2552 3020 2621 procul
3067 2553 3226 2607 dubio
3270 2552 3390 2618 fuit,
3416 2552 3539 2621 quia

1977 2636 2246 2692 Christum
2315 2648 2639 2707 sequentes,
2686 2641 2982 2706 mundum,
3032 2650 3088 2696 et
3146 2655 3369 2710 qumque
3415 2649 3541 2694 sunt

1979 2732 2182 2796 tnundi,
2213 2732 2591 2789 abrenuntiare
2622 2733 2984 2803 promisimus.
3017 2732 3202 2787 Divina
3228 2740 3405 2786 autem
3434 2746 3534 2785 vox

1976 2831 2367 2894 consequenter
2412 2824 2481 2878 ad
2529 2822 2633 2878 ista
2676 2822 2947 2893 respondit
2986 2840 3001 2876 :
3046 2840 3064 2874 ι
3092 2824 3296 2886 Amen,
3345 2822 3538 2891 inquit,

1976 2916 2098 2971 dico
2126 2916 2302 2982 vobis,
2331 2916 2456 2986 quia
2482 2930 2577 2970 vos
2603 2916 2694 2984 qui
2722 2915 2889 2970 secuti
2934 2915 3066 2970 estis
3097 2930 3200 2978 me,
3233 2914 3285 2968 in
3316 2926 3539 2983 regene-

1976 3008 2184 3062 ratione
2208 3022 2330 3063 cum
2355 3007 2554 3062 sederit
2579 3006 2747 3062 Filius
2788 3005 3019 3060 hominis
3048 3006 3101 3060 in
3130 3006 3257 3060 sede
3286 3001 3530 3071 majesta-

287 3116 457 3182 Quod
498 3118 664 3170 minus
696 3128 1029 3185 peccaverunt
1067 3118 1319 3180 Ananias,
1348 3127 1395 3187 et
1434 3114 1680 3187 Sapltira,
1708 3132 1866 3187 quam
1894 3066 1940 3128 Ο
1972 3099 2040 3153 lis
2069 3114 2199 3163 θυῖεν
2230 3099 2483 3154 sedemus
2513 3107 2569 3153 ει
2611 3113 2706 3152 V05
2751 3112 2913 3167 super
2937 3096 3110 3187 petitis
3143 3094 3422 3187 duodecim
3446 3093 3537 3187 ju-

646 3188 906 3249 monachi,
927 3191 1013 3257 qui
1035 3188 1280 3257 pecunias
1303 3186 1511 3240 habent.

365 3277 523 3344 Quis,
553 3293 701 3347 rogo,
732 3279 995 3332 Ananiam
1026 3286 1081 3333 et
1129 3277 1414 3347 Saphiram
1444 3276 1607 3332 rebus
1632 3277 1867 3346 propriis

283 3370 678 3424 abrenuntiare
711 3370 916 3440 coegit?
959 3371 1096 3440 (Act.
1123 3369 1197 3439 v.)
1245 3367 1351 3423 Sed
1384 3370 1507 3438 quia
1538 3378 1743 3438 partem
1771 3383 1864 3437 pe-

283 3460 469 3512 cuniae
499 3468 719 3527 uterque
756 3474 854 3528 pro
884 3458 1228 3514 sustentanda
1277 3459 1429 3528 quasi
1461 3458 1616 3529 longa
1641 3459 1749 3512 vita
1780 3472 1868 3511 re-

286 3553 477 3616 tinuit,
510 3552 799 3622 repentinze
845 3552 1034 3606 mortis
1076 3551 1398 3608 sententiam
1438 3566 1543 3606 non
1573 3551 1766 3606 evasit.
1798 3549 1865 3604 Et

285 3644 421 3712 quia
436 3642 936 3714 nequaquamjuxta
950 3643 1453 3697 abrenuntiatorum
1475 3641 1711 3710 regulam
1733 3655 1864 3695 con-

287 3732 430 3785 tenti
466 3740 592 3785 sunt
624 3731 827 3795 vivere,
844 3730 999 3799 juxta
1024 3732 1499 3801 prtevaricatorum
1528 3730 1864 3784 animadver-

284 3820 503 3873 sionem
542 3820 713 3874 coacti
742 3822 870 3875 sitnt
911 3821 1197 3874 immaturo
1237 3820 1381 3875 exitu
1408 3818 1693 3873 infeliciter
1719 3817 1863 3887 expi-

285 3923 437 3961 rare.
467 3908 532 3960 Et
557 3908 767 3976 quidem
793 3909 892 3974 illi,
919 3917 1102 3978 utpote
1127 3910 1303 3971 rudes,
1329 3916 1383 3963 et
1413 3909 1479 3962 ad
1507 3908 1664 3962 ﬁdem
1685 3907 1861 3961 denuo

280 3996 588 4059 venientes,
621 3998 847 4050 necdum
894 3999 1123 4052 fortasse
1168 3999 1235 4051 ad
1286 3998 1500 4067 plenum
1546 3995 1859 4066 evangelica

281 4097 559 4157 praecepta
588 4088 903 4150 didicerant,
935 4088 1162 4142 necdum
1212 4088 1351 4142 sacri
1398 4101 1552 4141 novae
1600 4086 1877 4147 doctrinae.

281 4176 505 4231 codices
533 4177 596 4229 ad
644 4177 911 4244 publicum
939 4177 994 4229 in
1024 4191 1302 4231 commune
1330 4182 1701 4247 processerant
1724 4190 1738 4239 ;
1781 4180 1861 4226 at-

282 4275 470 4318 tamen
500 4266 589 4332 qui
622 4265 675 4318 in
707 4265 819 4333 ipso
849 4264 969 4319 tidei
1018 4263 1266 4319 tirocinio
1296 4262 1692 4332 quodammodo
1734 4261 1860 4317 sim-

278 4355 506 4425 pliciter
532 4364 908 4425 peccaverunt,
941 4356 1185 4410 districto
1212 4357 1451 4425 quidem,
1484 4356 1577 4411 sed
1607 4357 1695 4424 pio
1717 4354 1859 4423 judi-

279 4449 399 4511 cio,
421 4447 554 4510 sola,
582 4456 640 4500 ut
658 4449 950 4512 credimus,
980 4456 1107 4503 sunt
1124 4463 1405 4517 corporum
1432 4457 1605 4503 morte
1625 4448 1851 4503 multati.

278 4538 399 4591 Nos
429 4547 628 4600 autem,
661 4538 752 4606 qui
781 4547 974 4593 cuncta
1005 4538 1146 4594 sacri
1176 4539 1373 4608 eloquii
1400 4539 1670 4595 volumina
1703 4539 1856 4594 novi-

281 4642 430 4691 mus,
463 4628 554 4694 qui
590 4628 1057 4682 innumerabilium
1113 4639 1423 4684 sanctorum
1464 4629 1685 4683 Patrum
1715 4631 1855 4685 vitas

280 4727 453 4784 atque
478 4725 739 4785 praecepta
770 4726 892 4785 post
939 4716 1070 4772 illud
1112 4732 1333 4772 aureum
1362 4718 1723 4785 apostolorum
1752 4733 1854 4773 sae-

280 4807 468 4862 culum
511 4809 878 4873 existentium,
909 4822 1020 4877 prie
1047 4808 1218 4863 oculis
1263 4807 1477 4862 assidua
1518 4808 1853 4862 discussione

276 4912 560 4951 versamus
586 4938 600 4962 ,
652 4909 776 4952 ante
815 4896 1050 4953 tribunal
1101 4898 1301 4955 Christi
1333 4898 1459 4966 quid
1487 4898 1853 4953 excusationis

277 4988 598 5049 obtendere,
628 4989 769 5056 quod
816 4989 1271 5058 tergiversationis
1300 4973 1671 5057 argumentum
1702 4997 1853 5055 pote-

279 5080 453 5131 rimus
487 5064 762 5132 invenire?
806 5080 946 5134 Ecce
988 5081 1142 5149 longe
1189 5078 1480 5134 nobiliores
1517 5088 1773 5146 quaestus,
1802 5084 1857 5132 et

276 5168 433 5222 lucra
463 5183 693 5238 quaeque
722 5180 936 5225 terrena
966 5188 1073 5227 non
1118 5171 1278 5225 modo
1307 5170 1640 5239 reliquimus,
1673 5170 1767 5224 sed
1798 5177 1855 5224 et

277 5270 598 5329 perpetuam
643 5274 830 5314 eorum
898 5260 1418 5315 abrenuntiationem
1466 5274 1571 5313 non
1620 5259 1847 5323 homini,

278 5347 378 5401 sed
404 5346 512 5400 Deo
535 5347 715 5417 potius
746 5348 971 5416 professi
1019 5364 1221 5403 sumus.
1265 5347 1322 5402 Si
1360 5363 1488 5417 ergo
1515 5348 1688 5402 adhuc
1713 5364 1850 5402 mar-

274 5439 437 5506 supio
460 5449 652 5494 nostro
694 5456 945 5495 nummus
977 5440 1285 5504 includitur,
1315 5440 1359 5494 si
1394 5440 1459 5501 ad
1506 5439 1703 5494 interni
1735 5428 1850 5508 speé

276 5529 504 5583 ctatoris
534 5528 782 5596 injuriam
814 5530 1203 5599 quantumlibet
1249 5530 1489 5599 pecunia:
1521 5539 1847 5593 reservatur,

275 5618 410 5688 quid
438 5619 515 5674 illi
560 5619 614 5673 in
646 5620 911 5675 reddenda
950 5624 1159 5677 ratione
1185 5620 1459 5678 dicemus?
1490 5635 1595 5690 qua
1636 5633 1736 5675 nos
1764 5619 1852 5675 dep

1969 3187 2211 3242 dicantes
2250 3187 2532 3241 duodecim
2574 3187 2747 3240 tribus
2791 3184 2953 3239 Israel
2999 3182 3211 3255 (Matth.
3238 3180 3371 3249 xix).
3404 3199 3421 3229 ι
3474 3180 3537 3233 Et

1968 3277 2071 3332 hoc
2101 3277 2337 3346 quidem,
2362 3277 2407 3332 si
2435 3277 2722 3347 propositae
2746 3276 3050 3345 sponsionis
3071 3275 3195 3344 jura
3225 3286 3528 3333 servamus;

1966 3368 2201 3438 alioquin
2224 3369 2269 3422 si
2299 3377 2420 3438 post
2440 3378 2589 3436 terga
2616 3367 2953 3435 respicimus,
2982 3362 3217 3418 terribile
3246 3374 3366 3414 mox
3411 3375 3530 3412 ora-

1966 3456 2145 3512 culum
2174 3456 2368 3511 divinae
2393 3453 2829 3511 comminationis
2860 3453 3107 3507 audimus
3137 3467 3151 3503 :
3190 3468 3208 3501 ι
3236 3448 3422 3509 Nemo,
3453 3447 3530 3499 in-

1964 3549 2101 3617 quit,
2133 3550 2353 3603 mittens
2382 3564 2598 3602 manum
2638 3554 2791 3603 suam
2829 3547 2895 3601 ad
2932 3553 3169 3599 aratrum
3197 3584 3212 3610 ,
3262 3551 3319 3598 et
3361 3541 3531 3610 respi-

1964 3642 2112 3695 ciens
2138 3650 2304 3705 retro,
2350 3650 2506 3709 aptus
2534 3648 2618 3695 est
2672 3652 2835 3706 regno
2865 3636 2958 3692 Dei
3012 3634 3165 3706 (Luc.
3194 3635 3290 3705 ix).
3327 3653 3343 3684 ι
3394 3634 3527 3686 Ecce

1962 3731 2284 3795 audivimus,
2315 3731 2405 3801 qui
2432 3729 2686 3800 perfectis
2713 3726 3169 3782 renuutiatoribns
3189 3741 3292 3779 non
3314 3724 3523 3792 qualia-

1961 3836 2170 3890 cunque
2196 3834 2416 3876 munera
2459 3820 2863 3890 promittuntur,
2896 3818 2990 3872 sed
3016 3816 3191 3879 sedes,
3219 3815 3414 3883 quibus
3443 3814 3523 3865 vi-

1964 3915 2161 3969 delicet
2186 3913 2550 3983 praesidebunt
2570 3911 2778 3987 judices
2815 3909 2966 3972 facti,
2997 3908 3087 3976 qui
3130 3907 3198 3960 de
3242 3906 3353 3959 suis
3399 3905 3524 3957 olim

1962 4006 2252 4060 timuerant
2277 4003 2590 4058 excessibus
2625 4001 2879 4071 judicari.
2906 3998 3168 4052 Nimirum
3196 3994 3438 4057 decebat,
3470 4003 3526 4047 ut

1958 4095 2073 4151 hate
2101 4096 2337 4151 dextera:
2363 4092 2572 4148 Excelsi
2599 4092 2897 4145 immutatio
2939 4090 3113 4154 ﬂeret,
3143 4097 3408 4156 quatenus
3434 4088 3523 4152 qui

1960 4200 2144 4241 amore
2163 4183 2510 4254 perfectionis
2531 4198 2629 4252 pro
2651 4181 2865 4237 Christo
2888 4176 3063 4233 elIecti
3094 4187 3217 4233 sunt
3241 4191 3523 4248 pauperes,

1951 4274 2063 4345 jam
2092 4274 2212 4330 cum
2240 4275 2355 4343 ipso
2384 4275 2577 4329 divites
2622 4272 2745 4326 facti
2784 4271 3141 4326 communiter
3165 4269 3385 4322 sedeant
3409 4280 3522 4320 ca:-

1959 4364 2109 4419 lestis
2130 4365 2294 4419 curia:
2324 4374 2621 4427 senatores,
2656 4363 2797 4416 sicut
2823 4363 3081 4431 scriptum
3113 4367 3197 4412 est
3222 4374 3237 4413 :
3273 4374 3291 4407 ι
3322 4355 3525 4410 Nobilis

1961 4456 2016 4510 in
2040 4455 2208 4524 portis
2228 4455 2311 4509 vir
2330 4453 2465 4523 ejus,
2489 4469 2609 4509 cum
2637 4454 2835 4509 sederit
2858 4468 2980 4508 cum
3010 4448 3348 4507 senatoribus
3371 4457 3525 4502 terra:

1965 4546 2145 4617 (Prov.
2173 4542 2369 4612 χχχι).
2388 4567 2407 4601 ι

2564 4633 2790 4690 CAPUT
2825 4632 2911 4687 IV.

1962 4722 2112 4790 Quod
2143 4724 2425 4779 monachus
2462 4736 2678 4795 nequeat
2710 4723 2974 4795 Christum
3014 4722 3172 4776 simul
3199 4731 3247 4776 et
3274 4722 3521 4791 pecunias

2593 4794 2876 4862 possidere.

2026 4903 2128 4969 Qui
2172 4916 2301 4958 vero
2346 4906 2413 4958 ad
2457 4919 2555 4968 ea,
2594 4919 2714 4972 quae
2743 4903 2977 4972 reliquit,
3015 4910 3226 4957 terrena
3269 4899 3523 4971 quaelibet

1957 4994 2312 5064 congerenda,
2344 4997 2655 5060 revertitur,
2703 4993 2843 5048 sicut
2884 4994 3092 5049 alienus
3118 5002 3203 5046 est
3230 5008 3260 5045 a
3302 4990 3527 5061 secuto,

1961 5098 2069 5151 quo
2095 5098 2153 5137 se
2179 5083 2414 5137 decrevit
2442 5096 2659 5147 exuere,
2692 5083 2764 5137 ita
2806 5085 2972 5138 etiam
3020 5097 3185 5153 regno
3231 5081 3327 5136 Dei
3365 5089 3521 5149 aptus

1961 5173 2098 5227 ultra
2146 5187 2250 5225 non
2292 5180 2396 5238 est,
2424 5172 2566 5242 quod
2616 5172 2982 5227 indubitanter
3025 5178 3300 5240 acceptum
3350 5169 3522 5222 noluit

1956 5263 2252 5332 possidere.
2302 5262 2507 5316 Fatuus
2555 5263 2806 5316 nimirum
2856 5264 3055 5325 viator,
3098 5276 3198 5315 nec
3229 5274 3295 5314 eo
3322 5260 3517 5312 reverti

1956 5363 2150 5423 potest,
2177 5354 2317 5408 unde
2339 5353 2762 5408 irrevocabiliter
2785 5354 3002 5423 prodiit,
3030 5359 3084 5405 et
3112 5365 3218 5419 quo
3244 5350 3320 5403 ire
3342 5349 3519 5419 dispo-

1950 5451 2154 5507 suerat,
2185 5457 2291 5497 non
2320 5442 2599 5511 pertinxit.
2630 5442 2916 5496 Enimvero
2943 5455 3065 5495 cum
3094 5438 3292 5493 mundo
3320 5452 3519 5492 renun-

1955 5534 2204 5587 tiavimus
2227 5572 2244 5599 ,
2288 5534 2672 5603 proprietatem
2720 5541 2957 5587 nostram
2987 5531 3150 5585 Deum
3178 5544 3297 5586 esse
3321 5530 3523 5585 consti-

1950 5624 2150 5679 tuimus
2179 5641 2193 5679 :
2220 5635 2277 5680 et
2302 5638 2398 5680 nos
2428 5623 2571 5680 Illius
2599 5624 2899 5692 pronrietas
2921 5630 3316 5693 consequenter
3341 5621 3520 5679 cﬂccti
