3996 6184
416 259 523 316 255

838 260 897 315 S.
935 260 1138 318 PETRI
1174 262 1456 318 DAMIANI
1491 263 1641 319 OPP.
1683 222 1929 320 TOMUS.
1955 264 2084 320 SEU
2123 266 2297 321 PARS
2336 268 2418 321 ΙΙΙ.
2458 299 2525 309 —
2563 268 2924 326 OPUSCULA
2964 268 3193 325 V'ARIA.

3548 266 3654 321 ‘256

420 386 626 436 sumus,
656 380 719 425 ut
739 380 797 426 et
822 372 909 427 ille
935 381 1081 428 esset
1117 375 1292 443 portio
1318 384 1524 438 nostra,
1551 384 1607 429 et
1636 391 1731 430 nos
1758 366 1991 445 peculia-
2018 382 2067 438 Α
2095 378 2183 457 illa
2214 379 2412 433 malitia
2459 382 2686 437 sarcinis
2733 390 3143 452 prtegravatutn,
3176 390 3230 435 et
3260 380 3488 449 turpiter
3531 392 3657 436 ante

419 458 554 513 riter
598 458 881 515 hiereditas
924 475 1041 514 sua.
1090 460 1334 515 Dicimus
1364 463 1505 515 enim
1540 481 1553 516 :
1588 482 1605 514 ι
1637 463 1821 518 Portid
1844 480 1984 529 mea,

405 547 646 629 .Domine
674 546 845 617 (Psal.
880 550 1088 618 (ιιι-ιιι).
1128 569 1146 600 ι
1191 550 1259 604 Ει
1285 550 1373 605 ille
1400 552 1554 606 nobis
1588 570 1602 605 :
1652 571 1672 604 ι
1701 555 1846 620 Opus
1872 570 1989 607 ma-

420 645 585 693 nuum
621 655 860 693 mearum
894 650 947 693 tu
978 656 1057 707 es,
1090 643 1375 698 hereditas
1419 660 1539 699 mea
1564 685 1580 709 ,
1628 645 1804 701 Israel
1841 645 1984 716 (13a.

420 729 554 795 ιιι).
588 749 606 781 ι
659 729 791 784 Nam
823 732 888 785 de
918 732 1229 786 haereditate
1276 742 1490 788 terrena
1544 737 1805 805 scriptum
1856 746 1938 792 est
1971 754 1986 792 :

427 836 445 867 ι
483 818 797 883 Haereditas,
828 821 893 874 ad
916 837 1075 890 quam
1107 823 1158 875 in
1186 823 1445 890 principio
1474 822 1779 890 festinatur,
1815 827 1868 879 in
1896 822 1990 880 nn-

422 910 655 964 vissimis
682 912 1056 966 benedictione
1085 915 1290 967 carebit
1334 911 1513 984 (Prov.
1554 917 1665 985 xx).
1706 936 1725 969 ι
1775 917 1833 972 Si
1862 936 1991 989 ergo

421 1000 594 1065 portio
626 1010 807 1053 nostra
843 1002 956 1069 ipse
984 1004 1322 1072 omnipotens
1364 1006 1504 1061 Deus
1554 1022 1673 1062 esse
1714 1009 1987 1079 dignatur,

420 1089 585 1155 quod,
619 1105 767 1159 rogo,
798 1092 1102 1145 divitiarum
1136 1106 1306 1162 genus
1332 1079 1609 1163 quispiam
1656 1098 1855 1155 valebit
1901 1116 1991 1154 ac-

420 1177 663 1244 quirere,
715 1181 856 1247 quod
906 1195 1069 1248 super
1113 1182 1254 1236 hunc
1302 1184 1627 1254 singularem
1676 1186 1991 1243 thesaurum

421 1268 613 1320 merito
659 1268 851 1322 debeat
899 1270 1208 1325 cumulare?
1259 1271 1568 1330 Thesaurus
1617 1293 1850 1346 namque
1906 1279 1994 1335 ille

419 1358 725 1428 hujusmodi
758 1369 860 1423 est,
892 1370 949 1415 ut
982 1362 1027 1415 si
1070 1363 1216 1418 solus
1247 1365 1339 1430 sit,
1369 1381 1557 1421 omnes
1587 1368 1638 1420 in
1672 1368 1763 1423 illo
1792 1369 1992 1424 divitiae

420 1449 634 1504 valeant
663 1454 926 1507 veraciter
954 1457 1238 1524 possideri.
1271 1458 1327 1512 lu
1357 1467 1576 1528 pectore
1606 1478 1839 1530 namque
1864 1462 1993 1519 Jesu

418 1554 610 1595 omnes
658 1542 896 1597 thesauri
947 1547 1222 1612 sapientia:
1282 1558 1336 1601 et
1400 1549 1644 1605 scientia
1693 1550 1993 1606 absconditi

418 1638 544 1683 sunt
568 1630 793 1701 (Colon.
822 1634 905 1702 ιι).
940 1634 996 1689 Si
1024 1651 1153 1690 vero
1184 1636 1316 1692 alias
1363 1638 1523 1710 247
1567 1649 1728 1709 atque
1755 1642 1997 1712 peregri-

419 1735 519 1773 nas
544 1721 757 1775 divitias
806 1737 968 1793 super
1000 1726 1143 1779 hunc
1174 1727 1239 1790 is,
1273 1729 1362 1795 qui
1412 1724 1636 1798 politur,
1684 1737 1992 1800 constipare

418 1810 667 1872 voluerit,
701 1812 845 1867 illico
872 1814 992 1867 vilis
1024 1825 1184 1883 atque
1212 1817 1458 1886 ignobilis
1485 1821 1650 1887 copiae
1677 1822 1995 1890 dedignatur

419 1899 642 1953 omnino
667 1902 1031 1969 consortium;
1077 1914 1131 1958 et
1160 1905 1363 1974 indigni
1392 1911 1792 1966 contubernalis
1825 1910 1993 1981 impa-

427 1987 588 2051 tiens,
622 1990 746 2043 dttm
779 1993 998 2047 retineri
1048 2004 1288 2064 putatur,
1333 1998 1626 2062 amittitur;
1678 2009 1841 2069 atque
1891 2002 1992 2057 hoc

420 2077 579 2130 modo
627 2094 692 2132 ex
742 2079 989 2135 frustrati
1053 2083 1229 2137 avolat
1302 2085 1547 2139 manibus
1596 2090 1922 2154 possessoris
1975 2108 1988 2142 :

426 2184 443 2214 ι
484 2166 646 2220 Nemo
695 2171 832 2223 enim
899 2181 1076 2241 potest
1130 2173 1238 2228 Deo
1286 2175 1490 2229 servire
1555 2188 1610 2230 et
1673 2193 1991 2234 mammonae

422 2257 636 2323 (Matth.
669 2273 767 2330 vr).
804 2281 823 2314 ι

488 2348 844 2419 Quapropter,
887 2368 921 2406 ο
952 2356 1231 2416 monache,
1275 2358 1356 2411 vis
1385 2357 1440 2411 itt
1472 2368 1563 2411 tuo
1595 2359 1769 2414 loculo
1799 2375 1990 2414 recon-

418 2440 548 2495 dere
574 2442 887 2517 Christum?
909 2455 1102 2501 excute
1131 2448 1279 2516 prius
1308 2465 1617 2515 nummum;
1649 2466 1823 2520 neque
1842 2453 1987 2506 enim

418 2530 472 2583 in
531 2536 1033 2604 uno,receptaculo
1092 2554 1327 2607 congrue
1385 2542 1697 2607 sociantur;
1770 2558 1893 2596 nam
1943 2543 1987 2599 si

415 2630 703 2692 utrumque
751 2625 907 2684 simul
938 2628 1239 2689 iucluseris.
1268 2630 1493 2684 alterum
1533 2633 1652 2687 sine
1697 2633 1866 2688 altero
1897 2650 1990 2689 va-

414 2726 552 2767 cuus
595 2729 873 2781 possessor
904 2717 1162 2772 invenies.
1197 2719 1410 2785 Quanto
1456 2722 1655 2790 quippe
1701 2722 1754 2775 in
1802 2724 1988 2792 egenis

356 2802 357 2805 ’
416 2804 603 2858 mundi
649 2804 812 2859 lucris
850 2808 1117 2875 copiosior
1155 2808 1341 2871 fueris,
1377 2819 1524 2864 tanto
1552 2828 1583 2864 a
1613 2813 1757 2867 veris
1786 2812 1987 2867 divitiis

416 2896 769 2950 aerumnosius
790 2896 1078 2952 inanescis.
1111 2898 1370 2954 Nummus
1390 2916 1516 2972 ergo
1544 2902 1586 2956 si
1608 2910 1710 2966 est,
1735 2904 1789 2957 in
1814 2904 1985 2959 aliena

415 2982 664 3049 protinus
703 2984 825 3052 jura
874 2988 1153 3051 concedat,
1187 2998 1245 3042 ut
1289 3005 1511 3045 vacuam
1540 2994 1613 3047 ttti
1644 2997 1875 3062 pectoris
1899 3012 1986 3049 ar-

2091 478 2299 538 tempus
2328 473 2523 525 merito
2570 473 2822 543 subrogat
2864 472 3188 542 expeditum.
3242 473 3354 526 Non
3395 473 3519 527 licet
3549 474 3657 530 illic

2090 562 2363 630 marsupia
2415 563 2649 630 pendere
2697 580 3061 627 nummorum,
3092 565 3180 618 ubi
3220 564 3384 617 theca:
3420 574 3655 618 tantum-

2089 650 2248 703 modo
2275 650 2599 705 vibrantium
2630 662 2926 705 cernuntur
2965 667 3259 705 armorum.
3311 654 3363 705 In
3402 654 3653 707 bellicosa

2089 740 2299 795 scilicet
2322 742 2457 806 acie,
2492 741 2647 796 inerti
2696 743 2938 811 pecuniae
2983 758 3089 796 non
3133 751 3247 795 tuto
3277 744 3531 808 servitur,
3564 745 3652 797 ubi

2088 830 2401 898 constipatis
2447 833 2638 886 cuneis
2680 835 2892 887 assidua
2937 834 3280 888 dimicatione
3328 833 3651 904 confligitur.

2090 917 2205 973 Non
2237 919 2324 973 ille
2366 921 2657 974 sulidorutn
2690 937 2952 975 summam
2986 936 3207 975 securus
3236 933 3533 984 enumerat,
3564 925 3653 988 qui

2090 1006 2417 1061 circumfusa
2464 1009 2695 1062 hostium
2754 1010 3091 1063 multitudine
3151 1010 3376 1062 telorum
3438 1011 3657 1065 tnissilia

2092 1098 2459 1153 indesinenter
2483 1110 2777 1166 exspectat.
2803 1099 2954 1166 Smpe
2976 1113 3206 1166 namque
3235 1099 3288 1152 in
3315 1099 3507 1152 talibus
3531 1101 3655 1152 dum

2092 1187 2346 1241 talentum
2399 1189 2599 1242 metalli
2656 1188 2938 1255 cujuslibet
2986 1188 3311 1251 trutinatur,
3365 1189 3656 1257 improvisa

2090 1277 2311 1330 veniens
2339 1278 2531 1332 occulti
2561 1278 2730 1330 hostis
2754 1278 2971 1344 sagitta,
3004 1276 3281 1330 stomacho
3308 1276 3550 1331 librantis
3578 1279 3656 1331 in-

2092 1362 2306 1432 ﬁgitur;
2338 1364 2524 1432 sicque
2554 1363 2632 1427 fit,
2662 1374 2720 1416 ut
2749 1365 2837 1432 qui
2875 1364 3020 1417 solus
3051 1364 3268 1417 sibimet
3312 1365 3427 1417 sine
3459 1366 3533 1419 rei
3579 1365 3655 1418 fa-

2092 1454 2319 1507 miliaris
2362 1454 2687 1508 adminiculo
2735 1456 2953 1508 minime
3000 1455 3279 1509 videbatur
3327 1471 3481 1525 posse
3523 1456 3660 1510 solii-

2093 1558 2249 1608 cere;
2275 1543 2385 1613 jam
2410 1561 2469 1601 se
2500 1554 2555 1599 et
2582 1562 2675 1600 sua
2730 1545 3008 1617 repentino
3027 1561 3160 1625 .casu
3192 1547 3367 1618 lugeat
3398 1550 3661 1619 irrecupe-

2097 1634 2339 1688 rabiliter
2383 1637 2658 1700 amisisse;
2703 1647 2758 1692 et
2796 1639 2883 1706 qui
2937 1654 3137 1708 pauper
3184 1654 3303 1694 cum
3352 1639 3565 1694 Christo
3608 1640 3658 1693 in

2025 1710 2067 1768 Β
2096 1723 2343 1779 libertate
2373 1723 2536 1797 248
2581 1726 2898 1798 dedignatus
2925 1736 3009 1780 est
3051 1727 3251 1791 vivere,
3280 1728 3430 1783 dives
3456 1720 3658 1797 absque

2097 1814 2206 1878 illo,
2259 1816 2351 1870 sed
2398 1832 2585 1871 servus
2628 1818 2867 1887 pecuuize
2902 1819 3239 1886 compellitur
3285 1819 3665 1872 damuabiliter

2093 1902 2336 1959 interire.
2366 1906 2525 1969 Audi,
2559 1906 2685 1975 quid
2712 1906 2965 1960 divitibus
2992 1923 3094 1961 vox
3132 1907 3310 1960 divina
3338 1909 3617 1976 promittat
3645 1925 3659 1962 :

2098 2011 2116 2044 ι
2166 1994 2259 2049 Va:
2308 1997 2478 2061 vobis,
2511 1997 2723 2062 divites,
2770 1998 2895 2066 quia
2936 1998 3213 2067 recepistis
3242 1998 3663 2053 consolationem

2093 2098 2330 2141 vestram
2359 2085 2510 2157 (Luc.
2580 2088 2676 2149 vt).
2714 2107 2733 2139 ›
2768 2086 2877 2143 Nec
2909 2098 2959 2143 te
2990 2098 3269 2158 praetereat
3293 2099 3347 2143 et
3371 2090 3492 2151 hoc,
3519 2091 3662 2159 quod

2091 2175 2323 2231 Jacobus
2370 2178 2501 2232 dicit
2534 2195 2547 2230 :
2585 2197 2604 2229 ι
2638 2176 2726 2231 ναξ
2753 2178 2927 2241 vobis,
2975 2178 3197 2243 divites;
3246 2179 3441 2232 divitiae
3470 2190 3664 2234 vestrae

2090 2267 2405 2336 putrefacta:
2434 2276 2578 2332 sunt,
2610 2268 2925 2322 vestimenta
2967 2278 3146 2323 vestra
3176 2286 3205 2322 a
3235 2258 3391 2322 tineis
3418 2281 3662 2323 comesta

2090 2366 2238 2424 sunt,
2271 2372 2463 2411 aurum
2512 2368 2568 2412 et
2612 2369 2892 2429 argentum
2957 2369 3191 2414 vestrum
3240 2359 3578 2429 aeruginavit,
3608 2370 3665 2412 et

2089 2463 2275 2517 tertth
2309 2463 2494 2502 eorum
2538 2448 2589 2501 in
2623 2449 2987 2503 testimonium
3033 2450 3183 2505 vobis
3209 2450 3332 2512 erit,
3358 2458 3414 2503 et
3440 2449 3665 2503 mandu-

2089 2539 2236 2592 cabit
2259 2552 2455 2593 carnes
2485 2547 2716 2603 vestras,
2745 2539 2885 2592 sicut
2909 2538 3048 2608 ignis
3078 2537 3212 2609 (Jac.
3274 2540 3357 2609 v).
3387 2558 3404 2589 ι

2693 2645 2918 2701 CAPUT
2982 2645 3067 2701 Vl.

2090 2736 2241 2803 Quod
2299 2753 2487 2792 avarus
2555 2737 2866 2791 nummicola
2925 2738 3095 2791 verius
3144 2753 3299 2807 quam
3350 2735 3661 2792 Christicola

2698 2817 3036 2875 nuncupetur.

2153 2894 2385 2960 Audisti,
2429 2896 2671 2956 obsecro,
2730 2894 3049 2949 nummicola
3096 2904 3151 2950 et
3198 2895 3477 2960 monache,
3531 2896 3660 2966 quid

2088 2983 2182 3038 tibi
2241 2992 2403 3038 :estus
2453 2985 2692 3037 avaritia:
2742 2983 2956 3052 pariat?
3000 2983 3207 3037 Audisti
3256 2984 3323 3038 ad
3374 3000 3529 3053 quem
3591 2984 3660 3038 ﬁ-

416 3047 535 3126 cam
562 3047 805 3129 Christus
831 3076 1087 3132 inveniat.
1118 3047 1340 3151 Magnus
1366 3099 1556 3153 nempe
1591 3047 1872 3155 hospes

2088 3091 2209 3129 nem
2259 3077 2487 3145 pecunia
2543 3086 2796 3145 congesta
2846 3077 3143 3146 perducat?
3194 3077 3404 3131 Justum
3461 3078 3662 3147 quippe

414 3164 640 3217 versorii
666 3166 741 3219 tui
763 3169 954 3235 quaerit
979 3180 1203 3239 angusta
1231 3170 1576 3239 descendere,
1598 3187 1761 3244 atque
1784 3178 1984 3233 idcirco

416 3252 563 3309 solus
593 3255 723 3317 vult,
763 3265 819 3311 et
842 3258 958 3313 sine
983 3261 1322 3317 consortibus
1348 3262 1613 3318 habitare.
1645 3265 1813 3332 Quem
1841 3269 1984 3321 enim

415 3346 537 3399 cmli
570 3356 835 3417 terraeque
881 3365 985 3404 non
1019 3352 1160 3405 valet
1195 3354 1418 3409 vastitas
1448 3370 1662 3424 capere,
1693 3373 1800 3425 quo
1830 3367 1985 3426 pacto

416 3437 469 3490 in
499 3438 695 3507 exiguo
724 3441 799 3493 tui
842 3441 1072 3497 domatis
1109 3444 1301 3514 angulo
1335 3446 1527 3501 niteris
1555 3448 1630 3502 illi
1675 3449 1985 3518 peregrinos

416 3528 481 3580 ad
510 3528 928 3584 cohabitandum
960 3533 1136 3587 socios
1164 3534 1452 3589 adhibere?
1478 3534 1664 3600 Cedat,
1691 3538 1846 3591 cedat
1872 3546 1983 3592 ter-

414 3634 546 3671 rena
599 3621 846 3687 pecunia,
885 3622 973 3676 ubi
1022 3623 1257 3680 caelestis
1304 3627 1590 3682 thesaurus
1633 3628 1979 3683 admittitur:

422 3727 440 3758 ι
478 3708 607 3775 Qua:
632 3711 776 3763 enim
808 3713 1039 3765 societas
1096 3714 1232 3770 lucis
1267 3716 1331 3769 ad
1364 3717 1644 3770 tenebras?
1671 3736 1690 3769 ι
1728 3716 1823 3785 (II
1857 3718 1979 3772 Cor.

414 3799 512 3869 vr.)
541 3798 671 3865 Quae
697 3802 981 3856 conventio
1004 3802 1097 3857 Dei
1139 3803 1206 3859 ad
1245 3820 1604 3860 mammonam
1648 3807 1983 3876 iniquitatis?

414 3890 712 3960 Abjiciatur
738 3908 866 3962 ergo
918 3895 1169 3962 pecunia,
1198 3896 1418 3968 aerugini
1450 3898 1710 3967 tineaeque
1738 3910 1787 3954 et
1825 3900 1986 3956 furtis

413 3982 665 4036 obnoxia.
719 3982 885 4039 Vacet
931 3988 1126 4041 exedra
1166 3989 1365 4053 cordis,
1395 4004 1514 4057 qua:
1557 3989 1762 4043 caelesti
1796 3991 1988 4045 merci-

415 4074 596 4129 monio
623 4076 791 4143 possit
822 4077 1026 4145 impleri
1058 4097 1070 4130 :
1105 4096 1123 4129 ι
1153 4077 1328 4132 Nolite
1348 4119 1363 4141 ,
1394 4080 1585 4142 inquit,
1619 4080 1983 4134 thesaurizare

416 4165 568 4218 vobis
595 4166 876 4220 thesauros
899 4168 951 4220 in
990 4176 1153 4231 terra,
1185 4169 1273 4222 ubi
1304 4185 1485 4238 aerugo
1508 4178 1561 4223 et
1594 4170 1732 4223 tinea
1761 4170 1984 4223 demoli-

415 4261 524 4320 tur,
558 4264 612 4309 et
643 4257 732 4310 ubi
767 4257 915 4311 fures
938 4248 1196 4312 effodiunt
1223 4267 1277 4312 et
1304 4257 1552 4311 furantur
1581 4258 1796 4326 (Matth.
1831 4258 1924 4327 vt).
1956 4278 1974 4311 ι

1035 4367 1258 4422 CAPUT
1303 4369 1365 4423 γ.

486 4451 639 4517 Quod
679 4453 863 4507 melius
910 4466 984 4508 est
1022 4456 1198 4509 habita
1242 4459 1460 4510 retinere
1513 4435 1911 4528 quamcojecta

1068 4537 1311 4594 repetere.

484 4611 841 4667 Periculosior
867 4629 1098 4687 namque
1125 4623 1208 4669 est
1250 4615 1445 4669 anima:
1488 4617 1713 4685 pecunia
1748 4631 1866 4673 eum
1895 4633 1983 4673 ac-

414 4703 665 4771 quiritur,
692 4720 855 4772 quam
878 4720 1003 4760 cum
1032 4706 1170 4761 ultro
1196 4709 1539 4777 suppeditans
1563 4712 1884 4780 possidetur.
1925 4713 1980 4766 In

416 4794 516 4847 ista
548 4795 812 4863 siquidem
860 4808 1074 4855 terreno
1121 4815 1270 4855 more
1312 4810 1395 4855 est
1418 4802 1561 4871 justa
1610 4804 1898 4872 possessio,
1927 4806 1980 4859 in

415 4884 502 4939 an
526 4901 651 4941 vero
680 4886 862 4943 feralis
888 4904 1027 4961 saepe
1054 4902 1241 4960 regnat
1269 4892 1513 4947 ambitio.
1549 4875 1835 4948 Salubrius‘
1855 4909 1984 4963 ergo

414 4975 594 5031 fuerat
638 4980 823 5034 habita
871 4983 1052 5050 quieto
1098 4985 1278 5038 animo
1322 4985 1618 5053 possidere,
1649 5001 1811 5055 quam
1839 4984 1989 5053 abie-

411 5076 498 5121 cta
531 5085 636 5123 non
668 5071 783 5124 sine
803 5073 1035 5139 quadam
1064 5073 1277 5128 solliciti
1326 5075 1565 5129 rancoris
1599 5076 1871 5128 anxietate
1903 5089 1983 5128 re-

413 5160 647 5226 quirere.
676 5154 881 5213 Pudeat
904 5176 1031 5230 ergo
1060 5171 1130 5226 te,
1163 5178 1197 5216 ο
1223 5162 1377 5216 miles
1407 5163 1631 5225 Christi,
1660 5164 1899 5231 peritura
1928 5164 1979 5217 in

414 5249 519 5304 hoc
544 5251 741 5305 saeculo
778 5250 1031 5306 facultate
1076 5253 1359 5315 ditescere,
1391 5267 1457 5305 ne
1485 5254 1537 5305 in
1567 5250 1747 5307 futuro
1772 5252 1984 5322 cogaris

415 5340 610 5404 nudus,
637 5350 689 5395 et
716 5342 871 5411 inops
899 5350 1154 5410 perpetuo
1186 5342 1512 5397 mendicare.
1554 5342 1610 5395 In
1643 5342 1762 5397 talis
1784 5343 1982 5411 quippe

417 5430 621 5485 militite
663 5448 811 5486 arma
858 5433 1070 5501 iurasti,
1121 5448 1239 5501 qua;
1269 5433 1439 5488 nudos
1478 5441 1533 5487 et
1580 5434 1744 5499 agiles
1779 5434 1983 5502 expetit

414 5518 740 5585 bellatores;
785 5533 1011 5578 onustos
1059 5531 1238 5579 autem
1272 5532 1432 5591 atque
1488 5523 1541 5577 in
1576 5522 1681 5575 Deo
1731 5536 1922 5590 segnes
1949 5535 1979 5574 a

415 5617 719 5665 castrorum
747 5612 989 5667 excubiis
1017 5612 1251 5668 donativi
1274 5620 1423 5667 arcet
1450 5612 1729 5665 immunes.
1757 5610 1982 5679 Abjurat

2085 3174 2185 3226 est,
2230 3165 2382 3234 cujus
2429 3180 2570 3218 nunc
2611 3181 2760 3220 mens
2804 3180 2987 3219 amore
3029 3166 3207 3221 carnis
3258 3168 3409 3220 ardet
3443 3167 3492 3219 in
3531 3182 3662 3220 con-

2086 3252 2450 3323 cupiscenlia,
2500 3252 2642 3308 illius
2693 3255 3027 3322 postmodum
3072 3264 3125 3307 et
3176 3255 3291 3325 ipsa
3337 3270 3464 3309 caro
3510 3271 3660 3310 com-

2085 3346 2308 3401 buratur
2356 3346 2410 3401 in
2475 3362 2652 3416 paena.
2710 3346 2863 3401 Nunc
2913 3347 3098 3402 fornax
3160 3350 3353 3405 mentis
3402 3349 3657 3405 invisibili

2084 3443 2525 3513 concupiscentiw
2572 3443 2765 3498 ardore
2826 3444 3167 3498 succenditur
3196 3483 3213 3508 ,
3263 3444 3477 3513 dignum
3527 3455 3611 3499 est
3641 3485 3659 3508 ,

2084 3540 2142 3585 ut
2178 3541 2305 3587 tunc
2346 3546 2559 3602 quoque
2600 3547 2726 3587 caro
2769 3533 3059 3587 tnaterialis
3110 3533 3340 3587 incendii
3435 3535 3653 3588 flamma

2084 3620 2590 3691 iuexstinguibiliter
2639 3621 2974 3690 depascatur.
3033 3622 3171 3675 Audi
3225 3622 3400 3676 adhuc
3435 3662 3450 3686 ,
3503 3638 3661 3673 num-

2084 3712 2315 3767 micola:
2346 3712 2487 3781 quod
2547 3719 2725 3765 autent
2774 3718 2827 3765 te
2878 3710 3259 3765 nummicolam
3321 3709 3571 3780 appello,
3625 3726 3661 3764 a

2066 3804 2341 3880 qualitate
2393 3802 2469 3857 tui
2515 3803 2695 3872 cperis
2740 3801 3057 3857 vocabulum
3122 3803 3315 3866 traho,
3366 3817 3469 3855 non
3523 3817 3661 3855 cou-

2085 3893 2314 3967 tutnclize
2360 3892 2414 3946 ii)
2470 3900 2521 3945 te
2569 3906 2761 3945 nomen
2814 3906 3043 3960 usurpo;
3094 3887 3340 3944 nuiumos
3391 3890 3531 3943 enim
3567 3904 3660 3942 co-

2086 3984 2184 4047 lis,
2234 3984 2326 4054 qui
2379 3983 2658 4052 pecuniam
2714 3982 2909 4050 diligis.
2964 3982 3032 4036 Et
3079 3998 3202 4036 cum
3250 3982 3503 4036 Dominus
3563 3996 3661 4049 per

2084 4074 2406 4144 Prophetam
2471 4075 2613 4129 dicat
2655 4092 2668 4127 :
2715 4092 2733 4125 t
2788 4074 2983 4128 Vacate
3030 4084 3082 4127 et
3128 4074 3340 4135 videte,
3399 4072 3656 4143 quoniam

2085 4181 2186 4233 ego
2229 4181 2349 4220 sum
2395 4167 2649 4219 Dominus
2701 4161 2872 4232 (Psal.
2922 4164 3084 4231 XLV);
3124 4182 3142 4214 ι
3201 4163 3498 4217 vacationis
3538 4162 3662 4231 qui-

2087 4255 2208 4310 dem
2266 4255 2504 4317 cultum,
2553 4269 2711 4321 quem
2766 4252 2875 4306 Deo
2926 4254 3226 4316 debueras,
3283 4252 3515 4305 nutumis
3565 4265 3662 4303 ex-

2014 4383 2060 4442 D
2090 4349 2260 4411 bibes,
2307 4348 2449 4400 circa
2488 4362 2715 4414 quorum
2760 4347 3055 4400 custodiam
3099 4360 3274 4398 vacas.
3326 4361 3345 4393 ι
3376 4342 3473 4397 Ubi
3514 4342 3659 4394 enim

2086 4448 2169 4494 est
2229 4439 2510 4492 thesaurus
2560 4447 2696 4503 tuus,
2752 4437 2823 4491 ibi
2862 4447 2948 4492 est
2997 4447 3049 4491 et
3092 4452 3189 4491 cor
3248 4444 3395 4492 tuum
3441 4432 3656 4497 (Matth.

2090 4528 2244 4599 vr).r
2311 4527 2576 4593 Quocirca
2631 4526 2770 4581 sicut
2825 4527 2917 4597 qui
2974 4526 3245 4581 Christum
3299 4524 3480 4588 colit,
3536 4522 3661 4590 jure

2085 4618 2405 4675 Cbristicola
2441 4619 2676 4683 dicitttr;
2719 4617 2791 4672 ita
2828 4626 2880 4673 et
2916 4617 3008 4687 qui
3060 4616 3292 4670 nummis
3337 4630 3433 4684 per
3476 4623 3659 4669 custo-

2087 4709 2228 4765 diam
2273 4709 2459 4773 servit,
2500 4724 2605 4762 non
2649 4708 2918 4762 immerito
2959 4705 3277 4760 nummicola
3320 4703 3654 4773 perhibetur.

2088 4798 2195 4854 Sed
2240 4799 2417 4852 adhuc
2463 4797 2692 4851 fortasse
2730 4795 2931 4865 proprii
2974 4795 3151 4850 cordis
3181 4793 3330 4865 sequi
3372 4793 3656 4848 arbitrium

2079 4890 2293 4958 judicor
2332 4925 2349 4953 ,
2419 4888 2464 4942 si
2529 4886 2904 4958 etymologiat
2963 4885 3197 4939 nominis
3263 4883 3420 4953 hujus
3487 4898 3657 4938 sacra:

2087 4980 2378 5049 Scriptura:
2419 4967 2739 5031 testimoniis
2774 4992 2877 5031 non
2917 4973 3142 5029 aﬂirmo.
3181 4973 3302 5043 Ipsa
3330 4986 3521 5042 nempe
3554 4970 3656 5025 Ve-

2086 5070 2218 5125 ritas
2265 5070 2397 5124 dicit
2436 5086 2449 5121 :
2496 5088 2514 5120 ι
2543 5068 2658 5123 Νοη
2703 5067 2928 5138 potestis
2973 5066 3082 5121 Deo
3118 5066 3323 5122 servire
3376 5074 3430 5120 et
3488 5079 3653 5116 mam-

2086 5176 2257 5216 monae
2278 5159 2493 5229 (Matth.
2511 5160 2619 5223 vt),
2654 5177 2671 5209 ο
2707 5173 2772 5214 ac
2797 5158 2842 5212 si
2864 5167 3046 5228 aperte
3072 5157 3215 5211 dicat
3243 5175 3256 5209 :
3285 5154 3451 5209 Nemo
3480 5163 3655 5223 potest

2086 5251 2248 5303 Deum
2277 5249 2435 5303 simul
2461 5257 2514 5302 et
2542 5249 2795 5317 pecunias
2819 5247 3013 5301 colere.
3043 5247 3193 5314 Quod
3217 5244 3501 5315 Apostolus
3535 5258 3654 5296 ma-

2085 5340 2328 5397 nifestius
2339 5342 2594 5403 declarat,
2610 5357 2729 5395 cum
2745 5341 2845 5395 ait:
2876 5360 2893 5391 ι
2920 5340 3031 5394 Hoc
3048 5350 3223 5394 autem
3239 5341 3447 5403 scitote,
3465 5339 3658 5393 intelli-

2082 5439 2285 5500 gentes,
2328 5430 2470 5500 quod
2510 5431 2686 5505 omnis
2714 5429 3037 5505 fornicator,
3068 5438 3161 5485 aut
3200 5428 3523 5490 immundus,
3562 5436 3660 5482 aut

2082 5536 2317 5583 avarus,
2359 5522 2501 5590 quod
2551 5530 2633 5576 est
2681 5520 2943 5576 idolorum
2994 5522 3267 5585 servitus,
3330 5536 3435 5575 non
3494 5519 3660 5573 habet

2082 5606 2447 5667 hazred'itatem
2490 5610 2543 5665 in
2585 5628 2749 5681 regno
2792 5611 2994 5666 Christi
3036 5619 3088 5665 et
3136 5612 3230 5666 Dei
3274 5610 3486 5681 (Ephes.
3528 5608 3603 5676 v).
3633 5629 3650 5659 ι
