3996 6184
226 364 356 419 237

1165 348 1413 409 OPUSC.
1453 347 1568 405 ΧΠ.
1611 379 1678 389 -
1714 346 1804 404 DE
1837 342 2257 404 CONTEMPTU
2299 340 2590 399 δάκω.

3417 341 3528 398 258

218 479 342 532 Tot
391 487 525 544 ergo
578 466 899 525 criminibus
955 462 1274 534 simpliciter
1329 458 1663 517 enumeratis
1708 457 1836 512 dum
1866 463 1916 520 Α
1944 457 2168 512 Crcesus
2189 462 2244 509 et
2273 451 2543 521 Amyclas,
2573 447 2776 505 diversi
2805 447 3023 519 quidem
3046 462 3412 519 possessores,
3434 452 3530 506 sed

215 569 416 626 solani
460 561 741 619 avaritiam
781 558 1045 614 idolorum
1082 555 1280 610 asserit
1318 553 1635 610 servitutem
1667 591 1682 618 ,
1721 551 1842 606 luce

213 661 446 716 clarius
483 658 640 710 docet
677 665 899 707 avarum
940 664 1046 703 non
1086 647 1203 713 Dei,
1243 647 1336 702 sed
1373 659 1736 709 nummorum,
1777 658 1842 698 ac

215 765 325 821 per
368 749 480 803 hoc
515 743 906 801 daemoniorum
945 730 1391 795 essecultorem.

295 840 422 896 Sed
467 838 591 893 dum
626 837 679 889 in
705 834 1023 902 exponendo
1048 829 1389 885 nummicola:
1417 844 1610 883 nomen
1639 827 1842 881 diutius

218 932 541 1000 immorer,
582 927 648 980 ab
686 923 1007 978 effundenda
1050 922 1163 992 ipsa
1203 935 1547 975 nummorum
1587 918 1842 988 congerie

221 1035 470 1075 manum
508 1014 908 1086 disputationis,
948 1014 1057 1067 imo
1093 1011 1461 1082 dissipationis
1488 1019 1696 1064 averto.
1738 1007 1841 1062 Fa-

223 1123 314 1166 cta
376 1112 551 1182 igitur
607 1109 704 1163 tibi
760 1107 827 1161 de
878 1120 1101 1182 proprio
1157 1103 1374 1158 nomine
1427 1101 1840 1163 satisfactione,

223 1202 599 1267 nummicola,
628 1201 742 1272 jam
781 1198 922 1270 quod
960 1178 1202 1252 dicturus
1239 1210 1390 1249 eram
1430 1193 1716 1263 vigilanter
1749 1207 1841 1244 au-

224 1293 437 1348 sculta.
495 1291 630 1345 Audi
672 1305 804 1360 ergo
851 1288 980 1357 quid
1031 1287 1098 1340 de
1145 1295 1244 1350 te,
1307 1284 1522 1354 tuisque
1576 1281 1842 1337 similibus

229 1387 467 1441 Veritas
502 1387 647 1440 dicat
689 1401 701 1437 :
747 1403 765 1434 ι
793 1379 1054 1444 Difﬁcile,
1095 1379 1309 1448 inquit,
1353 1377 1444 1447 qui
1486 1375 1701 1430 divitias
1747 1376 1844 1428 ha-

224 1480 390 1541 bent,
436 1477 721 1530 intrabunt
759 1474 811 1528 in
854 1485 1077 1540 regnum
1117 1469 1379 1524 caelorum
1403 1466 1625 1536 (Matth.
1659 1466 1794 1537 χιχ).
1819 1484 1838 1515 ι

228 1570 298 1624 Et
342 1570 472 1623 haec
507 1567 722 1637 quidem
763 1563 1030 1619 sententia
1071 1562 1138 1616 dc
1176 1561 1266 1626 iis,
1301 1559 1392 1631 qui
1433 1557 1651 1612 divitias
1683 1557 1844 1628 juxta

226 1675 455 1715 morem
495 1657 674 1713 sazculi
713 1655 1032 1726 possident;
1074 1661 1334 1707 caeterum
1375 1651 1454 1714 lii,
1492 1648 1586 1719 qui
1629 1647 1845 1716 rejectis

226 1756 524 1817 omnibus,
563 1753 738 1808 denuo
776 1750 844 1805 ad
881 1749 1145 1802 vomitum
1183 1754 1311 1800 sunt
1351 1743 1570 1814 relapsi,
1610 1741 1714 1796 nisi
1757 1755 1844 1794 rc-

1945 562 2052 601 non
2096 546 2337 604 diversas
2386 544 2532 598 circa
2569 542 2706 607 hinc,
2743 541 2941 611 quibus
2971 542 3244 608 fruuntur,
3275 543 3536 599 exhibent

1944 637 2267 691 voluntates.
2313 635 2466 690 Licet
2515 635 2660 689 enim
2723 633 2809 688 ille
2857 647 3052 688 aureos
3096 635 3380 699 metiatur,
3431 635 3537 690 iste

1946 726 2176 781 millium
2207 734 2475 790 numeret,
2510 725 2740 778 discreta
2765 723 2981 792 quidem
3021 721 3336 777 facultatum
3362 738 3536 792 quan-

1946 818 2102 870 titate
2148 817 2450 878 caeduntur,
2501 814 2595 868 sed
2643 829 2746 867 non
2787 812 3034 867 dissimili
3081 813 3224 866 circa
3275 812 3383 877 illa,
3413 829 3537 882 quae

1945 908 2141 976 cuique
2171 906 2374 959 viritim
2426 913 2737 974 suppetunt,
2769 919 2956 958 amore
2986 912 3255 958 tenentur.
3283 903 3454 959 Porro
3486 905 3534 960 si

1946 999 2174 1069 exiguus
2187 1013 2328 1062 mus,
2345 998 2429 1053 vel
2445 999 2806 1067 quodcunque
2825 997 3151 1065 reptantium
3172 998 3225 1051 in
3239 997 3538 1068 quamlibet

1947 1087 2358 1155 capacissimam
2412 1096 2633 1141 tnnnam
2693 1101 2820 1140 rasu
2868 1087 3103 1151 decidat,
3144 1087 3387 1156 nunquid
3426 1101 3534 1141 non

1943 1180 2190 1250 protinus
2221 1195 2342 1233 cum
2376 1177 2662 1233 securibus
2711 1179 2838 1232 hinc
2882 1179 3007 1241 inde
3056 1179 3422 1243 concurritur,
3457 1186 3538 1232 ιο-

1947 1279 2093 1335 tum,
2141 1271 2401 1340 quidquid
2458 1269 2586 1324 illud
2632 1277 2782 1334 erat,
2841 1268 3166 1332 effunditur,
3219 1269 3538 1339 cunctisque

1946 1360 2303 1419 screantibus,
2331 1357 2592 1412 vomitum
2627 1358 2865 1410 mina-nte
2890 1359 3172 1410 stomacho
3207 1357 3534 1412 uauseatur?

1948 1448 2003 1504 Si
2042 1449 2358 1504 tenuissima
2393 1449 2585 1503 veneni
2629 1446 2771 1501 stilla
2815 1449 2990 1516 pando
3029 1446 3192 1501 oleris
3225 1448 3400 1500 alieno
3430 1445 3536 1499 dif-

1946 1542 2223 1607 funditur,
2257 1557 2434 1596 nonne
2487 1550 2679 1605 totum,
2729 1539 3059 1593 esculentius
3103 1538 3251 1604 licet,
3296 1537 3536 1592 edulium

1946 1648 2172 1704 prorsus
2207 1632 2571 1687 abominabile
2593 1629 2903 1700 judicatur?

2023 1722 2080 1778 Si
2109 1739 2238 1794 ergo
2286 1724 2577 1793 perexigua
2613 1721 2751 1775 mala
2802 1721 3108 1791 largissima
3151 1720 3346 1789 saepius
3393 1719 3538 1774 bona

227 1845 533 1915 sipiscant,
573 1856 795 1912 regnum
834 1838 1096 1894 cteloruin
1137 1836 1308 1904 nulla,
1343 1833 1429 1890 vel
1469 1847 1591 1888 cum
1631 1829 1850 1886 difficul-

1960 1822 2341 1884 corrumpunt,
2373 1827 2479 1882 quo
2502 1821 2661 1880 pacto
2693 1819 2742 1865 te
2779 1811 2846 1865 de
2875 1811 3216 1864 lenocinante
3259 1808 3542 1863 conscien-

231 1946 382 2002 tate,
414 1942 639 2005 possunt
663 1931 859 1987 fiducia
896 1929 1217 2002 promereri.

745 2038 915 2112 259
959 2036 1189 2093 CAPUT
1235 2034 1350 2091 vn.

236 2097 420 2204 Quod.
451 2134 613 2190 etiam
642 2097 1334 2254 Μῖξῗῧτὶᾗῖἕῗαώὶ
1371 2125 1610 2181 animum
1645 2127 1844 2181 imma-

318 2297 438 2352 Sed
486 2311 550 2350 ex
601 2294 707 2349 isto
761 2289 1210 2347 nummicolarum
1256 2301 1485 2342 numero
1526 2286 1848 2342 cerebrosus

235 2389 540 2462 quisquam
566 2385 797 2439 fortasse
827 2396 936 2435 non
975 2379 1172 2444 deerit,
1206 2378 1299 2448 qui
1335 2377 1467 2432 mibi
1497 2377 1566 2432 ad
1594 2377 1698 2430 ista
1729 2391 1846 2430 res-

231 2483 528 2555 pondeat:
578 2477 900 2533 Divitiarum
962 2487 1052 2527 me
1100 2485 1198 2526 cur
1239 2468 1566 2526 mordaciter
1607 2467 1845 2535 impetis,

237 2592 420 2648 quem
445 2573 728 2644 perexigua
760 2582 972 2625 summa
1003 2573 1322 2622 contentum
1365 2563 1457 2617 vix
1498 2575 1702 2631 paucos
1751 2559 1848 2613 ba-

234 2670 394 2726 bere
431 2664 618 2722 obolos
648 2660 867 2718 cernis?
911 2672 1146 2728 cumque
1171 2657 1277 2712 hoc
1305 2654 1538 2725 propria:
1568 2649 1848 2722 fragilitati

244 2759 566 2823 consentio,
601 2754 902 2810 relevandae
925 2748 1297 2806 tantummodo
1312 2745 1517 2801 .futurze
1538 2742 1849 2799 necessitati

244 2847 566 2925 prospicio;
605 2861 710 2899 non
755 2841 979 2897 allluere
1005 2837 1214 2895 divitiis
1258 2850 1462 2906 quaero.
1495 2833 1655 2888 Teste
1681 2831 1850 2901 siqui-

247 2922 393 2998 dem
424 2937 586 2992 totius
612 2932 973 2990 fraternitatis
1000 2944 1135 2986 mea:
1161 2934 1458 2993 conventu,
1486 2942 1518 2980 a
1542 2924 1639 2979 filo
1667 2922 1851 2978 subte-

215 3029 464 3103 gminis
507 3041 677 3096 usque
721 3024 792 3078 ad
845 3021 1132 3091 'corrigiam
1177 3017 1368 3089 caligae
1410 3016 1478 3072 de
1532 3013 1848 3069 monasterii

241 3120 367 3177 mei
402 3117 748 3174 facultatibus
777 3128 882 3168 non
918 3112 1128 3180 accipio
1150 3127 1165 3165 :
1191 3119 1250 3164 et
1278 3109 1323 3163 si
1351 3107 1588 3178 propriis
1617 3120 1703 3159 me
1724 3104 1848 3174 qui-

1948 1905 2022 1959 tia
2077 1903 2275 1973 jactas,
2307 1902 2436 1976 quia
2492 1902 2776 1956 minimum
2831 1909 2933 1962 est,
2986 1899 3129 1969 quod
3175 1908 3366 1953 contra
3406 1911 3537 1967 pro-

1946 1998 2200 2054 fessionis
2293 2006 2400 2050 tua}
2489 1995 2824 2065 propositum
2905 1991 3114 2062 privata
3207 1989 3543 2068 proprietate

1946 2090 2112 2162 250
2135 2089 2416 2160 possideas
2433 2087 2459 2141 ?
2483 2086 2619 2140 Nam
2643 2086 2798 2157 juxta
2831 2083 3148 2154 Apostolum
3176 2100 3189 2135 :
3225 2101 3242 2132 ι
3268 2081 3537 2135 Modicum

1947 2183 2276 2238 fermentum
2318 2187 2485 2234 totam
2537 2192 2774 2232 massam
2813 2173 3127 2244 corrumpit.
3154 2171 3204 2244 (1
3248 2171 3372 2226 Cor.
3402 2171 3476 2242 v).
3513 2191 3534 2224 ι

1947 2271 2016 2326 Ει
2062 2269 2227 2324 alibi:
2281 2286 2299 2320 ι
2339 2267 2440 2334 Qui
2483 2266 2695 2321 modica
2735 2265 2969 2336 spernit,
3023 2262 3282 2334 paulatim
3335 2261 3535 2317 decidit

1949 2361 2140 2434 (Eccli.
2173 2361 2250 2431 χ).
2284 2379 2302 2410 ι
2332 2357 2520 2430 Neque
2566 2359 2711 2414 enim
2751 2358 2912 2428 primi
2967 2365 3223 2425 parentes
3269 2354 3442 2409 nostri
3471 2369 3537 2407 cx

1949 2453 2040 2509 illo
2067 2455 2340 2524 prohibito
2398 2467 2558 2524 pomo
2608 2449 2817 2521 (Gener.
2861 2450 2945 2518 ιιι)
2995 2448 3366 2518 frequentibus
3415 2456 3545 2500 sunt

1949 2545 2212 2598 conviviis
2247 2543 2534 2614 crapulali,
2586 2540 2739 2610 cujus
2787 2555 2892 2593 una
2941 2548 3148 2592 tantum
3181 2537 3427 2607 leguntur
3456 2537 3540 2589 in-

1949 2631 2128 2687 fausta
2159 2632 2507 2704 perceptione
2555 2629 2841 2698 corrupti;
2902 2627 2996 2682 sed
3029 2642 3136 2680 non
3177 2625 3384 2680 idcirco
3428 2641 3543 2679 nio-

1950 2729 2251 2776 inentaneae
2290 2721 2509 2775 ultionis
2538 2718 2780 2788 perplexi
2812 2725 2938 2772 sunt
2963 2730 3150 2787 poena,
3191 2714 3318 2785 quia
3341 2715 3544 2769 diutius

1951 2828 2062 2869 non
2088 2811 2375 2883 perstitere
2402 2819 2832 2879 transgressores
2855 2807 2908 2860 in
2933 2805 3109 2874 culpa.

2550 2900 2778 2958 CAPUT
2820 2899 2953 2956 Vlll.

1955 2997 2199 3066 Qualiter
2227 2996 2296 3050 ad
2317 3011 2470 3050 νει-αι
2495 2995 2656 3064 possit
2684 2993 2972 3046 monachus
3017 2990 3225 3044 divitias
3255 2990 3542 3060 pervenire.

2025 3089 2084 3144 Si
2110 3103 2260 3158 ergo,
2290 3086 2480 3151 frater,
2528 3086 2775 3156 quisquis
2817 3100 2901 3150 es,
2932 3093 3180 3152 sumptus
3209 3092 3261 3138 te
3312 3082 3548 3138 delectat

240 3212 576 3277 buscunque
625 3205 824 3260 rectilis
876 3216 1099 3272 prorsus
1139 3174 1372 3264 revacuo,
1412 3174 1646 3268 qualiter
1690 3194 1849 3249 vivo?
1876 3179 1921 3242 C
1952 3180 2257 3251 aCQUirel'eo
2286 3180 2425 3234 “"de
2459 3176 2655 3230 Γυωιτεθ
2690 3177 2866 3244 Ροδείε
2892 3189 3183 3230 “currere
3212 3174 3545 3244 Ρελυρθτιίηίι

246 3302 409 3357 Ecce
460 3295 850 3369 proprietarius
893 3300 1115 3357 noster,
1159 3291 1280 3346 sive
1322 3289 1545 3351 melius,
1587 3294 1656 3341 tut
1699 3294 1848 3349 ante,

252 3389 620 3452 nummicola,
669 3386 1005 3458 paupertatis
1047 3383 1354 3455 patrocinio
1401 3381 1591 3446 utitur,
1627 3389 1696 3434 .ut
1739 3380 1855 3449 ipse

254 3486 421 3539 dives
466 3469 1012 3550 irreprebensiliiliter
1039 3477 1320 3542 videatur;
1355 3482 1418 3529 et
1457 3473 1655 3544 quibus
1687 3487 1854 3543 argu-

256 3582 578 3627 mentorum
610 3569 749 3624 fucis
783 3567 1012 3624 mortale
1041 3567 1233 3621 vitium
1259 3564 1473 3636 palliat,
1509 3573 1572 3617 ut
1597 3563 1857 3633 quodam-

258 3665 432 3721 modo
476 3663 783 3734 sepulcrum
810 3661 972 3717 Redis
1012 3659 1368 3716 cadaveribus
1412 3656 1629 3727 plenum
1661 3668 1859 3725 .super-

253 3758 444 3818 dncta:
474 3755 640 3811 calcis
663 3755 850 3810 albore
876 3750 1212 3808 candescat?

331 3848 472 3916 Age,
513 3845 702 3912 frater,
734 3845 780 3899 si
823 3857 893 3898 ex
921 3837 1399 3896 monasterialibus
1425 3836 1682 3908 impensis
1710 3849 1859 3890 com-

258 3937 489 3993 modum
512 3936 612 3990 tibi
655 3948 879 4005 sperare
909 3931 1172 3996 licuisset,
1221 3927 1465 3998 nunquid
1513 3940 1621 3980 non
1653 3934 1858 3990 vestes,

258 4040 407 4096 quas
429 4039 559 4080 mox
584 4035 643 4079 ut
668 4023 1044 4095 praeberentur
1069 4019 1345 4084 indueras,
1379 4031 1487 4072 non
1529 4023 1716 4070 autem
1758 4028 1856 4085 pe-

261 4119 444 4173 cuuia‘:
468 4116 621 4171 lucra
649 4115 931 4179 darentur,
961 4127 1080 4182 quae
1103 4109 1297 4166 loculis
1324 4105 1652 4162 famulatura
1677 4119 1861 4160 serva-

263 4223 355 4264 res
372 4207 398 4261 l
420 4206 534 4262 Cur
559 4221 668 4261 non
698 4205 889 4259 eodem
927 4201 1247 4273 compendio
1275 4200 1444 4255 uteris
1471 4199 1526 4252 in
1557 4197 1643 4252 bis
1685 4195 1859 4252 etiam

263 4315 392 4371 quae
420 4300 490 4352 ab
515 4297 790 4352 extraneis
813 4292 1211 4349 conferuntur?
1237 4290 1500 4346 Videlicet
1519 4299 1580 4343 ut
1603 4295 1862 4360 percepto

265 4391 512 4461 quolibet
537 4402 765 4444 munere
804 4402 932 4442 mox
967 4384 1276 4440 necessaria
1301 4383 1658 4446 redimantur,
1687 4387 1744 4435 et
1786 4378 1862 4432 vi-

1955 3287 2112 3328 veras
2135 3268 2391 3342 providus
2429 3268 2644 3322 divitias
2686 3277 2899 3337 appete,
2929 3281 3070 3321 verze
3103 3266 3266 3320 etiam
3309 3280 3546 3336 pauper-

1956 3363 2082 3418 tatis
2111 3361 2346 3431 inopiam
2365 3359 2717 3429 ,pertimesce.
2749 3359 2896 3413 illius
2948 3373 3184 3427 namque
3208 3357 3550 3428 paupertatis

1955 3450 2172 3517 intuitu,
2196 3450 2450 3506 facillime
2463 3459 2752 3520 pauper-tas
2773 3449 2879 3504 ista
2907 3448 3302 3514 contemnitur;
3328 3449 3545 3504 illarum

1956 3543 2361 3614 comparatione
2409 3541 2723 3597 divitiarum
2761 3541 2938 3596 omnis
2979 3549 3206 3596 terrente
3232 3541 3547 3596 substantiae

1957 3635 2128 3706 copia,
2152 3644 2406 3704 tanquam
2429 3633 2640 3688 littorea
2681 3631 2802 3702 alga
2823 3631 3144 3702 despicitur,
3178 3646 3296 3702 qua:
3318 3630 3550 3702 pedibus

1957 3725 2327 3782 conculcatur.
2372 3723 2538 3796 igitur
2583 3723 2646 3778 si.
2678 3737 2806 3778 vere
2845 3722 3129 3778 contendis
3169 3722 3404 3792 impiam
3453 3730 3550 3776 ta:-

1927 3815 2277 3872 diosissiina:
2305 3815 2448 3869 illius
2479 3815 2820 3884 paupertatis
2860 3815 3111 3879 evadere,
3152 3816 3307 3868 stude
3335 3813 3390 3866 in
3414 3828 3551 3884 agro

1959 3909 2140 3964 cordis
2187 3907 2262 3962 tui
2304 3907 2634 3977 optimarum
2669 3905 2894 3975 frugum
2927 3905 3227 3960 sationibus
3270 3905 3546 3960 insudare.

1960 3995 2120 4052 Teste
2157 3997 2299 4050 enim
2349 3994 2642 4065 Apostolo:
2692 4013 2711 4046 ι
2745 3995 2848 4061 Qui
2869 3995 3108 4050 seminat
3149 3995 3207 4049 in
3239 3995 3550 4066 spiritu,’dc

1958 4090 2148 4160 spiritu
2177 4095 2345 4144 metet
2372 4089 2541 4142 vitam
2565 4095 2824 4143 zeternam
2854 4085 2998 4159 (Gal.
3029 4086 3127 4158 vi).
3165 4105 3184 4139 ι
3220 4087 3289 4141 Et
3312 4087 3546 4143 iterum:

1966 4201 1985 4235 ι
2019 4181 2224 4237 Bonum
2253 4189 2439 4236 autem
2486 4179 2750 4237 facientes
2778 4195 2884 4236 non
2914 4179 3228 4237 deficiamus
3255 4197 3274 4248 ;
3305 4189 3552 4252 tempore

1960 4273 2105 4331 enim
2145 4288 2244 4330 suo
2294 4282 2560 4328 metemus
2600 4287 2710 4326 non
2751 4269 3065 4326 deficientes
3091 4269 3307 4343 (lbid.).
3363 4289 3384 4324 ι
3414 4271 3552 4326 illud

1961 4383 2231 4423 summum
2257 4375 2313 4422 et
2340 4367 2559 4422 unicum
2578 4379 2813 4433 granum
2861 4365 2915 4418 in
2939 4363 3219 4418 novalibus
3251 4372 3364 4418 tuas
3393 4379 3551 4420 men-

263 4457 362 4538 rus
391 4480 534 4551 apud
565 4489 618 4533 te
639 4477 890 4548 pecuniae
931 4489 1039 4530 non
1069 4471 1349 4529 moretur?
1374 4471 1496 4525 lloc
1523 4469 1668 4524 enim
1703 4467 1864 4523 modo
1895 4538 1936 4551 ﬁ
1965 4462 2035 4516 tis
2059 4460 2270 4516 occulta
2295 4479 2309 4514 :
2337 4459 2487 4530 quod
2509 4457 2760 4514 videlicet
2777 4458 2980 4512 cadens
3017 4457 3070 4512 in
3097 4466 3245 4513 terra
3281 4466 3553 4513 mortuum

267 4584 326 4630 et
349 4538 668 4643 indigentia;
692 4579 797 4624 tua:
821 4569 979 4624 velox
1007 4566 1308 4623 consolatio
1338 4563 1606 4635 provehit,
1632 4570 1690 4618 et
1714 4562 1862 4631 lepra
1895 4538 1942 4597 D
1969 4552 2090 4618 fuit,
2117 4563 2172 4607 et
2200 4552 2426 4607 multum
2462 4551 2644 4606 attulit
2667 4550 2905 4608 fructum
2945 4550 3126 4622 (Joan.
3156 4551 3278 4622 xu).
3311 4550 3426 4608 Hoc
3456 4551 3556 4608 tibi

269 4669 519 4738 pecuniae
546 4665 709 4719 {mdis
755 4671 807 4717 te
835 4661 1062 4717 maculis
1092 4676 1202 4716 non
1238 4658 1496 4729 aspergit.
1527 4655 1645 4712 Cur
1673 4666 1863 4710 autem

271 4759 370 4812 tibi
403 4755 788 4826 deeitiguitate
817 4752 1061 4822 pecunia
1087 4759 1344 4819 tauquam
1385 4762 1616 4804 securus
1643 4746 1866 4816 applau-

274 4850 384 4913 dis,
415 4849 510 4917 qui
533 4847 635 4902 tibi
667 4845 1046 4908 siccbalcum,
1073 4845 1216 4899 sicut
1245 4851 1302 4896 et
1333 4841 1508 4910 ipsum
1537 4853 1712 4895 assem
1740 4852 1870 4908 pro-

272 4940 508 4994 hibitum
535 4950 658 4992 esse
677 4951 790 4991 non
816 4923 1077 5003 ambigis?
1101 4931 1198 4987 Cui
1222 4945 1352 4987 vero
1376 4939 1489 4985 tota
1511 4929 1561 4984 ei
1583 4927 1868 4998 cujuslibet

275 5029 613 5084 universitas
651 5026 1063 5091 intercluditur,
1091 5023 1458 5080 excusationis
1483 5021 1762 5090 aufugium
1805 5019 1873 5073 de

277 5119 530 5174 minutiis
577 5133 689 5173 non
732 5119 1016 5172 luctatur:
1065 5125 1123 5170 et
1162 5115 1250 5170 cui
1307 5122 1476 5168 totum
1524 5111 1715 5175 cessit,
1747 5125 1875 5178 pars

275 5211 472 5283 procul
501 5212 668 5266 dubio
694 5225 804 5265 non
835 5208 1130 5274 remansit;
1166 5206 1469 5278 praesertim
1498 5219 1621 5258 cum
1661 5202 1776 5256 haec
1803 5201 1874 5255 sit

275 5304 482 5359 tuentis
525 5304 779 5358 humana:
825 5311 1042 5366 natura,
1076 5309 1132 5356 ut
1173 5303 1244 5354 ita
1277 5311 1573 5369 occupetur
1590 5297 1745 5352 circa
1770 5295 1873 5349 mi-

278 5391 454 5456 nima,
503 5391 548 5446 si
605 5391 676 5445 sit
725 5390 993 5460 indigens,
1037 5389 1177 5444 sicut
1213 5403 1343 5459 erga
1389 5387 1575 5450 multa,
1609 5386 1653 5440 si
1701 5385 1873 5440 dives.

279 5482 414 5538 Sive
451 5483 608 5537 enim
659 5492 974 5551 sumptuosa
1023 5480 1335 5535 divitiarum
1385 5478 1734 5533 inundatione
1772 5476 1878 5530 cir-

279 5572 577 5637 cuntflnas,
624 5573 741 5627 sive
791 5573 1106 5627 tenuissima
1140 5581 1192 5626 te
1219 5571 1296 5626 rei
1321 5571 1602 5626 familiaris
1631 5569 1876 5641 angustia

277 5672 522 5733 premat,
549 5664 822 5717 sententia
851 5663 942 5716 illa
975 5662 1178 5716 mutari
1209 5677 1314 5715 non
1344 5669 1522 5730 potest
1548 5678 1560 5713 :
1603 5678 1624 5711 ι
1673 5659 1773 5715 Ubi
1795 5668 1880 5713 est

283 5756 580 5809 thesaurus
616 5765 758 5820 tuus,
799 5755 871 5809 ibi
909 5763 993 5810 est
1042 5764 1094 5809 et
1136 5768 1232 5808 cor
1283 5763 1432 5807 tuum
1461 5751 1674 5821 (Matth.
1715 5752 1812 5816 vr).
1853 5771 1871 5801 ι

1972 4646 2278 4706 thesaurus,
2334 4645 2438 4719 [ioc
2483 4645 2576 4698 tibi
2604 4643 2678 4698 sit
2704 4644 3118 4713 omnigenarum
3168 4645 3388 4698 ubertas
3437 4642 3556 4699 fru-

1971 4749 2120 4803 gum.
2155 4735 2212 4788 ιιι
2235 4733 2329 4789 illo
2355 4733 2670 4802 acquirendi
2722 4731 2887 4788 finem
2932 4735 3222 4798 constitue,
3245 4734 3298 4787 iu
3319 4733 3413 4788 illo
3439 4747 3560 4788 om-

1969 4840 2098 4881 nem
2139 4825 2421 4895 utriusque
2467 4825 2589 4878 vitae
2627 4823 2880 4880 fiduciam
2903 4839 3072 4894 pone.
3110 4825 3382 4881 Dominus
3410 4827 3561 4881 enim

1974 4919 2214 4974 omnium
2239 4926 2345 4983 est,
2379 4925 2436 4972 et
2459 4917 2608 4971 dives
2649 4917 2705 4972 in
2760 4930 2952 4972 omnes
2983 4917 3085 4988 qui
3113 4917 3380 4974 invocant
3407 4917 3560 4973 illum

1978 5009 2158 5082 (Rom.
2197 5006 2284 5078 χ).
3051 5059 3054 5062 .

2042 5101 2335 5156 Enimvero
2383 5100 2429 5155 si
2459 5113 2686 5171 granum
2735 5098 2869 5154 illud
2895 5100 3229 5170 competenti
3285 5115 3562 5156 cumscr-

1975 5209 2106 5249 vare
2145 5193 2439 5257 studueris,
2469 5193 2678 5248 videbis
2722 5193 3014 5264 apethecas
3041 5194 3316 5250 interioris
3356 5194 3562 5249 cellarii

1975 5287 2077 5351 tui,
2105 5285 2243 5349 auri,
2269 5295 2326 5340 et
2357 5284 2566 5356 argenti
2605 5286 2958 5355 omniumque
3006 5285 3314 5339 divitiarum
3343 5282 3565 5338 talentis

1977 5377 2220 5432 afﬂuere.
2254 5375 2474 5433 Videbis
2513 5385 2567 5431 et
2596 5378 2790 5432 horrea
2831 5387 2920 5430 tua
2950 5391 3090 5430 novo
3111 5385 3388 5446 proventu
3411 5389 3566 5446 sege-

1984 5481 2096 5526 tum
2134 5469 2632 5540 incomparabiliter
2668 5469 2988 5524 redundare.
3014 5466 3168 5521 ll~lum
3193 5480 3324 5537 ergo
3346 5465 3570 5522 thesau-

1980 5579 2100 5618 rum
2131 5565 2343 5619 curiosa
2365 5562 2722 5618 sollicitudine
2763 5562 2967 5632 iugiter
2998 5559 3208 5628 excole,
3236 5561 3384 5617 circa
3414 5561 3566 5617 illum

1973 5662 2274 5707 nocturnas
2347 5653 2673 5721 diurnasque
2738 5652 2998 5707 excubias
3060 5651 3207 5724 vigili
3280 5651 3566 5707 sedulitate

1983 5745 2244 5814 depende.
2291 5743 2347 5798 ιιι
2377 5743 2467 5810 illo
2514 5743 2658 5797 enim
2684 5756 2794 5797 uno
2841 5742 3084 5799 omnium
3115 5743 3266 5799 dives
3291 5742 3422 5800 eris.
3463 5756 3563 5797 nec
