3996 6184
490 332 596 388 259

933 325 992 379 S.
1034 321 1233 377 PETRI
1274 318 1549 375 DAMIANI
1586 317 1734 374 OPP.
1774 315 2006 371 TOMUS
2044 314 2172 369 SEU
2214 313 2390 370 PARS
2424 313 2505 368 ιιι.
2531 303 2600 352 ἐξ
2624 301 2999 368 OPUSCULX
3022 300 3248 366 VARIX.

3607 314 3716 368 9260

495 454 701 503 eorum,
730 450 846 505 qua:
895 435 987 487 tibi
1041 432 1241 486 fuerint
1288 429 1608 491 necessaria,
1653 428 1804 495 copia
1850 426 2050 494 poteris
2079 433 2126 487 Α
2153 423 2534 492 cogitationum
2577 423 2750 492 epulis
2781 425 2959 477 reﬁce.
3009 423 3124 491 lpse
3156 424 3247 477 tibi
3295 425 3366 478 sit
3405 425 3577 490 cibus,
3603 427 3718 496 ipso

495 533 749 598 indigere.
805 525 860 577 ln
905 523 992 576 illo
1022 522 1235 588 (quippe
1283 518 1579 587 possidebis
1624 530 1811 598 aurum
1864 516 2057 568 divinae

495 591 790 686 sapientiae,
820 623 1098 682 argentum
1119 608 1477 662 aadiﬁcatricis
1507 591 1840 673 eloquentia).
1878 603 1935 656 ln
1968 603 2056 656 illo

496 711 701 761 diversa
727 704 884 772 pallia
916 704 1123 754 decorae
1153 708 1205 751 et
1233 699 1467 750 honesta:
1493 696 1936 758 conversationis,
1971 693 2054 748 bis

499 800 720 852 tinctum
756 794 999 846 videlicet
1051 779 1268 844 coccum
1298 789 1520 856 geminae
1561 788 1860 850 charitatis,
1906 786 2052 839 colu-

497 889 639 940 bmm
683 887 862 938 nitida:
917 883 1197 937 castitatis.
1246 880 1302 933 1n
1359 880 1447 933 illo
1495 884 1708 948 byssum
1762 886 2054 946 patienttze,

495 979 794 1030 flammeum
821 975 1108 1028 birotinum
1133 973 1292 1025 divini
1329 971 1556 1031 timoris,
1582 985 1868 1038 purpuram
1896 957 2056 1038 regiae

494 1068 790 1138 dignitatis.
845 1066 979 1130 Quia
1025 1064 1166 1117 enim
1211 1062 1447 1114 inurit-eo
1507 1061 1761 1127 sanguine
1813 1059 2053 1126 tingitur,

496 1165 552 1210 ut
580 1159 629 1209 in
657 1169 982 1224 purpurcmn
1013 1153 1244 1205 colorem
1269 1150 1385 1202 lana
1417 1157 1678 1212 vertatur,
1701 1148 1946 1216 quisquis
1975 1162 2056 1200 so-

497 1245 566 1300 lio
599 1247 730 1300 recti
770 1243 1032 1298 examinis
1063 1242 1135 1294 ita
1183 1240 1451 1308 praesidet,
1488 1247 1547 1290 ut
1580 1251 1766 1290 omnes
1794 1250 1905 1289 sua:
1933 1250 2054 1287 car-

497 1341 579 1391 nis
610 1336 911 1395 illecebras,
955 1333 1314 1397 vitiorumque
1357 1327 1660 1381 barbariem
1692 1324 1923 1378 violento
1953 1323 2056 1376 im-

495 1429 643 1494 perio
693 1424 1018 1478 mortiﬁcare
1079 1419 1311 1479 festinet,
1358 1417 1444 1470 hic
1492 1429 1585 1468 rex
1639 1429 1743 1466 non
1791 1411 2058 1465 immerito

496 1518 712 1579 dicitur,
764 1522 816 1568 et
887 1509 1181 1580 spiritualis
1241 1519 1507 1575 purpuras,
1567 1504 1763 1557 decore
1809 1502 2056 1556 vestitur.

495 1609 548 1660 ln
617 1605 705 1657 illo
762 1600 1103 1669 diupisticum
1174 1597 1397 1649 virentis
1471 1608 1682 1662 semper
1740 1593 1895 1661 spei,
1972 1592 2059 1644 ni-

503 1689 699 1741 mirum
793 1699 1011 1744 vocatus
1052 1689 1103 1740 in
1145 1686 1509 1740 haereditatem
1561 1683 2056 1740 incontaminatam.

2157 515 2499 570 nihilominus
2548 516 2934 568 indumentum.
2996 514 3048 566 Si
3098 514 3377 581 contigerit
3429 526 3718 578 autem,nt

2155 606 2315 660 etiam
2345 605 2639 674 cujuspiam
2675 602 2940 657 commodi
2982 603 3266 655 exterioris
3293 603 3549 672 indigeas,
3583 607 3720 659 nihil

2157 696 2391 758 haasites,
2455 695 2586 748 nihil
2630 695 2694 747 de
2742 695 2856 762 ejus
2913 691 3016 744 ﬁda
3075 691 3425 758 promissione
3491 692 3718 756 diﬂidas,

2155 800 2259 850 qua
2292 784 2592 852 pollicetur,
2619 783 2840 834 dicens:
2883 798 2900 830 ‹
2942 779 3181 831 Primum
3226 781 3448 846 qtncrite
3497 797 3718 849 regnum

2157 875 2272 936 Dei,
2306 884 2359 926 et
2408 875 2520 927 lucc
2568 875 2747 925 omnia
2789 872 3108 940 adjicientur
3151 871 3300 924 vobis
3329 871 3539 939 (Matth.
3567 876 3658 942 γι).
3697 895 3714 923 ι

2157 965 2254 1029 Qui
2288 966 2428 1017 enim
2454 964 2756 1017 sitientibus
2799 962 3104 1016 Israelitica:
3130 962 3298 1030 plebis
3333 964 3632 1029 agminibus
3653 981 3719 1019 ex

2156 1053 2246 1106 illo
2277 1053 2438 1105 aridae
2465 1051 2678 1105 metallo
2712 1051 2858 1118 rupis
2887 1051 3077 1102 uberes
3105 1065 3364 1117 aquarum
3402 1051 3724 1118 rivosjussit

2157 1143 2373 1196 efﬂuere
2402 1142 2596 1211 (Exod.
2627 1140 2754 1209 xu),
2787 1139 2875 1208 qui
2908 1138 3265 1193 esurientibus
3289 1138 3505 1192 caeleste
3527 1156 3720 1192 manna

2157 1249 2252 1302 per
2281 1247 2480 1284 annosa
2511 1239 2810 1298 temporum
2852 1228 3025 1296 potuit
3055 1228 3228 1296 spatia
3278 1228 3601 1289 ministrare,
3629 1229 3722 1296 qui

2157 1323 2494 1376 innumeram
2531 1326 3015 1387 ortygometrarum
3055 1315 3447 1369 multitudinem
3473 1317 3726 1384 praacepit

2159 1414 2211 1467 in
2260 1410 2712 1466 murmurantium
2762 1417 2939 1461 castra
2993 1406 3336 1469 descendere,
3376 1407 3465 1459 uni
3498 1407 3722 1459 homun-

2157 1501 2297 1555 ciuni
2343 1500 2454 1554 suis
2501 1498 2701 1568 jugiter
2738 1497 3010 1564 obsequiis
3055 1496 3318 1550 insistenti
3379 1511 3483 1548 non
3527 1495 3725 1564 poterit

2160 1592 2462 1645 necessaria
2489 1587 2814 1659 p'rovidere?
2844 1588 2909 1642 Et
2938 1587 3026 1656 qui
3070 1601 3164 1655 per
3193 1587 3545 1655 quadraginta
3567 1587 3724 1641 circi-

2163 1690 2244 1736 ter
2293 1695 2553 1734 annorum
2594 1677 2859 1732 curricula
2910 1677 3131 1731 infinitas
3169 1677 3310 1730 illius
3355 1678 3522 1729 turbae
3563 1676 3725 1730 vesti-

502 1778 1020 1839 inmarcescibilem,
1061 1785 1432 1828 conservatam
1461 1772 1513 1824 in
1550 1771 1699 1824 ccelis
1745 1769 1795 1840 (I
1853 1769 1967 1822 Pet.
1993 1768 2055 1837 ι).
2091 1776 2131 1833 Β
2161 1780 2338 1826 menta
2365 1771 2599 1825 servavit
2626 1770 2813 1833 illaesa,
2845 1768 3054 1822 diﬁicile
3092 1769 3191 1822 sibi
3227 1777 3308 1822 est
3351 1768 3545 1821 attritis
3572 1777 3723 1821 vete-

499 1871 552 1922 lu
595 1865 683 1921 illo
733 1867 952 1920 habebis
988 1865 1238 1918 annulum
1281 1863 1426 1925 ﬁdei,
1473 1861 1713 1914 armillas
1757 1859 1981 1928 perfecti
2008 1861 2058 1911 in

500 1967 671 2010 activa
705 1957 810 2007 vita
843 1953 1040 2023 operis,
1067 1951 1328 2006 dextralia
1372 1951 1534 2003 etiam
1572 1947 1914 2016 speculativa:
1935 1963 2062 2000 con-

500 2047 875 2115 templationis.
922 2063 939 2095 ι
978 2045 1129 2098 Laeva
1153 2043 1294 2096 enim
1353 2041 1470 2108 ejus
1517 2041 1674 2111 251
1733 2042 1836 2095 sub
1883 2041 2060 2109 capite

502 2148 609 2200 tuo,
641 2147 695 2190 et
720 2138 941 2189 dextera
965 2135 1105 2188 illius
1139 2131 1533 2201 amplexabitur
1559 2142 1606 2184 te
1654 2130 1829 2200 (Cant.
1873 2131 1955 2200 ιι).
2006 2149 2023 2180 ›

568 2226 632 2277 Et
660 2226 787 2292 quid
839 2224 933 2277 tibi
991 2223 1140 2291 plura
1201 2220 1497 2288 pollicear?
1533 2220 1960 2287 quandoquidem
2010 2220 2062 2271 in

501 2314 590 2366 illo
610 2314 846 2365 omnium
876 2312 1131 2364 virtutum
1155 2309 1400 2379 genunis,
1438 2317 1748 2360 cunctorum
1773 2306 2064 2375 perfrueris

500 2404 884 2457 charismatum
921 2399 1263 2468 margaritis?
1293 2397 1401 2449 Nec
1433 2397 1525 2449 tibi
1560 2398 1784 2450 deerunt
1825 2398 2063 2450 omnium

507 2498 824 2549 mundorum
908 2492 1114 2547 scilicet
1175 2493 1679 2557 innnundorumque
1752 2487 2063 2540 animalium

498 2601 708 2656 greges,
757 2600 876 2654 quae
911 2586 1010 2638 sub
1062 2583 1213 2651 virga
1278 2591 1379 2634 tua:
1423 2587 1700 2634 transeant
1752 2577 2062 2645 disciplinae.

498 2677 773 2730 lnununda
820 2675 1079 2744 siquidem
1129 2673 1378 2726 vitiorum
1407 2679 1646 2724 armenta
1697 2669 1794 2722 sub
1848 2677 1952 2722 tua:
1986 2668 2067 2720 di-

501 2768 659 2822 tionis
694 2766 917 2834 imperio
955 2764 1347 2826 domabuntur;
1397 2759 1592 2813 munda
1627 2774 1755 2812 vero
1797 2759 2066 2812 interioris

501 2857 574 2908 tui
608 2854 841 2909 hominis
869 2865 1111 2906 ventrem
1147 2849 1478 2905 suavissima:
1509 2846 2066 2915 refectionisdapibus

503 2946 839 3016 saginabunt.
862 2943 1015 2999 Oviui
1044 2943 1254 2996 velleris
1288 2951 1460 2995 turma
1484 2939 1764 2994 delicatius
1790 2947 2063 3003 accurata,

502 3036 671 3090 dulcis
711 3033 1026 3087 innocentia:
1060 3032 1371 3100 praebebunt
1399 3031 1505 3084 tuis
1543 3029 1758 3083 ferculis
1787 3027 2061 3082 alimenta.

2162 1864 2311 1916 ribus
2341 1877 2508 1916 novas
2559 1861 2652 1915 tibi
2697 1859 2920 1913 exuvias
2965 1859 3262 1927 reparare?
3303 1857 3408 1912 Nos
3454 1867 3599 1911 certe
3627 1871 3723 1911 nos

2161 1954 2397 2006 minimae
2430 1951 2573 2016 ﬁdei,
2605 1949 2973 2019 compellimus
3012 1949 3279 2002 Christum
3309 1963 3428 2002 esse
3462 1958 3721 2001 tenacem.

2163 2043 2363 2111 Nempe
2411 2041 2869 2109 pusillanimorum
2916 2038 3208 2093 difﬁdentia
3253 2039 3384 2093 facit
3436 2054 3724 2108 pauperem

2161 2131 2430 2185 Christum
2461 2147 2474 2193 ;
2507 2139 2562 2183 at
2597 2130 2750 2200 plena
2786 2129 2916 2183 ﬁdes
2969 2129 3184 2182 divitem
3217 2129 3363 2182 illum
3415 2140 3469 2183 et
3521 2131 3724 2198 largum

2163 2221 2215 2272 in
2263 2219 2577 2274 exhibendis
2619 2220 2913 2287 experitur.
2963 2219 3157 2289 Satage
3214 2228 3418 2272 tantum
3462 2221 3513 2273 in
3562 2222 3644 2273 his
3676 2231 3728 2275 te

2162 2311 2321 2379 252
2362 2326 2637 2373 exercere,
2685 2310 3003 2379 quaajussit,
3030 2321 3082 2363 et
3111 2310 3252 2363 nulla
3292 2326 3509 2379 prorsus
3547 2326 3613 2364 ex
3647 2313 3729 2365 his

2165 2409 2382 2454 maneat
2405 2401 2669 2464 dubietas,
2694 2416 2811 2468 qua:
2835 2401 3096 2468 promisit.
3127 2399 3207 2454 Sit
3238 2416 3457 2454 securus
3481 2411 3724 2464 exactor,

2162 2489 2252 2542 ubi
2283 2491 2348 2542 ad
2385 2491 2711 2543 reddendum
2743 2499 3021 2556 promptus
3046 2497 3128 2542 est
3155 2489 3382 2543 debitor.
3417 2489 3542 2544 Sine
3563 2505 3728 2544 causa

2165 2577 2441 2643 diﬂiditur,
2477 2579 2564 2632 ubi
2606 2579 2691 2632 ille
2715 2579 3008 2646 promissor
3034 2587 3132 2643 est,
3164 2579 3255 2647 qui
3284 2595 3550 2648 nunquam
3577 2596 3726 2634 men-

2167 2669 2316 2722 titur.
2351 2668 2586 2722 Seeurus
2615 2670 2848 2723 creditor
2891 2668 3155 2739 graditur,
3181 2684 3300 2724 cum
3330 2670 3551 2740 simplex
3581 2673 3728 2727 veri-

2167 2767 2252 2812 tas
2277 2759 2629 2828 promissione
2659 2767 2891 2814 tenetur.

2235 2850 2358 2903 llaec
2387 2859 2564 2903 autem
2606 2850 2670 2903 de
2705 2852 3083 2920 proprietatem
3115 2851 3429 2907 habentibus
3455 2855 3730 2909 monachis

2163 2940 2313 2995 brevi
2341 2941 2706 3012 perstringere
2727 2942 3042 3010 compendio
3075 2944 3356 3008 duximus;
3391 2961 3529 2999 nunc
3550 2956 3728 3001 autem

2167 3031 2233 3085 ad
2255 3046 2365 3094 eos,
2392 3031 2481 3099 qui
2503 3027 2715 3100 equinis
2735 3032 3123 3087 vectationibus
3143 3035 3354 3089 assidue
3373 3034 3729 3100 delectantur,

503 3124 814 3178 Domestica:
842 3123 1064 3175 altilium
1085 3136 1273 3176 carnes
1299 3137 1402 3175 non
1433 3121 1719 3175 cessabunt.
1744 3120 1798 3173 in
1824 3127 1879 3174 te
1898 3119 2064 3174 divini
2091 3122 2136 3185 C
2168 3123 2547 3193 disputationis
2571 3116 2856 3179 articulum
2885 3125 3288 3180 transferamus.

503 3219 700 3272 amoris
729 3230 924 3286 augere
963 3213 1359 3284 pinguedinem.
1409 3212 1671 3268 Universa
1696 3227 1894 3283 genera
1916 3212 2065 3266 volu-

501 3323 650 3361 crum
695 3321 855 3375 super
909 3305 1101 3359 mentis
1148 3315 1250 3358 tuae
1297 3319 1538 3358 mensam
1591 3304 1957 3373 sumptuosius
1985 3303 2063 3356 in-

501 3406 710 3452 struent
739 3396 980 3466 spiritale
1013 3396 1314 3450 convivium
1341 3411 1356 3461 ;
1390 3403 1448 3448 at
1491 3410 1620 3449 vero
1649 3395 1860 3449 taurina
1885 3394 2065 3450 cervix

500 3490 764 3557 superbia
805 3488 1134 3556 suppositum
1178 3494 1283 3540 tua:
1317 3486 1537 3540 ditionis
1583 3487 1818 3556 emugiet
1856 3483 2062 3557 jugum.

503 3555 721 3647 Equinaa
749 3555 972 3630 luxuriae
1015 3575 1275 3630 elfrenata
1325 3575 1545 3628 libertas
1591 3575 1692 3628 sub
1719 3555 1788 3647 te
1829 3555 2065 3628 chamati

501 3646 613 3725 oris
664 3670 878 3722 mandet
923 3665 1296 3720 insatiabiliter
1351 3664 1574 3719 ferrum.
1633 3646 1832 3719 Omnes
1877 3663 2067 3717 bellua:

502 3759 774 3819 vitiorum,
833 3755 1077 3807 universa
1137 3761 1378 3821 portenta
1429 3751 1698 3820 reptilium
1754 3749 2065 3804 tremefacta

501 3848 770 3915 pavebunt
816 3853 922 3899 tua:
964 3841 1342 3898 dominationis
1371 3841 1667 3910 imperium.
1721 3839 1788 3894 Et
1815 3842 1928 3894 haec
1951 3841 2066 3908 qui-

501 3939 623 3992 dem
655 3935 833 3989 omnia
887 3935 938 3988 in
981 3933 1082 3986 hac
1108 3933 1214 3985 vita
1240 3933 1296 3986 in
1327 3937 1475 3986 tuum
1515 3932 1706 3986 cedent
1735 3931 1875 3984 ultro
1905 3945 2066 3999 pecu-

501 4031 650 4094 liutn,
677 4031 719 4082 si
744 4027 1033 4098 pretiosum
1073 4024 1219 4077 illum
1259 4038 1324 4078 ac
1351 4022 1699 4092 singularem,
1746 4037 1905 4091 quem
1934 4036 2069 4090 pra:-

499 4121 752 4183 diximus,
781 4127 937 4172 caute
959 4115 1231 4171 studueris
1261 4113 1530 4169 custodire
1559 4115 1893 4168 thesaurum.

573 4211 836 4264 Caeterum
882 4210 934 4261 in
971 4207 1058 4261 illa
1111 4221 1250 4259 verae
1298 4204 1647 4259 beatitudinis
1716 4203 1820 4256 vita
1866 4212 2067 4270 quanta

505 4301 626 4364 tibi,
656 4307 710 4351 et
738 4313 897 4367 quam
931 4297 1137 4364 potiora
1158 4295 1444 4356 dabuntur,
1485 4307 1590 4346 non
1619 4300 1723 4355 est,
1751 4291 1946 4355 fateor,
1974 4306 2068 4345 no-

506 4399 738 4444 strarum
768 4389 962 4441 virium
1005 4386 1299 4452 disputare,
1354 4398 1459 4437 non
1499 4391 1582 4435 est
1617 4391 1813 4434 nostra:
1843 4379 2067 4434 faculta-

2778 3213 3005 3270 CAPUT
3041 3214 3128 3270 lX.

2418 3303 2494 3358 De
2520 3305 2786 3358 monachis
2816 3305 3024 3359 assidue
3053 3307 3478 3361 discurrentibus.

2234 3393 2345 3449 Nec
2385 3410 2508 3449 reor
2553 3396 2618 3450 de
2664 3405 2839 3449 vestra
2882 3396 3130 3450 excidere
3174 3398 3410 3464 potuisse
3448 3400 3734 3464 memoria,

2167 3484 2364 3539 fratres
2392 3485 2720 3549 cbarissimi,
2751 3486 2874 3554 quia
2913 3501 3277 3555 saepenumero
3305 3489 3368 3540 de
3397 3487 3496 3540 hac
3519 3503 3735 3555 quoque

2167 3574 2555 3628 monachorum
2596 3575 2834 3643 pernicie
2873 3575 3124 3629 concordi
3155 3577 3293 3630 inter
3323 3591 3420 3630 nos
3449 3577 3733 3630 familiari-

2168 3673 2278 3718 tate
2302 3664 2608 3719 doluimus:
2647 3675 2701 3719 et
2736 3665 2991 3734 inquietis
3029 3666 3285 3721 fratribus
3323 3684 3386 3722 ac
3436 3669 3734 3736 vagationis

2165 3757 2299 3810 vitio
2339 3758 2722 3826 pereuntibus,
2767 3758 3019 3811 fraterna:
3042 3759 3323 3812 cbaritatis
3349 3756 3539 3812 affectu
3582 3775 3735 3812 com-

2165 3848 2309 3916 passi
2360 3863 2563 3902 sumus.
2613 3847 2750 3901 Sunt
2797 3861 3028 3916 namque
3069 3849 3331 3915 nonnulli,
3373 3850 3566 3918 quibus
3604 3852 3731 3902 dum

2166 3938 2347 3993 saeculi
2386 3939 2630 3992 militiam
2665 3939 2986 4007 bajularent,
3025 3951 3308 4010 perttesum
3355 3950 3469 3994 erat
3497 3942 3594 3996 sub
3627 3942 3735 3995 hu-

2168 4045 2340 4084 mante
2366 4031 2641 4085 servitutis
2665 4030 2794 4101 jugo
2837 4031 2944 4086 huc
2972 4033 3202 4103 illucque
3230 4034 3528 4087 discurrere
3547 4075 3560 4099 ,
3597 4035 3736 4088 adeo

2167 4127 2226 4173 ut
2291 4119 2654 4174 deliberarent
2715 4121 2779 4174 ad
2827 4121 3201 4175 monasteriale
3246 4123 3413 4175 otium
3465 4122 3736 4179 libertatis

2167 4223 2351 4262 amore
2395 4209 2653 4274 transire;
2699 4224 2838 4263 nunc
2882 4220 3061 4264 autem
3113 4220 3260 4264 tanto
3303 4221 3427 4264 sunt
3465 4211 3737 4280 pestiferae

2169 4297 2552 4365 inquietudinis
2602 4299 2795 4351 ardore
2843 4299 3112 4364 succensi,
3169 4308 3224 4352 ut
3275 4300 3319 4353 si
3376 4302 3588 4370 quando
3624 4317 3734 4356 non

2167 4387 2439 4454 przebetur
2458 4387 2674 4440 occasio
2695 4388 2902 4441 dictans
2926 4387 3133 4458 longius
3157 4389 3423 4458 progredi,
3449 4390 3736 4444 tenebroso

507 4482 577 4533 tis
604 4479 868 4532 evolvere.
904 4476 1013 4530 Hoc
1041 4483 1246 4528 tantum
1289 4474 1355 4526 ad
1381 4473 1816 4541 compendiosum
1845 4471 2069 4541 inexpli-
2095 4466 2145 4523 D
2169 4476 2456 4530 carceralis
2529 4478 2784 4531 custodia:
2843 4478 3127 4533 videantur
3172 4481 3394 4535 horrore
3442 4481 3687 4536 concludi
3717 4501 3731 4536 :

507 4567 694 4621 cabilis
746 4565 942 4635 negotii
991 4563 1193 4616 exitum
1253 4561 1457 4615 referre
1506 4559 1750 4625 sufﬁciat,
1791 4562 1914 4628 quia
1965 4562 2066 4614 huc

509 4658 781 4726 accepturi
811 4663 955 4724 sunt,
1003 4654 1094 4724 qui
1131 4653 1385 4707 mundum
1420 4652 1658 4720 perfecte
1687 4651 2019 4720 reliquerunt
2047 4663 2062 4702 :

514 4768 533 4799 ι
568 4749 720 4815 Quod
748 4746 934 4802 oculus
983 4761 1087 4799 non
1119 4744 1269 4807 vidit,
1298 4757 1398 4796 nec
1435 4743 1580 4796 auris
1607 4730 1831 4803 audivit,
1873 4757 1974 4796 nec
2012 4742 2063 4796 in

508 4855 603 4893 cor
632 4838 864 4893 hominis
899 4835 1164 4900 ascendit,
1194 4850 1311 4903 qua:
1332 4835 1649 4903 prmparavit
1680 4835 1819 4887 Deus
1845 4821 2069 4904 diligen-

512 4933 652 4985 tibus
678 4945 735 4983 se
757 4927 804 4996 (1
868 4927 991 4981 Cor.
1019 4929 1103 4996 tl).
1141 4944 1158 4976 ι

583 5019 734 5071 Hunc
757 5031 882 5084 ergo
915 5017 1244 5076 thesaurum,
1284 5013 1558 5068 Christum
1599 5015 1866 5077 videlicet,
1903 5014 2067 5069 Deum

510 5120 565 5163 et
587 5107 866 5161 Dominum
888 5113 1146 5162 nostrum,
1175 5103 1265 5169 qui
1295 5101 1446 5154 nobis
1465 5101 1640 5156 factus
1661 5110 1744 5155 est
1768 5104 2070 5170 redemptor

510 5211 566 5254 et
603 5197 854 5268 pretium,
901 5194 1012 5261 ipse
1047 5192 1338 5260 promissor
1362 5200 1416 5244 et
1441 5191 1735 5258 priemium,
1774 5192 1862 5258 qui
1885 5200 1938 5244 et
1959 5191 2066 5244 vita

512 5301 593 5346 est
615 5290 884 5343 hominum
908 5295 961 5338 et
980 5282 1284 5351 perennitas
1301 5280 1628 5350 angelorum,
1645 5282 1808 5346 hunc,
1827 5283 2064 5350 inquam,

513 5385 567 5436 in
612 5381 810 5435 exedra
861 5376 933 5431 tui
983 5372 1214 5443 pectoris
1256 5369 1494 5438 diligenti
1547 5385 1677 5424 cura
1726 5373 1970 5425 reconde.
2008 5372 2066 5424 ln

515 5473 660 5527 illum
712 5484 923 5524 omnem
976 5467 1340 5533 cujuscunque
1390 5463 1724 5516 necessitatis
1757 5463 2070 5517 sollicitudi-

513 5575 635 5616 nem
682 5560 898 5628 projice.
945 5556 1002 5610 ln
1036 5557 1148 5625 ipso
1199 5569 1294 5624 per
1341 5553 1566 5606 assidua:
1609 5554 1868 5608 orationis
1911 5554 2070 5607 collo-

515 5650 696 5718 quium
737 5648 1018 5702 delectare.
1072 5647 1129 5700 ln
1185 5647 1299 5712 ipso
1356 5652 1407 5698 to
1471 5643 1716 5712 vigilibus
1763 5653 2070 5700 sanctarum

2170 4567 2311 4634 quod
2341 4565 2523 4633 procul
2570 4566 2729 4620 dubio
2761 4565 2876 4620 ﬁeri
2899 4568 3104 4636 antiqui
3127 4567 3295 4622 hostis
3325 4583 3425 4623 non
3457 4571 3738 4639 ignoratur

2171 4653 2386 4705 astutia.
2418 4652 2561 4717 Quos
2599 4653 2740 4706 enim
2785 4655 2960 4708 adhuc
2995 4670 3171 4712 sessor
3197 4657 3555 4724 nequissimus
3580 4660 3740 4727 equi-

2171 4750 2270 4807 tat,
2305 4743 2504 4797 idcirco
2536 4743 2851 4812 importunis
2880 4747 3101 4813 vagandi
3135 4746 3432 4801 calcaribus
3453 4757 3626 4817 urget,
3673 4758 3739 4802 ut

2168 4840 2221 4884 et
2249 4831 2348 4898 ipsi
2387 4831 2452 4884 ad
2506 4832 2685 4886 saeculi
2733 4833 3024 4886 vanitatem
3073 4837 3355 4890 redeuntes
3405 4847 3647 4906 pereant,
3679 4849 3736 4891 et

2169 4918 2302 4972 alios
2331 4921 2399 4972 ab
2439 4920 2745 4988 arripiendo
2790 4922 3006 4974 tramite
3046 4939 3184 4977 verae
3229 4925 3416 4978 salutis
3461 4937 3734 4982 avertant.

2171 5007 2308 5062 Sunt
2333 5010 2473 5062 enim
2503 5009 2849 5078 quamplures
2877 5011 2929 5062 in
2956 5012 3196 5065 saeculari
3225 5013 3409 5067 habitu
3431 5016 3733 5076 constituti.

2173 5098 2262 5165 qtti
2305 5097 2404 5150 nisi
2449 5099 2512 5149 ad
2561 5099 2704 5151 hunc
2752 5100 3061 5155 monasticae
3109 5102 3456 5156 institutionis
3494 5115 3734 5171 portum,

2172 5187 2390 5241 Christo
2413 5187 2566 5247 duce,
2585 5186 2914 5256 confugiant,
2932 5189 3088 5242 aliter
3110 5205 3168 5243 se
3201 5190 3254 5242 in
3291 5191 3395 5245 illis
3420 5191 3737 5260 procellosis

2173 5274 2423 5330 mundani
2435 5273 2608 5344 pelagi
2622 5274 2864 5330 fluctibus
2876 5277 3066 5331 salvari
3081 5291 3234 5348 posse
3245 5281 3462 5334 omnino
3473 5280 3736 5338 difﬁdant.

2787 5365 3012 5422 CAPUT
3051 5367 3120 5422 Χ.

2316 5453 2454 5519 Quid
2488 5455 2610 5508 laici
2640 5456 2703 5508 de
2735 5459 2997 5510 monachis
3035 5459 3366 5512 strcularibus
3393 5463 3587 5515 dicant.

2249 5550 2352 5603 Sed
2382 5565 2501 5602 cum
2532 5548 2961 5616 contemplantur
2982 5565 3074 5602 eos
3102 5551 3189 5618 qui
3215 5567 3382 5619 nuper
3401 5565 3589 5606 cuncta
3613 5571 3738 5623 quae

2180 5642 2360 5695 mundi
2409 5649 2565 5705 sunt,
2613 5655 2733 5696 cum
2783 5655 2974 5710 magno
3025 5641 3232 5696 fervore
3280 5654 3735 5712 contempserant,
