3996 6184
350 299 447 354 261

1290 301 1532 359 OPUSC.
1572 304 1682 359 XII.
1711 333 1780 343 —
1807 303 1893 357 DE
1929 304 2349 365 CON'I‘EMPTU
2390 308 2681 368 SECULI.

3520 325 3624 381 262

338 431 484 472 nunc
506 414 572 469 ad
607 408 948 471 saecularium
980 416 1321 485 negotiorum
1355 418 1624 472 turbinem
1652 418 1928 474 inhianter
1957 422 2003 480 Α
2031 417 2176 473 velut
2222 418 2387 475 arbor
2438 422 2589 477 arida
2645 424 2968 481 denudetur.
3027 425 3095 482 Et
3142 437 3395 500 tanquam
3442 435 3620 503 grossi

338 509 533 579 redigi,
559 508 695 563 etin
733 507 999 576 ejusdem,
1040 524 1202 578 quam
1232 521 1541 575 evaserant,
1584 527 1802 568 emnosa
1834 528 1932 567 γο-
2033 509 2277 565 ficulneae
2300 512 2478 567 ventis
2524 515 2757 584 expositi
2806 525 2956 573 stare
2983 530 3277 588 nequeunt,
3312 523 3393 578 sic
3432 524 3487 578 in
3530 524 3625 581 illo

335 600 536 655 lutabri
583 598 717 654 faece
750 600 978 663 versari,
1026 608 1217 669 stupor
1245 602 1573 658 mirantibus
1609 604 1807 668 oritur,
1840 620 1930 659 su-

332 690 563 760 spirium
615 689 684 744 ab
733 690 859 746 imis
908 692 1208 749 visceribus
1251 695 1504 758 trahitur,
1551 705 1607 751 et
1652 698 1704 751 in
1740 711 1926 753 eorum

333 781 614 837 mentibus
681 782 992 851 desperatio
1075 794 1387 854 generatur.
1454 786 1511 840 lu
1577 789 1927 857 semetipsum

331 888 575 942 namque
623 874 993 943 unusquisque
1029 874 1337 944 hujusmodi
1378 879 1653 947 querelam
1683 881 1924 948 deponit,

331 965 561 1020 dicens:
597 963 711 1030 Vae,
742 980 843 1029 vae,
886 965 973 1019 ubi
1005 982 1105 1036 ego
1130 968 1364 1037 proprize
1394 969 1587 1024 salutis
1628 985 1777 1039 spem
1827 986 1924 1041 po-

331 1055 455 1111 sui?
494 1054 607 1110 Cur
664 1065 845 1110 autem
892 1057 1088 1126 capitis
1134 1059 1239 1112 mei
1290 1060 1531 1128 periculo
1578 1061 1643 1114 ad
1679 1062 1923 1117 ordinem

329 1148 480 1202 illum
525 1148 765 1203 transire
796 1149 1050 1203 decrevi?
1099 1147 1268 1205 Paulo
1310 1152 1493 1206 minus
1533 1151 1681 1207 brevi
1725 1163 1926 1222 puncto

328 1254 533 1308 corpus
555 1238 716 1293 simul
745 1242 801 1295 et
833 1241 1068 1295 animam
1096 1242 1326 1311 perdidi.
1356 1242 1619 1298 Penemte
1663 1243 1715 1297 iu
1744 1245 1923 1315 ignem

328 1330 536 1398 apertis
564 1330 740 1385 oculis
778 1331 995 1399 propria
1024 1332 1301 1388 voluntate
1336 1331 1564 1402 eonjeci.
1608 1333 1740 1401 Quis
1776 1336 1921 1389 enim

327 1420 423 1475 illo
450 1420 747 1477 ferventior
777 1422 1069 1492 aliquando
1112 1424 1497 1479 monasterium
1526 1426 1720 1492 petiit?
1766 1426 1919 1494 Quis,

327 1521 387 1566 ut
416 1511 721 1574 videbatur,
753 1513 1067 1568 animosiori
1098 1515 1403 1569 constantia
1433 1516 1498 1569 ad
1531 1516 1733 1571 Christi
1780 1518 1922 1571 mili-

328 1603 460 1656 tiam
491 1604 846 1673 properavit?
881 1604 1033 1659 Nunc
1064 1616 1246 1661 autem
1277 1607 1541 1672 omnium,
1571 1622 1692 1677 quae
1716 1610 1921 1678 promi-

323 1694 418 1755 sit,
448 1693 670 1759 oblitus,
717 1694 768 1748 in
823 1696 1055 1751 terrenis
1106 1711 1165 1751 se
1204 1698 1439 1769 negotiis
1476 1698 1680 1769 jugiter
1712 1709 1913 1766 versat,

324 1784 585 1839 saeculum
632 1795 851 1850 tractat,
902 1787 1157 1843 sarculum
1195 1790 1369 1859 spirat
1418 1804 1434 1843 :

324 1876 764 1931 mortificationis
811 1877 1030 1934 habitus
1086 1879 1406 1935 dissimilem
1456 1880 1652 1945 reddit,
1702 1896 1913 1936 mecum

322 1969 528 2023 mundo
550 1985 655 2023 non
685 1967 845 2041 253
872 1971 1210 2027 dissimiliter
1227 1973 1379 2027 vivit.
1403 1972 1590 2037 Plane,
1615 1982 1676 2028 ut
1702 1973 1914 2043 perspi-

322 2076 483 2115 cuum
507 2069 612 2126 est,
640 2071 853 2116 mutare
878 2078 1074 2133 corpus
1098 2065 1427 2120 exteriorem
1452 2066 1690 2133 speciem
1714 2065 1913 2134 potuit,

320 2152 414 2206 sed
446 2167 601 2207 mens
629 2153 679 2207 in
706 2167 794 2219 eo,
824 2168 933 2224 quo
962 2154 1139 2210 fuerat
1164 2165 1328 2220 statu,
1359 2156 1500 2211 male
1526 2157 1631 2212 lixa
1662 2173 1915 2228 perman-

320 2245 409 2299 sit.
446 2244 587 2311 Quid
636 2246 768 2300 mihi
826 2249 1201 2304 conversionis
1245 2248 1362 2317 ejus
1408 2250 1717 2306 incentores
1755 2267 1916 2306 aecu-

320 2351 443 2391 sare
463 2336 487 2389 ?
508 2335 567 2390 In
598 2336 761 2392 rebus
781 2337 1046 2408 siquidem
1080 2339 1290 2407 bellicis
1319 2340 1660 2399 solummodo
1687 2342 1915 2398 commi-

321 2425 544 2482 litonem
575 2429 808 2498 perdidi,
848 2432 942 2485 sed
973 2431 1027 2485 in
1056 2432 1279 2503 reliquis
1312 2435 1544 2490 terrenis
1579 2436 1793 2491 actibus
1826 2452 1917 2491 so-

319 2518 463 2573 cium
496 2533 604 2574 nou
645 2520 822 2575 amisi.
855 2519 1065 2577 Mecum
1097 2532 1245 2578 certe
1291 2524 1536 2580 forenses
1572 2525 1693 2580 lites
1719 2526 1909 2597 agitat,

320 2626 536 2666 mecum
564 2612 617 2665 in
648 2612 1011 2669 tribunalibus
1023 2613 1268 2682 judicum
1297 2628 1555 2685 perorare
1582 2631 1688 2671 non
1712 2624 1911 2682 cessat,

318 2716 533 2756 meeum
574 2702 920 2773 importunus
966 2704 1104 2759 atria
1149 2705 1455 2776 principum
1505 2716 1772 2776 penetrat,
1803 2721 1914 2762 me-

317 2805 440 2845 cum
479 2793 640 2847 simul
678 2808 869 2850 eorum
906 2795 1131 2851 auribus
1159 2797 1386 2852 consilia
1416 2806 1647 2854 terrente
1683 2797 1911 2871 profun-

315 2882 505 2937 ditatis
535 2882 779 2938 instillat.

388 2971 496 3027 Sed
527 2988 633 3043 qua
682 2975 993 3031 temeritate
1027 2975 1234 3031 socium
1279 2991 1593 3048 nuncupare
1621 2990 1909 3048 przesumo,

311 3074 475 3130 quem
513 3060 628 3130 jam
670 3064 1190 3121 consuetudinaliter
1222 3065 1448 3128 socium,
1484 3068 1579 3121 sed
1604 3066 1657 3121 in
1693 3068 1908 3123 cunctis

312 3164 576 3224 tanquam
616 3156 961 3225 pedissequa,
985 3156 1077 3211 vix
1100 3156 1489 3227 prasambulum
1520 3156 1912 3227 sequor?Sane
1939 3131 1983 3192 C

312 3253 529 3299 tantum
552 3261 581 3300 a
620 3246 817 3317 populo
844 3246 1068 3317 gloriam
1097 3249 1164 3303 de
1200 3263 1299 3303 sua
1334 3250 1691 3304 conversione
1729 3247 1910 3303 lucra-

312 3341 426 3400 tur,
458 3344 517 3388 ut
547 3336 946 3405 supervenienti
979 3352 1170 3393 omnes
1199 3347 1504 3410 assurgant,
1532 3338 1793 3409 quidquid
1822 3346 1909 3393 at-

314 3426 524 3493 tulerit,
563 3428 708 3483 velut
748 3430 1041 3499 prophetiae
1066 3430 1343 3486 oraculum
1382 3432 1626 3494 credant,
1662 3442 1718 3486 et
1745 3432 1910 3487 devo-

310 3520 479 3576 tionis
511 3520 587 3575 illi
632 3521 954 3591 obsequium
1002 3529 1316 3577 reverenter
1343 3521 1657 3576 exhibeant.
1690 3519 1797 3577 Sed
1828 3521 1909 3576 vi-

309 3612 506 3667 delicet
535 3620 797 3682 quantum
829 3612 897 3666 ad
928 3627 1167 3678 carnem,
1200 3626 1541 3682 nequaquam
1565 3610 1905 3667 infructuosa

308 3702 458 3757 illius
484 3703 725 3757 creditur
767 3702 936 3757 fuisse
960 3705 1276 3769 conversio;
1318 3703 1443 3773 quia
1467 3703 1560 3773 qui
1590 3702 1905 3757 saecularem

309 3804 518 3849 vestem
547 3810 654 3850 non
678 3809 799 3849 cum
823 3803 1002 3849 mente
1020 3794 1287 3865 deposuit,
1316 3793 1631 3850 saecularem
1654 3808 1905 3865 pompam

307 3886 541 3941 callidus
578 3894 917 3956 permutator
944 3885 1158 3954 plenius
1191 3885 1498 3956 acquisivit.

382 3977 493 4032 Has
522 3977 726 4049 itaque,
753 3987 916 4048 atque
945 3979 1255 4050 hujusmodi
1286 3980 1747 4034 murmurationes
1775 3979 1902 4033 dum

308 4070 706 4125 detrectatores
731 4069 1033 4135 ell'uudunt,
1068 4069 1287 4139 quantis
1313 4069 1385 4125 sit
1402 4069 1619 4125 occasio
1644 4069 1903 4139 pereundi

306 4163 362 4218 in
394 4162 599 4218 seculo
636 4163 947 4232 pervagatio
982 4156 1373 4218 monachorum
1411 4161 1533 4232 quis
1581 4175 1905 4216 enumerare

304 4251 580 4309 sufﬁciat?
611 4252 846 4309 Facilius
897 4254 1040 4308 enim
1091 4254 1146 4308 in
1205 4252 1453 4309 surculari
1500 4252 1687 4308 habitu
1735 4252 1901 4309 etiam

302 4345 489 4415 perire
544 4342 865 4407 deliberant,
921 4358 1082 4413 quam
1136 4343 1473 4414 perditorum
1524 4343 1768 4415 exempla
1818 4358 1902 4400 se-

305 4435 548 4505 quendo,
569 4442 859 4503 utrumque
886 4433 1070 4498 simul,
1091 4443 1151 4488 ut
1174 4434 1344 4500 aiunt,
1375 4433 1628 4488 saeculum
1648 4434 1897 4503 perdant.

303 4526 375 4580 Et
401 4539 594 4580 revera
627 4539 732 4579 non
759 4533 841 4579 est
866 4524 1196 4591 mirandum,
1214 4525 1257 4579 si
1290 4525 1596 4580 videntibus
1623 4525 1724 4580 hoc
1744 4541 1900 4581 scan-

301 4616 489 4671 dalum
544 4614 807 4682 nascitur,
838 4614 982 4684 quod
1026 4624 1076 4670 et
1122 4616 1255 4680 Deo,
1304 4625 1359 4671 et
1385 4631 1554 4671 sacrae
1591 4618 1898 4672 auctoritati

298 4709 573 4777 probatur
625 4722 748 4761 esse
801 4708 1158 4761 contrarium.
1213 4707 1304 4761 Ait
1352 4706 1503 4761 enim
1552 4706 1841 4776 Apostolus
1882 4726 1896 4762 λ

306 4815 327 4847 ι
361 4796 534 4849 Nemo
562 4795 801 4850 militans
832 4795 961 4860 Deo,
1003 4794 1245 4865 implicat
1273 4810 1331 4850 se
1362 4796 1595 4867 negotiis
1625 4796 1898 4852 saeculari-

297 4888 429 4952 bus,
460 4896 522 4941 ut
556 4887 607 4942 ei
634 4886 869 4957 placeat,
897 4888 983 4943 cui
1016 4902 1075 4942 se
1098 4887 1349 4958 probavit
1376 4885 1462 4958 (II
1501 4886 1637 4942 Tim.
1667 4888 1753 4957 ιι).
1790 4912 1804 4933 ι
1834 4888 1899 4942 Ει

294 4981 420 5051 ipse
442 4980 705 5035 Dominus
729 4979 983 5036 admonet
1003 4979 1296 5051 discipulos
1319 4994 1464 5044 suos,
1498 4979 1723 5034 dicens:
1757 4999 1773 5030 ι
1798 4978 1895 5034 Ca-

296 5079 451 5133 vete,
485 5083 554 5123 ne
580 5077 874 5138 graventur
899 5070 1061 5125 corda
1093 5077 1275 5125 vestra
1303 5068 1355 5122 in
1386 5067 1629 5137 crapula,
1654 5076 1708 5123 et
1729 5067 1897 5123 ebrie-

296 5169 451 5226 tate,
480 5168 537 5215 et
576 5159 725 5215 curis
751 5159 910 5229 hujus
945 5160 1127 5214 saeculi
1163 5158 1315 5230 (Luc.
1347 5159 1485 5228 χχι).
1516 5177 1536 5210 ι

912 5269 1141 5327 CAPUT
1182 5270 1273 5326 XI.

299 5364 465 5430 Quod
481 5363 743 5417 discursio
760 5364 999 5416 monac/ti
1023 5373 1071 5416 et
1086 5364 1298 5417 virtutes
1320 5362 1564 5432 expellat,
1580 5372 1627 5416 et
1655 5363 1895 5417 vitiorum

740 5433 1126 5488 multitudinem
1154 5432 1473 5487 introducat.

377 5522 457 5578 Ex
487 5525 593 5578 hac
623 5538 859 5594 namque
899 5523 1287 5594 inquietudinis
1311 5532 1574 5578 venenata
1602 5522 1783 5578 radice
1817 5532 1897 5579 tot

293 5616 569 5671 vitiorum
606 5614 932 5685 propagines
958 5615 1229 5681 oriuntur,
1272 5620 1334 5669 ut
1378 5612 1432 5668 in
1466 5628 1788 5684 quocunque
1819 5612 1899 5667 vi-

296 5719 442 5775 gere
462 5705 825 5773 cognoscitur,
847 5706 991 5762 omni
1016 5706 1326 5762 monasticae
1351 5703 1702 5776 perfectionis
1723 5702 1899 5761 fructu

1930 4485 1978 4545 D

2031 599 2263 656 diversis
2296 603 2478 657 mundi
2531 606 2920 663 tentationibus
2950 608 3075 664 hinc
3117 611 3240 666 inde
3269 614 3624 682 perﬂantibus

2030 688 2294 744 bonorum
2335 705 2559 761 operum
2590 692 2857 750 fructibus
2890 712 3209 764 permanere
3237 717 3341 755 non
3372 716 3620 772 possunt.

2032 780 2144 836 Hoc
2174 796 2411 852 namque
2462 783 2650 838 vitium
2700 795 2863 841 tantae
2900 787 3171 844 violentiae
3217 802 3320 855 est,
3360 804 3420 846 ut
3471 807 3620 864 post.

2028 885 2189 940 quam
2220 872 2320 927 sibi
2347 873 2397 926 in
2433 874 2654 941 pectore
2683 877 2934 931 monachi
2967 880 3133 934 semel
3175 881 3459 949 imperium
3498 885 3618 938 vin-

2028 961 2316 1026 dicaverit,
2346 978 2469 1017 mox
2498 978 2563 1018 ex
2593 966 2828 1019 maxima
2861 977 3034 1037 parte,
3078 970 3124 1023 si
3171 972 3311 1026 inest
3350 973 3612 1028 virtutum

2027 1053 2245 1118 chorus,
2283 1054 2573 1119 abscedat;
2608 1056 2862 1111 nonnulla
2896 1059 3150 1114 vitiorum
3194 1072 3442 1131 portenta
3470 1064 3617 1119 velut

2027 1146 2356 1215 ergastulum
2386 1148 2588 1217 proprii
2638 1146 2778 1215 juris
2822 1151 3105 1221 irrumpat.
3166 1152 3301 1207 Nam
3351 1165 3411 1210 ut
3443 1171 3613 1225 pauca

2027 1238 2335 1294 referantur
2361 1254 2393 1295 e
2422 1240 2628 1306 multis,
2655 1242 2953 1297 monachus
2989 1244 3043 1297 in
3075 1245 3270 1301 itinere
3298 1248 3508 1316 positus
3538 1258 3615 1305 te-

2026 1344 2157 1384 nere
2196 1330 2464 1400 jejunium
2494 1332 2701 1400 nequit,
2727 1334 2852 1401 quia
2907 1334 3189 1403 hospitalis
3217 1337 3264 1391 ei
3304 1338 3614 1394 humanitas

2024 1438 2131 1477 non
2162 1423 2464 1492 permittit;
2496 1440 2602 1478 non
2640 1425 2913 1495 sapienter
2937 1427 3140 1496 psallit,
3176 1429 3303 1498 quia
3349 1430 3609 1485 obambu-

2022 1509 2187 1567 lantis
2231 1513 2520 1568 comitatus
2564 1515 3022 1585 eum‘loquacitas
3060 1518 3612 1588 impedit;noeturnis

2022 1616 2126 1656 non
2155 1602 2355 1657 insistit
2382 1604 2648 1669 excubiis,
2681 1606 2808 1673 quia
2850 1616 3119 1661 secretum
3144 1609 3296 1663 deest
3320 1610 3610 1679 singulari-

2012 1694 2182 1760 ‘tatis;
2225 1693 2503 1751 ﬂectendis
2544 1697 2772 1765 genibus
2815 1712 2922 1751 non
2951 1698 3189 1763 insudat,
3233 1700 3357 1768 quia
3408 1710 3611 1756 sancta:

1490 1798 1546 1844 et
1587 1805 1745 1858 quem
1778 1791 1911 1845 mihi
1949 1773 1990 1831 Β
2020 1785 2327 1842 devotionis
2369 1788 2546 1842 studio
2577 1787 2729 1842 labor
2764 1788 2977 1843 itineris
3004 1804 3109 1843 non
3140 1791 3468 1856 concordat;
3515 1807 3613 1846 ne-

2020 1892 2290 1948 quaquam
2337 1878 2437 1933 sub
2484 1878 2682 1933 silentii
2732 1893 2961 1935 censura
3028 1882 3439 1953 constringitur,
3482 1884 3607 1953 quia

2018 1966 2330 2037 frequenter
2380 1969 2784 2039 emergentibus
2833 1971 3035 2037 causis,
3080 1971 3280 2027 invitus
3312 1973 3476 2028 etiam
3510 1989 3608 2043 per
3668 1956 3673 1961 λ

2018 2058 2356 2129 multiloquia
2386 2057 2725 2114 diﬂ'renatur.

2088 2148 2253 2221 254
2289 2148 2428 2216 Quid
2459 2149 2658 2216 dicam,
2695 2150 2822 2220 quia
2850 2151 3067 2207 lectioni
3116 2152 3201 2207 vel
3235 2154 3466 2210 orationi
3505 2154 3607 2210 mi-

2016 2238 2163 2293 nime
2193 2246 2369 2299 vacat,
2403 2254 2565 2309 quem
2595 2249 2753 2295 extra
2794 2242 3149 2310 semetipsum
3179 2243 3379 2313 egredi,
3419 2252 3475 2298 et
3501 2252 3609 2299 ler-

2016 2342 2147 2383 rena
2192 2343 2423 2398 quaeque
2452 2338 2689 2385 tractare
2736 2330 3028 2386 imminens
3077 2332 3257 2400 potius
3310 2335 3607 2390 necessitas

2015 2418 2227 2474 dictat?
2255 2420 2508 2475 Charitas
2530 2421 2583 2474 in
2606 2434 2671 2477 eo
2696 2421 2983 2485 minuitur,
3010 2422 3137 2492 quia
3166 2438 3337 2487 mens,
3361 2440 3483 2494 qua:
3526 2434 3606 2481 tot

2015 2512 2291 2567 actionum
2320 2512 2661 2568 saecularium
2708 2524 2898 2568 ventos
2924 2514 3142 2584 recipit,
3174 2516 3243 2570 ab
3277 2519 3481 2572 amoris
3522 2518 3605 2572 in-

2014 2604 2134 2659 timi
2172 2603 2386 2658 fervore
2420 2604 2667 2674 tepescit.
2698 2603 2866 2659 Suum
2898 2620 3117 2676 quoque
3146 2608 3373 2662 castitas
3399 2611 3598 2665 mentis

2013 2696 2353 2764 dispendium
2383 2696 2605 2766 patitur,
2639 2697 2769 2766 quia
2803 2712 3188 2766 nonnunquam
3226 2714 3380 2754 mens
3408 2715 3605 2756 concu-

2013 2786 2297 2856 piscentiae
2330 2786 2437 2841 telo
2463 2785 2753 2857 conﬁgitur
2794 2801 2891 2856 per
2918 2788 3103 2843 carnis
3142 2789 3401 2858 speciem,
3438 2805 3602 2859 quam

2014 2874 2256 2931 exterius
2283 2875 2700 2947 contemplatur.
2747 2875 2936 2932 Robur
2959 2879 3124 2931 etiam
3151 2878 3423 2948 patientiae
3453 2878 3606 2933 fran-

2015 2968 2176 3040 gitur,
2218 2968 2345 3038 quia
2383 2966 2661 3037 quodlibet
2700 2967 2993 3037 inceptanti
3057 2969 3183 3024 dum
3226 2984 3368 3040 stepe
3411 2979 3603 3026 contra

2016 3069 2199 3115 votum
2224 3060 2492 3131 repentini
2519 3076 2681 3116 casus
2701 3058 3042 3132 emergentes
3060 3062 3303 3127 obviant,
3330 3064 3421 3133 qui
3444 3079 3601 3118 suum

2014 3149 2356 3205 accelerahat
2406 3148 2681 3219 explicare
2732 3151 3029 3221 negotium,
3078 3166 3185 3207 non
3223 3153 3601 3222 aequanimiter

2013 3248 2238 3311 portat:
2269 3249 2326 3296 et
2361 3240 2489 3295 talia
2539 3250 2667 3295 tunc
2714 3256 2811 3311 per
2846 3241 3237 3311 impatientiam
3277 3245 3441 3299 verba
3478 3260 3602 3314 pro-

2012 3332 2209 3398 fundit,
2239 3348 2360 3404 quae
2395 3348 2520 3388 cum
2548 3332 2615 3387 ad
2654 3333 2825 3388 otium
2859 3340 3169 3399 revertitur,
3201 3333 3493 3390 ultricibus
3522 3335 3601 3389 la-

2012 3423 2216 3495 crymis
2243 3424 2483 3494 graviter
2505 3422 2682 3492 punit.
2713 3421 3041 3477 Sobrietatis
3071 3422 3252 3493 regula
3276 3438 3382 3480 non
3418 3439 3603 3480 serva-

2012 3523 2122 3581 tur,
2145 3514 2271 3585 quia
2316 3514 2442 3569 dum
2488 3513 2815 3569 lautioribus
2842 3513 2981 3569 cibis
3024 3514 3255 3569 convivii
3305 3526 3599 3586 apparatus

2012 3605 2322 3671 instruitur,
2356 3605 2482 3659 dum
2507 3605 2791 3675 hospitalis
2810 3600 2972 3659 cilicii
2998 3604 3260 3661 sedulitas
3288 3607 3596 3671 exhibetur,
3666 3616 3671 3631 ί

2008 3698 2133 3768 quia
2188 3698 2544 3753 inhumanum
2594 3706 2747 3767 putat
2797 3697 3153 3752 invitantium
3201 3699 3456 3767 precibus
3488 3715 3594 3755 non

2009 3787 2463 3851 condescendere,
2507 3787 2740 3843 delectat
2770 3787 2934 3843 etiam
2964 3787 3138 3842 ventri
3161 3788 3262 3842 sub
3304 3790 3593 3845 charitatis

2007 3880 2191 3952 Specie
2235 3878 2472 3934 moiliter
2501 3878 2800 3948 indulgere.
2846 3878 2900 3931 In
2931 3892 3038 3946 quo
3072 3876 3326 3931 nimirum
3368 3878 3598 3934 articulo

2006 3974 2061 4028 in
2086 3981 2266 4027 mente
2294 3971 2438 4028 servi
2473 3969 2565 4025 Dei
2596 3985 2739 4039 saepe
2761 3970 3007 4027 dubietas
3032 3968 3225 4034 oritur,
3253 3983 3323 4024 ne
3344 3970 3597 4027 videlicet

2005 4069 2148 4123 unde
2173 4067 2453 4124 sobrietati
2499 4064 2822 4129 consulitur,
2871 4064 2995 4119 inde
3037 4079 3251 4133 quoque
3311 4063 3591 4135 hypocrisi

2007 4159 2172 4230 (quod
2226 4158 2590 4214 abominabile
2650 4164 2734 4212 est
2787 4155 3006 4226 vitium)
3048 4157 3365 4212 serviatur.
3437 4156 3593 4214 Unde

2004 4250 2144 4320 apud
2174 4250 2439 4321 quosdam
2468 4249 2786 4304 sobrietatis
2824 4247 3017 4304 modus
3041 4250 3265 4305 omnino
3289 4250 3592 4306 contemni~

2006 4348 2112 4404 tur,
2141 4346 2200 4393 ut
2247 4337 2550 4409 hypocrisis
2579 4352 2794 4408 quoque
2822 4346 2948 4394 nota
2976 4338 3162 4408 procul
3198 4338 3388 4395 abesse
3411 4340 3597 4396 videa-

2006 4441 2113 4488 tur.
2141 4430 2247 4487 Sed
2277 4432 2382 4487 hoe
2407 4431 2569 4487 modo
2596 4431 2649 4486 in
2671 4444 2756 4495 eo,
2785 4431 2927 4501 quod
2950 4431 3185 4487 discrete
3216 4433 3301 4503 agi
3328 4432 3593 4501 creditur,

2005 4526 2264 4582 discretio
2313 4542 2423 4581 non
2474 4533 2711 4581 tenetur.
2744 4524 2838 4582 llle
2876 4527 3021 4582 enim
3049 4527 3152 4582 scit
3208 4536 3355 4583 recte
3390 4527 3596 4584 discer-

2004 4629 2169 4673 nere.
2240 4616 2331 4685 qui
2358 4617 2609 4672 virtutem
2661 4617 2811 4671 novit
2853 4632 2882 4671 a
2935 4618 3069 4672 vitio
3111 4633 3370 4689 separare
3426 4637 3439 4673 :
3494 4622 3593 4690 qui

2005 4715 2188 4761 autem
2228 4720 2351 4761 cum
2378 4707 2608 4762 zizauiis
2652 4707 2813 4762 simul
2843 4693 3007 4762 etiam
3052 4707 3291 4762 triticum
3324 4708 3591 4772 eradicat,

2005 4797 2096 4853 hic
2130 4777 2326 4866 procul.
2361 4798 2525 4853 dubio
2557 4798 2667 4853 vim
2694 4798 3042 4853 discretionis
3069 4799 3300 4868 ignorat.
3332 4800 3593 4870 Quisquis

2002 4902 2133 4956 ergo
2157 4886 2272 4943 solo
2298 4902 2545 4956 supernae
2575 4888 3029 4943 remunerationis
3059 4888 3255 4945 intuitu
3279 4891 3596 4947 sobrietatis

2004 4979 2230 5033 limitem
2258 4994 2364 5034 non
2395 4981 2631 5045 excedit,
2656 4990 2711 5036 et
2751 4982 3081 5053 hypocrisim
3126 4983 3229 5039 sub
3269 4983 3593 5040 humilitatis

2002 5084 2113 5124 suae
2151 5069 2379 5140 pedibus
2410 5069 2605 5136 calcat,
2652 5082 2709 5127 et
2756 5074 3042 5129 custodita:
3089 5074 3403 5131 sobrietatis
3454 5090 3591 5145 pra:-

2004 5158 2175 5211 mium
2205 5158 2585 5215 incunctanter
2603 5170 2904 5231 exspectat.

2079 5247 2151 5303 Ut
2175 5256 2353 5303 autem
2384 5250 2561 5307 adhuc
2602 5267 2819 5322 quoque
2849 5255 2914 5307 de
2944 5255 3213 5309 monacho
3252 5254 3589 5309 discurrente

2002 5339 2265 5405 dicamus,
2311 5341 2669 5413 lacrymarum
2716 5346 3188 5414 compunctionem
3218 5345 3414 5417 quibus
3462 5360 3589 5415 pec-

2000 5441 2120 5487 cata
2150 5432 2360 5498 deﬂeat,
2392 5450 2497 5489 non
2539 5435 2740 5502 habet;
2788 5437 2913 5507 quia
2945 5451 3098 5491 mens
3127 5435 3299 5502 arida,
3329 5451 3449 5507 quae
3492 5453 3591 5509 per

1999 5532 2191 5579 aestum
2245 5532 2474 5580 terrente
2528 5527 2957 5582 conversationis
3003 5528 3226 5594 incedit,
3282 5530 3407 5585 dum
3467 5545 3591 5599 per-

2001 5612 2151 5669 fundi
2182 5628 2302 5669 rore
2331 5616 2504 5671 sancti
2538 5614 2772 5685 Spiritus
2801 5631 2910 5671 non
2950 5626 3210 5684 meretur,
3244 5618 3483 5674 arescit:
3532 5628 3589 5674 et

2006 5713 2345 5761 terrenarum
2390 5706 2775 5777 cogitationum
2822 5721 2981 5766 emno
3023 5708 3200 5780 plena,
3231 5711 3357 5782 quia
3390 5725 3585 5780 aquam
