3996 6184
365 293 473 349 263

829 291 887 348 S.
919 291 1125 348 PETRI
1156 286 1441 344 DAMIANI
1474 282 1626 344 OPP.
1657 285 1894 342 TOMUS
1931 284 2062 342 SEU
2101 285 2279 342 PARS
2311 285 2394 340 Ill.
2423 311 2496 328 -υ
2519 283 2885 342 OPUSCULA
2910 284 3140 341 VARIA.
3169 298 3171 300 ·
3268 304 3273 308 ’

3502 285 3609 342 964

367 408 560 480 capitis
584 405 811 462 interius
835 404 1005 475 gratia
1039 401 1300 473 largiente
1325 415 1433 454 non
1457 397 1719 468 concipit,
1757 396 1933 452 nullas
1961 403 2008 459 Α
2035 397 2215 451 anima
2242 396 2423 459 discit,
2449 394 2640 465 quanti
2667 394 2768 452 sibi
2799 394 3122 458 conuiterit,
3141 391 3288 462 quod
3315 407 3376 454 se
3404 408 3502 464 per
3525 395 3612 456 1;.

368 511 519 555 extra
529 512 595 552 se
613 496 883 566 lacrymas
903 493 1094 547 fundit.
1124 491 1426 560 Aliquando
1440 489 1676 543 fortasse
1701 487 1936 542 circum-

369 586 506 640 fusis
536 583 870 639 auditoribus
909 580 1185 650 praediCat,
1219 579 1318 634 sed
1353 585 1574 649 repente
1603 591 1738 630 vana
1763 575 1934 646 gloria

370 673 622 742 subripit,
675 681 728 726 et
777 671 928 741 quasi
982 685 1050 724 ex
1099 667 1310 723 insidiis
1352 667 1625 737 prodiens,
1657 681 1800 729 eum,
1842 664 1937 734 qui

370 765 491 819 aliis
512 762 847 826 medebatur,
873 760 1091 816 occidit.
1125 760 1181 814 Si
1205 769 1384 813 autem
1404 767 1460 813 et
1483 758 1586 812 hoc
1609 770 1936 826 prascavens,

368 853 467 909 sub
523 853 720 908 silentii
771 867 828 906 se
879 865 1107 906 censura
1161 848 1498 917 constringit,
1565 846 1700 901 nihil
1745 861 1935 900 eorum

367 959 525 1012 posse
575 944 850 1014 perlicere,
884 956 1114 1012 quorum
1154 940 1329 1010 gratia
1375 947 1615 1001 venerat,
1647 937 1935 992 erubescit.

370 1033 424 1087 Si
457 1049 684 1088 morosae
705 1033 1029 1104 gravitatis,
1060 1039 1120 1085 ut
1158 1030 1376 1100 dignum
1405 1039 1508 1092 est,
1551 1031 1784 1097 speciem
1823 1041 1939 1080 ser-

365 1136 475 1184 vat.
515 1124 666 1178 valde
694 1123 1042 1194 pertimescit,
1079 1135 1146 1175 ne
1193 1129 1246 1173 et
1279 1120 1367 1174 hic
1415 1118 1714 1188 hypocrisis
1755 1125 1935 1172 notam

369 1217 648 1272 simulator
674 1217 934 1270 incurrat.
973 1212 1030 1268 Si
1061 1222 1236 1266 autem
1277 1226 1313 1263 a
1357 1226 1471 1264 sua
1507 1207 1937 1266 mortificationis

370 1308 548 1375 rigore
591 1305 986 1374 quantumlibet
1035 1318 1094 1357 se
1139 1303 1192 1356 in
1237 1300 1512 1356 lenitatem
1559 1298 1802 1362 resolvit,
1843 1298 1937 1353 hic

368 1395 528 1449 etiam
582 1395 747 1448 multo
804 1393 981 1446 minus
1031 1405 1255 1448 securus
1281 1386 1499 1454 est,'ne
1541 1388 1793 1445 videlicet
1837 1398 1935 1444 suo

369 1483 619 1550 exemplo
647 1482 781 1536 alios
810 1482 1075 1536 destruat.
1102 1481 1164 1534 ,Si
1192 1480 1405 1548 quando
1430 1479 1572 1535 inter
1612 1477 1936 1536 dissidentes

368 1587 660 1646 sequestra:
687 1575 834 1644 pacis
874 1573 988 1638 vult
1031 1571 1324 1626 reformare
1359 1571 1729 1634 concordiam,
1771 1568 1818 1628 si
1851 1567 1934 1625 di-

368 1667 560 1719 stricte
607 1666 887 1717 veritatem
921 1662 1254 1730 exsequitur,
1298 1659 1748 1719 reconciliationis
1795 1659 1937 1717 inter

367 1769 466 1807 eos
493 1754 671 1807 unitas
700 1767 806 1806 non
843 1752 1134 1815 conﬂatur;
1162 1751 1304 1820 quod
1331 1751 1378 1807 si
1411 1751 1487 1807 uti
1517 1749 1809 1808 mendaciis
1839 1762 1936 1805 aco

369 1845 620 1913 quiescit,
651 1843 853 1911 peccati
886 1842 1108 1910 laqueos
1137 1856 1240 1894 non
1271 1840 1469 1896 evadit.
1501 1839 1634 1897 Cum
1673 1839 1787 1894 vult
1813 1853 1940 1909 pec.

369 1944 555 1989 cantes
592 1949 839 2003 arguere,
872 1933 1082 2002 culpam
1123 1946 1230 1986 non
1262 1931 1540 1986 minimam
1571 1931 1813 1999 deputat,
1857 1938 1940 1987 tot

368 2023 734 2092 proximorum
778 2037 995 2076 suorum
1027 2021 1309 2077 adversum
1361 2035 1420 2078 se
1465 2019 1594 2078 odia
1642 2019 1936 2078 concitare.

368 2111 567 2168 Videas
595 2120 800 2177 autem,
836 2119 901 2166 et
949 2109 1330 2174 conticescere,
1375 2108 1501 2178 quid
1543 2109 1686 2168 aliud
1711 2109 1940 2164 arbitra-

365 2211 478 2262 tur,
517 2202 616 2257 nisi
634 2215 798 2270 prave
824 2200 1106 2270 agentibus
1128 2199 1470 2258 consentire?
1498 2198 1568 2258 Et
1589 2199 1703 2258 haec
1722 2199 1938 2267 quidem

364 2306 437 2346 ex
467 2291 588 2354 illis,
621 2292 710 2361 qui
742 2291 901 2361 255
924 2290 1262 2359 quantolibet
1299 2290 1482 2348 calent
1502 2291 1722 2359 superni
1760 2290 1942 2348 fervo-

365 2384 444 2437 ris
474 2383 724 2452 igniculo.
754 2383 1019 2438 (Merum
1052 2380 1229 2452 frigidi
1257 2382 1481 2452 quique.
1510 2383 1603 2451 qui
1634 2381 1834 2450 spretis
1860 2383 1940 2436 di-

365 2472 505 2526 vinze
534 2472 735 2526 militiae
761 2472 977 2535 castris,
1017 2473 1083 2527 ad
1118 2473 1402 2529 mundanae
1431 2473 1708 2542 vertiginis
1735 2472 1936 2532 molam

365 2562 586 2615 sinistro
614 2560 943 2630 postliminio
975 2562 1348 2626 revolvuntur,
1377 2577 1541 2631 quam
1565 2562 1940 2632 judicabiliter

361 2661 545 2718 agant,
572 2666 731 2718 quam
776 2651 1180 2708 inconsiderate
1208 2651 1412 2715 vivant,
1445 2653 1681 2708 referant
1704 2651 1797 2722 qui
1845 2666 1940 2706 vo-

361 2739 500 2792 lunt.
533 2737 698 2793 Nobis
727 2737 1029 2792 consultius
1060 2739 1290 2801 videtur,
1318 2753 1410 2794 eos
1435 2739 1524 2808 pia
1563 2740 1938 2810 compassiouo

358 2827 580 2888 deﬂere,
605 2841 766 2896 quam
794 2829 1140 2884 exsecranda:
1169 2829 1598 2886 conversationis
1617 2839 1776 2898 gesta
1807 2845 1940 2885 con-

360 2917 620 2979 scribere,
647 2931 719 2970 ne
743 2916 938 2984 quibus
969 2917 1114 2974 solas
1142 2918 1503 2986 compatiendi
1546 2907 1818 2990 lacrymas
1841 2919 1936 2975 de-

361 3008 552 3064 bemus
598 3009 929 3079 impeudere,
980 3009 1064 3066 his
1112 3010 1387 3068 videamus
1439 3010 1701 3068 censoriis
1740 3010 1934 3066 litteris

361 3102 692 3158 obtrectare.

973 3191 1200 3251 CAPUT
1225 3191 1338 3249 XII.

356 3283 498 3348 Qua:
531 3283 671 3340 male
700 3283 890 3353 iufelia:
917 3284 1093 3338 auium
1133 3282 1382 3340 monachi
1410 3283 1663 3352 patiatur,
1685 3299 1812 3338 cum
1847 3283 1932 3337 ‘ad

865 3353 1116 3422 inferiora
1146 3353 1436 3409 revertitur.

433 3463 549 3520 Hoc
569 3472 748 3520 autem
777 3464 1023 3520 absolute
1064 3464 1316 3529 dicimus,
1342 3464 1485 3534 quod
1511 3465 1674 3520 tantis
1715 3465 1934 3528 insidia-

366 3566 483 3604 rum
513 3549 797 3604 tendiculis
829 3551 934 3603 .hoc
981 3558 1220 3618 tempore
1270 3550 1499 3603 mundus
1543 3549 1631 3603 ille
1677 3548 1936 3606 densatus

359 3649 466 3702 est,
497 3640 555 3696 lit
590 3639 834 3707 quisquis
874 3636 1032 3705 hujus
1075 3638 1215 3692 sacri
1251 3637 1455 3693 ordinis
1484 3636 1755 3695 desiderat
1786 3638 1937 3694 inuo-

360 3739 553 3784 center
582 3730 783 3793 vivere,
811 3729 880 3788 ab
909 3727 1050 3782 illius
1077 3741 1330 3797 processu
1353 3727 1669 3786 cautissime
1692 3743 1752 3784 se
1773 3743 1937 3798 espe-

359 3820 477 3874 diat
514 3820 827 3874 abstinere:
861 3819 1013 3888 cujus
1053 3818 1304 3873 videlicet
1339 3817 1451 3876 iter
1500 3819 1542 3872 si
1590 3832 1732 3887 saepe
1786 3819 1932 3886 terit,

358 3916 680 3977 procuratos
723 3907 1036 3964 insidiarum
1063 3907 1289 3977 laqueos
1320 3923 1426 3963 non
1459 3910 1667 3973 evadit;
1716 3917 1772 3967 et
1820 3917 1935 3962 tan-

359 4013 527 4066 quam
553 4000 715 4052 arbor
741 3998 1031 4055 munientis
1057 4015 1114 4055 se
1133 3998 1352 4056 corticis
1378 3997 1933 4064 defensionenudata,

363 4103 464 4142 nec
489 4089 748 4145 virtutum
785 4086 992 4146 fructus
1022 4086 1234 4154 aii'erre,
1267 4103 1367 4144 nec
1393 4089 1648 4143 vitiorum
1673 4089 1832 4162 quasi
1865 4099 1938 4144 leo

365 4177 652 4236 randarum
685 4180 1092 4236 scaturientium
1117 4182 1318 4236 cariem
1341 4182 1541 4250 poterit
1557 4183 1778 4237 evitare.
1801 4181 1934 4238 Cum

363 4287 493 4326 vero
546 4271 615 4326 ad
648 4271 887 4340 propria:
935 4271 1291 4327 habitationis
1338 4270 1572 4326 claustra
1623 4273 1933 4337 revertitur,

363 4359 608 4416 cominus
660 4359 808 4414 illum
875 4360 1030 4429 quasi
1090 4361 1332 4430 quaedam
1405 4360 1721 4433 conglobata
1779 4362 1934 4415 turba

2040 485 2320 541 titudineni
2351 483 2530 540 saeculi
2565 484 2797 542 inaniter
2843 483 3122 542 relaxavit.
3169 481 3420 541 Tabescit
3467 484 3611 539 enim

2036 576 2205 642 sicca,
2236 577 2494 640 obscura,
2522 575 2758 644 lapidea;
2790 575 2848 629 in
2876 575 3094 630 modum
3136 590 3375 644 namque
3417 574 3614 645 lapidis

2037 665 2323 730 obdurata,
2373 680 2472 722 nec
2507 665 2564 720 in
2599 664 2960 734 lacrymarum
2993 663 3192 718 ﬂuenta
3238 679 3609 736 prorumpere,

2038 767 2138 810 nec
2183 753 2361 807 lumen
2407 761 2583 822 potest
2614 753 2847 814 tenebris
2891 752 3126 822 undique
3167 751 3489 811 circumfusa
3538 756 3613 809 vi-
3671 814 3676 816 _

2036 843 2184 897 dere.
2215 842 2544 900 Psalmorum
2565 843 2783 918 quidem
2805 844 3076 916 mysteriis
3101 844 3378 902 intendere
3399 846 3611 914 nititur,

2037 933 2131 987 sed
2162 942 2413 1002 tanquam
2446 934 2788 1004 lippientibus
2829 933 3000 993 oculis
3047 935 3373 994 intolerabili
3409 937 3613 996 lumine

2039 1026 2438 1082 reverberatur.
2471 1025 2703 1082 Anhelat
2724 1026 2944 1091 virtute,
2965 1040 3068 1098 qua
3088 1035 3288 1096 potest,
3306 1029 3372 1082 ad
3391 1044 3611 1088 summa

2035 1116 2392 1179 contendere,
2431 1116 2784 1192 sed’quotlam
2828 1131 2926 1174 suo
2971 1117 3206 1188 pondere
3251 1129 3608 1190 praegravata,

2037 1205 2091 1262 in
2119 1204 2247 1260 imis
2284 1205 2493 1276 cogitur
2520 1206 2803 1260 humiliata
2845 1206 3052 1278 jacere.
3102 1206 3201 1266 Cui
3227 1210 3610 1279 propheticum

2037 1295 2166 1350 illud
2220 1311 2328 1353 non
2377 1296 2820 1358 inconvenienter
2843 1307 3108 1373 aptatur:
3145 1299 3252 1358 λιιι
3309 1302 3611 1364 tenebrosis

2036 1385 2321 1443 collocavit
2366 1402 2450 1442 me
2503 1386 2657 1458 quasi
2705 1389 3352 1458 mortuossempiternos,
3379 1391 3611 1452 circum.

2035 1478 2317 1536 aedificavit
2349 1479 2632 1536 adversum
2661 1493 2764 1542 me,
2792 1488 2852 1534 ut
2875 1495 2983 1534 non
3012 1481 3280 1552 egrediar,
3304 1484 3611 1554 aggravavit

2038 1570 2351 1638 compedem
2380 1584 2576 1632 meum,
2626 1569 2717 1625 sed
2745 1577 2797 1624 el
2825 1585 2950 1624 cum
2981 1555 3306 1633 clamaverb,
3356 1581 3410 1624 et
3443 1587 3613 1642 roga-

2039 1671 2186 1719 vero,
2217 1657 2446 1714 exclusit
2469 1658 2769 1714 orationem
2797 1673 2972 1716 meam
3017 1659 3230 1728 (Thren.
3283 1662 3391 1730 ιιι).
3429 1679 3449 1714 ι
3486 1662 3614 1718 Μω-

1967 1733 2011 1793 Β
2038 1755 2140 1810 ret,
2171 1747 2440 1811 anxiatur,
2466 1747 2718 1811 anhelat;
2745 1755 2798 1800 et
2821 1747 2946 1816 ,quia
2981 1762 3081 1806 nec
3117 1749 3284 1817 ipsam
3322 1749 3460 1804 hanc
3489 1747 3612 1817 ejus

2040 1834 2314 1892 iniseriam
2341 1835 2441 1892 sibi
2462 1833 2598 1896 ﬂere
2622 1836 2976 1904 permittitur,
2997 1837 3187 1894 aeriori
3233 1837 3432 1900 doloris
3461 1854 3614 1900 ama-

2039 1925 2274 1980 ritudine
2303 1925 2505 1995 repleta
2539 1927 2806 1987 turbatur.
2856 1927 3059 1999 Saltem
3091 1929 3228 1983 banc
3253 1929 3492 2002 ploratus
3519 1947 3612 1985 vo—

2040 2029 2156 2072 cem
2190 2031 2308 2073 cum
2333 2017 2592 2085 propheta
2641 2017 2861 2077 daretur
2886 2017 3181 2088 emmdere,
3221 2032 3326 2087 qua
3359 2020 3556 2079 dicitur
3593 2037 3607 2075 :

2045 2125 2063 2159 ι
2091 2107 2321 2170 Idcirco,
2373 2107 2566 2176 inquit,
2605 2122 2705 2179 ego
2739 2108 2978 2177 plorans,
3015 2116 3070 2162 et
3109 2107 3298 2164 oculus
3341 2124 3490 2163 meus
3518 2109 3614 2164 de-

2037 2197 2240 2252 ducens
2267 2212 2497 2268 aquam;
2527 2199 2652 2268 quia
2678 2198 2836 2270 longe
2862 2198 3033 2258 factus
3069 2209 3153 2254 est
3179 2215 3208 2253 a
3243 2215 3334 2255 me
3369 2200 3613 2260 consola-

2045 2295 2152 2355 tor,
2185 2297 2507 2344 convertens
2533 2288 2766 2342 animam
2799 2305 2972 2344 meam
2998 2289 3210 2359 (Thren.
3238 2291 3300 2359 ι).
3333 2308 3351 2342 ι
3393 2289 3499 2347 Sed
3533 2291 3614 2345 in-

2039 2377 2162 2431 felix
2187 2376 2350 2449 256
2377 2377 2460 2430 illa
2485 2377 2688 2438 anima.
2714 2393 2838 2431 cum
2864 2387 2918 2432 et
2964 2394 3022 2433 se
3069 2379 3297 2435 ﬂebilem
3328 2379 3528 2444 videat,
3557 2391 3614 2434 et

2039 2473 2218 2524 tamen
2254 2465 2384 2521 ﬂere
2428 2482 2537 2520 non
2585 2468 2776 2536 possit,
2809 2483 2968 2537 quam
3010 2468 3200 2540 procul
3235 2471 3307 2523 sit
3338 2487 3369 2524 a
3409 2471 3607 2535 salute,

2037 2557 2190 2627 quasi
2221 2557 2271 2611 in
2297 2557 2584 2628 quemdam
2617 2557 2792 2613 lacum
2826 2559 3073 2613 devoluta
3115 2561 3364 2626 miseria},
3403 2560 3613 2634 longius

2037 2647 2319 2715 conspicit.
2349 2646 2612 2701 Nimirum
2653 2663 2774 2703 cum
2820 2649 2948 2704 ﬂere
2976 2651 3060 2703 via
3093 2652 3458 2706 tantummodo
3506 2653 3601 2718 sit,

2037 2749 2096 2794 ut
2123 2752 2480 2811 peccatorum
2510 2739 2688 2795 valeat
2729 2741 2796 2795 ad
2853 2741 3238 2816 indulgentiam
3271 2743 3609 2819 pervenire:

2036 2848 2166 2902 ergo
2188 2847 2310 2886 cum
2342 2831 2432 2886 illa
2471 2841 2680 2885 reatum
2707 2848 2862 2887 suum
2891 2832 3428 2904 plaugerenequeat,
3464 2833 3608 2888 vide-

2039 2931 2126 2982 tur
2147 2922 2274 2986 sibi,
2305 2921 2447 2992 quod
2475 2923 2700 2977 necdum
2743 2923 2905 2976 etiam
2935 2924 2986 2976 iu
3018 2925 3159 2982 viam
3188 2924 3377 2997 pedem
3400 2939 3606 2996 posue-

2039 3012 2132 3080 rit,
2153 3027 2256 3081 qua
2284 3012 2590 3082 pertingere
2613 3012 2679 3066 ad
2704 3013 3095 3084 indulgentiam
3121 3014 3306 3084 possit.

1963 3089 2007 3156 C
2101 3100 2243 3160 Buic
2271 3101 2446 3156 simile
2492 3109 2598 3164 est,
2643 3102 2787 3172 quod
2817 3119 2882 3157 ex
2915 3101 3348 3172 imperfectorum
3379 3117 3613 3179 persona

2035 3209 2134 3264 per
2174 3193 2498 3264 Prophetam
2550 3193 2786 3248 dicitur:
2829 3211 2848 3246 ι
2883 3193 3202 3265 Concupivit
3253 3194 3428 3248 anima
3483 3209 3600 3249 mea

2037 3284 2350 3342 desiderare
2373 3281 2793 3348 justificationes
2823 3292 2940 3338 tuas
2965 3285 3016 3337 in
3048 3283 3192 3338 omni
3227 3293 3468 3353 tempore
3489 3281 3609 3351 (Ρε.

2032 3379 2247 3443 cxvm).
2279 3392 2299 3426 ι
2345 3371 2446 3439 Qui
2501 3373 2645 3428 enim
2687 3371 2861 3448 legem
2911 3373 3026 3436 Dei,
3057 3389 3175 3442 qua:
3221 3373 3408 3442 procul
3450 3373 3615 3428 dubio

2026 3462 2340 3532 iustificatio
2369 3462 2486 3532 ejus
2510 3461 2773 3527 est,onmi
2798 3471 3036 3532 tempore
3059 3461 3292 3522 nondum
3315 3459 3606 3525 desiderat,

2035 3556 2126 3610 sed
2145 3555 2256 3626 jam
2288 3552 2600 3608 desiderare
2628 3553 2987 3624 concupiscit,
3022 3553 3135 3623 jam
3160 3552 3379 3623 quidem
3419 3562 3616 3606 utcun-

2036 3658 2142 3716 que
2187 3644 2398 3699 eminus
2447 3642 2692 3712 suspicit,
2732 3644 2826 3699 sed
2874 3657 3214 3718 nequaquam
3267 3641 3616 3713 perfectionis

2037 3732 2142 3787 alta
2174 3732 2507 3790 conscendit.
2562 3731 2798 3804 Fitergo
2840 3733 3006 3791 mstiti
3061 3731 3272 3786 misera:
3322 3740 3430 3784 tam
3463 3741 3613 3784 tene-

2035 3822 2199 3877 brosa
2228 3821 2497 3890 confusio,
2536 3833 2597 3879 ut
2623 3838 2944 3894 quocunque
2966 3839 3024 3878 se
3043 3824 3288 3886 verterit,
3320 3837 3380 3877 se
3403 3824 3616 3878 versari

2037 3912 2092 3966 in
2115 3905 2312 3968 sacculo
2338 3913 2540 3977 videat,
2573 3928 2699 3966 cum
2731 3911 2986 3967 smculum
3016 3911 3134 3968 sine
3163 3925 3222 3966 se
3255 3926 3374 3967 esse
3403 3910 3618 3966 indubi-

2039 4013 2217 4060 tanter
2243 4014 2520 4077 agnoscat.
2548 4005 2682 4062 Cum
2709 4006 2800 4061 illo
2837 4007 3018 4078 itaque
3047 4015 3150 4071 est,
3183 4005 3324 4076 quod
3346 4019 3468 4060 cum
3492 4005 3614 4075 ipsa

2040 4113 2148 4152 non
2175 4105 2287 4166 est;
2316 4097 2442 4168 quia
2463 4098 2677 4153 scilicet
2711 4100 2990 4166 mundum,
3019 4114 3178 4170 quem
3221 4097 3487 4168 corporali
3534 4099 3619 4151 di-

2041 4189 2320 4262 gressione
2344 4190 2608 4253 deseruit,
2642 4204 2824 4244 secum
2851 4205 2949 4260 per
2963 4187 3618 4260 phantasticas‘imagina-

2039 4277 2214 4332 tiones
2241 4277 2293 4331 in
2324 4286 2506 4333 mente
2537 4278 2794 4350 depingit.
2821 4279 3110 4333 Enimvero
3153 4279 3255 4332 ista
3279 4278 3336 4332 in
3373 4277 3616 4331 humana

2041 4377 2225 4423 mente
2249 4367 2558 4434 calamitas,
2587 4377 2642 4424 et
2667 4379 2947 4438 peccatum
2973 4377 3078 4432 est,
3109 4377 3163 4423 et
3187 4381 3347 4436 poena
3378 4365 3614 4436 peccati.

363 4450 603 4504 omnium
638 4462 756 4518 quae
806 4448 1028 4513 viderat,
1076 4449 1160 4506 vel
1207 4449 1474 4517 audierat,
1507 4450 1824 4513 comitatur,
1877 4459 1936 4504 ut
1966 4427 2018 4487 θ
2047 4459 2260 4516 ,ιυειιιηι
2288 4462 2484 4533 quippe
2511 4472 2614 4525 est,
2645 4427 2704 4518 ut
2731 4462 2873 4532 quod
2902 4462 3130 4532 quisque
3151 4427 3338 4515 volens
3371 4427 3614 4525 admisit,

367 4536 802 4590 tumultuantium
841 4537 1173 4606 negotiorum
1194 4538 1497 4606 strepitum,
1521 4552 1684 4610 quem
1715 4537 1825 4593 illic
1857 4547 1937 4593 to-

365 4630 570 4683 lerabat
601 4631 651 4682 in
680 4642 924 4698 corpore,
956 4627 1122 4683 multo
1145 4627 1505 4700 ingruentius,
1532 4628 1808 4700 multoque
1835 4630 1935 4684 im-

365 4721 646 4788 portunius
675 4720 762 4776 hic
787 4721 1027 4790 patiatur
1071 4719 1123 4773 in
1175 4727 1387 4789 mente;
1420 4718 1688 4789 praecipue
1720 4719 1765 4774 si
1810 4733 1934 4774 ora-

367 4811 496 4866 tioni
530 4825 720 4866 vacare
748 4811 958 4866 enixius
1002 4811 1247 4882 coeperit,
1271 4826 1400 4866 ecce
1442 4813 1818 4882 phantasmata
1844 4825 1934 4866 co-

364 4901 700 4968 gilationttm,
728 4916 852 4956 ecce
891 4903 1172 4974 imagines,
1200 4917 1336 4972 quas
1364 4902 1594 4966 viderat,
1625 4917 1828 4966 rerum,
1857 4901 1930 4956 ita

365 4999 423 5040 ut
456 4989 505 5040 in
535 4988 770 5056 quolibet
795 4991 989 5059 angulo
1015 4992 1365 5054 constitutus,
1395 4991 1640 5045 videatur
1667 4990 1766 5044 sibi
1795 4989 1933 5044 ludis

366 5081 716 5134 theatralibus
745 5081 1026 5143 interesse,
1055 5081 1138 5137 vel
1169 5082 1310 5135 inter
1338 5081 1604 5151 agitantes
1636 5084 1848 5133 forense
1870 5079 1932 5133 li-

366 5170 848 5249 tigium_residere.
879 5170 943 5223 Et
965 5170 1180 5240 quidem
1211 5172 1370 5224 homo
1401 5172 1671 5232 renititur,
1698 5179 1755 5224 et
1777 5171 1933 5244 quasi

363 5258 810 5314 circumvolantcs
859 5273 1070 5313 muscas
1119 5258 1333 5328 abigere
1362 5273 1392 5310 a
1439 5273 1549 5312 sum
1599 5259 1793 5312 mentis
1841 5273 1935 5314 ore

365 5357 612 5402 conatur.
646 5348 715 5401 At
741 5347 843 5403 illa:
890 5364 1034 5416 mox,
1079 5357 1140 5403 ut
1176 5347 1491 5412 abscedunt,
1523 5347 1768 5416 protinus
1809 5349 1932 5401 red-

363 5453 521 5508 cunt;
565 5444 705 5498 illico
746 5451 804 5497 ut
839 5441 1187 5513 repelluntur,
1230 5441 1489 5494 assistunt
1524 5455 1536 5489 :
1581 5446 1640 5490 ut
1667 5438 1817 5505 quasi
1843 5435 1931 5488 'fu-

366 5533 586 5602 gitivum
628 5550 781 5588 suum
827 5543 1210 5605 persequentes
1239 5546 1451 5601 capere.
1497 5537 1552 5583 et
1601 5529 1651 5582 in
1702 5528 1930 5595 propriae

367 5625 640 5681 servitutis
665 5627 956 5682 moliantur
980 5628 1236 5683 exercitia
1268 5638 1543 5679 revocare.
1570 5619 1612 5673 Τ
1619 5635 1720 5674 unc
1745 5618 1927 5673 infelix

2037 4550 2275 4621 patiatur
2342 4550 2560 4605 invitus.
2617 4549 2882 4613 Nimirum
2923 4559 2983 4604 ut
3027 4550 3116 4618 qui
3157 4549 3328 4603 noluit
3374 4563 3433 4601 se
3471 4546 3617 4600 intra

2037 4647 2304 4697 secretum
2357 4640 2441 4700 sui
2502 4640 2708 4696 ordinis
2754 4641 3034 4705 cohibere,
3086 4655 3207 4694 cum
3259 4638 3463 4708 potuit,
3517 4653 3617 4692 ne—

2037 4745 2309 4800 quaquam
2361 4735 2558 4788 steculo
2595 4747 2783 4787 carere
2808 4731 3076 4802 potuisset
3121 4731 3284 4785 etiam
3331 4743 3453 4782 cum
3479 4727 3619 4782 ’reli-

2036 4819 2175 4888 quit.

2106 4907 2257 4964 Mens
2286 4909 2450 4980 igitur
2483 4909 2714 4964 humana
2742 4918 2904 4963 tanta}
2939 4909 3196 4978 egestatis
3245 4915 3406 4975 atque
3434 4919 3599 4974 penu-

2036 4996 2129 5050 ria:
2180 5001 2500 5054 necessitate
2554 4999 2846 5054 constricta
2894 4998 3058 5064 dolet,
3106 4997 3288 5067 gemit,
3331 5005 3493 5066 atque
3543 4996 3616 5050 ab

2033 5089 2158 5148 imis
2195 5091 2490 5147 visceribus
2522 5091 2813 5159 suspirium
2842 5093 3043 5157 trahit;
3074 5091 3202 5162 quia
3233 5090 3480 5146 videlicet
3519 5104 3612 5142 rc-

2033 5192 2219 5234 cessus
2248 5178 2331 5232 sui
2358 5178 2677 5233 munditiam
2712 5179 3010 5246 vagationis
3033 5180 3167 5234 vitio
3188 5178 3440 5249 perdidit,
3463 5185 3519 5230 et
3541 5191 3612 5230 se

2037 5281 2227 5320 rursus
2256 5267 2310 5321 in
2356 5265 2636 5320 volutabra
2657 5267 2844 5322 saecli
2880 5266 3028 5322 velut
3055 5281 3147 5322 sus
3179 5265 3440 5322 lutulenta
3483 5278 3618 5332 pro-

2033 5357 2201 5412 volvit
2247 5353 2429 5425 (Prov.
2471 5373 2632 5419 xxvr;
2682 5357 2746 5412 Η
2794 5357 2937 5412 Patr.
2969 5359 3052 5429 ιι).
3096 5358 3247 5412 Tunc
3289 5371 3348 5412 se
3376 5355 3616 5416 levitatis

2039 5455 2198 5515 atque
2230 5447 2601 5502 inconstantia:
2629 5448 2958 5502 mordaciter
2980 5447 3192 5516 arguit;
3226 5460 3284 5502 se
3311 5459 3498 5515 vagam
3521 5451 3613 5496 at-

2033 5552 2140 5607 que
2169 5536 2408 5591 fallacem
2440 5538 2786 5592 vehementer
2834 5545 3071 5600 accusat,
3119 5545 3176 5590 et
3218 5535 3312 5590 Dei
3346 5535 3612 5605 judicium

2032 5634 2238 5679 rectum
2266 5639 2402 5690 esse,
2430 5636 2487 5681 et
2510 5627 2777 5696 aequitatis
2811 5625 2933 5696 jura
2968 5635 3150 5682 tenere
3187 5626 3456 5682 veraciter
3477 5637 3615 5692 pro-
