  <div class='ocr_page' id='page_1' title='image "/cluster/home/n/w/nwhite01/storage/ocr_20150623/145/hvd.32044048207542/140.png"; bbox 0 0 3996 6184; ppageno 0'>
   <div class='ocr_carea' id='block_1_1' title="bbox 195 255 298 314">
    <p class='ocr_par' dir='ltr' id='par_1_1' title="bbox 195 255 298 314">
     <span class='ocr_line' id='line_1_1' title="bbox 195 255 298 314; baseline -0.019 0"><span class='ocrx_word' id='word_1_1' title='bbox 195 255 298 314; x_wconf 69' lang='lat'><strong>265</strong></span> 
     </span>
    </p>
   </div>
   <div class='ocr_carea' id='block_1_2' title="bbox 1121 223 2542 305">
    <p class='ocr_par' dir='ltr' id='par_1_2' title="bbox 1121 223 2542 305">
     <span class='ocr_line' id='line_1_2' title="bbox 1121 223 2542 305; baseline -0.012 -1"><span class='ocrx_word' id='word_1_2' title='bbox 1121 241 1364 305; x_wconf 77' lang='lat' dir='ltr'><strong>OPUSC.</strong></span> <span class='ocrx_word' id='word_1_3' title='bbox 1404 239 1522 300; x_wconf 65' lang='lat' dir='ltr'><strong>XII.</strong></span> <span class='ocrx_word' id='word_1_4' title='bbox 1560 272 1631 286; x_wconf 88' lang='lat'><strong>--</strong></span> <span class='ocrx_word' id='word_1_5' title='bbox 1669 233 1756 297; x_wconf 79' lang='lat' dir='ltr'><strong>DE</strong></span> <span class='ocrx_word' id='word_1_6' title='bbox 1792 229 2208 297; x_wconf 69' lang='grc' dir='ltr'><strong>ΟΟΝΤΕΜΡἸὋ</strong></span> <span class='ocrx_word' id='word_1_7' title='bbox 2249 223 2542 290; x_wconf 64' lang='lat' dir='ltr'><strong>SJECUU.</strong></span> 
     </span>
    </p>
   </div>
   <div class='ocr_carea' id='block_1_3' title="bbox 3341 230 3472 291">
    <p class='ocr_par' dir='ltr' id='par_1_3' title="bbox 3341 230 3472 291">
     <span class='ocr_line' id='line_1_3' title="bbox 3341 230 3472 291; baseline 0.015 -2"><span class='ocrx_word' id='word_1_8' title='bbox 3341 230 3472 291; x_wconf 66' lang='lat'><strong>&quot;268</strong></span> 
     </span>
    </p>
   </div>
   <div class='ocr_carea' id='block_1_4' title="bbox 192 339 3469 434">
    <p class='ocr_par' dir='ltr' id='par_1_4' title="bbox 192 339 3469 434">
     <span class='ocr_line' id='line_1_4' title="bbox 192 339 3469 434; baseline -0.007 -11"><span class='ocrx_word' id='word_1_9' title='bbox 192 372 301 434; x_wconf 81' lang='lat' dir='ltr'><strong>hat,</strong></span> <span class='ocrx_word' id='word_1_10' title='bbox 356 366 545 423; x_wconf 90' lang='lat' dir='ltr'><strong>dicens</strong></span> <span class='ocrx_word' id='word_1_11' title='bbox 590 375 711 418; x_wconf 89' lang='lat' dir='ltr'><strong>cum</strong></span> <span class='ocrx_word' id='word_1_12' title='bbox 763 359 1026 432; x_wconf 74' lang='lat' dir='ltr'><strong>propheta</strong></span> <span class='ocrx_word' id='word_1_13' title='bbox 1058 375 1072 412; x_wconf 90' lang='lat'><strong>:</strong></span> <span class='ocrx_word' id='word_1_14' title='bbox 1123 375 1141 409; x_wconf 74' lang='grc' dir='ltr'><strong>ι</strong></span> <span class='ocrx_word' id='word_1_15' title='bbox 1172 356 1352 411; x_wconf 86' lang='lat' dir='ltr'><strong>Bonus</strong></span> <span class='ocrx_word' id='word_1_16' title='bbox 1392 363 1476 410; x_wconf 89' lang='lat' dir='ltr'><strong>est</strong></span> <span class='ocrx_word' id='word_1_17' title='bbox 1517 353 1778 410; x_wconf 82' lang='lat' dir='ltr'><strong>Dominus</strong></span> <span class='ocrx_word' id='word_1_18' title='bbox 1806 359 1852 416; x_wconf 77' lang='grc' dir='ltr'><strong>Α</strong></span> <span class='ocrx_word' id='word_1_19' title='bbox 1878 353 2026 414; x_wconf 89' lang='lat' dir='ltr'><strong>sunt,</strong></span> <span class='ocrx_word' id='word_1_20' title='bbox 2051 345 2182 401; x_wconf 86' lang='lat' dir='ltr'><strong>nulli</strong></span> <span class='ocrx_word' id='word_1_21' title='bbox 2222 343 2466 407; x_wconf 84' lang='lat' dir='ltr'><strong>dubium,</strong></span> <span class='ocrx_word' id='word_1_22' title='bbox 2492 341 2624 434; x_wconf 83' lang='lat' dir='ltr'><strong>quin</strong></span> <span class='ocrx_word' id='word_1_23' title='bbox 2647 339 2850 434; x_wconf 79' lang='lat' dir='ltr'><strong>omnis,</strong></span> <span class='ocrx_word' id='word_1_24' title='bbox 2882 340 2978 411; x_wconf 85' lang='lat' dir='ltr'><strong>qui</strong></span> <span class='ocrx_word' id='word_1_25' title='bbox 3024 355 3212 400; x_wconf 86' lang='lat' dir='ltr'><strong>eorum</strong></span> <span class='ocrx_word' id='word_1_26' title='bbox 3243 344 3469 416; x_wconf 81' lang='lat' dir='ltr'><strong>partici-</strong></span> 
     </span>
    </p>
   </div>
   <div class='ocr_carea' id='block_1_5' title="bbox 189 442 1782 530">
    <p class='ocr_par' dir='ltr' id='par_1_5' title="bbox 189 442 1782 530">
     <span class='ocr_line' id='line_1_5' title="bbox 189 442 1782 530; baseline -0.008 -22"><span class='ocrx_word' id='word_1_27' title='bbox 189 456 537 530; x_wconf 78' lang='lat' dir='ltr'><strong>sperantibus</strong></span> <span class='ocrx_word' id='word_1_28' title='bbox 563 453 616 507; x_wconf 92' lang='lat' dir='ltr'><strong>in</strong></span> <span class='ocrx_word' id='word_1_29' title='bbox 646 465 795 515; x_wconf 88' lang='lat' dir='ltr'><strong>eum,</strong></span> <span class='ocrx_word' id='word_1_30' title='bbox 828 446 1024 502; x_wconf 66' lang='lat' dir='ltr'><strong>animai</strong></span> <span class='ocrx_word' id='word_1_31' title='bbox 1046 446 1308 517; x_wconf 72' lang='lat' dir='ltr'><strong>quaerenti</strong></span> <span class='ocrx_word' id='word_1_32' title='bbox 1347 444 1519 499; x_wconf 91' lang='lat' dir='ltr'><strong>illum.</strong></span> <span class='ocrx_word' id='word_1_33' title='bbox 1574 442 1782 497; x_wconf 82' lang='lat' dir='ltr'><strong>Bonum</strong></span> 
     </span>
    </p>
   </div>
   <div class='ocr_carea' id='block_1_6' title="bbox 193 531 1782 620">
    <p class='ocr_par' dir='ltr' id='par_1_6' title="bbox 193 531 1782 620">
     <span class='ocr_line' id='line_1_6' title="bbox 193 531 1782 620; baseline -0.013 -12"><span class='ocrx_word' id='word_1_34' title='bbox 193 560 272 608; x_wconf 85' lang='lat' dir='ltr'><strong>est</strong></span> <span class='ocrx_word' id='word_1_35' title='bbox 291 544 601 620; x_wconf 67' lang='lat' dir='ltr'><strong>praestolari</strong></span> <span class='ocrx_word' id='word_1_36' title='bbox 625 556 749 599; x_wconf 90' lang='lat' dir='ltr'><strong>cum</strong></span> <span class='ocrx_word' id='word_1_37' title='bbox 781 541 997 596; x_wconf 88' lang='lat' dir='ltr'><strong>silentio</strong></span> <span class='ocrx_word' id='word_1_38' title='bbox 1027 539 1265 595; x_wconf 79' lang='lat' dir='ltr'><strong>salutare</strong></span> <span class='ocrx_word' id='word_1_39' title='bbox 1295 537 1526 592; x_wconf 85' lang='lat' dir='ltr'><strong>Domini.</strong></span> <span class='ocrx_word' id='word_1_40' title='bbox 1574 531 1782 590; x_wconf 84' lang='lat' dir='ltr'><strong>Bonum</strong></span> 
     </span>
    </p>
   </div>
   <div class='ocr_carea' id='block_1_7' title="bbox 198 627 1779 707">
    <p class='ocr_par' dir='ltr' id='par_1_7' title="bbox 198 627 1779 707">
     <span class='ocr_line' id='line_1_7' title="bbox 198 627 1779 707; baseline -0.013 -7"><span class='ocrx_word' id='word_1_41' title='bbox 198 652 274 700; x_wconf 83' lang='lat' dir='ltr'><strong>est</strong></span> <span class='ocrx_word' id='word_1_42' title='bbox 302 642 422 697; x_wconf 82' lang='lat' dir='ltr'><strong>viro</strong></span> <span class='ocrx_word' id='word_1_43' title='bbox 459 653 581 698; x_wconf 80' lang='lat' dir='ltr'><strong>cum</strong></span> <span class='ocrx_word' id='word_1_44' title='bbox 611 633 910 707; x_wconf 87' lang='lat' dir='ltr'><strong>portaverit</strong></span> <span class='ocrx_word' id='word_1_45' title='bbox 940 631 1126 703; x_wconf 84' lang='lat' dir='ltr'><strong>iugum</strong></span> <span class='ocrx_word' id='word_1_46' title='bbox 1158 631 1226 686; x_wconf 88' lang='lat' dir='ltr'><strong>ab</strong></span> <span class='ocrx_word' id='word_1_47' title='bbox 1244 627 1618 685; x_wconf 75' lang='lat' dir='ltr'><strong>adolescentia</strong></span> <span class='ocrx_word' id='word_1_48' title='bbox 1640 643 1734 681; x_wconf 84' lang='lat' dir='ltr'><strong>sua</strong></span> <span class='ocrx_word' id='word_1_49' title='bbox 1766 645 1779 680; x_wconf 90' lang='lat'><strong>:</strong></span> 
     </span>
    </p>
   </div>
   <div class='ocr_carea' id='block_1_8' title="bbox 203 718 1785 801">
    <p class='ocr_par' dir='ltr' id='par_1_8' title="bbox 203 718 1785 801">
     <span class='ocr_line' id='line_1_8' title="bbox 203 718 1785 801; baseline -0.013 -11"><span class='ocrx_word' id='word_1_50' title='bbox 203 732 406 790; x_wconf 85' lang='lat' dir='ltr'><strong>sedebit</strong></span> <span class='ocrx_word' id='word_1_51' title='bbox 433 729 604 792; x_wconf 85' lang='lat' dir='ltr'><strong>solus,</strong></span> <span class='ocrx_word' id='word_1_52' title='bbox 641 734 692 780; x_wconf 89' lang='lat' dir='ltr'><strong>et</strong></span> <span class='ocrx_word' id='word_1_53' title='bbox 746 721 964 786; x_wconf 81' lang='lat' dir='ltr'><strong>tacebit,</strong></span> <span class='ocrx_word' id='word_1_54' title='bbox 1022 721 1151 792; x_wconf 89' lang='lat' dir='ltr'><strong>quia</strong></span> <span class='ocrx_word' id='word_1_55' title='bbox 1201 718 1491 801; x_wconf 49' lang='lat' dir='ltr'><strong>levavit’sc</strong></span> <span class='ocrx_word' id='word_1_56' title='bbox 1531 732 1696 788; x_wconf 85' lang='lat' dir='ltr'><strong>super</strong></span> <span class='ocrx_word' id='word_1_57' title='bbox 1725 729 1785 770; x_wconf 84' lang='lat' dir='ltr'><strong>se</strong></span> 
     </span>
    </p>
   </div>
   <div class='ocr_carea' id='block_1_9' title="bbox 192 810 1784 896">
    <p class='ocr_par' dir='ltr' id='par_1_9' title="bbox 192 810 1784 896">
     <span class='ocr_line' id='line_1_9' title="bbox 192 810 1784 896; baseline -0.011 -17"><span class='ocrx_word' id='word_1_58' title='bbox 192 823 414 896; x_wconf 68' lang='lat' dir='ltr'><strong>.(Thren.</strong></span> <span class='ocrx_word' id='word_1_59' title='bbox 443 819 550 890; x_wconf 86' lang='grc' dir='ltr'><strong>ιιι).</strong></span> <span class='ocrx_word' id='word_1_60' title='bbox 580 838 608 872; x_wconf 69' lang='grc' dir='ltr'><strong>-θ</strong></span> <span class='ocrx_word' id='word_1_61' title='bbox 646 815 979 885; x_wconf 79' lang='lat' dir='ltr'><strong>.Quaeenim,</strong></span> <span class='ocrx_word' id='word_1_62' title='bbox 999 810 1051 868; x_wconf 81' lang='lat' dir='ltr'><strong>si</strong></span> <span class='ocrx_word' id='word_1_63' title='bbox 1079 822 1298 895; x_wconf 65' lang='lat' dir='ltr'><strong>secreta</strong></span> <span class='ocrx_word' id='word_1_64' title='bbox 1322 811 1589 880; x_wconf 83' lang='lat' dir='ltr'><strong>diligeret,</strong></span> <span class='ocrx_word' id='word_1_65' title='bbox 1621 823 1784 879; x_wconf 85' lang='lat' dir='ltr'><strong>super</strong></span> 
     </span>
    </p>
   </div>
   <div class='ocr_carea' id='block_1_10' title="bbox 197 899 1783 984">
    <p class='ocr_par' dir='ltr' id='par_1_10' title="bbox 197 899 1783 984">
     <span class='ocr_line' id='line_1_10' title="bbox 197 899 1783 984; baseline -0.012 -12"><span class='ocrx_word' id='word_1_66' title='bbox 197 915 544 984; x_wconf 85' lang='lat' dir='ltr'><strong>semetipsam</strong></span> <span class='ocrx_word' id='word_1_67' title='bbox 578 909 839 981; x_wconf 89' lang='lat' dir='ltr'><strong>gauderet</strong></span> <span class='ocrx_word' id='word_1_68' title='bbox 885 915 1094 969; x_wconf 79' lang='lat' dir='ltr'><strong>evecta,</strong></span> <span class='ocrx_word' id='word_1_69' title='bbox 1151 914 1344 959; x_wconf 66' lang='lat' dir='ltr'><strong>mearet</strong></span> <span class='ocrx_word' id='word_1_70' title='bbox 1455 913 1618 968; x_wconf 87' lang='lat' dir='ltr'><strong>nunc,</strong></span> <span class='ocrx_word' id='word_1_71' title='bbox 1658 899 1783 970; x_wconf 85' lang='lat' dir='ltr'><strong>quia</strong></span> 
     </span>
    </p>
   </div>
   <div class='ocr_carea' id='block_1_11' title="bbox 209 994 1782 1076">
    <p class='ocr_par' dir='ltr' id='par_1_11' title="bbox 209 994 1782 1076">
     <span class='ocr_line' id='line_1_11' title="bbox 209 994 1782 1076; baseline -0.01 -15"><span class='ocrx_word' id='word_1_72' title='bbox 209 1007 270 1061; x_wconf 82' lang='lat' dir='ltr'><strong>ad</strong></span> <span class='ocrx_word' id='word_1_73' title='bbox 297 1003 573 1076; x_wconf 86' lang='lat' dir='ltr'><strong>publicum</strong></span> <span class='ocrx_word' id='word_1_74' title='bbox 604 999 810 1063; x_wconf 63' lang='lat' dir='ltr'><strong>exiens,</strong></span> <span class='ocrx_word' id='word_1_75' title='bbox 840 1012 900 1053; x_wconf 92' lang='lat' dir='ltr'><strong>se</strong></span> <span class='ocrx_word' id='word_1_76' title='bbox 922 997 1022 1052; x_wconf 90' lang='lat' dir='ltr'><strong>sub</strong></span> <span class='ocrx_word' id='word_1_77' title='bbox 1040 1011 1110 1052; x_wconf 77' lang='lat' dir='ltr'><strong>se</strong></span> <span class='ocrx_word' id='word_1_78' title='bbox 1133 994 1282 1051; x_wconf 80' lang='lat' dir='ltr'><strong>videt</strong></span> <span class='ocrx_word' id='word_1_79' title='bbox 1312 1007 1498 1064; x_wconf 63' lang='lat' dir='ltr'><strong>iacere</strong></span> <span class='ocrx_word' id='word_1_80' title='bbox 1530 1003 1782 1063; x_wconf 79' lang='lat' dir='ltr'><strong>prostra-</strong></span> 
     </span>
    </p>
   </div>
   <div class='ocr_carea' id='block_1_12' title="bbox 199 1110 328 1154">
    <p class='ocr_par' dir='ltr' id='par_1_12' title="bbox 199 1110 328 1154">
     <span class='ocr_line' id='line_1_12' title="bbox 199 1110 328 1154; baseline -0.023 0"><span class='ocrx_word' id='word_1_81' title='bbox 199 1110 328 1154; x_wconf 62' lang='lat' dir='ltr'><strong>(aut.</strong></span> 
     </span>
    </p>
   </div>
   <div class='ocr_carea' id='block_1_13' title="bbox 773 1168 1186 1231">
    <p class='ocr_par' dir='ltr' id='par_1_13' title="bbox 773 1168 1186 1231">
     <span class='ocr_line' id='line_1_13' title="bbox 773 1168 1186 1231; baseline -0.007 0"><span class='ocrx_word' id='word_1_82' title='bbox 773 1171 1012 1231; x_wconf 71' lang='lat' dir='ltr'><strong>CAPUT</strong></span> <span class='ocrx_word' id='word_1_83' title='bbox 1052 1168 1186 1229; x_wconf 78' lang='lat' dir='ltr'><strong>Xill.</strong></span> 
     </span>
    </p>
   </div>
   <div class='ocr_carea' id='block_1_14' title="bbox 211 1263 1784 1348">
    <p class='ocr_par' dir='ltr' id='par_1_14' title="bbox 211 1263 1784 1348">
     <span class='ocr_line' id='line_1_14' title="bbox 211 1263 1784 1348; baseline -0.009 -16"><span class='ocrx_word' id='word_1_84' title='bbox 211 1273 351 1343; x_wconf 83' lang='lat' dir='ltr'><strong>Quod</strong></span> <span class='ocrx_word' id='word_1_85' title='bbox 396 1273 440 1328; x_wconf 83' lang='lat' dir='ltr'><strong>is</strong></span> <span class='ocrx_word' id='word_1_86' title='bbox 490 1271 581 1334; x_wconf 82' lang='lat' dir='ltr'><strong>qui</strong></span> <span class='ocrx_word' id='word_1_87' title='bbox 613 1265 757 1341; x_wconf 72' lang='lat' dir='ltr'><strong>foras</strong></span> <span class='ocrx_word' id='word_1_88' title='bbox 811 1267 1097 1348; x_wconf 69' lang='lat' dir='ltr'><strong>egreditur,</strong></span> <span class='ocrx_word' id='word_1_89' title='bbox 1152 1281 1268 1318; x_wconf 86' lang='lat' dir='ltr'><strong>cum</strong></span> <span class='ocrx_word' id='word_1_90' title='bbox 1319 1263 1784 1320; x_wconf 65' lang='lat' dir='ltr'><strong>excominunicatis</strong></span> 
     </span>
    </p>
   </div>
   <div class='ocr_carea' id='block_1_15' title="bbox 661 1345 1320 1406">
    <p class='ocr_par' dir='ltr' id='par_1_15' title="bbox 661 1345 1320 1406">
     <span class='ocr_line' id='line_1_15' title="bbox 661 1345 1320 1406; baseline -0.011 -11"><span class='ocrx_word' id='word_1_91' title='bbox 661 1345 1052 1394; x_wconf 78' lang='lat' dir='ltr'><strong>communicare</strong></span> <span class='ocrx_word' id='word_1_92' title='bbox 1079 1345 1320 1406; x_wconf 80' lang='lat' dir='ltr'><strong>cogatur.</strong></span> 
     </span>
    </p>
   </div>
   <div class='ocr_carea' id='block_1_16' title="bbox 271 1444 1782 1519">
    <p class='ocr_par' dir='ltr' id='par_1_16' title="bbox 271 1444 1782 1519">
     <span class='ocr_line' id='line_1_16' title="bbox 271 1444 1782 1519; baseline -0.008 -9"><span class='ocrx_word' id='word_1_93' title='bbox 271 1453 365 1510; x_wconf 78' lang='lat' dir='ltr'><strong>Est</strong></span> <span class='ocrx_word' id='word_1_94' title='bbox 385 1453 553 1510; x_wconf 87' lang='lat' dir='ltr'><strong>etiam</strong></span> <span class='ocrx_word' id='word_1_95' title='bbox 584 1449 747 1515; x_wconf 82' lang='lat' dir='ltr'><strong>aliud,</strong></span> <span class='ocrx_word' id='word_1_96' title='bbox 775 1447 919 1519; x_wconf 80' lang='lat' dir='ltr'><strong>quod</strong></span> <span class='ocrx_word' id='word_1_97' title='bbox 946 1449 1049 1504; x_wconf 86' lang='lat' dir='ltr'><strong>etsi</strong></span> <span class='ocrx_word' id='word_1_98' title='bbox 1095 1445 1480 1517; x_wconf 89' lang='lat' dir='ltr'><strong>impedimenta</strong></span> <span class='ocrx_word' id='word_1_99' title='bbox 1511 1444 1782 1510; x_wconf 85' lang='lat' dir='ltr'><strong>deessent,</strong></span> 
     </span>
    </p>
   </div>
   <div class='ocr_carea' id='block_1_17' title="bbox 201 1537 1783 1612">
    <p class='ocr_par' dir='ltr' id='par_1_17' title="bbox 201 1537 1783 1612">
     <span class='ocr_line' id='line_1_17' title="bbox 201 1537 1783 1612; baseline -0.007 -10"><span class='ocrx_word' id='word_1_100' title='bbox 201 1545 373 1602; x_wconf 79' lang='lat' dir='ltr'><strong>solum</strong></span> <span class='ocrx_word' id='word_1_101' title='bbox 405 1543 649 1601; x_wconf 77' lang='lat' dir='ltr'><strong>suiiicere</strong></span> <span class='ocrx_word' id='word_1_102' title='bbox 685 1547 916 1612; x_wconf 83' lang='lat' dir='ltr'><strong>poterat,</strong></span> <span class='ocrx_word' id='word_1_103' title='bbox 943 1549 1002 1594; x_wconf 91' lang='lat' dir='ltr'><strong>ut</strong></span> <span class='ocrx_word' id='word_1_104' title='bbox 1021 1541 1327 1595; x_wconf 78' lang='lat' dir='ltr'><strong>monachos</strong></span> <span class='ocrx_word' id='word_1_105' title='bbox 1355 1554 1386 1593; x_wconf 90' lang='lat' dir='ltr'><strong>a</strong></span> <span class='ocrx_word' id='word_1_106' title='bbox 1408 1537 1593 1594; x_wconf 90' lang='lat' dir='ltr'><strong>mundi</strong></span> <span class='ocrx_word' id='word_1_107' title='bbox 1620 1550 1783 1610; x_wconf 80' lang='lat' dir='ltr'><strong>vaga-</strong></span> 
     </span>
    </p>
   </div>
   <div class='ocr_carea' id='block_1_18' title="bbox 202 1625 1783 1703">
    <p class='ocr_par' dir='ltr' id='par_1_18' title="bbox 202 1625 1783 1703">
     <span class='ocr_line' id='line_1_18' title="bbox 202 1625 1783 1703; baseline -0.004 -13"><span class='ocrx_word' id='word_1_108' title='bbox 202 1638 344 1690; x_wconf 78' lang='lat' dir='ltr'><strong>tione</strong></span> <span class='ocrx_word' id='word_1_109' title='bbox 369 1641 754 1703; x_wconf 83' lang='lat' dir='ltr'><strong>compesceret.</strong></span> <span class='ocrx_word' id='word_1_110' title='bbox 784 1631 915 1697; x_wconf 77' lang='lat' dir='ltr'><strong>Quis</strong></span> <span class='ocrx_word' id='word_1_111' title='bbox 936 1631 1086 1686; x_wconf 83' lang='lat' dir='ltr'><strong>enim</strong></span> <span class='ocrx_word' id='word_1_112' title='bbox 1118 1625 1222 1686; x_wconf 85' lang='lat' dir='ltr'><strong>hoc</strong></span> <span class='ocrx_word' id='word_1_113' title='bbox 1250 1639 1493 1700; x_wconf 84' lang='lat' dir='ltr'><strong>tempore</strong></span> <span class='ocrx_word' id='word_1_114' title='bbox 1522 1643 1783 1701; x_wconf 87' lang='lat' dir='ltr'><strong>quorum-</strong></span> 
     </span>
    </p>
   </div>
   <div class='ocr_carea' id='block_1_19' title="bbox 1886 427 3549 512">
    <p class='ocr_par' dir='ltr' id='par_1_19' title="bbox 1886 427 3549 512">
     <span class='ocr_line' id='line_1_19' title="bbox 1886 427 3549 512; baseline -0.002 -16"><span class='ocrx_word' id='word_1_115' title='bbox 1886 441 1977 512; x_wconf 89' lang='lat' dir='ltr'><strong>pio</strong></span> <span class='ocrx_word' id='word_1_116' title='bbox 2004 435 2195 504; x_wconf 84' lang='lat' dir='ltr'><strong>utitur,</strong></span> <span class='ocrx_word' id='word_1_117' title='bbox 2229 435 2463 492; x_wconf 83' lang='lat' dir='ltr'><strong>similem</strong></span> <span class='ocrx_word' id='word_1_118' title='bbox 2505 427 2876 489; x_wconf 77' lang='lat' dir='ltr'><strong>damnationis</strong></span> <span class='ocrx_word' id='word_1_119' title='bbox 2921 435 3242 490; x_wconf 83' lang='lat' dir='ltr'><strong>sententiam</strong></span> <span class='ocrx_word' id='word_1_120' title='bbox 3275 435 3473 493; x_wconf 82' lang='lat' dir='ltr'><strong>sortia-</strong></span> <span class='ocrx_word' id='word_1_121' title='bbox 3541 496 3549 508; x_wconf 41' lang='lat'><strong>,</strong></span> 
     </span>
    </p>
   </div>
   <div class='ocr_carea' id='block_1_20' title="bbox 1881 520 3476 596">
    <p class='ocr_par' dir='ltr' id='par_1_20' title="bbox 1881 520 3476 596">
     <span class='ocr_line' id='line_1_20' title="bbox 1881 520 3476 596; baseline -0.001 -9"><span class='ocrx_word' id='word_1_122' title='bbox 1881 542 1998 587; x_wconf 89' lang='lat' dir='ltr'><strong>tur.</strong></span> <span class='ocrx_word' id='word_1_123' title='bbox 2025 527 2106 586; x_wconf 84' lang='lat' dir='ltr'><strong>De</strong></span> <span class='ocrx_word' id='word_1_124' title='bbox 2150 528 2239 585; x_wconf 85' lang='lat' dir='ltr'><strong>his</strong></span> <span class='ocrx_word' id='word_1_125' title='bbox 2294 522 2621 596; x_wconf 86' lang='lat' dir='ltr'><strong>autem,qni</strong></span> <span class='ocrx_word' id='word_1_126' title='bbox 2653 537 2760 595; x_wconf 86' lang='lat' dir='ltr'><strong>pro</strong></span> <span class='ocrx_word' id='word_1_127' title='bbox 2797 525 3102 581; x_wconf 85' lang='lat' dir='ltr'><strong>commissis</strong></span> <span class='ocrx_word' id='word_1_128' title='bbox 3154 520 3476 585; x_wconf 82' lang='lat' dir='ltr'><strong>criminibus</strong></span> 
     </span>
    </p>
   </div>
   <div class='ocr_carea' id='block_1_21' title="bbox 1876 614 3476 692">
    <p class='ocr_par' dir='ltr' id='par_1_21' title="bbox 1876 614 3476 692">
     <span class='ocr_line' id='line_1_21' title="bbox 1876 614 3476 692; baseline -0.001 -14"><span class='ocrx_word' id='word_1_129' title='bbox 1876 622 2144 678; x_wconf 79' lang='lat' dir='ltr'><strong>canonica</strong></span> <span class='ocrx_word' id='word_1_130' title='bbox 2175 619 2393 692; x_wconf 83' lang='lat' dir='ltr'><strong>quidem</strong></span> <span class='ocrx_word' id='word_1_131' title='bbox 2450 625 2577 674; x_wconf 88' lang='lat' dir='ltr'><strong>sunt</strong></span> <span class='ocrx_word' id='word_1_132' title='bbox 2622 616 2958 674; x_wconf 75' lang='lat' dir='ltr'><strong>auctoritate</strong></span> <span class='ocrx_word' id='word_1_133' title='bbox 3001 614 3313 684; x_wconf 83' lang='lat' dir='ltr'><strong>damnandi,</strong></span> <span class='ocrx_word' id='word_1_134' title='bbox 3372 635 3476 678; x_wconf 84' lang='lat' dir='ltr'><strong>nec</strong></span> 
     </span>
    </p>
   </div>
   <div class='ocr_carea' id='block_1_22' title="bbox 1887 709 3472 770">
    <p class='ocr_par' dir='ltr' id='par_1_22' title="bbox 1887 709 3472 770">
     <span class='ocr_line' id='line_1_22' title="bbox 1887 709 3472 770; baseline -0.002 -1"><span class='ocrx_word' id='word_1_135' title='bbox 1887 715 2207 770; x_wconf 82' lang='lat' dir='ltr'><strong>dumtamen</strong></span> <span class='ocrx_word' id='word_1_136' title='bbox 2227 712 2366 767; x_wconf 85' lang='lat' dir='ltr'><strong>vivis</strong></span> <span class='ocrx_word' id='word_1_137' title='bbox 2389 711 2730 766; x_wconf 81' lang='lat' dir='ltr'><strong>sacerdotum</strong></span> <span class='ocrx_word' id='word_1_138' title='bbox 2761 711 2984 766; x_wconf 79' lang='lat' dir='ltr'><strong>vocibus</strong></span> <span class='ocrx_word' id='word_1_139' title='bbox 3010 712 3078 764; x_wconf 86' lang='lat' dir='ltr'><strong>ah</strong></span> <span class='ocrx_word' id='word_1_140' title='bbox 3105 709 3472 768; x_wconf 74' lang='lat' dir='ltr'><strong>ecclesiasnca</strong></span> 
     </span>
    </p>
   </div>
   <div class='ocr_carea' id='block_1_23' title="bbox 1883 797 3474 872">
    <p class='ocr_par' dir='ltr' id='par_1_23' title="bbox 1883 797 3474 872">
     <span class='ocr_line' id='line_1_23' title="bbox 1883 797 3474 872; baseline -0.002 -13"><span class='ocrx_word' id='word_1_141' title='bbox 1883 805 2140 860; x_wconf 71' lang='lat' dir='ltr'><strong>videntur</strong></span> <span class='ocrx_word' id='word_1_142' title='bbox 2192 803 2399 858; x_wconf 87' lang='lat' dir='ltr'><strong>unitate</strong></span> <span class='ocrx_word' id='word_1_143' title='bbox 2453 797 2697 870; x_wconf 59' lang='lat' dir='ltr'><strong>pracisi,</strong></span> <span class='ocrx_word' id='word_1_144' title='bbox 2749 815 2779 854; x_wconf 75' lang='grc' dir='ltr'><strong>ιι</strong></span> <span class='ocrx_word' id='word_1_145' title='bbox 2831 801 3113 856; x_wconf 75' lang='lat' dir='ltr'><strong>nonnullis</strong></span> <span class='ocrx_word' id='word_1_146' title='bbox 3161 802 3474 872; x_wconf 74' lang='lat' dir='ltr'><strong>ambigitur,</strong></span> 
     </span>
    </p>
   </div>
   <div class='ocr_carea' id='block_1_24' title="bbox 1887 899 3474 966">
    <p class='ocr_par' dir='ltr' id='par_1_24' title="bbox 1887 899 3474 966">
     <span class='ocr_line' id='line_1_24' title="bbox 1887 899 3474 966; baseline -0.002 -9"><span class='ocrx_word' id='word_1_147' title='bbox 1887 911 2069 958; x_wconf 85' lang='lat' dir='ltr'><strong>utrum</strong></span> <span class='ocrx_word' id='word_1_148' title='bbox 2107 916 2296 957; x_wconf 87' lang='lat' dir='ltr'><strong>eorum</strong></span> <span class='ocrx_word' id='word_1_149' title='bbox 2328 907 2444 955; x_wconf 80' lang='lat' dir='ltr'><strong>tuto</strong></span> <span class='ocrx_word' id='word_1_150' title='bbox 2473 899 2706 955; x_wconf 79' lang='lat' dir='ltr'><strong>societas</strong></span> <span class='ocrx_word' id='word_1_151' title='bbox 2739 899 3100 966; x_wconf 75' lang='lat' dir='ltr'><strong>admittatur;</strong></span> <span class='ocrx_word' id='word_1_152' title='bbox 3142 901 3234 955; x_wconf 90' lang='lat' dir='ltr'><strong>sed</strong></span> <span class='ocrx_word' id='word_1_153' title='bbox 3269 900 3314 955; x_wconf 87' lang='lat' dir='ltr'><strong>si</strong></span> <span class='ocrx_word' id='word_1_154' title='bbox 3362 913 3474 955; x_wconf 81' lang='lat' dir='ltr'><strong>rem</strong></span> 
     </span>
    </p>
   </div>
   <div class='ocr_carea' id='block_1_25' title="bbox 1883 991 3479 1068">
    <p class='ocr_par' dir='ltr' id='par_1_25' title="bbox 1883 991 3479 1068">
     <span class='ocr_line' id='line_1_25' title="bbox 1883 991 3479 1068; baseline -0.001 -18"><span class='ocrx_word' id='word_1_155' title='bbox 1883 995 2126 1068; x_wconf 88' lang='lat' dir='ltr'><strong>pensiori</strong></span> <span class='ocrx_word' id='word_1_156' title='bbox 2156 993 2455 1052; x_wconf 75' lang='lat' dir='ltr'><strong>subtilitate</strong></span> <span class='ocrx_word' id='word_1_157' title='bbox 2480 993 2885 1064; x_wconf 68' lang='lat' dir='ltr'><strong>perpendimus,</strong></span> <span class='ocrx_word' id='word_1_158' title='bbox 2923 991 3123 1048; x_wconf 87' lang='lat' dir='ltr'><strong>nullam</strong></span> <span class='ocrx_word' id='word_1_159' title='bbox 3170 1003 3309 1064; x_wconf 79' lang='lat' dir='ltr'><strong>pene</strong></span> <span class='ocrx_word' id='word_1_160' title='bbox 3335 995 3479 1049; x_wconf 89' lang='lat' dir='ltr'><strong>inter</strong></span> 
     </span>
    </p>
   </div>
   <div class='ocr_carea' id='block_1_26' title="bbox 1877 1077 3482 1141">
    <p class='ocr_par' dir='ltr' id='par_1_26' title="bbox 1877 1077 3482 1141">
     <span class='ocr_line' id='line_1_26' title="bbox 1877 1077 3482 1141; baseline -0.001 0"><span class='ocrx_word' id='word_1_161' title='bbox 1877 1099 1982 1140; x_wconf 83' lang='lat' dir='ltr'><strong>eos</strong></span> <span class='ocrx_word' id='word_1_162' title='bbox 2009 1099 2131 1141; x_wconf 83' lang='lat' dir='ltr'><strong>esse</strong></span> <span class='ocrx_word' id='word_1_163' title='bbox 2160 1085 2476 1139; x_wconf 83' lang='lat' dir='ltr'><strong>distantiam</strong></span> <span class='ocrx_word' id='word_1_164' title='bbox 2519 1083 2848 1138; x_wconf 85' lang='lat' dir='ltr'><strong>invenimus.</strong></span> <span class='ocrx_word' id='word_1_165' title='bbox 2881 1082 3007 1140; x_wconf 84' lang='lat' dir='ltr'><strong>Sive</strong></span> <span class='ocrx_word' id='word_1_166' title='bbox 3036 1077 3183 1138; x_wconf 89' lang='lat' dir='ltr'><strong>enim</strong></span> <span class='ocrx_word' id='word_1_167' title='bbox 3215 1099 3245 1138; x_wconf 89' lang='lat' dir='ltr'><strong>a</strong></span> <span class='ocrx_word' id='word_1_168' title='bbox 3267 1084 3482 1140; x_wconf 84' lang='lat' dir='ltr'><strong>moder-</strong></span> 
     </span>
    </p>
   </div>
   <div class='ocr_carea' id='block_1_27' title="bbox 1887 1171 3478 1245">
    <p class='ocr_par' dir='ltr' id='par_1_27' title="bbox 1887 1171 3478 1245">
     <span class='ocr_line' id='line_1_27' title="bbox 1887 1171 3478 1245; baseline -0.001 -15"><span class='ocrx_word' id='word_1_169' title='bbox 1887 1175 1993 1243; x_wconf 88' lang='lat' dir='ltr'><strong>nis,</strong></span> <span class='ocrx_word' id='word_1_170' title='bbox 2020 1175 2134 1232; x_wconf 84' lang='lat' dir='ltr'><strong>sive</strong></span> <span class='ocrx_word' id='word_1_171' title='bbox 2162 1173 2230 1231; x_wconf 86' lang='lat' dir='ltr'><strong>ab</strong></span> <span class='ocrx_word' id='word_1_172' title='bbox 2258 1173 2498 1245; x_wconf 81' lang='lat' dir='ltr'><strong>antiquis</strong></span> <span class='ocrx_word' id='word_1_173' title='bbox 2524 1171 2779 1230; x_wconf 84' lang='lat' dir='ltr'><strong>Patribus</strong></span> <span class='ocrx_word' id='word_1_174' title='bbox 2821 1173 2947 1245; x_wconf 85' lang='lat' dir='ltr'><strong>quis</strong></span> <span class='ocrx_word' id='word_1_175' title='bbox 2985 1171 3111 1241; x_wconf 82' lang='lat' dir='ltr'><strong>jure</strong></span> <span class='ocrx_word' id='word_1_176' title='bbox 3165 1174 3478 1240; x_wconf 78' lang='lat' dir='ltr'><strong>damnetur,</strong></span> 
     </span>
    </p>
   </div>
   <div class='ocr_carea' id='block_1_28' title="bbox 1888 1261 3480 1335">
    <p class='ocr_par' dir='ltr' id='par_1_28' title="bbox 1888 1261 3480 1335">
     <span class='ocr_line' id='line_1_28' title="bbox 1888 1261 3480 1335; baseline -0.001 -12"><span class='ocrx_word' id='word_1_177' title='bbox 1888 1266 2032 1323; x_wconf 89' lang='lat' dir='ltr'><strong>idem</strong></span> <span class='ocrx_word' id='word_1_178' title='bbox 2081 1272 2205 1320; x_wconf 90' lang='lat' dir='ltr'><strong>est:</strong></span> <span class='ocrx_word' id='word_1_179' title='bbox 2239 1277 2342 1322; x_wconf 89' lang='lat' dir='ltr'><strong>nec</strong></span> <span class='ocrx_word' id='word_1_180' title='bbox 2392 1273 2700 1335; x_wconf 81' lang='lat' dir='ltr'><strong>temporum</strong></span> <span class='ocrx_word' id='word_1_181' title='bbox 2749 1261 3038 1319; x_wconf 86' lang='lat' dir='ltr'><strong>diversitas</strong></span> <span class='ocrx_word' id='word_1_182' title='bbox 3087 1263 3267 1330; x_wconf 86' lang='lat' dir='ltr'><strong>solvit,</strong></span> <span class='ocrx_word' id='word_1_183' title='bbox 3321 1273 3480 1332; x_wconf 85' lang='lat' dir='ltr'><strong>quem</strong></span> 
     </span>
    </p>
   </div>
   <div class='ocr_carea' id='block_1_29' title="bbox 1887 1355 3482 1429">
    <p class='ocr_par' dir='ltr' id='par_1_29' title="bbox 1887 1355 3482 1429">
     <span class='ocr_line' id='line_1_29' title="bbox 1887 1355 3482 1429; baseline -0.001 -17"><span class='ocrx_word' id='word_1_184' title='bbox 1887 1359 2078 1413; x_wconf 86' lang='lat' dir='ltr'><strong>eadem</strong></span> <span class='ocrx_word' id='word_1_185' title='bbox 2121 1357 2428 1429; x_wconf 81' lang='lat' dir='ltr'><strong>perpetrati</strong></span> <span class='ocrx_word' id='word_1_186' title='bbox 2456 1357 2660 1426; x_wconf 76' lang='lat' dir='ltr'><strong>piaculi</strong></span> <span class='ocrx_word' id='word_1_187' title='bbox 2683 1366 2859 1412; x_wconf 81' lang='lat' dir='ltr'><strong>causa</strong></span> <span class='ocrx_word' id='word_1_188' title='bbox 2911 1355 3254 1427; x_wconf 86' lang='lat' dir='ltr'><strong>constringit,</strong></span> <span class='ocrx_word' id='word_1_189' title='bbox 3276 1362 3329 1411; x_wconf 89' lang='lat' dir='ltr'><strong>et</strong></span> <span class='ocrx_word' id='word_1_190' title='bbox 3353 1365 3482 1411; x_wconf 62' lang='lat' dir='ltr'><strong>uita-</strong></span> 
     </span>
    </p>
   </div>
   <div class='ocr_carea' id='block_1_30' title="bbox 1891 1447 3482 1520">
    <p class='ocr_par' dir='ltr' id='par_1_30' title="bbox 1891 1447 3482 1520">
     <span class='ocr_line' id='line_1_30' title="bbox 1891 1447 3482 1520; baseline -0.003 -14"><span class='ocrx_word' id='word_1_191' title='bbox 1891 1460 2003 1506; x_wconf 86' lang='lat' dir='ltr'><strong>tum</strong></span> <span class='ocrx_word' id='word_1_192' title='bbox 2043 1452 2286 1505; x_wconf 80' lang='lat' dir='ltr'><strong>varietas</strong></span> <span class='ocrx_word' id='word_1_193' title='bbox 2323 1447 2572 1520; x_wconf 74' lang='lat' dir='ltr'><strong>iudiciali</strong></span> <span class='ocrx_word' id='word_1_194' title='bbox 2624 1447 2835 1504; x_wconf 84' lang='lat' dir='ltr'><strong>calculo</strong></span> <span class='ocrx_word' id='word_1_195' title='bbox 2887 1461 2994 1503; x_wconf 88' lang='lat' dir='ltr'><strong>non</strong></span> <span class='ocrx_word' id='word_1_196' title='bbox 3025 1447 3362 1518; x_wconf 57' lang='lat' dir='ltr'><strong>praeiudicat,</strong></span> <span class='ocrx_word' id='word_1_197' title='bbox 3385 1449 3482 1504; x_wconf 80' lang='lat' dir='ltr'><strong>ubi</strong></span> 
     </span>
    </p>
   </div>
   <div class='ocr_carea' id='block_1_31' title="bbox 1888 1535 3302 1611">
    <p class='ocr_par' dir='ltr' id='par_1_31' title="bbox 1888 1535 3302 1611">
     <span class='ocr_line' id='line_1_31' title="bbox 1888 1535 3302 1611; baseline -0.002 -16"><span class='ocrx_word' id='word_1_198' title='bbox 1888 1553 1994 1595; x_wconf 83' lang='lat' dir='ltr'><strong>una</strong></span> <span class='ocrx_word' id='word_1_199' title='bbox 2023 1539 2223 1596; x_wconf 76' lang='lat' dir='ltr'><strong>limata:</strong></span> <span class='ocrx_word' id='word_1_200' title='bbox 2252 1535 2526 1611; x_wconf 62' lang='lat' dir='ltr'><strong>aequitatis</strong></span> <span class='ocrx_word' id='word_1_201' title='bbox 2554 1539 2737 1610; x_wconf 85' lang='lat' dir='ltr'><strong>regula</strong></span> <span class='ocrx_word' id='word_1_202' title='bbox 2767 1539 3093 1594; x_wconf 87' lang='lat' dir='ltr'><strong>sententiam</strong></span> <span class='ocrx_word' id='word_1_203' title='bbox 3118 1537 3302 1594; x_wconf 81' lang='lat' dir='ltr'><strong>dictat.</strong></span> 
     </span>
    </p>
   </div>
   <div class='ocr_carea' id='block_1_32' title="bbox 1961 1625 3484 1705">
    <p class='ocr_par' dir='ltr' id='par_1_32' title="bbox 1961 1625 3484 1705">
     <span class='ocr_line' id='line_1_32' title="bbox 1961 1625 3484 1705; baseline -0.004 -15"><span class='ocrx_word' id='word_1_204' title='bbox 1961 1632 2068 1690; x_wconf 88' lang='lat' dir='ltr'><strong>Sed</strong></span> <span class='ocrx_word' id='word_1_205' title='bbox 2099 1631 2241 1704; x_wconf 91' lang='lat' dir='ltr'><strong>quod</strong></span> <span class='ocrx_word' id='word_1_206' title='bbox 2269 1632 2571 1705; x_wconf 80' lang='lat' dir='ltr'><strong>approbare</strong></span> <span class='ocrx_word' id='word_1_207' title='bbox 2599 1632 2871 1696; x_wconf 73' lang='lat' dir='ltr'><strong>volumus,</strong></span> <span class='ocrx_word' id='word_1_208' title='bbox 2894 1630 3090 1687; x_wconf 87' lang='lat' dir='ltr'><strong>melius</strong></span> <span class='ocrx_word' id='word_1_209' title='bbox 3111 1625 3484 1697; x_wconf 73' lang='lat' dir='ltr'><strong>ostendemus,</strong></span> 
     </span>
    </p>
   </div>
   <div class='ocr_carea' id='block_1_33' title="bbox 207 1719 3486 1794">
    <p class='ocr_par' dir='ltr' id='par_1_33' title="bbox 207 1719 3486 1794">
     <span class='ocr_line' id='line_1_33' title="bbox 207 1719 3486 1794; baseline -0.002 -12"><span class='ocrx_word' id='word_1_210' title='bbox 207 1728 333 1782; x_wconf 86' lang='lat' dir='ltr'><strong>libet</strong></span> <span class='ocrx_word' id='word_1_211' title='bbox 361 1724 694 1780; x_wconf 74' lang='lat' dir='ltr'><strong>srccularium</strong></span> <span class='ocrx_word' id='word_1_212' title='bbox 717 1722 888 1793; x_wconf 90' lang='lat' dir='ltr'><strong>possit</strong></span> <span class='ocrx_word' id='word_1_213' title='bbox 917 1721 1157 1777; x_wconf 86' lang='lat' dir='ltr'><strong>invenire</strong></span> <span class='ocrx_word' id='word_1_214' title='bbox 1180 1730 1527 1788; x_wconf 85' lang='lat' dir='ltr'><strong>conventum,</strong></span> <span class='ocrx_word' id='word_1_215' title='bbox 1559 1719 1649 1776; x_wconf 87' lang='lat' dir='ltr'><strong>ubi</strong></span> <span class='ocrx_word' id='word_1_216' title='bbox 1675 1733 1779 1775; x_wconf 90' lang='lat' dir='ltr'><strong>non</strong></span> <span class='ocrx_word' id='word_1_217' title='bbox 1810 1732 1859 1794; x_wconf 71' lang='grc' dir='ltr'><strong>,Β</strong></span> <span class='ocrx_word' id='word_1_218' title='bbox 1887 1724 1930 1779; x_wconf 88' lang='lat' dir='ltr'><strong>si</strong></span> <span class='ocrx_word' id='word_1_219' title='bbox 1961 1724 2085 1794; x_wconf 76' lang='lat' dir='ltr'><strong>ipsa</strong></span> <span class='ocrx_word' id='word_1_220' title='bbox 2133 1724 2726 1780; x_wconf 71' lang='lat' dir='ltr'><strong>escommunicuntium</strong></span> <span class='ocrx_word' id='word_1_221' title='bbox 2763 1721 2990 1778; x_wconf 86' lang='lat' dir='ltr'><strong>Patrum</strong></span> <span class='ocrx_word' id='word_1_222' title='bbox 3029 1730 3086 1778; x_wconf 90' lang='lat' dir='ltr'><strong>et</strong></span> <span class='ocrx_word' id='word_1_223' title='bbox 3137 1721 3486 1792; x_wconf 85' lang='lat' dir='ltr'><strong>antiquorum</strong></span> 
     </span>
    </p>
   </div>
   <div class='ocr_carea' id='block_1_34' title="bbox 207 1811 1787 1888">
    <p class='ocr_par' dir='ltr' id='par_1_34' title="bbox 207 1811 1787 1888">
     <span class='ocr_line' id='line_1_34' title="bbox 207 1811 1787 1888; baseline -0.005 -14"><span class='ocrx_word' id='word_1_224' title='bbox 207 1821 276 1874; x_wconf 87' lang='lat' dir='ltr'><strong>sit</strong></span> <span class='ocrx_word' id='word_1_225' title='bbox 308 1815 632 1888; x_wconf 88' lang='lat' dir='ltr'><strong>hujusmodi,</strong></span> <span class='ocrx_word' id='word_1_226' title='bbox 663 1815 756 1886; x_wconf 91' lang='lat' dir='ltr'><strong>qui</strong></span> <span class='ocrx_word' id='word_1_227' title='bbox 786 1826 886 1885; x_wconf 82' lang='lat' dir='ltr'><strong>pro</strong></span> <span class='ocrx_word' id='word_1_228' title='bbox 921 1813 1002 1870; x_wconf 91' lang='lat' dir='ltr'><strong>sui</strong></span> <span class='ocrx_word' id='word_1_229' title='bbox 1032 1825 1213 1869; x_wconf 82' lang='lat' dir='ltr'><strong>reatus</strong></span> <span class='ocrx_word' id='word_1_230' title='bbox 1239 1811 1449 1884; x_wconf 88' lang='lat' dir='ltr'><strong>piaculo</strong></span> <span class='ocrx_word' id='word_1_231' title='bbox 1470 1827 1787 1869; x_wconf 81' lang='lat' dir='ltr'><strong>excommu-</strong></span> 
     </span>
    </p>
   </div>
   <div class='ocr_carea' id='block_1_35' title="bbox 205 1900 1785 1974">
    <p class='ocr_par' dir='ltr' id='par_1_35' title="bbox 205 1900 1785 1974">
     <span class='ocr_line' id='line_1_35' title="bbox 205 1900 1785 1974; baseline -0.004 -10"><span class='ocrx_word' id='word_1_232' title='bbox 205 1906 495 1964; x_wconf 78' lang='lat' dir='ltr'><strong>uicationis</strong></span> <span class='ocrx_word' id='word_1_233' title='bbox 522 1904 716 1960; x_wconf 86' lang='lat' dir='ltr'><strong>debeat</strong></span> <span class='ocrx_word' id='word_1_234' title='bbox 737 1905 922 1961; x_wconf 86' lang='lat' dir='ltr'><strong>subire</strong></span> <span class='ocrx_word' id='word_1_235' title='bbox 939 1900 1382 1974; x_wconf 66' lang='lat' dir='ltr'><strong>judiciumuam</strong></span> <span class='ocrx_word' id='word_1_236' title='bbox 1413 1900 1611 1959; x_wconf 90' lang='lat' dir='ltr'><strong>dudum</strong></span> <span class='ocrx_word' id='word_1_237' title='bbox 1640 1903 1785 1959; x_wconf 89' lang='lat' dir='ltr'><strong>enim</strong></span> 
     </span>
    </p>
   </div>
   <div class='ocr_carea' id='block_1_36' title="bbox 205 1991 1785 2065">
    <p class='ocr_par' dir='ltr' id='par_1_36' title="bbox 205 1991 1785 2065">
     <span class='ocr_line' id='line_1_36' title="bbox 205 1991 1785 2065; baseline -0.002 -16"><span class='ocrx_word' id='word_1_238' title='bbox 205 1995 385 2050; x_wconf 83' lang='lat' dir='ltr'><strong>omnia</strong></span> <span class='ocrx_word' id='word_1_239' title='bbox 408 2009 504 2065; x_wconf 86' lang='lat' dir='ltr'><strong>per</strong></span> <span class='ocrx_word' id='word_1_240' title='bbox 523 1993 781 2049; x_wconf 88' lang='lat' dir='ltr'><strong>mundum</strong></span> <span class='ocrx_word' id='word_1_241' title='bbox 799 1993 1028 2048; x_wconf 86' lang='lat' dir='ltr'><strong>crimina</strong></span> <span class='ocrx_word' id='word_1_242' title='bbox 1044 1991 1408 2048; x_wconf 80' lang='lat' dir='ltr'><strong>communiter</strong></span> <span class='ocrx_word' id='word_1_243' title='bbox 1425 2001 1785 2059; x_wconf 85' lang='lat' dir='ltr'><strong>emerserunt,</strong></span> 
     </span>
    </p>
   </div>
   <div class='ocr_carea' id='block_1_37' title="bbox 206 2083 1790 2157">
    <p class='ocr_par' dir='ltr' id='par_1_37' title="bbox 206 2083 1790 2157">
     <span class='ocr_line' id='line_1_37' title="bbox 206 2083 1790 2157; baseline -0.002 -14"><span class='ocrx_word' id='word_1_244' title='bbox 206 2088 458 2143; x_wconf 81' lang='lat' dir='ltr'><strong>universa</strong></span> <span class='ocrx_word' id='word_1_245' title='bbox 484 2083 806 2157; x_wconf 77' lang='lat' dir='ltr'><strong>ﬂagitiorum</strong></span> <span class='ocrx_word' id='word_1_246' title='bbox 841 2083 983 2141; x_wconf 80' lang='lat' dir='ltr'><strong>mala</strong></span> <span class='ocrx_word' id='word_1_247' title='bbox 1024 2093 1169 2140; x_wconf 84' lang='lat' dir='ltr'><strong>nunc</strong></span> <span class='ocrx_word' id='word_1_248' title='bbox 1205 2083 1413 2155; x_wconf 77' lang='lat' dir='ltr'><strong>vigent,</strong></span> <span class='ocrx_word' id='word_1_249' title='bbox 1446 2093 1611 2155; x_wconf 87' lang='lat' dir='ltr'><strong>atque</strong></span> <span class='ocrx_word' id='word_1_250' title='bbox 1639 2099 1706 2140; x_wconf 90' lang='lat' dir='ltr'><strong>eo</strong></span> <span class='ocrx_word' id='word_1_251' title='bbox 1729 2097 1790 2140; x_wconf 85' lang='lat' dir='ltr'><strong>se</strong></span> 
     </span>
    </p>
   </div>
   <div class='ocr_carea' id='block_1_38' title="bbox 209 2173 1792 2246">
    <p class='ocr_par' dir='ltr' id='par_1_38' title="bbox 209 2173 1792 2246">
     <span class='ocr_line' id='line_1_38' title="bbox 209 2173 1792 2246; baseline -0.003 -14"><span class='ocrx_word' id='word_1_252' title='bbox 209 2175 457 2232; x_wconf 71' lang='lat' dir='ltr'><strong>diﬂusius</strong></span> <span class='ocrx_word' id='word_1_253' title='bbox 492 2175 734 2246; x_wconf 86' lang='lat' dir='ltr'><strong>quotidie</strong></span> <span class='ocrx_word' id='word_1_254' title='bbox 769 2173 1090 2246; x_wconf 86' lang='lat' dir='ltr'><strong>pullulando</strong></span> <span class='ocrx_word' id='word_1_255' title='bbox 1131 2173 1518 2246; x_wconf 86' lang='lat' dir='ltr'><strong>dilatant,quo</strong></span> <span class='ocrx_word' id='word_1_256' title='bbox 1559 2173 1792 2229; x_wconf 76' lang='lat' dir='ltr'><strong>vicinius</strong></span> 
     </span>
    </p>
   </div>
   <div class='ocr_carea' id='block_1_39' title="bbox 207 2264 1793 2337">
    <p class='ocr_par' dir='ltr' id='par_1_39' title="bbox 207 2264 1793 2337">
     <span class='ocr_line' id='line_1_39' title="bbox 207 2264 1793 2337; baseline -0.001 -14"><span class='ocrx_word' id='word_1_257' title='bbox 207 2267 391 2324; x_wconf 81' lang='lat' dir='ltr'><strong>mundi</strong></span> <span class='ocrx_word' id='word_1_258' title='bbox 411 2267 670 2323; x_wconf 80' lang='lat' dir='ltr'><strong>terminus</strong></span> <span class='ocrx_word' id='word_1_259' title='bbox 683 2267 1096 2337; x_wconf 82' lang='lat' dir='ltr'><strong>appropinquat.</strong></span> <span class='ocrx_word' id='word_1_260' title='bbox 1107 2264 1452 2336; x_wconf 76' lang='lat' dir='ltr'><strong>Quapropter</strong></span> <span class='ocrx_word' id='word_1_261' title='bbox 1464 2264 1793 2336; x_wconf 80' lang='lat' dir='ltr'><strong>impossibile</strong></span> 
     </span>
    </p>
   </div>
   <div class='ocr_carea' id='block_1_40' title="bbox 208 2359 1792 2434">
    <p class='ocr_par' dir='ltr' id='par_1_40' title="bbox 208 2359 1792 2434">
     <span class='ocr_line' id='line_1_40' title="bbox 208 2359 1792 2434; baseline 0.001 -16"><span class='ocrx_word' id='word_1_262' title='bbox 208 2375 296 2420; x_wconf 79' lang='lat' dir='ltr'><strong>est</strong></span> <span class='ocrx_word' id='word_1_263' title='bbox 316 2364 600 2430; x_wconf 73' lang='lat' dir='ltr'><strong>monacho,</strong></span> <span class='ocrx_word' id='word_1_264' title='bbox 623 2362 716 2434; x_wconf 90' lang='lat' dir='ltr'><strong>qui</strong></span> <span class='ocrx_word' id='word_1_265' title='bbox 742 2362 810 2417; x_wconf 88' lang='lat' dir='ltr'><strong>ad</strong></span> <span class='ocrx_word' id='word_1_266' title='bbox 831 2361 1107 2432; x_wconf 83' lang='lat' dir='ltr'><strong>publicum</strong></span> <span class='ocrx_word' id='word_1_267' title='bbox 1131 2359 1428 2433; x_wconf 75' lang='lat' dir='ltr'><strong>egreditur,</strong></span> <span class='ocrx_word' id='word_1_268' title='bbox 1459 2371 1521 2417; x_wconf 91' lang='lat' dir='ltr'><strong>ut</strong></span> <span class='ocrx_word' id='word_1_269' title='bbox 1539 2375 1646 2416; x_wconf 90' lang='lat' dir='ltr'><strong>non</strong></span> <span class='ocrx_word' id='word_1_270' title='bbox 1677 2360 1792 2420; x_wconf 83' lang='lat' dir='ltr'><strong>sive</strong></span> 
     </span>
    </p>
   </div>
   <div class='ocr_carea' id='block_1_41' title="bbox 202 2451 1793 2526">
    <p class='ocr_par' dir='ltr' id='par_1_41' title="bbox 202 2451 1793 2526">
     <span class='ocr_line' id='line_1_41' title="bbox 202 2451 1793 2526; baseline -0.005 -12"><span class='ocrx_word' id='word_1_271' title='bbox 202 2471 330 2514; x_wconf 82' lang='lat' dir='ltr'><strong>cum</strong></span> <span class='ocrx_word' id='word_1_272' title='bbox 343 2456 504 2526; x_wconf 73' lang='lat'><strong>257</strong></span> <span class='ocrx_word' id='word_1_273' title='bbox 514 2453 1022 2520; x_wconf 79' lang='lat' dir='ltr'><strong>excommunicatis,</strong></span> <span class='ocrx_word' id='word_1_274' title='bbox 1039 2451 1154 2509; x_wconf 89' lang='lat' dir='ltr'><strong>sive</strong></span> <span class='ocrx_word' id='word_1_275' title='bbox 1175 2467 1300 2509; x_wconf 88' lang='lat' dir='ltr'><strong>cum</strong></span> <span class='ocrx_word' id='word_1_276' title='bbox 1315 2453 1793 2509; x_wconf 79' lang='lat' dir='ltr'><strong>excommunicau-</strong></span> 
     </span>
    </p>
   </div>
   <div class='ocr_carea' id='block_1_42' title="bbox 207 2544 1790 2618">
    <p class='ocr_par' dir='ltr' id='par_1_42' title="bbox 207 2544 1790 2618">
     <span class='ocr_line' id='line_1_42' title="bbox 207 2544 1790 2618; baseline -0.005 -14"><span class='ocrx_word' id='word_1_277' title='bbox 207 2548 315 2614; x_wconf 83' lang='lat' dir='ltr'><strong>dis,</strong></span> <span class='ocrx_word' id='word_1_278' title='bbox 329 2548 471 2618; x_wconf 92' lang='lat' dir='ltr'><strong>quod</strong></span> <span class='ocrx_word' id='word_1_279' title='bbox 487 2559 624 2616; x_wconf 88' lang='lat' dir='ltr'><strong>pene</strong></span> <span class='ocrx_word' id='word_1_280' title='bbox 640 2545 976 2600; x_wconf 87' lang='lat' dir='ltr'><strong>tantumdem</strong></span> <span class='ocrx_word' id='word_1_281' title='bbox 999 2553 1105 2610; x_wconf 84' lang='lat' dir='ltr'><strong>est,</strong></span> <span class='ocrx_word' id='word_1_282' title='bbox 1119 2544 1526 2600; x_wconf 85' lang='lat' dir='ltr'><strong>communicare</strong></span> <span class='ocrx_word' id='word_1_283' title='bbox 1541 2550 1790 2613; x_wconf 75' lang='lat' dir='ltr'><strong>cogatur.</strong></span> 
     </span>
    </p>
   </div>
   <div class='ocr_carea' id='block_1_43' title="bbox 204 2624 1796 2709">
    <p class='ocr_par' dir='ltr' id='par_1_43' title="bbox 204 2624 1796 2709">
     <span class='ocr_line' id='line_1_43' title="bbox 204 2624 1796 2709; baseline -0.003 -15"><span class='ocrx_word' id='word_1_284' title='bbox 204 2637 346 2694; x_wconf 74' lang='lat' dir='ltr'><strong>Cum</strong></span> <span class='ocrx_word' id='word_1_285' title='bbox 367 2624 660 2694; x_wconf 65' lang='lat' dir='ltr'><strong>homicidia</strong></span> <span class='ocrx_word' id='word_1_286' title='bbox 675 2638 844 2703; x_wconf 88' lang='lat' dir='ltr'><strong>enim,</strong></span> <span class='ocrx_word' id='word_1_287' title='bbox 867 2651 990 2693; x_wconf 91' lang='lat' dir='ltr'><strong>cum</strong></span> <span class='ocrx_word' id='word_1_288' title='bbox 1011 2636 1271 2709; x_wconf 73' lang='lat' dir='ltr'><strong>periuris,</strong></span> <span class='ocrx_word' id='word_1_289' title='bbox 1301 2649 1427 2693; x_wconf 89' lang='lat' dir='ltr'><strong>cum</strong></span> <span class='ocrx_word' id='word_1_290' title='bbox 1449 2633 1796 2702; x_wconf 74' lang='lat' dir='ltr'><strong>incestuosis,</strong></span> 
     </span>
    </p>
   </div>
   <div class='ocr_carea' id='block_1_44' title="bbox 202 2724 1793 2796">
    <p class='ocr_par' dir='ltr' id='par_1_44' title="bbox 202 2724 1793 2796">
     <span class='ocr_line' id='line_1_44' title="bbox 202 2724 1793 2796; baseline 0 -14"><span class='ocrx_word' id='word_1_291' title='bbox 202 2741 333 2782; x_wconf 84' lang='lat' dir='ltr'><strong>cum</strong></span> <span class='ocrx_word' id='word_1_292' title='bbox 385 2728 764 2784; x_wconf 80' lang='lat' dir='ltr'><strong>incensoribus</strong></span> <span class='ocrx_word' id='word_1_293' title='bbox 791 2729 1008 2794; x_wconf 66' lang='lat' dir='ltr'><strong>aedium,</strong></span> <span class='ocrx_word' id='word_1_294' title='bbox 1030 2741 1162 2784; x_wconf 77' lang='lat' dir='ltr'><strong>cum</strong></span> <span class='ocrx_word' id='word_1_295' title='bbox 1209 2724 1471 2783; x_wconf 83' lang='lat' dir='ltr'><strong>adulteris</strong></span> <span class='ocrx_word' id='word_1_296' title='bbox 1509 2725 1793 2796; x_wconf 77' lang='lat' dir='ltr'><strong>loquitur:</strong></span> 
     </span>
    </p>
   </div>
   <div class='ocr_carea' id='block_1_45' title="bbox 206 2817 1794 2890">
    <p class='ocr_par' dir='ltr' id='par_1_45' title="bbox 206 2817 1794 2890">
     <span class='ocr_line' id='line_1_45' title="bbox 206 2817 1794 2890; baseline -0.001 -16"><span class='ocrx_word' id='word_1_297' title='bbox 206 2821 425 2890; x_wconf 78' lang='lat' dir='ltr'><strong>quibus,</strong></span> <span class='ocrx_word' id='word_1_298' title='bbox 455 2821 618 2876; x_wconf 71' lang='lat' dir='ltr'><strong>etiam</strong></span> <span class='ocrx_word' id='word_1_299' title='bbox 649 2820 696 2876; x_wconf 90' lang='lat' dir='ltr'><strong>si</strong></span> <span class='ocrx_word' id='word_1_300' title='bbox 719 2820 988 2875; x_wconf 82' lang='lat' dir='ltr'><strong>adversus</strong></span> <span class='ocrx_word' id='word_1_301' title='bbox 1026 2819 1343 2884; x_wconf 82' lang='lat' dir='ltr'><strong>exhorreat,</strong></span> <span class='ocrx_word' id='word_1_302' title='bbox 1367 2817 1687 2889; x_wconf 85' lang='lat' dir='ltr'><strong>plerumque</strong></span> <span class='ocrx_word' id='word_1_303' title='bbox 1703 2825 1794 2872; x_wconf 70' lang='lat' dir='ltr'><strong>ta-v</strong></span> 
     </span>
    </p>
   </div>
   <div class='ocr_carea' id='block_1_46' title="bbox 204 2906 1793 2983">
    <p class='ocr_par' dir='ltr' id='par_1_46' title="bbox 204 2906 1793 2983">
     <span class='ocr_line' id='line_1_46' title="bbox 204 2906 1793 2983; baseline -0.004 -17"><span class='ocrx_word' id='word_1_304' title='bbox 204 2926 332 2966; x_wconf 80' lang='lat' dir='ltr'><strong>meo</strong></span> <span class='ocrx_word' id='word_1_305' title='bbox 360 2910 548 2966; x_wconf 84' lang='lat' dir='ltr'><strong>osculo</strong></span> <span class='ocrx_word' id='word_1_306' title='bbox 572 2910 834 2983; x_wconf 80' lang='lat' dir='ltr'><strong>jungitur,</strong></span> <span class='ocrx_word' id='word_1_307' title='bbox 868 2908 1031 2966; x_wconf 87' lang='lat' dir='ltr'><strong>simul</strong></span> <span class='ocrx_word' id='word_1_308' title='bbox 1068 2908 1234 2966; x_wconf 89' lang='lat' dir='ltr'><strong>etiam</strong></span> <span class='ocrx_word' id='word_1_309' title='bbox 1264 2909 1536 2965; x_wconf 89' lang='lat' dir='ltr'><strong>communi</strong></span> <span class='ocrx_word' id='word_1_310' title='bbox 1569 2906 1793 2975; x_wconf 80' lang='lat' dir='ltr'><strong>ferculo,</strong></span> 
     </span>
    </p>
   </div>
   <div class='ocr_carea' id='block_1_47' title="bbox 205 3001 1796 3073">
    <p class='ocr_par' dir='ltr' id='par_1_47' title="bbox 205 3001 1796 3073">
     <span class='ocr_line' id='line_1_47' title="bbox 205 3001 1796 3073; baseline -0.001 -15"><span class='ocrx_word' id='word_1_311' title='bbox 205 3013 369 3073; x_wconf 81' lang='lat' dir='ltr'><strong>prout</strong></span> <span class='ocrx_word' id='word_1_312' title='bbox 398 3003 700 3058; x_wconf 82' lang='lat' dir='ltr'><strong>necessitas</strong></span> <span class='ocrx_word' id='word_1_313' title='bbox 722 3001 992 3067; x_wconf 80' lang='lat' dir='ltr'><strong>imminet,</strong></span> <span class='ocrx_word' id='word_1_314' title='bbox 1019 3002 1360 3066; x_wconf 77' lang='lat' dir='ltr'><strong>convivatur,</strong></span> <span class='ocrx_word' id='word_1_315' title='bbox 1385 3016 1507 3056; x_wconf 90' lang='lat' dir='ltr'><strong>cum</strong></span> <span class='ocrx_word' id='word_1_316' title='bbox 1540 3009 1796 3057; x_wconf 73' lang='lat' dir='ltr'><strong>econtra-</strong></span> 
     </span>
    </p>
   </div>
   <div class='ocr_carea' id='block_1_48' title="bbox 1891 1812 3486 1884">
    <p class='ocr_par' dir='ltr' id='par_1_48' title="bbox 1891 1812 3486 1884">
     <span class='ocr_line' id='line_1_48' title="bbox 1891 1812 3486 1884; baseline -0.004 -11"><span class='ocrx_word' id='word_1_317' title='bbox 1891 1815 2182 1873; x_wconf 77' lang='lat' dir='ltr'><strong>scilicetet</strong></span> <span class='ocrx_word' id='word_1_318' title='bbox 2215 1831 2477 1871; x_wconf 85' lang='lat' dir='ltr'><strong>novorum</strong></span> <span class='ocrx_word' id='word_1_319' title='bbox 2520 1812 2685 1870; x_wconf 81' lang='lat' dir='ltr'><strong>verba</strong></span> <span class='ocrx_word' id='word_1_320' title='bbox 2712 1826 2999 1884; x_wconf 85' lang='lat' dir='ltr'><strong>ponamus.</strong></span> <span class='ocrx_word' id='word_1_321' title='bbox 3027 1813 3190 1868; x_wconf 79' lang='lat' dir='ltr'><strong>&#39;Sacri</strong></span> <span class='ocrx_word' id='word_1_322' title='bbox 3216 1813 3486 1883; x_wconf 87' lang='lat' dir='ltr'><strong>siquidem</strong></span> 
     </span>
    </p>
   </div>
   <div class='ocr_carea' id='block_1_49' title="bbox 1890 1901 3487 1973">
    <p class='ocr_par' dir='ltr' id='par_1_49' title="bbox 1890 1901 3487 1973">
     <span class='ocr_line' id='line_1_49' title="bbox 1890 1901 3487 1973; baseline -0.003 -11"><span class='ocrx_word' id='word_1_323' title='bbox 1890 1920 2133 1963; x_wconf 85' lang='lat' dir='ltr'><strong>canones</strong></span> <span class='ocrx_word' id='word_1_324' title='bbox 2187 1903 2374 1962; x_wconf 87' lang='lat' dir='ltr'><strong>dicunt</strong></span> <span class='ocrx_word' id='word_1_325' title='bbox 2401 1917 2414 1959; x_wconf 87' lang='lat'><strong>:</strong></span> <span class='ocrx_word' id='word_1_326' title='bbox 2446 1901 2548 1973; x_wconf 85' lang='lat' dir='ltr'><strong>Qui</strong></span> <span class='ocrx_word' id='word_1_327' title='bbox 2581 1905 2705 1970; x_wconf 85' lang='lat' dir='ltr'><strong>hoc,</strong></span> <span class='ocrx_word' id='word_1_328' title='bbox 2734 1901 2818 1959; x_wconf 90' lang='lat' dir='ltr'><strong>vel</strong></span> <span class='ocrx_word' id='word_1_329' title='bbox 2863 1901 2996 1959; x_wconf 67' lang='lat' dir='ltr'><strong>illud</strong></span> <span class='ocrx_word' id='word_1_330' title='bbox 3023 1901 3235 1969; x_wconf 81' lang='lat' dir='ltr'><strong>fecerit,</strong></span> <span class='ocrx_word' id='word_1_331' title='bbox 3269 1915 3487 1958; x_wconf 83' lang='lat' dir='ltr'><strong>excom-</strong></span> 
     </span>
    </p>
   </div>
   <div class='ocr_carea' id='block_1_50' title="bbox 1891 1991 3488 2067">
    <p class='ocr_par' dir='ltr' id='par_1_50' title="bbox 1891 1991 3488 2067">
     <span class='ocr_line' id='line_1_50' title="bbox 1891 1991 3488 2067; baseline -0.005 -12"><span class='ocrx_word' id='word_1_332' title='bbox 1891 1999 2216 2055; x_wconf 78' lang='lat' dir='ltr'><strong>municetur.</strong></span> <span class='ocrx_word' id='word_1_333' title='bbox 2259 1993 2506 2053; x_wconf 76' lang='lat' dir='ltr'><strong>Moderni</strong></span> <span class='ocrx_word' id='word_1_334' title='bbox 2545 2008 2760 2067; x_wconf 85' lang='lat' dir='ltr'><strong>quoque</strong></span> <span class='ocrx_word' id='word_1_335' title='bbox 2777 1993 3066 2065; x_wconf 77' lang='lat' dir='ltr'><strong>pontiﬁces</strong></span> <span class='ocrx_word' id='word_1_336' title='bbox 3105 1994 3159 2049; x_wconf 93' lang='lat' dir='ltr'><strong>in</strong></span> <span class='ocrx_word' id='word_1_337' title='bbox 3199 1991 3488 2063; x_wconf 68' lang='lat' dir='ltr'><strong>iaculando</strong></span> 
     </span>
    </p>
   </div>
   <div class='ocr_carea' id='block_1_51' title="bbox 1893 2080 3490 2150">
    <p class='ocr_par' dir='ltr' id='par_1_51' title="bbox 1893 2080 3490 2150">
     <span class='ocr_line' id='line_1_51' title="bbox 1893 2080 3490 2150; baseline -0.004 -4"><span class='ocrx_word' id='word_1_338' title='bbox 1893 2085 2478 2146; x_wconf 75' lang='lat' dir='ltr'><strong>excommunicationis</strong></span> <span class='ocrx_word' id='word_1_339' title='bbox 2507 2085 2802 2150; x_wconf 82' lang='lat' dir='ltr'><strong>sententia,</strong></span> <span class='ocrx_word' id='word_1_340' title='bbox 2829 2081 3020 2140; x_wconf 88' lang='lat' dir='ltr'><strong>eadem</strong></span> <span class='ocrx_word' id='word_1_341' title='bbox 3067 2080 3182 2139; x_wconf 81' lang='lat' dir='ltr'><strong>fere</strong></span> <span class='ocrx_word' id='word_1_342' title='bbox 3209 2083 3374 2140; x_wconf 83' lang='lat' dir='ltr'><strong>verba</strong></span> <span class='ocrx_word' id='word_1_343' title='bbox 3397 2084 3490 2140; x_wconf 77' lang='lat' dir='ltr'><strong>de-</strong></span> 
     </span>
    </p>
   </div>
   <div class='ocr_carea' id='block_1_52' title="bbox 1891 2172 3489 2261">
    <p class='ocr_par' dir='ltr' id='par_1_52' title="bbox 1891 2172 3489 2261">
     <span class='ocr_line' id='line_1_52' title="bbox 1891 2172 3489 2261; baseline -0.006 -26"><span class='ocrx_word' id='word_1_344' title='bbox 1891 2188 2167 2261; x_wconf 75' lang='lat' dir='ltr'><strong>promunt,</strong></span> <span class='ocrx_word' id='word_1_345' title='bbox 2198 2177 2478 2233; x_wconf 80' lang='lat' dir='ltr'><strong>dicentes:</strong></span> <span class='ocrx_word' id='word_1_346' title='bbox 2502 2174 2618 2243; x_wconf 90' lang='lat' dir='ltr'><strong>ille,</strong></span> <span class='ocrx_word' id='word_1_347' title='bbox 2637 2174 2739 2246; x_wconf 66' lang='lat' dir='ltr'><strong>qui</strong></span> <span class='ocrx_word' id='word_1_348' title='bbox 2794 2172 2912 2230; x_wconf 78' lang='lat' dir='ltr'><strong>lucc</strong></span> <span class='ocrx_word' id='word_1_349' title='bbox 2937 2173 3148 2238; x_wconf 73' lang='lat' dir='ltr'><strong>fecerit,</strong></span> <span class='ocrx_word' id='word_1_350' title='bbox 3176 2183 3489 2230; x_wconf 71' lang='lat' dir='ltr'><strong>excommu-</strong></span> 
     </span>
    </p>
   </div>
   <div class='ocr_carea' id='block_1_53' title="bbox 1892 2265 3485 2341">
    <p class='ocr_par' dir='ltr' id='par_1_53' title="bbox 1892 2265 3485 2341">
     <span class='ocr_line' id='line_1_53' title="bbox 1892 2265 3485 2341; baseline -0.003 -17"><span class='ocrx_word' id='word_1_351' title='bbox 1892 2270 2127 2325; x_wconf 77' lang='lat' dir='ltr'><strong>nicetur.</strong></span> <span class='ocrx_word' id='word_1_352' title='bbox 2158 2269 2402 2338; x_wconf 80' lang='lat' dir='ltr'><strong>Quorum</strong></span> <span class='ocrx_word' id='word_1_353' title='bbox 2453 2269 2619 2341; x_wconf 79' lang='lat' dir='ltr'><strong>igitur</strong></span> <span class='ocrx_word' id='word_1_354' title='bbox 2646 2276 2773 2324; x_wconf 80' lang='lat' dir='ltr'><strong>sunt</strong></span> <span class='ocrx_word' id='word_1_355' title='bbox 2815 2267 3008 2324; x_wconf 84' lang='lat' dir='ltr'><strong>eadem</strong></span> <span class='ocrx_word' id='word_1_356' title='bbox 3059 2265 3246 2331; x_wconf 82' lang='lat' dir='ltr'><strong>verba,</strong></span> <span class='ocrx_word' id='word_1_357' title='bbox 3295 2266 3485 2321; x_wconf 84' lang='lat' dir='ltr'><strong>eadem</strong></span> 
     </span>
    </p>
   </div>
   <div class='ocr_carea' id='block_1_54' title="bbox 1894 2356 3489 2432">
    <p class='ocr_par' dir='ltr' id='par_1_54' title="bbox 1894 2356 3489 2432">
     <span class='ocr_line' id='line_1_54' title="bbox 1894 2356 3489 2432; baseline -0.004 -14"><span class='ocrx_word' id='word_1_358' title='bbox 1894 2361 2248 2420; x_wconf 84' lang='lat' dir='ltr'><strong>nihilominus</strong></span> <span class='ocrx_word' id='word_1_359' title='bbox 2276 2370 2362 2418; x_wconf 89' lang='lat' dir='ltr'><strong>est</strong></span> <span class='ocrx_word' id='word_1_360' title='bbox 2393 2358 2745 2432; x_wconf 75' lang='lat' dir='ltr'><strong>intelligenda</strong></span> <span class='ocrx_word' id='word_1_361' title='bbox 2767 2361 3057 2425; x_wconf 80' lang='lat' dir='ltr'><strong>sententia,</strong></span> <span class='ocrx_word' id='word_1_362' title='bbox 3087 2356 3254 2430; x_wconf 71' lang='lat'><strong>258</strong></span> <span class='ocrx_word' id='word_1_363' title='bbox 3281 2365 3489 2414; x_wconf 85' lang='lat' dir='ltr'><strong>etcum</strong></span> 
     </span>
    </p>
   </div>
   <div class='ocr_carea' id='block_1_55' title="bbox 1894 2449 3488 2523">
    <p class='ocr_par' dir='ltr' id='par_1_55' title="bbox 1894 2449 3488 2523">
     <span class='ocr_line' id='line_1_55' title="bbox 1894 2449 3488 2523; baseline -0.002 -17"><span class='ocrx_word' id='word_1_364' title='bbox 1894 2451 2242 2523; x_wconf 80' lang='lat' dir='ltr'><strong>praesentium</strong></span> <span class='ocrx_word' id='word_1_365' title='bbox 2268 2461 2580 2508; x_wconf 88' lang='lat' dir='ltr'><strong>sanctorum</strong></span> <span class='ocrx_word' id='word_1_366' title='bbox 2610 2450 2928 2523; x_wconf 73' lang='lat' dir='ltr'><strong>pontificum</strong></span> <span class='ocrx_word' id='word_1_367' title='bbox 2959 2465 3123 2506; x_wconf 87' lang='lat' dir='ltr'><strong>omne</strong></span> <span class='ocrx_word' id='word_1_368' title='bbox 3139 2449 3488 2520; x_wconf 84' lang='lat' dir='ltr'><strong>judiciumab</strong></span> 
     </span>
    </p>
   </div>
   <div class='ocr_carea' id='block_1_56' title="bbox 1894 2539 3486 2613">
    <p class='ocr_par' dir='ltr' id='par_1_56' title="bbox 1894 2539 3486 2613">
     <span class='ocr_line' id='line_1_56' title="bbox 1894 2539 3486 2613; baseline -0.004 -15"><span class='ocrx_word' id='word_1_369' title='bbox 1894 2544 2243 2613; x_wconf 85' lang='lat' dir='ltr'><strong>antiquorum</strong></span> <span class='ocrx_word' id='word_1_370' title='bbox 2277 2539 2501 2600; x_wconf 79' lang='lat' dir='ltr'><strong>Patrum</strong></span> <span class='ocrx_word' id='word_1_371' title='bbox 2550 2539 2957 2599; x_wconf 72' lang='lat' dir='ltr'><strong>deﬁnitionibus</strong></span> <span class='ocrx_word' id='word_1_372' title='bbox 3002 2542 3255 2612; x_wconf 87' lang='lat' dir='ltr'><strong>pendeat,</strong></span> <span class='ocrx_word' id='word_1_373' title='bbox 3281 2539 3486 2594; x_wconf 88' lang='lat' dir='ltr'><strong>nullum</strong></span> 
     </span>
    </p>
   </div>
   <div class='ocr_carea' id='block_1_57' title="bbox 1896 2630 3490 2706">
    <p class='ocr_par' dir='ltr' id='par_1_57' title="bbox 1896 2630 3490 2706">
     <span class='ocr_line' id='line_1_57' title="bbox 1896 2630 3490 2706; baseline -0.003 -16"><span class='ocrx_word' id='word_1_374' title='bbox 1896 2635 1988 2691; x_wconf 87' lang='lat' dir='ltr'><strong>isti</strong></span> <span class='ocrx_word' id='word_1_375' title='bbox 2027 2637 2288 2691; x_wconf 89' lang='lat' dir='ltr'><strong>damnare</strong></span> <span class='ocrx_word' id='word_1_376' title='bbox 2345 2643 2704 2706; x_wconf 63' lang='lat' dir='ltr'><strong>praesumunt,</strong></span> <span class='ocrx_word' id='word_1_377' title='bbox 2749 2634 2859 2690; x_wconf 81' lang='lat' dir='ltr'><strong>nisi</strong></span> <span class='ocrx_word' id='word_1_378' title='bbox 2910 2647 3046 2704; x_wconf 86' lang='lat' dir='ltr'><strong>quos</strong></span> <span class='ocrx_word' id='word_1_379' title='bbox 3094 2631 3208 2702; x_wconf 76' lang='lat' dir='ltr'><strong>jam</strong></span> <span class='ocrx_word' id='word_1_380' title='bbox 3260 2631 3331 2686; x_wconf 84' lang='lat' dir='ltr'><strong>ab</strong></span> <span class='ocrx_word' id='word_1_381' title='bbox 3383 2630 3490 2685; x_wconf 81' lang='lat' dir='ltr'><strong>illis</strong></span> 
     </span>
    </p>
   </div>
   <div class='ocr_carea' id='block_1_58' title="bbox 1899 2719 3490 2792">
    <p class='ocr_par' dir='ltr' id='par_1_58' title="bbox 1899 2719 3490 2792">
     <span class='ocr_line' id='line_1_58' title="bbox 1899 2719 3490 2792; baseline -0.003 -12"><span class='ocrx_word' id='word_1_382' title='bbox 1899 2725 2188 2780; x_wconf 87' lang='lat' dir='ltr'><strong>damnatos</strong></span> <span class='ocrx_word' id='word_1_383' title='bbox 2247 2737 2368 2780; x_wconf 83' lang='lat' dir='ltr'><strong>esse</strong></span> <span class='ocrx_word' id='word_1_384' title='bbox 2417 2732 2705 2780; x_wconf 89' lang='lat' dir='ltr'><strong>noverunt.</strong></span> <span class='ocrx_word' id='word_1_385' title='bbox 2762 2721 2880 2776; x_wconf 80' lang='lat' dir='ltr'><strong>Non</strong></span> <span class='ocrx_word' id='word_1_386' title='bbox 2911 2735 3042 2792; x_wconf 82' lang='lat' dir='ltr'><strong>ergo</strong></span> <span class='ocrx_word' id='word_1_387' title='bbox 3070 2719 3364 2792; x_wconf 80' lang='lat' dir='ltr'><strong>quemlibet</strong></span> <span class='ocrx_word' id='word_1_388' title='bbox 3401 2720 3490 2775; x_wconf 90' lang='lat' dir='ltr'><strong>isti</strong></span> 
     </span>
    </p>
   </div>
   <div class='ocr_carea' id='block_1_59' title="bbox 1899 2811 3491 2888">
    <p class='ocr_par' dir='ltr' id='par_1_59' title="bbox 1899 2811 3491 2888">
     <span class='ocr_line' id='line_1_59' title="bbox 1899 2811 3491 2888; baseline -0.003 -15"><span class='ocrx_word' id='word_1_389' title='bbox 1899 2811 2111 2875; x_wconf 83' lang='lat' dir='ltr'><strong>novitcr</strong></span> <span class='ocrx_word' id='word_1_390' title='bbox 2141 2818 2419 2882; x_wconf 87' lang='lat' dir='ltr'><strong>damnant,</strong></span> <span class='ocrx_word' id='word_1_391' title='bbox 2445 2818 2540 2874; x_wconf 89' lang='lat' dir='ltr'><strong>sed</strong></span> <span class='ocrx_word' id='word_1_392' title='bbox 2565 2816 2676 2888; x_wconf 88' lang='lat' dir='ltr'><strong>jam</strong></span> <span class='ocrx_word' id='word_1_393' title='bbox 2700 2815 2965 2887; x_wconf 84' lang='lat' dir='ltr'><strong>prolatam</strong></span> <span class='ocrx_word' id='word_1_394' title='bbox 2981 2814 3246 2885; x_wconf 86' lang='lat' dir='ltr'><strong>majorum</strong></span> <span class='ocrx_word' id='word_1_395' title='bbox 3273 2821 3491 2870; x_wconf 78' lang='lat' dir='ltr'><strong>senten-</strong></span> 
     </span>
    </p>
   </div>
   <div class='ocr_carea' id='block_1_60' title="bbox 1896 2907 3493 2982">
    <p class='ocr_par' dir='ltr' id='par_1_60' title="bbox 1896 2907 3493 2982">
     <span class='ocr_line' id='line_1_60' title="bbox 1896 2907 3493 2982; baseline -0.004 -14"><span class='ocrx_word' id='word_1_396' title='bbox 1896 2911 2033 2968; x_wconf 82' lang='lat' dir='ltr'><strong>tiam</strong></span> <span class='ocrx_word' id='word_1_397' title='bbox 2087 2911 2370 2982; x_wconf 87' lang='lat' dir='ltr'><strong>sequendo</strong></span> <span class='ocrx_word' id='word_1_398' title='bbox 2417 2907 2772 2966; x_wconf 79' lang='lat' dir='ltr'><strong>conﬁrmant.</strong></span> <span class='ocrx_word' id='word_1_399' title='bbox 2804 2907 3245 2966; x_wconf 86' lang='lat' dir='ltr'><strong>Concludcndum</strong></span> <span class='ocrx_word' id='word_1_400' title='bbox 3282 2916 3367 2964; x_wconf 85' lang='lat' dir='ltr'><strong>est</strong></span> <span class='ocrx_word' id='word_1_401' title='bbox 3394 2907 3493 2978; x_wconf 64' lang='lat' dir='ltr'><strong>igio</strong></span> 
     </span>
    </p>
   </div>
   <div class='ocr_carea' id='block_1_61' title="bbox 1901 3001 3492 3076">
    <p class='ocr_par' dir='ltr' id='par_1_61' title="bbox 1901 3001 3492 3076">
     <span class='ocr_line' id='line_1_61' title="bbox 1901 3001 3492 3076; baseline -0.002 -17"><span class='ocrx_word' id='word_1_402' title='bbox 1901 3011 1991 3060; x_wconf 91' lang='lat' dir='ltr'><strong>tur</strong></span> <span class='ocrx_word' id='word_1_403' title='bbox 2019 3003 2156 3076; x_wconf 78' lang='lat' dir='ltr'><strong>(vide</strong></span> <span class='ocrx_word' id='word_1_404' title='bbox 2183 3005 2384 3060; x_wconf 76' lang='lat' dir='ltr'><strong>scholia</strong></span> <span class='ocrx_word' id='word_1_405' title='bbox 2410 3005 2480 3058; x_wconf 84' lang='lat' dir='ltr'><strong>ad</strong></span> <span class='ocrx_word' id='word_1_406' title='bbox 2500 3003 2694 3058; x_wconf 80' lang='lat' dir='ltr'><strong>calcem</strong></span> <span class='ocrx_word' id='word_1_407' title='bbox 2715 3001 2995 3075; x_wconf 75' lang='lat' dir='ltr'><strong>opusculi),</strong></span> <span class='ocrx_word' id='word_1_408' title='bbox 3012 3003 3138 3074; x_wconf 87' lang='lat' dir='ltr'><strong>quia</strong></span> <span class='ocrx_word' id='word_1_409' title='bbox 3165 3001 3305 3059; x_wconf 84' lang='lat' dir='ltr'><strong>sicut</strong></span> <span class='ocrx_word' id='word_1_410' title='bbox 3323 3002 3390 3057; x_wconf 79' lang='lat' dir='ltr'><strong>ab</strong></span> <span class='ocrx_word' id='word_1_411' title='bbox 3407 3001 3492 3056; x_wconf 85' lang='lat' dir='ltr'><strong>his</strong></span> 
     </span>
    </p>
   </div>
   <div class='ocr_carea' id='block_1_62' title="bbox 209 3088 3488 3165">
    <p class='ocr_par' dir='ltr' id='par_1_62' title="bbox 209 3088 3488 3165">
     <span class='ocr_line' id='line_1_62' title="bbox 209 3088 3488 3165; baseline 0 -19"><span class='ocrx_word' id='word_1_412' title='bbox 209 3093 292 3147; x_wconf 88' lang='lat' dir='ltr'><strong>rio</strong></span> <span class='ocrx_word' id='word_1_413' title='bbox 315 3093 610 3163; x_wconf 81' lang='lat' dir='ltr'><strong>Apostolus</strong></span> <span class='ocrx_word' id='word_1_414' title='bbox 637 3093 835 3148; x_wconf 87' lang='lat' dir='ltr'><strong>clamet</strong></span> <span class='ocrx_word' id='word_1_415' title='bbox 865 3109 880 3147; x_wconf 87' lang='lat'><strong>:</strong></span> <span class='ocrx_word' id='word_1_416' title='bbox 914 3110 941 3144; x_wconf 78' lang='grc'><em>‹</em></span> <span class='ocrx_word' id='word_1_417' title='bbox 972 3092 1035 3148; x_wconf 84' lang='lat' dir='ltr'><strong>Si</strong></span> <span class='ocrx_word' id='word_1_418' title='bbox 1066 3093 1112 3148; x_wconf 91' lang='lat' dir='ltr'><strong>is</strong></span> <span class='ocrx_word' id='word_1_419' title='bbox 1141 3092 1231 3163; x_wconf 87' lang='lat' dir='ltr'><strong>qui</strong></span> <span class='ocrx_word' id='word_1_420' title='bbox 1265 3090 1434 3146; x_wconf 77' lang='lat' dir='ltr'><strong>frater</strong></span> <span class='ocrx_word' id='word_1_421' title='bbox 1462 3092 1792 3158; x_wconf 85' lang='lat' dir='ltr'><strong>nominatur,</strong></span> <span class='ocrx_word' id='word_1_422' title='bbox 1825 3097 1870 3160; x_wconf 74' lang='grc' dir='ltr'><strong>ρ</strong></span> <span class='ocrx_word' id='word_1_423' title='bbox 1901 3096 2203 3150; x_wconf 85' lang='lat' dir='ltr'><strong>cavendum</strong></span> <span class='ocrx_word' id='word_1_424' title='bbox 2234 3103 2336 3162; x_wconf 81' lang='lat' dir='ltr'><strong>est,</strong></span> <span class='ocrx_word' id='word_1_425' title='bbox 2361 3107 2498 3165; x_wconf 85' lang='lat' dir='ltr'><strong>quos</strong></span> <span class='ocrx_word' id='word_1_426' title='bbox 2525 3094 2781 3149; x_wconf 86' lang='lat' dir='ltr'><strong>moderna</strong></span> <span class='ocrx_word' id='word_1_427' title='bbox 2805 3092 3135 3165; x_wconf 74' lang='lat' dir='ltr'><strong>synodorunt</strong></span> <span class='ocrx_word' id='word_1_428' title='bbox 3158 3090 3394 3148; x_wconf 69' lang='lat' dir='ltr'><strong>concilia</strong></span> <span class='ocrx_word' id='word_1_429' title='bbox 3417 3088 3488 3147; x_wconf 76' lang='lat' dir='ltr'><strong>ab</strong></span> 
     </span>
    </p>
   </div>
   <div class='ocr_carea' id='block_1_63' title="bbox 203 3182 1800 3250">
    <p class='ocr_par' dir='ltr' id='par_1_63' title="bbox 203 3182 1800 3250">
     <span class='ocr_line' id='line_1_63' title="bbox 203 3182 1800 3250; baseline -0.003 -10"><span class='ocrx_word' id='word_1_430' title='bbox 203 3192 292 3240; x_wconf 72' lang='lat' dir='ltr'><strong>est</strong></span> <span class='ocrx_word' id='word_1_431' title='bbox 320 3182 640 3249; x_wconf 79' lang='lat' dir='ltr'><strong>fornicator,</strong></span> <span class='ocrx_word' id='word_1_432' title='bbox 673 3191 767 3239; x_wconf 87' lang='lat' dir='ltr'><strong>aut</strong></span> <span class='ocrx_word' id='word_1_433' title='bbox 792 3183 1124 3250; x_wconf 83' lang='lat' dir='ltr'><strong>immundus,</strong></span> <span class='ocrx_word' id='word_1_434' title='bbox 1155 3191 1250 3238; x_wconf 92' lang='lat' dir='ltr'><strong>aut</strong></span> <span class='ocrx_word' id='word_1_435' title='bbox 1277 3182 1547 3248; x_wconf 81' lang='lat' dir='ltr'><strong>ebriosus,</strong></span> <span class='ocrx_word' id='word_1_436' title='bbox 1583 3194 1677 3236; x_wconf 90' lang='lat' dir='ltr'><strong>aut</strong></span> <span class='ocrx_word' id='word_1_437' title='bbox 1713 3198 1800 3236; x_wconf 81' lang='lat' dir='ltr'><strong>ra-</strong></span> 
     </span>
    </p>
   </div>
   <div class='ocr_carea' id='block_1_64' title="bbox 203 3271 1792 3344">
    <p class='ocr_par' dir='ltr' id='par_1_64' title="bbox 203 3271 1792 3344">
     <span class='ocr_line' id='line_1_64' title="bbox 203 3271 1792 3344; baseline -0.001 -18"><span class='ocrx_word' id='word_1_438' title='bbox 203 3285 481 3343; x_wconf 76' lang='lat' dir='ltr'><strong>pax,cum</strong></span> <span class='ocrx_word' id='word_1_439' title='bbox 511 3271 822 3342; x_wconf 78' lang='lat' dir='ltr'><strong>huiusmodi</strong></span> <span class='ocrx_word' id='word_1_440' title='bbox 848 3289 950 3330; x_wconf 88' lang='lat' dir='ltr'><strong>nec</strong></span> <span class='ocrx_word' id='word_1_441' title='bbox 972 3274 1155 3331; x_wconf 76' lang='lat' dir='ltr'><strong>cibum</strong></span> <span class='ocrx_word' id='word_1_442' title='bbox 1183 3287 1400 3329; x_wconf 85' lang='lat' dir='ltr'><strong>sumere</strong></span> <span class='ocrx_word' id='word_1_443' title='bbox 1415 3271 1472 3344; x_wconf 85' lang='grc' dir='ltr'>(ι</span> <span class='ocrx_word' id='word_1_444' title='bbox 1502 3271 1628 3326; x_wconf 88' lang='lat' dir='ltr'><strong>Cor.</strong></span> <span class='ocrx_word' id='word_1_445' title='bbox 1658 3271 1732 3342; x_wconf 86' lang='lat' dir='ltr'><strong>v).</strong></span> <span class='ocrx_word' id='word_1_446' title='bbox 1773 3291 1792 3324; x_wconf 66' lang='grc' dir='ltr'><strong>ι</strong></span> 
     </span>
    </p>
   </div>
   <div class='ocr_carea' id='block_1_65' title="bbox 279 3363 1802 3434">
    <p class='ocr_par' dir='ltr' id='par_1_65' title="bbox 279 3363 1802 3434">
     <span class='ocr_line' id='line_1_65' title="bbox 279 3363 1802 3434; baseline -0.001 -15"><span class='ocrx_word' id='word_1_447' title='bbox 279 3364 351 3419; x_wconf 79' lang='lat' dir='ltr'><strong>Et</strong></span> <span class='ocrx_word' id='word_1_448' title='bbox 377 3375 527 3420; x_wconf 88' lang='lat' dir='ltr'><strong>certe</strong></span> <span class='ocrx_word' id='word_1_449' title='bbox 555 3365 690 3421; x_wconf 83' lang='lat' dir='ltr'><strong>satis</strong></span> <span class='ocrx_word' id='word_1_450' title='bbox 715 3363 1126 3422; x_wconf 80' lang='lat' dir='ltr'><strong>formidolosum</strong></span> <span class='ocrx_word' id='word_1_451' title='bbox 1153 3373 1258 3431; x_wconf 80' lang='lat' dir='ltr'><strong>est,</strong></span> <span class='ocrx_word' id='word_1_452' title='bbox 1287 3364 1562 3434; x_wconf 85' lang='lat' dir='ltr'><strong>nimisque</strong></span> <span class='ocrx_word' id='word_1_453' title='bbox 1584 3372 1802 3418; x_wconf 83' lang='lat' dir='ltr'><strong>contra-</strong></span> 
     </span>
    </p>
   </div>
   <div class='ocr_carea' id='block_1_66' title="bbox 210 3454 1802 3525">
    <p class='ocr_par' dir='ltr' id='par_1_66' title="bbox 210 3454 1802 3525">
     <span class='ocr_line' id='line_1_66' title="bbox 210 3454 1802 3525; baseline 0 -17"><span class='ocrx_word' id='word_1_454' title='bbox 210 3455 376 3519; x_wconf 88' lang='lat' dir='ltr'><strong>rium,</strong></span> <span class='ocrx_word' id='word_1_455' title='bbox 396 3469 522 3511; x_wconf 88' lang='lat' dir='ltr'><strong>cum</strong></span> <span class='ocrx_word' id='word_1_456' title='bbox 553 3455 639 3511; x_wconf 89' lang='lat' dir='ltr'><strong>his</strong></span> <span class='ocrx_word' id='word_1_457' title='bbox 667 3457 758 3525; x_wconf 89' lang='lat' dir='ltr'><strong>qui</strong></span> <span class='ocrx_word' id='word_1_458' title='bbox 789 3471 818 3511; x_wconf 87' lang='lat' dir='ltr'><strong>a</strong></span> <span class='ocrx_word' id='word_1_459' title='bbox 843 3456 956 3511; x_wconf 85' lang='lat' dir='ltr'><strong>Deo</strong></span> <span class='ocrx_word' id='word_1_460' title='bbox 985 3457 1143 3511; x_wconf 82' lang='lat' dir='ltr'><strong>divisi</strong></span> <span class='ocrx_word' id='word_1_461' title='bbox 1184 3464 1328 3519; x_wconf 66' lang='lat' dir='ltr'><strong>sunt,</strong></span> <span class='ocrx_word' id='word_1_462' title='bbox 1357 3454 1558 3510; x_wconf 81' lang='lat' dir='ltr'><strong>habere</strong></span> <span class='ocrx_word' id='word_1_463' title='bbox 1579 3463 1802 3510; x_wconf 79' lang='lat' dir='ltr'><strong>consor-</strong></span> 
     </span>
    </p>
   </div>
   <div class='ocr_carea' id='block_1_67' title="bbox 210 3544 1799 3618">
    <p class='ocr_par' dir='ltr' id='par_1_67' title="bbox 210 3544 1799 3618">
     <span class='ocr_line' id='line_1_67' title="bbox 210 3544 1799 3618; baseline -0.003 -16"><span class='ocrx_word' id='word_1_464' title='bbox 210 3547 690 3618; x_wconf 31' lang='lat' dir='ltr'><strong>tium,.pra:sertim</strong></span> <span class='ocrx_word' id='word_1_465' title='bbox 721 3548 1024 3613; x_wconf 81' lang='lat' dir='ltr'><strong>monachis,</strong></span> <span class='ocrx_word' id='word_1_466' title='bbox 1047 3548 1141 3618; x_wconf 85' lang='lat' dir='ltr'><strong>qui</strong></span> <span class='ocrx_word' id='word_1_467' title='bbox 1164 3548 1273 3602; x_wconf 85' lang='lat' dir='ltr'><strong>Deo</strong></span> <span class='ocrx_word' id='word_1_468' title='bbox 1295 3546 1368 3602; x_wconf 83' lang='lat' dir='ltr'><strong>ita</strong></span> <span class='ocrx_word' id='word_1_469' title='bbox 1391 3551 1518 3601; x_wconf 86' lang='lat' dir='ltr'><strong>sunt</strong></span> <span class='ocrx_word' id='word_1_470' title='bbox 1541 3544 1799 3616; x_wconf 77' lang='lat' dir='ltr'><strong>peculiari</strong></span> 
     </span>
    </p>
   </div>
   <div class='ocr_carea' id='block_1_68' title="bbox 203 3636 1802 3709">
    <p class='ocr_par' dir='ltr' id='par_1_68' title="bbox 203 3636 1802 3709">
     <span class='ocr_line' id='line_1_68' title="bbox 203 3636 1802 3709; baseline -0.001 -17"><span class='ocrx_word' id='word_1_471' title='bbox 203 3639 468 3707; x_wconf 79' lang='lat' dir='ltr'><strong>quadam,</strong></span> <span class='ocrx_word' id='word_1_472' title='bbox 500 3648 686 3709; x_wconf 82' lang='lat' dir='ltr'><strong>atque,</strong></span> <span class='ocrx_word' id='word_1_473' title='bbox 708 3647 773 3693; x_wconf 87' lang='lat' dir='ltr'><strong>ut</strong></span> <span class='ocrx_word' id='word_1_474' title='bbox 811 3640 888 3694; x_wconf 83' lang='lat' dir='ltr'><strong>ita</strong></span> <span class='ocrx_word' id='word_1_475' title='bbox 931 3637 1148 3708; x_wconf 83' lang='lat' dir='ltr'><strong>loquar,</strong></span> <span class='ocrx_word' id='word_1_476' title='bbox 1174 3637 1472 3694; x_wconf 82' lang='lat' dir='ltr'><strong>domestica</strong></span> <span class='ocrx_word' id='word_1_477' title='bbox 1521 3636 1802 3692; x_wconf 79' lang='lat' dir='ltr'><strong>familiari-</strong></span> 
     </span>
    </p>
   </div>
   <div class='ocr_carea' id='block_1_69' title="bbox 213 3728 1804 3800">
    <p class='ocr_par' dir='ltr' id='par_1_69' title="bbox 213 3728 1804 3800">
     <span class='ocr_line' id='line_1_69' title="bbox 213 3728 1804 3800; baseline 0.001 -17"><span class='ocrx_word' id='word_1_478' title='bbox 213 3739 326 3785; x_wconf 73' lang='lat' dir='ltr'><strong>tate</strong></span> <span class='ocrx_word' id='word_1_479' title='bbox 353 3730 657 3800; x_wconf 77' lang='lat' dir='ltr'><strong>conjuncti,</strong></span> <span class='ocrx_word' id='word_1_480' title='bbox 686 3739 747 3786; x_wconf 87' lang='lat' dir='ltr'><strong>ut</strong></span> <span class='ocrx_word' id='word_1_481' title='bbox 772 3729 1026 3799; x_wconf 87' lang='lat' dir='ltr'><strong>abjurato</strong></span> <span class='ocrx_word' id='word_1_482' title='bbox 1058 3729 1280 3796; x_wconf 64' lang='lat' dir='ltr'><strong>saeculo,</strong></span> <span class='ocrx_word' id='word_1_483' title='bbox 1307 3729 1440 3785; x_wconf 90' lang='lat' dir='ltr'><strong>solis</strong></span> <span class='ocrx_word' id='word_1_484' title='bbox 1465 3729 1577 3784; x_wconf 83' lang='lat' dir='ltr'><strong>sint</strong></span> <span class='ocrx_word' id='word_1_485' title='bbox 1602 3728 1804 3787; x_wconf 80' lang='lat' dir='ltr'><strong>divinis</strong></span> 
     </span>
    </p>
   </div>
   <div class='ocr_carea' id='block_1_70' title="bbox 203 3818 1806 3890">
    <p class='ocr_par' dir='ltr' id='par_1_70' title="bbox 203 3818 1806 3890">
     <span class='ocr_line' id='line_1_70' title="bbox 203 3818 1806 3890; baseline 0.001 -17"><span class='ocrx_word' id='word_1_486' title='bbox 203 3821 494 3890; x_wconf 81' lang='lat' dir='ltr'><strong>obsequiis</strong></span> <span class='ocrx_word' id='word_1_487' title='bbox 538 3819 973 3876; x_wconf 79' lang='lat' dir='ltr'><strong>irrevocabiliter</strong></span> <span class='ocrx_word' id='word_1_488' title='bbox 1017 3820 1280 3890; x_wconf 84' lang='lat' dir='ltr'><strong>deputati.</strong></span> <span class='ocrx_word' id='word_1_489' title='bbox 1329 3819 1485 3875; x_wconf 77' lang='lat' dir='ltr'><strong>Sicut</strong></span> <span class='ocrx_word' id='word_1_490' title='bbox 1525 3818 1678 3873; x_wconf 82' lang='lat' dir='ltr'><strong>enim</strong></span> <span class='ocrx_word' id='word_1_491' title='bbox 1735 3818 1806 3875; x_wconf 82' lang='lat' dir='ltr'><strong>ab</strong></span> 
     </span>
    </p>
   </div>
   <div class='ocr_carea' id='block_1_71' title="bbox 203 3909 1802 3982">
    <p class='ocr_par' dir='ltr' id='par_1_71' title="bbox 203 3909 1802 3982">
     <span class='ocr_line' id='line_1_71' title="bbox 203 3909 1802 3982; baseline -0.001 -17"><span class='ocrx_word' id='word_1_492' title='bbox 203 3911 330 3980; x_wconf 80' lang='lat' dir='ltr'><strong>ipso</strong></span> <span class='ocrx_word' id='word_1_493' title='bbox 361 3913 719 3981; x_wconf 85' lang='lat' dir='ltr'><strong>reproborum</strong></span> <span class='ocrx_word' id='word_1_494' title='bbox 737 3912 937 3982; x_wconf 81' lang='lat' dir='ltr'><strong>capite,</strong></span> <span class='ocrx_word' id='word_1_495' title='bbox 957 3911 1033 3966; x_wconf 85' lang='lat' dir='ltr'><strong>ita</strong></span> <span class='ocrx_word' id='word_1_496' title='bbox 1054 3921 1270 3982; x_wconf 87' lang='lat' dir='ltr'><strong>quoque</strong></span> <span class='ocrx_word' id='word_1_497' title='bbox 1293 3925 1325 3964; x_wconf 82' lang='lat' dir='ltr'><strong>a</strong></span> <span class='ocrx_word' id='word_1_498' title='bbox 1353 3909 1615 3965; x_wconf 81' lang='lat' dir='ltr'><strong>membris</strong></span> <span class='ocrx_word' id='word_1_499' title='bbox 1637 3909 1802 3976; x_wconf 84' lang='lat' dir='ltr'><strong>illius,</strong></span> 
     </span>
    </p>
   </div>
   <div class='ocr_carea' id='block_1_72' title="bbox 206 3999 1809 4074">
    <p class='ocr_par' dir='ltr' id='par_1_72' title="bbox 206 3999 1809 4074">
     <span class='ocr_line' id='line_1_72' title="bbox 206 3999 1809 4074; baseline -0.001 -16"><span class='ocrx_word' id='word_1_500' title='bbox 206 4003 314 4058; x_wconf 83' lang='lat' dir='ltr'><strong>nisi</strong></span> <span class='ocrx_word' id='word_1_501' title='bbox 341 4017 513 4058; x_wconf 80' lang='lat' dir='ltr'><strong>causa</strong></span> <span class='ocrx_word' id='word_1_502' title='bbox 533 4003 916 4058; x_wconf 73' lang='lat' dir='ltr'><strong>conversionis</strong></span> <span class='ocrx_word' id='word_1_503' title='bbox 955 4002 1218 4074; x_wconf 76' lang='lat' dir='ltr'><strong>exegerit,</strong></span> <span class='ocrx_word' id='word_1_504' title='bbox 1249 3999 1572 4057; x_wconf 71' lang='lat' dir='ltr'><strong>studendum</strong></span> <span class='ocrx_word' id='word_1_505' title='bbox 1601 4011 1688 4057; x_wconf 86' lang='lat' dir='ltr'><strong>est</strong></span> <span class='ocrx_word' id='word_1_506' title='bbox 1712 4003 1809 4057; x_wconf 55' lang='lat' dir='ltr'><strong>de</strong></span> 
     </span>
    </p>
   </div>
   <div class='ocr_carea' id='block_1_73' title="bbox 206 4091 1809 4164">
    <p class='ocr_par' dir='ltr' id='par_1_73' title="bbox 206 4091 1809 4164">
     <span class='ocr_line' id='line_1_73' title="bbox 206 4091 1809 4164; baseline 0 -18"><span class='ocrx_word' id='word_1_507' title='bbox 206 4093 442 4147; x_wconf 79' lang='lat' dir='ltr'><strong>dinare.</strong></span> <span class='ocrx_word' id='word_1_508' title='bbox 473 4092 591 4148; x_wconf 81' lang='lat' dir='ltr'><strong>Una</strong></span> <span class='ocrx_word' id='word_1_509' title='bbox 621 4094 888 4164; x_wconf 80' lang='lat' dir='ltr'><strong>siquidem</strong></span> <span class='ocrx_word' id='word_1_510' title='bbox 905 4094 1000 4149; x_wconf 82' lang='lat' dir='ltr'><strong>hic</strong></span> <span class='ocrx_word' id='word_1_511' title='bbox 1025 4091 1450 4149; x_wconf 78' lang='lat' dir='ltr'><strong>abominationis</strong></span> <span class='ocrx_word' id='word_1_512' title='bbox 1465 4091 1678 4162; x_wconf 80' lang='lat' dir='ltr'><strong>repulsa</strong></span> <span class='ocrx_word' id='word_1_513' title='bbox 1716 4092 1809 4146; x_wconf 82' lang='lat' dir='ltr'><strong>de-</strong></span> 
     </span>
    </p>
   </div>
   <div class='ocr_carea' id='block_1_74' title="bbox 196 4180 1808 4253">
    <p class='ocr_par' dir='ltr' id='par_1_74' title="bbox 196 4180 1808 4253">
     <span class='ocr_line' id='line_1_74' title="bbox 196 4180 1808 4253; baseline -0.002 -14"><span class='ocrx_word' id='word_1_514' title='bbox 196 4182 399 4248; x_wconf 74' lang='lat' dir='ltr'><strong>betur,</strong></span> <span class='ocrx_word' id='word_1_515' title='bbox 429 4183 631 4253; x_wconf 85' lang='lat' dir='ltr'><strong>quibus</strong></span> <span class='ocrx_word' id='word_1_516' title='bbox 672 4182 782 4238; x_wconf 84' lang='lat' dir='ltr'><strong>illic</strong></span> <span class='ocrx_word' id='word_1_517' title='bbox 831 4193 974 4238; x_wconf 79' lang='lat' dir='ltr'><strong>unus</strong></span> <span class='ocrx_word' id='word_1_518' title='bbox 1025 4183 1185 4253; x_wconf 84' lang='lat' dir='ltr'><strong>ignis,</strong></span> <span class='ocrx_word' id='word_1_519' title='bbox 1220 4191 1524 4238; x_wconf 68' lang='lat' dir='ltr'><strong>ametante</strong></span> <span class='ocrx_word' id='word_1_520' title='bbox 1540 4180 1808 4246; x_wconf 81' lang='lat' dir='ltr'><strong>Veritate,</strong></span> 
     </span>
    </p>
   </div>
   <div class='ocr_carea' id='block_1_75' title="bbox 199 4274 1809 4347">
    <p class='ocr_par' dir='ltr' id='par_1_75' title="bbox 199 4274 1809 4347">
     <span class='ocr_line' id='line_1_75' title="bbox 199 4274 1809 4347; baseline -0.001 -19"><span class='ocrx_word' id='word_1_521' title='bbox 199 4284 458 4347; x_wconf 81' lang='lat' dir='ltr'><strong>paratur,</strong></span> <span class='ocrx_word' id='word_1_522' title='bbox 483 4275 613 4329; x_wconf 89' lang='lat' dir='ltr'><strong>dum</strong></span> <span class='ocrx_word' id='word_1_523' title='bbox 641 4276 1006 4332; x_wconf 63' lang='lat' dir='ltr'><strong>ad-sinistram</strong></span> <span class='ocrx_word' id='word_1_524' title='bbox 1031 4274 1226 4346; x_wconf 80' lang='lat' dir='ltr'><strong>positis</strong></span> <span class='ocrx_word' id='word_1_525' title='bbox 1246 4275 1446 4330; x_wconf 81' lang='lat' dir='ltr'><strong>dicitur</strong></span> <span class='ocrx_word' id='word_1_526' title='bbox 1476 4291 1489 4328; x_wconf 93' lang='lat'><strong>:</strong></span> <span class='ocrx_word' id='word_1_527' title='bbox 1522 4293 1540 4326; x_wconf 75' lang='grc' dir='ltr'><strong>ι</strong></span> <span class='ocrx_word' id='word_1_528' title='bbox 1572 4275 1669 4337; x_wconf 81' lang='lat' dir='ltr'><strong>ite.</strong></span> <span class='ocrx_word' id='word_1_529' title='bbox 1695 4285 1809 4327; x_wconf 83' lang='lat' dir='ltr'><strong>ma-</strong></span> 
     </span>
    </p>
   </div>
   <div class='ocr_carea' id='block_1_76' title="bbox 201 4365 1808 4438">
    <p class='ocr_par' dir='ltr' id='par_1_76' title="bbox 201 4365 1808 4438">
     <span class='ocr_line' id='line_1_76' title="bbox 201 4365 1808 4438; baseline -0.002 -16"><span class='ocrx_word' id='word_1_530' title='bbox 201 4367 422 4431; x_wconf 82' lang='lat' dir='ltr'><strong>ledicti,</strong></span> <span class='ocrx_word' id='word_1_531' title='bbox 450 4369 505 4421; x_wconf 91' lang='lat' dir='ltr'><strong>in</strong></span> <span class='ocrx_word' id='word_1_532' title='bbox 555 4367 733 4438; x_wconf 79' lang='lat' dir='ltr'><strong>ignem</strong></span> <span class='ocrx_word' id='word_1_533' title='bbox 771 4376 1060 4432; x_wconf 67' lang='lat' dir='ltr'><strong>aeternum,</strong></span> <span class='ocrx_word' id='word_1_534' title='bbox 1087 4366 1180 4436; x_wconf 90' lang='lat' dir='ltr'><strong>qui</strong></span> <span class='ocrx_word' id='word_1_535' title='bbox 1210 4373 1442 4436; x_wconf 83' lang='lat' dir='ltr'><strong>paratus</strong></span> <span class='ocrx_word' id='word_1_536' title='bbox 1478 4376 1562 4422; x_wconf 86' lang='lat' dir='ltr'><strong>est</strong></span> <span class='ocrx_word' id='word_1_537' title='bbox 1595 4365 1808 4422; x_wconf 87' lang='lat' dir='ltr'><strong>diabolo</strong></span> 
     </span>
    </p>
   </div>
   <div class='ocr_carea' id='block_1_77' title="bbox 1901 3182 3490 3257">
    <p class='ocr_par' dir='ltr' id='par_1_77' title="bbox 1901 3182 3490 3257">
     <span class='ocr_line' id='line_1_77' title="bbox 1901 3182 3490 3257; baseline -0.003 -15"><span class='ocrx_word' id='word_1_538' title='bbox 1901 3186 2272 3243; x_wconf 86' lang='lat' dir='ltr'><strong>ecclesiastica</strong></span> <span class='ocrx_word' id='word_1_539' title='bbox 2328 3188 2590 3242; x_wconf 85' lang='lat' dir='ltr'><strong>societate</strong></span> <span class='ocrx_word' id='word_1_540' title='bbox 2642 3185 2943 3257; x_wconf 85' lang='lat' dir='ltr'><strong>repellunt:</strong></span> <span class='ocrx_word' id='word_1_541' title='bbox 2985 3185 3056 3240; x_wconf 89' lang='lat' dir='ltr'><strong>ita</strong></span> <span class='ocrx_word' id='word_1_542' title='bbox 3080 3192 3137 3240; x_wconf 87' lang='lat' dir='ltr'><strong>et</strong></span> <span class='ocrx_word' id='word_1_543' title='bbox 3166 3182 3375 3239; x_wconf 79' lang='lat' dir='ltr'><strong>abillis</strong></span> <span class='ocrx_word' id='word_1_544' title='bbox 3395 3183 3490 3238; x_wconf 63' lang='lat' dir='ltr'><strong>ssi»</strong></span> 
     </span>
    </p>
   </div>
   <div class='ocr_carea' id='block_1_78' title="bbox 1901 3273 3490 3348">
    <p class='ocr_par' dir='ltr' id='par_1_78' title="bbox 1901 3273 3490 3348">
     <span class='ocr_line' id='line_1_78' title="bbox 1901 3273 3490 3348; baseline -0.002 -14"><span class='ocrx_word' id='word_1_545' title='bbox 1901 3277 2196 3336; x_wconf 75' lang='lat' dir='ltr'><strong>hilominus</strong></span> <span class='ocrx_word' id='word_1_546' title='bbox 2245 3278 2649 3344; x_wconf 84' lang='lat' dir='ltr'><strong>declinandum,</strong></span> <span class='ocrx_word' id='word_1_547' title='bbox 2689 3289 2828 3348; x_wconf 85' lang='lat' dir='ltr'><strong>quos</strong></span> <span class='ocrx_word' id='word_1_548' title='bbox 2849 3277 3063 3346; x_wconf 83' lang='lat' dir='ltr'><strong>antiqui</strong></span> <span class='ocrx_word' id='word_1_549' title='bbox 3094 3274 3285 3332; x_wconf 82' lang='lat' dir='ltr'><strong>Patres</strong></span> <span class='ocrx_word' id='word_1_550' title='bbox 3312 3273 3490 3332; x_wconf 75' lang='lat' dir='ltr'><strong>elimi-</strong></span> 
     </span>
    </p>
   </div>
   <div class='ocr_carea' id='block_1_79' title="bbox 1895 3370 2606 3435">
    <p class='ocr_par' dir='ltr' id='par_1_79' title="bbox 1895 3370 2606 3435">
     <span class='ocr_line' id='line_1_79' title="bbox 1895 3370 2606 3435; baseline -0.003 -9"><span class='ocrx_word' id='word_1_551' title='bbox 1895 3371 2112 3435; x_wconf 68' lang='grc' dir='ltr'>ιωηάοε</span> <span class='ocrx_word' id='word_1_552' title='bbox 2134 3385 2254 3426; x_wconf 86' lang='lat' dir='ltr'><strong>esse</strong></span> <span class='ocrx_word' id='word_1_553' title='bbox 2280 3370 2606 3426; x_wconf 81' lang='lat' dir='ltr'><strong>decernunt.</strong></span> 
     </span>
    </p>
   </div>
   <div class='ocr_carea' id='block_1_80' title="bbox 1969 3457 3493 3534">
    <p class='ocr_par' dir='ltr' id='par_1_80' title="bbox 1969 3457 3493 3534">
     <span class='ocr_line' id='line_1_80' title="bbox 1969 3457 3493 3534; baseline -0.001 -15"><span class='ocrx_word' id='word_1_554' title='bbox 1969 3460 2101 3519; x_wconf 75' lang='lat' dir='ltr'><strong>Haec</strong></span> <span class='ocrx_word' id='word_1_555' title='bbox 2130 3461 2314 3534; x_wconf 86' lang='lat' dir='ltr'><strong>itaque</strong></span> <span class='ocrx_word' id='word_1_556' title='bbox 2344 3473 2514 3518; x_wconf 85' lang='lat' dir='ltr'><strong>causa</strong></span> <span class='ocrx_word' id='word_1_557' title='bbox 2565 3477 2672 3518; x_wconf 89' lang='lat' dir='ltr'><strong>non</strong></span> <span class='ocrx_word' id='word_1_558' title='bbox 2715 3457 2945 3518; x_wconf 87' lang='lat' dir='ltr'><strong>minima</strong></span> <span class='ocrx_word' id='word_1_559' title='bbox 2996 3470 3103 3528; x_wconf 85' lang='lat' dir='ltr'><strong>est,</strong></span> <span class='ocrx_word' id='word_1_560' title='bbox 3143 3468 3265 3532; x_wconf 61' lang='lat' dir='ltr'><strong>qua:</strong></span> <span class='ocrx_word' id='word_1_561' title='bbox 3304 3468 3493 3517; x_wconf 78' lang='lat' dir='ltr'><strong>mom-</strong></span> 
     </span>
    </p>
   </div>
   <div class='ocr_carea' id='block_1_81' title="bbox 1893 3551 3491 3621">
    <p class='ocr_par' dir='ltr' id='par_1_81' title="bbox 1893 3551 3491 3621">
     <span class='ocr_line' id='line_1_81' title="bbox 1893 3551 3491 3621; baseline -0.001 -13"><span class='ocrx_word' id='word_1_562' title='bbox 1893 3554 2064 3608; x_wconf 86' lang='lat' dir='ltr'><strong>chum</strong></span> <span class='ocrx_word' id='word_1_563' title='bbox 2095 3567 2123 3607; x_wconf 92' lang='lat' dir='ltr'><strong>a</strong></span> <span class='ocrx_word' id='word_1_564' title='bbox 2154 3552 2338 3608; x_wconf 76' lang='lat' dir='ltr'><strong>saeculi</strong></span> <span class='ocrx_word' id='word_1_565' title='bbox 2363 3551 2790 3609; x_wconf 82' lang='lat' dir='ltr'><strong>discursionibus</strong></span> <span class='ocrx_word' id='word_1_566' title='bbox 2830 3554 3090 3621; x_wconf 87' lang='lat' dir='ltr'><strong>retrahat,</strong></span> <span class='ocrx_word' id='word_1_567' title='bbox 3121 3560 3176 3608; x_wconf 90' lang='lat' dir='ltr'><strong>et</strong></span> <span class='ocrx_word' id='word_1_568' title='bbox 3215 3553 3268 3608; x_wconf 89' lang='lat' dir='ltr'><strong>in</strong></span> <span class='ocrx_word' id='word_1_569' title='bbox 3296 3551 3379 3608; x_wconf 81' lang='lat' dir='ltr'><strong>sui</strong></span> <span class='ocrx_word' id='word_1_570' title='bbox 3403 3567 3491 3607; x_wconf 85' lang='lat' dir='ltr'><strong>re-</strong></span> 
     </span>
    </p>
   </div>
   <div class='ocr_carea' id='block_1_82' title="bbox 1901 3639 3494 3712">
    <p class='ocr_par' dir='ltr' id='par_1_82' title="bbox 1901 3639 3494 3712">
     <span class='ocr_line' id='line_1_82' title="bbox 1901 3639 3494 3712; baseline -0.001 -16"><span class='ocrx_word' id='word_1_571' title='bbox 1901 3653 2090 3696; x_wconf 82' lang='lat' dir='ltr'><strong>cessus</strong></span> <span class='ocrx_word' id='word_1_572' title='bbox 2128 3641 2323 3712; x_wconf 89' lang='lat' dir='ltr'><strong>angulo</strong></span> <span class='ocrx_word' id='word_1_573' title='bbox 2366 3641 2620 3696; x_wconf 82' lang='lat' dir='ltr'><strong>stabilem</strong></span> <span class='ocrx_word' id='word_1_574' title='bbox 2661 3642 2878 3707; x_wconf 80' lang='lat' dir='ltr'><strong>reddat;</strong></span> <span class='ocrx_word' id='word_1_575' title='bbox 2907 3643 3032 3712; x_wconf 89' lang='lat' dir='ltr'><strong>quia</strong></span> <span class='ocrx_word' id='word_1_576' title='bbox 3061 3639 3215 3698; x_wconf 88' lang='lat' dir='ltr'><strong>valde</strong></span> <span class='ocrx_word' id='word_1_577' title='bbox 3236 3641 3494 3696; x_wconf 83' lang='lat' dir='ltr'><strong>miserum</strong></span> 
     </span>
    </p>
   </div>
   <div class='ocr_carea' id='block_1_83' title="bbox 1903 3729 3495 3806">
    <p class='ocr_par' dir='ltr' id='par_1_83' title="bbox 1903 3729 3495 3806">
     <span class='ocr_line' id='line_1_83' title="bbox 1903 3729 3495 3806; baseline -0.004 -14"><span class='ocrx_word' id='word_1_578' title='bbox 1903 3745 1986 3792; x_wconf 89' lang='lat' dir='ltr'><strong>est</strong></span> <span class='ocrx_word' id='word_1_579' title='bbox 2012 3747 2042 3790; x_wconf 83' lang='lat' dir='ltr'><strong>a</strong></span> <span class='ocrx_word' id='word_1_580' title='bbox 2072 3733 2310 3806; x_wconf 86' lang='lat' dir='ltr'><strong>propriis</strong></span> <span class='ocrx_word' id='word_1_581' title='bbox 2332 3731 2550 3802; x_wconf 87' lang='lat' dir='ltr'><strong>quidem</strong></span> <span class='ocrx_word' id='word_1_582' title='bbox 2576 3732 2893 3788; x_wconf 80' lang='lat' dir='ltr'><strong>excessibus</strong></span> <span class='ocrx_word' id='word_1_583' title='bbox 2919 3729 3166 3802; x_wconf 76' lang='lat' dir='ltr'><strong>reprimi,</strong></span> <span class='ocrx_word' id='word_1_584' title='bbox 3197 3732 3293 3788; x_wconf 88' lang='lat' dir='ltr'><strong>sed</strong></span> <span class='ocrx_word' id='word_1_585' title='bbox 3330 3730 3495 3786; x_wconf 86' lang='lat' dir='ltr'><strong>alieni</strong></span> 
     </span>
    </p>
   </div>
   <div class='ocr_carea' id='block_1_84' title="bbox 1905 3821 3492 3894">
    <p class='ocr_par' dir='ltr' id='par_1_84' title="bbox 1905 3821 3492 3894">
     <span class='ocr_line' id='line_1_84' title="bbox 1905 3821 3492 3894; baseline -0.004 -11"><span class='ocrx_word' id='word_1_586' title='bbox 1905 3835 2088 3884; x_wconf 76' lang='lat' dir='ltr'><strong>reatus</strong></span> <span class='ocrx_word' id='word_1_587' title='bbox 2126 3821 2355 3880; x_wconf 88' lang='lat' dir='ltr'><strong>maculis</strong></span> <span class='ocrx_word' id='word_1_588' title='bbox 2399 3821 2693 3894; x_wconf 84' lang='lat' dir='ltr'><strong>inquinari,</strong></span> <span class='ocrx_word' id='word_1_589' title='bbox 2723 3840 2846 3880; x_wconf 88' lang='lat' dir='ltr'><strong>cum</strong></span> <span class='ocrx_word' id='word_1_590' title='bbox 2873 3823 2994 3880; x_wconf 88' lang='lat' dir='ltr'><strong>aliis</strong></span> <span class='ocrx_word' id='word_1_591' title='bbox 3019 3838 3129 3880; x_wconf 90' lang='lat' dir='ltr'><strong>non</strong></span> <span class='ocrx_word' id='word_1_592' title='bbox 3155 3824 3492 3894; x_wconf 85' lang='lat' dir='ltr'><strong>delinquere,</strong></span> 
     </span>
    </p>
   </div>
   <div class='ocr_carea' id='block_1_85' title="bbox 1904 3909 3494 3984">
    <p class='ocr_par' dir='ltr' id='par_1_85' title="bbox 1904 3909 3494 3984">
     <span class='ocr_line' id='line_1_85' title="bbox 1904 3909 3494 3984; baseline -0.006 -11"><span class='ocrx_word' id='word_1_593' title='bbox 1904 3926 1962 3973; x_wconf 90' lang='lat' dir='ltr'><strong>et</strong></span> <span class='ocrx_word' id='word_1_594' title='bbox 1987 3914 2150 3971; x_wconf 90' lang='lat' dir='ltr'><strong>alieni</strong></span> <span class='ocrx_word' id='word_1_595' title='bbox 2181 3912 2363 3970; x_wconf 88' lang='lat' dir='ltr'><strong>delicti</strong></span> <span class='ocrx_word' id='word_1_596' title='bbox 2393 3913 2655 3984; x_wconf 85' lang='lat' dir='ltr'><strong>supplicia</strong></span> <span class='ocrx_word' id='word_1_597' title='bbox 2701 3913 2994 3968; x_wconf 85' lang='lat' dir='ltr'><strong>sustinere.</strong></span> <span class='ocrx_word' id='word_1_598' title='bbox 3033 3909 3294 3967; x_wconf 80' lang='lat' dir='ltr'><strong>Malorum</strong></span> <span class='ocrx_word' id='word_1_599' title='bbox 3337 3924 3494 3965; x_wconf 80' lang='lat' dir='ltr'><strong>nam-</strong></span> 
     </span>
    </p>
   </div>
   <div class='ocr_carea' id='block_1_86' title="bbox 1904 4001 3493 4078">
    <p class='ocr_par' dir='ltr' id='par_1_86' title="bbox 1904 4001 3493 4078">
     <span class='ocr_line' id='line_1_86' title="bbox 1904 4001 3493 4078; baseline -0.004 -16"><span class='ocrx_word' id='word_1_600' title='bbox 1904 4021 2030 4078; x_wconf 89' lang='lat' dir='ltr'><strong>que,</strong></span> <span class='ocrx_word' id='word_1_601' title='bbox 2047 4020 2170 4062; x_wconf 89' lang='lat' dir='ltr'><strong>cum</strong></span> <span class='ocrx_word' id='word_1_602' title='bbox 2199 4004 2417 4059; x_wconf 82' lang='lat' dir='ltr'><strong>incaute</strong></span> <span class='ocrx_word' id='word_1_603' title='bbox 2443 4003 2700 4058; x_wconf 83' lang='lat' dir='ltr'><strong>amicitiis</strong></span> <span class='ocrx_word' id='word_1_604' title='bbox 2718 4001 3017 4073; x_wconf 76' lang='lat' dir='ltr'><strong>iungimur,</strong></span> <span class='ocrx_word' id='word_1_605' title='bbox 3043 4002 3216 4072; x_wconf 89' lang='lat' dir='ltr'><strong>culpis</strong></span> <span class='ocrx_word' id='word_1_606' title='bbox 3239 4002 3493 4072; x_wconf 85' lang='lat' dir='ltr'><strong>ligamur.</strong></span> 
     </span>
    </p>
   </div>
   <div class='ocr_carea' id='block_1_87' title="bbox 1908 4093 3497 4167">
    <p class='ocr_par' dir='ltr' id='par_1_87' title="bbox 1908 4093 3497 4167">
     <span class='ocr_line' id='line_1_87' title="bbox 1908 4093 3497 4167; baseline -0.003 -12"><span class='ocrx_word' id='word_1_607' title='bbox 1908 4098 2064 4155; x_wconf 83' lang='lat' dir='ltr'><strong>Unde</strong></span> <span class='ocrx_word' id='word_1_608' title='bbox 2107 4095 2368 4165; x_wconf 80' lang='lat' dir='ltr'><strong>Josaphat</strong></span> <span class='ocrx_word' id='word_1_609' title='bbox 2412 4095 2504 4167; x_wconf 87' lang='lat' dir='ltr'><strong>qui</strong></span> <span class='ocrx_word' id='word_1_610' title='bbox 2543 4103 2622 4150; x_wconf 86' lang='lat' dir='ltr'><strong>tot</strong></span> <span class='ocrx_word' id='word_1_611' title='bbox 2669 4094 2734 4151; x_wconf 90' lang='lat' dir='ltr'><strong>de</strong></span> <span class='ocrx_word' id='word_1_612' title='bbox 2777 4102 3026 4150; x_wconf 87' lang='lat' dir='ltr'><strong>anteacta</strong></span> <span class='ocrx_word' id='word_1_613' title='bbox 3064 4093 3175 4150; x_wconf 83' lang='lat' dir='ltr'><strong>vlta</strong></span> <span class='ocrx_word' id='word_1_614' title='bbox 3209 4093 3497 4166; x_wconf 66' lang='lat' dir='ltr'><strong>praeconiis</strong></span> 
     </span>
    </p>
   </div>
   <div class='ocr_carea' id='block_1_88' title="bbox 1907 4183 3498 4256">
    <p class='ocr_par' dir='ltr' id='par_1_88' title="bbox 1907 4183 3498 4256">
     <span class='ocr_line' id='line_1_88' title="bbox 1907 4183 3498 4256; baseline -0.001 -14"><span class='ocrx_word' id='word_1_615' title='bbox 1907 4186 2191 4249; x_wconf 85' lang='lat' dir='ltr'><strong>attollitur,</strong></span> <span class='ocrx_word' id='word_1_616' title='bbox 2220 4185 2288 4240; x_wconf 91' lang='lat' dir='ltr'><strong>de</strong></span> <span class='ocrx_word' id='word_1_617' title='bbox 2333 4183 2523 4242; x_wconf 79' lang='lat' dir='ltr'><strong>Achab</strong></span> <span class='ocrx_word' id='word_1_618' title='bbox 2573 4184 2715 4256; x_wconf 80' lang='lat' dir='ltr'><strong>regis</strong></span> <span class='ocrx_word' id='word_1_619' title='bbox 2755 4185 3014 4242; x_wconf 81' lang='lat' dir='ltr'><strong>amicitiis</strong></span> <span class='ocrx_word' id='word_1_620' title='bbox 3065 4185 3498 4256; x_wconf 85' lang='lat' dir='ltr'><strong>peneperilurus</strong></span> 
     </span>
    </p>
   </div>
   <div class='ocr_carea' id='block_1_89' title="bbox 1908 4273 3491 4349">
    <p class='ocr_par' dir='ltr' id='par_1_89' title="bbox 1908 4273 3491 4349">
     <span class='ocr_line' id='line_1_89' title="bbox 1908 4273 3491 4349; baseline -0.003 -14"><span class='ocrx_word' id='word_1_621' title='bbox 1908 4280 2240 4349; x_wconf 81' lang='lat' dir='ltr'><strong>increpatur,</strong></span> <span class='ocrx_word' id='word_1_622' title='bbox 2271 4277 2362 4332; x_wconf 69' lang='lat' dir='ltr'><strong>cui</strong></span> <span class='ocrx_word' id='word_1_623' title='bbox 2406 4291 2436 4330; x_wconf 84' lang='lat' dir='ltr'><strong>a</strong></span> <span class='ocrx_word' id='word_1_624' title='bbox 2481 4273 2711 4333; x_wconf 80' lang='lat' dir='ltr'><strong>Domino</strong></span> <span class='ocrx_word' id='word_1_625' title='bbox 2751 4291 2859 4348; x_wconf 73' lang='lat' dir='ltr'><strong>per</strong></span> <span class='ocrx_word' id='word_1_626' title='bbox 2893 4278 3214 4348; x_wconf 82' lang='lat' dir='ltr'><strong>prophetam</strong></span> <span class='ocrx_word' id='word_1_627' title='bbox 3255 4277 3491 4333; x_wconf 87' lang='lat' dir='ltr'><strong>dieitr:</strong></span> 
     </span>
    </p>
   </div>
   <div class='ocr_carea' id='block_1_90' title="bbox 1911 4369 3500 4442">
    <p class='ocr_par' dir='ltr' id='par_1_90' title="bbox 1911 4369 3500 4442">
     <span class='ocr_line' id='line_1_90' title="bbox 1911 4369 3500 4442; baseline 0 -18"><span class='ocrx_word' id='word_1_628' title='bbox 1911 4391 1934 4424; x_wconf 67' lang='grc' dir='ltr'><strong>ι</strong></span> <span class='ocrx_word' id='word_1_629' title='bbox 1969 4371 2140 4442; x_wconf 83' lang='lat' dir='ltr'><strong>impio</strong></span> <span class='ocrx_word' id='word_1_630' title='bbox 2167 4370 2374 4441; x_wconf 65' lang='lat' dir='ltr'><strong>praebes</strong></span> <span class='ocrx_word' id='word_1_631' title='bbox 2400 4369 2681 4434; x_wconf 75' lang='lat' dir='ltr'><strong>auxilium,</strong></span> <span class='ocrx_word' id='word_1_632' title='bbox 2710 4380 2768 4425; x_wconf 91' lang='lat' dir='ltr'><strong>et</strong></span> <span class='ocrx_word' id='word_1_633' title='bbox 2793 4370 2878 4425; x_wconf 88' lang='lat' dir='ltr'><strong>his</strong></span> <span class='ocrx_word' id='word_1_634' title='bbox 2906 4370 2998 4441; x_wconf 87' lang='lat' dir='ltr'><strong>qui</strong></span> <span class='ocrx_word' id='word_1_635' title='bbox 3041 4369 3275 4426; x_wconf 89' lang='lat' dir='ltr'><strong>oderunt</strong></span> <span class='ocrx_word' id='word_1_636' title='bbox 3321 4369 3500 4426; x_wconf 85' lang='lat' dir='ltr'><strong>Domi-</strong></span> 
     </span>
    </p>
   </div>
   <div class='ocr_carea' id='block_1_91' title="bbox 191 4447 3492 4531">
    <p class='ocr_par' dir='ltr' id='par_1_91' title="bbox 191 4447 3492 4531">
     <span class='ocr_line' id='line_1_91' title="bbox 191 4447 3492 4531; baseline 0 -17"><span class='ocrx_word' id='word_1_637' title='bbox 191 4469 257 4514; x_wconf 69' lang='grc' dir='ltr'><strong>ει</strong></span> <span class='ocrx_word' id='word_1_638' title='bbox 282 4458 511 4529; x_wconf 77' lang='lat' dir='ltr'><strong>angelis</strong></span> <span class='ocrx_word' id='word_1_639' title='bbox 536 4458 654 4531; x_wconf 83' lang='lat' dir='ltr'><strong>ejus</strong></span> <span class='ocrx_word' id='word_1_640' title='bbox 695 4457 912 4530; x_wconf 74' lang='lat' dir='ltr'><strong>(Matth.</strong></span> <span class='ocrx_word' id='word_1_641' title='bbox 942 4457 1094 4526; x_wconf 73' lang='lat' dir='ltr'><strong>xxv).</strong></span> <span class='ocrx_word' id='word_1_642' title='bbox 1132 4471 1152 4509; x_wconf 70' lang='grc' dir='ltr'><strong>ι</strong></span> <span class='ocrx_word' id='word_1_643' title='bbox 1183 4457 1335 4524; x_wconf 75' lang='lat' dir='ltr'><strong>Quos</strong></span> <span class='ocrx_word' id='word_1_644' title='bbox 1360 4469 1493 4526; x_wconf 82' lang='lat' dir='ltr'><strong>ergo</strong></span> <span class='ocrx_word' id='word_1_645' title='bbox 1531 4456 1598 4511; x_wconf 83' lang='lat' dir='ltr'><strong>ad</strong></span> <span class='ocrx_word' id='word_1_646' title='bbox 1645 4455 1808 4513; x_wconf 70' lang='lat' dir='ltr'><strong>aham</strong></span> <span class='ocrx_word' id='word_1_647' title='bbox 1835 4447 1888 4512; x_wconf 86' lang='lat' dir='ltr'><strong><em>D</em></strong></span> <span class='ocrx_word' id='word_1_648' title='bbox 1913 4473 2044 4517; x_wconf 86' lang='lat' dir='ltr'><strong>num</strong></span> <span class='ocrx_word' id='word_1_649' title='bbox 2069 4459 2307 4515; x_wconf 87' lang='lat' dir='ltr'><strong>amicitia</strong></span> <span class='ocrx_word' id='word_1_650' title='bbox 2337 4458 2685 4530; x_wconf 75' lang='lat' dir='ltr'><strong>jungeris,.et</strong></span> <span class='ocrx_word' id='word_1_651' title='bbox 2704 4459 2918 4516; x_wconf 82' lang='lat' dir='ltr'><strong>idcirco</strong></span> <span class='ocrx_word' id='word_1_652' title='bbox 2954 4459 3096 4515; x_wconf 57' lang='lat' dir='ltr'><strong>iram</strong></span> <span class='ocrx_word' id='word_1_653' title='bbox 3123 4459 3334 4515; x_wconf 88' lang='lat' dir='ltr'><strong>Domini</strong></span> <span class='ocrx_word' id='word_1_654' title='bbox 3374 4473 3492 4514; x_wconf 66' lang='lat' dir='ltr'><strong>meo</strong></span> 
     </span>
    </p>
   </div>
   <div class='ocr_carea' id='block_1_92' title="bbox 198 4547 1806 4620">
    <p class='ocr_par' dir='ltr' id='par_1_92' title="bbox 198 4547 1806 4620">
     <span class='ocr_line' id='line_1_92' title="bbox 198 4547 1806 4620; baseline -0.003 -15"><span class='ocrx_word' id='word_1_655' title='bbox 198 4551 496 4605; x_wconf 69' lang='lat' dir='ltr'><strong>demissius</strong></span> <span class='ocrx_word' id='word_1_656' title='bbox 540 4551 774 4620; x_wconf 78' lang='lat' dir='ltr'><strong>patriam</strong></span> <span class='ocrx_word' id='word_1_657' title='bbox 806 4549 1049 4614; x_wconf 89' lang='lat' dir='ltr'><strong>tendere,</strong></span> <span class='ocrx_word' id='word_1_658' title='bbox 1087 4562 1196 4603; x_wconf 88' lang='lat' dir='ltr'><strong>non</strong></span> <span class='ocrx_word' id='word_1_659' title='bbox 1239 4549 1502 4603; x_wconf 82' lang='lat' dir='ltr'><strong>debemus</strong></span> <span class='ocrx_word' id='word_1_660' title='bbox 1526 4547 1610 4602; x_wconf 87' lang='lat' dir='ltr'><strong>eis</strong></span> <span class='ocrx_word' id='word_1_661' title='bbox 1635 4547 1692 4601; x_wconf 83' lang='lat' dir='ltr'><strong>in</strong></span> <span class='ocrx_word' id='word_1_662' title='bbox 1720 4548 1806 4601; x_wconf 84' lang='lat' dir='ltr'><strong>via</strong></span> 
     </span>
    </p>
   </div>
   <div class='ocr_carea' id='block_1_93' title="bbox 194 4640 1805 4713">
    <p class='ocr_par' dir='ltr' id='par_1_93' title="bbox 194 4640 1805 4713">
     <span class='ocr_line' id='line_1_93' title="bbox 194 4640 1805 4713; baseline -0.001 -15"><span class='ocrx_word' id='word_1_663' title='bbox 194 4643 392 4698; x_wconf 66' lang='lat' dir='ltr'><strong>noxis</strong></span> <span class='ocrx_word' id='word_1_664' title='bbox 421 4642 704 4698; x_wconf 82' lang='lat' dir='ltr'><strong>societatis</strong></span> <span class='ocrx_word' id='word_1_665' title='bbox 733 4642 941 4713; x_wconf 82' lang='lat' dir='ltr'><strong>glutino</strong></span> <span class='ocrx_word' id='word_1_666' title='bbox 963 4641 1243 4704; x_wconf 63' lang='lat' dir='ltr'><strong>foederari,</strong></span> <span class='ocrx_word' id='word_1_667' title='bbox 1270 4655 1340 4695; x_wconf 90' lang='lat' dir='ltr'><strong>ne</strong></span> <span class='ocrx_word' id='word_1_668' title='bbox 1365 4655 1505 4710; x_wconf 81' lang='lat' dir='ltr'><strong>quos</strong></span> <span class='ocrx_word' id='word_1_669' title='bbox 1530 4640 1805 4696; x_wconf 81' lang='lat' dir='ltr'><strong>inordina-</strong></span> 
     </span>
    </p>
   </div>
   <div class='ocr_carea' id='block_1_94' title="bbox 193 4731 1800 4803">
    <p class='ocr_par' dir='ltr' id='par_1_94' title="bbox 193 4731 1800 4803">
     <span class='ocr_line' id='line_1_94' title="bbox 193 4731 1800 4803; baseline -0.001 -13"><span class='ocrx_word' id='word_1_670' title='bbox 193 4743 291 4790; x_wconf 76' lang='lat' dir='ltr'><strong>tus</strong></span> <span class='ocrx_word' id='word_1_671' title='bbox 313 4747 483 4790; x_wconf 80' lang='lat' dir='ltr'><strong>amor</strong></span> <span class='ocrx_word' id='word_1_672' title='bbox 507 4736 764 4799; x_wconf 87' lang='lat' dir='ltr'><strong>associat,</strong></span> <span class='ocrx_word' id='word_1_673' title='bbox 792 4732 954 4790; x_wconf 85' lang='lat' dir='ltr'><strong>simul</strong></span> <span class='ocrx_word' id='word_1_674' title='bbox 974 4733 1148 4788; x_wconf 80' lang='lat' dir='ltr'><strong>etiam</strong></span> <span class='ocrx_word' id='word_1_675' title='bbox 1171 4742 1332 4803; x_wconf 67' lang='lat' dir='ltr'><strong>pene</strong></span> <span class='ocrx_word' id='word_1_676' title='bbox 1365 4740 1623 4787; x_wconf 60' lang='lat' dir='ltr'><strong>extremae</strong></span> <span class='ocrx_word' id='word_1_677' title='bbox 1650 4731 1800 4788; x_wconf 69' lang='lat' dir='ltr'><strong>uitio</strong></span> 
     </span>
    </p>
   </div>
   <div class='ocr_carea' id='block_1_95' title="bbox 195 4826 605 4885">
    <p class='ocr_par' dir='ltr' id='par_1_95' title="bbox 195 4826 605 4885">
     <span class='ocr_line' id='line_1_95' title="bbox 195 4826 605 4885; baseline -0.012 0"><span class='ocrx_word' id='word_1_678' title='bbox 195 4828 286 4885; x_wconf 81' lang='lat' dir='ltr'><strong>nis</strong></span> <span class='ocrx_word' id='word_1_679' title='bbox 324 4826 605 4882; x_wconf 78' lang='lat' dir='ltr'><strong>involvat.</strong></span> 
     </span>
    </p>
   </div>
   <div class='ocr_carea' id='block_1_96' title="bbox 817 4911 1219 4972">
    <p class='ocr_par' dir='ltr' id='par_1_96' title="bbox 817 4911 1219 4972">
     <span class='ocr_line' id='line_1_96' title="bbox 817 4911 1219 4972; baseline -0.005 -1"><span class='ocrx_word' id='word_1_680' title='bbox 817 4911 1045 4972; x_wconf 79' lang='lat' dir='ltr'><strong>CAPUT</strong></span> <span class='ocrx_word' id='word_1_681' title='bbox 1080 4912 1219 4972; x_wconf 76' lang='grc' dir='ltr'>ιιν.</span> 
     </span>
    </p>
   </div>
   <div class='ocr_carea' id='block_1_97' title="bbox 1913 4550 3502 4623">
    <p class='ocr_par' dir='ltr' id='par_1_97' title="bbox 1913 4550 3502 4623">
     <span class='ocr_line' id='line_1_97' title="bbox 1913 4550 3502 4623; baseline -0.002 -14"><span class='ocrx_word' id='word_1_682' title='bbox 1913 4553 2148 4618; x_wconf 85' lang='lat' dir='ltr'><strong>rebaris,</strong></span> <span class='ocrx_word' id='word_1_683' title='bbox 2185 4552 2279 4608; x_wconf 90' lang='lat' dir='ltr'><strong>sed</strong></span> <span class='ocrx_word' id='word_1_684' title='bbox 2307 4551 2452 4607; x_wconf 73' lang='lat' dir='ltr'><strong>bona</strong></span> <span class='ocrx_word' id='word_1_685' title='bbox 2481 4567 2646 4623; x_wconf 83' lang='lat' dir='ltr'><strong>opera</strong></span> <span class='ocrx_word' id='word_1_686' title='bbox 2678 4553 2894 4608; x_wconf 86' lang='lat' dir='ltr'><strong>inventa</strong></span> <span class='ocrx_word' id='word_1_687' title='bbox 2921 4561 3054 4607; x_wconf 83' lang='lat' dir='ltr'><strong>sunt</strong></span> <span class='ocrx_word' id='word_1_688' title='bbox 3078 4551 3136 4606; x_wconf 84' lang='lat' dir='ltr'><strong>in</strong></span> <span class='ocrx_word' id='word_1_689' title='bbox 3163 4560 3239 4616; x_wconf 89' lang='lat' dir='ltr'><strong>te,</strong></span> <span class='ocrx_word' id='word_1_690' title='bbox 3271 4561 3336 4606; x_wconf 75' lang='lat' dir='ltr'><strong>eo</strong></span> <span class='ocrx_word' id='word_1_691' title='bbox 3356 4550 3502 4620; x_wconf 85' lang='lat' dir='ltr'><strong>quod</strong></span> 
     </span>
    </p>
   </div>
   <div class='ocr_carea' id='block_1_98' title="bbox 1915 4641 3502 4714">
    <p class='ocr_par' dir='ltr' id='par_1_98' title="bbox 1915 4641 3502 4714">
     <span class='ocr_line' id='line_1_98' title="bbox 1915 4641 3502 4714; baseline -0.003 -14"><span class='ocrx_word' id='word_1_692' title='bbox 1915 4643 2209 4700; x_wconf 84' lang='lat' dir='ltr'><strong>abstuleris</strong></span> <span class='ocrx_word' id='word_1_693' title='bbox 2252 4643 2400 4698; x_wconf 83' lang='lat' dir='ltr'><strong>lucos</strong></span> <span class='ocrx_word' id='word_1_694' title='bbox 2436 4645 2504 4699; x_wconf 89' lang='lat' dir='ltr'><strong>de</strong></span> <span class='ocrx_word' id='word_1_695' title='bbox 2537 4653 2682 4698; x_wconf 86' lang='lat' dir='ltr'><strong>terra</strong></span> <span class='ocrx_word' id='word_1_696' title='bbox 2717 4643 2856 4698; x_wconf 80' lang='lat' dir='ltr'><strong>Juda</strong></span> <span class='ocrx_word' id='word_1_697' title='bbox 2901 4641 2988 4714; x_wconf 83' lang='grc' dir='ltr'><strong>(Η</strong></span> <span class='ocrx_word' id='word_1_698' title='bbox 3031 4641 3162 4696; x_wconf 82' lang='lat' dir='ltr'><strong>Par.</strong></span> <span class='ocrx_word' id='word_1_699' title='bbox 3193 4642 3332 4712; x_wconf 71' lang='lat' dir='ltr'><strong>ms).</strong></span> <span class='ocrx_word' id='word_1_700' title='bbox 3364 4657 3384 4693; x_wconf 77' lang='grc' dir='ltr'><strong>ι</strong></span> <span class='ocrx_word' id='word_1_701' title='bbox 3419 4641 3502 4696; x_wconf 82' lang='lat' dir='ltr'><strong>Ab</strong></span> 
     </span>
    </p>
   </div>
   <div class='ocr_carea' id='block_1_99' title="bbox 1917 4730 3501 4802">
    <p class='ocr_par' dir='ltr' id='par_1_99' title="bbox 1917 4730 3501 4802">
     <span class='ocr_line' id='line_1_99' title="bbox 1917 4730 3501 4802; baseline -0.004 -11"><span class='ocrx_word' id='word_1_702' title='bbox 1917 4735 2010 4791; x_wconf 83' lang='lat' dir='ltr'><strong>illo</strong></span> <span class='ocrx_word' id='word_1_703' title='bbox 2029 4733 2200 4801; x_wconf 84' lang='lat' dir='ltr'><strong>enim,</strong></span> <span class='ocrx_word' id='word_1_704' title='bbox 2223 4732 2318 4802; x_wconf 90' lang='lat' dir='ltr'><strong>qui</strong></span> <span class='ocrx_word' id='word_1_705' title='bbox 2341 4741 2554 4788; x_wconf 79' lang='lat' dir='ltr'><strong>summe</strong></span> <span class='ocrx_word' id='word_1_706' title='bbox 2577 4741 2766 4788; x_wconf 68' lang='lat' dir='ltr'><strong>rectm</strong></span> <span class='ocrx_word' id='word_1_707' title='bbox 2793 4741 2898 4798; x_wconf 88' lang='lat' dir='ltr'><strong>est,</strong></span> <span class='ocrx_word' id='word_1_708' title='bbox 2921 4743 2997 4787; x_wconf 78' lang='lat' dir='ltr'><strong>eo</strong></span> <span class='ocrx_word' id='word_1_709' title='bbox 3026 4731 3144 4801; x_wconf 83' lang='lat' dir='ltr'><strong>ipso</strong></span> <span class='ocrx_word' id='word_1_710' title='bbox 3159 4730 3272 4801; x_wconf 82' lang='lat' dir='ltr'><strong>jam</strong></span> <span class='ocrx_word' id='word_1_711' title='bbox 3293 4730 3501 4785; x_wconf 83' lang='lat' dir='ltr'><strong>discre-</strong></span> 
     </span>
    </p>
   </div>
   <div class='ocr_carea' id='block_1_100' title="bbox 1917 4823 3504 4899">
    <p class='ocr_par' dir='ltr' id='par_1_100' title="bbox 1917 4823 3504 4899">
     <span class='ocr_line' id='line_1_100' title="bbox 1917 4823 3504 4899; baseline -0.003 -18"><span class='ocrx_word' id='word_1_712' title='bbox 1917 4835 2032 4899; x_wconf 89' lang='lat' dir='ltr'><strong>pat,</strong></span> <span class='ocrx_word' id='word_1_713' title='bbox 2057 4840 2172 4896; x_wconf 82' lang='lat' dir='ltr'><strong>quo</strong></span> <span class='ocrx_word' id='word_1_714' title='bbox 2201 4835 2578 4895; x_wconf 81' lang='lat' dir='ltr'><strong>perversurum</strong></span> <span class='ocrx_word' id='word_1_715' title='bbox 2618 4823 2874 4878; x_wconf 86' lang='lat' dir='ltr'><strong>amicitiis</strong></span> <span class='ocrx_word' id='word_1_716' title='bbox 2904 4823 3015 4876; x_wconf 87' lang='lat' dir='ltr'><strong>vita</strong></span> <span class='ocrx_word' id='word_1_717' title='bbox 3056 4828 3239 4876; x_wconf 75' lang='lat' dir='ltr'><strong>nostra</strong></span> <span class='ocrx_word' id='word_1_718' title='bbox 3271 4833 3504 4877; x_wconf 69' lang='lat' dir='ltr'><strong>concor-</strong></span> 
     </span>
    </p>
   </div>
   <div class='ocr_carea' id='block_1_101' title="bbox 1917 4914 3500 4986">
    <p class='ocr_par' dir='ltr' id='par_1_101' title="bbox 1917 4914 3500 4986">
     <span class='ocr_line' id='line_1_101' title="bbox 1917 4914 3500 4986; baseline -0.007 -9"><span class='ocrx_word' id='word_1_719' title='bbox 1917 4921 2032 4977; x_wconf 86' lang='lat' dir='ltr'><strong>dat.</strong></span> <span class='ocrx_word' id='word_1_720' title='bbox 2071 4918 2241 4986; x_wconf 81' lang='lat' dir='ltr'><strong>Quem</strong></span> <span class='ocrx_word' id='word_1_721' title='bbox 2271 4916 2422 4970; x_wconf 88' lang='lat' dir='ltr'><strong>enim</strong></span> <span class='ocrx_word' id='word_1_722' title='bbox 2446 4929 2547 4970; x_wconf 69' lang='lat' dir='ltr'><strong>vos</strong></span> <span class='ocrx_word' id='word_1_723' title='bbox 2577 4914 2665 4970; x_wconf 74' lang='lat' dir='ltr'><strong>ilia</strong></span> <span class='ocrx_word' id='word_1_724' title='bbox 2693 4914 2992 4986; x_wconf 80' lang='lat' dir='ltr'><strong>apostolica</strong></span> <span class='ocrx_word' id='word_1_725' title='bbox 3012 4930 3120 4970; x_wconf 91' lang='lat' dir='ltr'><strong>non</strong></span> <span class='ocrx_word' id='word_1_726' title='bbox 3145 4921 3370 4979; x_wconf 74' lang='lat' dir='ltr'><strong>terreat,</strong></span> <span class='ocrx_word' id='word_1_727' title='bbox 3394 4927 3500 4983; x_wconf 83' lang='lat' dir='ltr'><strong>qua</strong></span> 
     </span>
    </p>
   </div>
   <div class='ocr_carea' id='block_1_102' title="bbox 195 5005 3502 5090">
    <p class='ocr_par' dir='ltr' id='par_1_102' title="bbox 195 5005 3502 5090">
     <span class='ocr_line' id='line_1_102' title="bbox 195 5005 3502 5090; baseline 0 -29"><span class='ocrx_word' id='word_1_728' title='bbox 195 5007 367 5079; x_wconf 76' lang='lat' dir='ltr'><strong>Quod</strong></span> <span class='ocrx_word' id='word_1_729' title='bbox 392 5009 536 5064; x_wconf 67' lang='grc' dir='ltr'>διατι</span> <span class='ocrx_word' id='word_1_730' title='bbox 564 5007 631 5061; x_wconf 77' lang='lat' dir='ltr'><strong>ab</strong></span> <span class='ocrx_word' id='word_1_731' title='bbox 661 5007 1161 5090; x_wconf 55' lang='lat' dir='ltr'><strong>escontmunioafis,</strong></span> <span class='ocrx_word' id='word_1_732' title='bbox 1193 5008 1268 5090; x_wconf 68' lang='lat' dir='ltr'><strong>ita</strong></span> <span class='ocrx_word' id='word_1_733' title='bbox 1297 5007 1456 5090; x_wconf 60' lang='lat' dir='ltr'><strong>etiam</strong></span> <span class='ocrx_word' id='word_1_734' title='bbox 1501 5007 1568 5062; x_wconf 80' lang='lat' dir='ltr'><strong>ab</strong></span> <span class='ocrx_word' id='word_1_735' title='bbox 1604 5020 1815 5061; x_wconf 61' lang='lat' dir='ltr'><strong>exeam</strong></span> <span class='ocrx_word' id='word_1_736' title='bbox 1907 5011 2072 5069; x_wconf 80' lang='lat' dir='ltr'><strong>nobis</strong></span> <span class='ocrx_word' id='word_1_737' title='bbox 2113 5017 2450 5075; x_wconf 74' lang='lat' dir='ltr'><strong>contestans,</strong></span> <span class='ocrx_word' id='word_1_738' title='bbox 2480 5017 2537 5064; x_wconf 87' lang='lat' dir='ltr'><strong>et</strong></span> <span class='ocrx_word' id='word_1_739' title='bbox 2564 5017 2910 5078; x_wconf 65' lang='lat' dir='ltr'><strong>apravorum</strong></span> <span class='ocrx_word' id='word_1_740' title='bbox 2947 5005 3310 5064; x_wconf 86' lang='lat' dir='ltr'><strong>contubernio</strong></span> <span class='ocrx_word' id='word_1_741' title='bbox 3346 5017 3502 5062; x_wconf 81' lang='lat' dir='ltr'><strong>revo-</strong></span> 
     </span>
    </p>
   </div>
   <div class='ocr_carea' id='block_1_103' title="bbox 552 5078 1794 5170">
    <p class='ocr_par' dir='ltr' id='par_1_103' title="bbox 552 5078 1633 5163">
     <span class='ocr_line' id='line_1_103' title="bbox 552 5078 1633 5163; baseline 0 -32"><span class='ocrx_word' id='word_1_742' title='bbox 552 5079 893 5134; x_wconf 66' lang='lat' dir='ltr'><strong>ntstm&#39;candis</strong></span> <span class='ocrx_word' id='word_1_743' title='bbox 926 5088 1162 5149; x_wconf 73' lang='lat' dir='ltr'><strong>oporteat</strong></span> <span class='ocrx_word' id='word_1_744' title='bbox 1194 5078 1478 5133; x_wconf 69' lang='lat' dir='ltr'><strong>declinare.</strong></span> <span class='ocrx_word' id='word_1_745' title='bbox 1632 5159 1633 5163; x_wconf 9' lang='grc' dir='ltr'><strong>η</strong></span> 
     </span>
    </p>
   </div>
   <div class='ocr_carea' id='block_1_104' title="bbox 1900 5078 3585 5170">
    <p class='ocr_par' dir='ltr' id='par_1_104' title="bbox 1905 5093 3585 5170">
     <span class='ocr_line' id='line_1_104' title="bbox 1905 5093 3585 5170; baseline -0.006 -12"><span class='ocrx_word' id='word_1_746' title='bbox 1905 5113 2067 5166; x_wconf 85' lang='lat' dir='ltr'><strong>cans,</strong></span> <span class='ocrx_word' id='word_1_747' title='bbox 2097 5097 2336 5156; x_wconf 74' lang='lat' dir='ltr'><strong>clamat?</strong></span> <span class='ocrx_word' id='word_1_748' title='bbox 2375 5116 2401 5150; x_wconf 77' lang='grc' dir='ltr'><strong>σ-</strong></span> <span class='ocrx_word' id='word_1_749' title='bbox 2430 5093 2726 5164; x_wconf 80' lang='lat' dir='ltr'><strong>Denumio,</strong></span> <span class='ocrx_word' id='word_1_750' title='bbox 2754 5096 2951 5170; x_wconf 79' lang='lat' dir='ltr'><strong>inquit,</strong></span> <span class='ocrx_word' id='word_1_751' title='bbox 2981 5096 3134 5154; x_wconf 80' lang='lat' dir='ltr'><strong>vobis</strong></span> <span class='ocrx_word' id='word_1_752' title='bbox 3183 5097 3236 5152; x_wconf 90' lang='lat' dir='ltr'><strong>in</strong></span> <span class='ocrx_word' id='word_1_753' title='bbox 3283 5095 3506 5150; x_wconf 71' lang='lat' dir='ltr'><strong>nomine</strong></span> <span class='ocrx_word' id='word_1_754' title='bbox 3568 5149 3585 5161; x_wconf 30' lang='grc' dir='ltr'><strong><em>κ</em></strong></span> 
     </span>
    </p>
   </div>
   <div class='ocr_carea' id='block_1_105' title="bbox 261 5187 3500 5260">
    <p class='ocr_par' dir='ltr' id='par_1_105' title="bbox 261 5187 3500 5260">
     <span class='ocr_line' id='line_1_105' title="bbox 261 5187 3500 5260; baseline -0.003 -12"><span class='ocrx_word' id='word_1_755' title='bbox 261 5189 587 5248; x_wconf 77' lang='lat' dir='ltr'><strong>Enimvero</strong></span> <span class='ocrx_word' id='word_1_756' title='bbox 632 5197 691 5243; x_wconf 90' lang='lat' dir='ltr'><strong>ut</strong></span> <span class='ocrx_word' id='word_1_757' title='bbox 740 5187 1075 5244; x_wconf 72' lang='lat' dir='ltr'><strong>enucleatius</strong></span> <span class='ocrx_word' id='word_1_758' title='bbox 1121 5197 1327 5259; x_wconf 87' lang='lat' dir='ltr'><strong>pateat,</strong></span> <span class='ocrx_word' id='word_1_759' title='bbox 1358 5197 1620 5260; x_wconf 86' lang='lat' dir='ltr'><strong>quantum</strong></span> <span class='ocrx_word' id='word_1_760' title='bbox 1646 5189 1818 5247; x_wconf 78' lang='lat' dir='ltr'><strong>bonos</strong></span> <span class='ocrx_word' id='word_1_761' title='bbox 1914 5191 2126 5248; x_wconf 76' lang='lat' dir='ltr'><strong>Domini</strong></span> <span class='ocrx_word' id='word_1_762' title='bbox 2152 5188 2304 5256; x_wconf 75' lang='lat' dir='ltr'><strong>Jesu,</strong></span> <span class='ocrx_word' id='word_1_763' title='bbox 2328 5195 2389 5244; x_wconf 88' lang='lat' dir='ltr'><strong>ut</strong></span> <span class='ocrx_word' id='word_1_764' title='bbox 2415 5188 2754 5244; x_wconf 62' lang='lat' dir='ltr'><strong>subtrahens</strong></span> <span class='ocrx_word' id='word_1_765' title='bbox 2776 5203 2875 5245; x_wconf 63' lang='grc' dir='ltr'><strong>νο.</strong></span> <span class='ocrx_word' id='word_1_766' title='bbox 2915 5188 2986 5245; x_wconf 77' lang='lat' dir='ltr'><strong>ab</strong></span> <span class='ocrx_word' id='word_1_767' title='bbox 3011 5188 3158 5244; x_wconf 78' lang='lat' dir='ltr'><strong>osuni</strong></span> <span class='ocrx_word' id='word_1_768' title='bbox 3185 5187 3354 5241; x_wconf 61' lang='lat' dir='ltr'><strong>iratae</strong></span> <span class='ocrx_word' id='word_1_769' title='bbox 3377 5198 3500 5238; x_wconf 74' lang='lat' dir='ltr'><strong>ant-</strong></span> 
     </span>
    </p>
   </div>
   <div class='ocr_carea' id='block_1_106' title="bbox 183 5279 3498 5354">
    <p class='ocr_par' dir='ltr' id='par_1_106' title="bbox 183 5279 3498 5354">
     <span class='ocr_line' id='line_1_106' title="bbox 183 5279 3498 5354; baseline -0.002 -16"><span class='ocrx_word' id='word_1_770' title='bbox 183 5296 514 5354; x_wconf 73' lang='lat' dir='ltr'><strong>pravorum</strong></span> <span class='ocrx_word' id='word_1_771' title='bbox 535 5281 772 5336; x_wconf 81' lang='lat' dir='ltr'><strong>societas</strong></span> <span class='ocrx_word' id='word_1_772' title='bbox 787 5280 964 5346; x_wconf 63' lang='lat' dir='ltr'><strong>laedat,</strong></span> <span class='ocrx_word' id='word_1_773' title='bbox 979 5280 1084 5336; x_wconf 77' lang='lat' dir='ltr'><strong>hac</strong></span> <span class='ocrx_word' id='word_1_774' title='bbox 1112 5294 1398 5351; x_wconf 82' lang='lat' dir='ltr'><strong>possumus</strong></span> <span class='ocrx_word' id='word_1_775' title='bbox 1420 5280 1704 5351; x_wconf 77' lang='lat' dir='ltr'><strong>perspicua</strong></span> <span class='ocrx_word' id='word_1_776' title='bbox 1727 5293 1817 5336; x_wconf 77' lang='lat' dir='ltr'><strong>ra-</strong></span> <span class='ocrx_word' id='word_1_777' title='bbox 1913 5283 2135 5341; x_wconf 67' lang='lat' dir='ltr'><strong>balanis</strong></span> <span class='ocrx_word' id='word_1_778' title='bbox 2167 5280 2504 5346; x_wconf 85' lang='lat' dir='ltr'><strong>inordinate,</strong></span> <span class='ocrx_word' id='word_1_779' title='bbox 2548 5283 2604 5336; x_wconf 85' lang='lat' dir='ltr'><strong>et</strong></span> <span class='ocrx_word' id='word_1_780' title='bbox 2649 5297 2758 5337; x_wconf 91' lang='lat' dir='ltr'><strong>non</strong></span> <span class='ocrx_word' id='word_1_781' title='bbox 2808 5280 3104 5338; x_wconf 75' lang='lat' dir='ltr'><strong>semdum</strong></span> <span class='ocrx_word' id='word_1_782' title='bbox 3149 5279 3498 5334; x_wconf 64' lang='lat' dir='ltr'><strong>traditionem</strong></span> 
     </span>
    </p>
   </div>
   <div class='ocr_carea' id='block_1_107' title="bbox 188 5366 3500 5446">
    <p class='ocr_par' dir='ltr' id='par_1_107' title="bbox 188 5366 3500 5446">
     <span class='ocr_line' id='line_1_107' title="bbox 188 5366 3500 5446; baseline -0.002 -16"><span class='ocrx_word' id='word_1_783' title='bbox 188 5379 354 5432; x_wconf 85' lang='lat' dir='ltr'><strong>tione</strong></span> <span class='ocrx_word' id='word_1_784' title='bbox 387 5373 675 5442; x_wconf 85' lang='lat' dir='ltr'><strong>colligere,</strong></span> <span class='ocrx_word' id='word_1_785' title='bbox 702 5374 830 5444; x_wconf 82' lang='lat' dir='ltr'><strong>quia</strong></span> <span class='ocrx_word' id='word_1_786' title='bbox 857 5373 1110 5429; x_wconf 86' lang='lat' dir='ltr'><strong>videlicet</strong></span> <span class='ocrx_word' id='word_1_787' title='bbox 1137 5387 1328 5427; x_wconf 89' lang='lat' dir='ltr'><strong>eorum</strong></span> <span class='ocrx_word' id='word_1_788' title='bbox 1359 5371 1452 5427; x_wconf 86' lang='lat' dir='ltr'><strong>alii</strong></span> <span class='ocrx_word' id='word_1_789' title='bbox 1481 5381 1609 5426; x_wconf 84' lang='lat' dir='ltr'><strong>sunt</strong></span> <span class='ocrx_word' id='word_1_790' title='bbox 1630 5387 1816 5428; x_wconf 75' lang='lat' dir='ltr'><strong>sacer-</strong></span> <span class='ocrx_word' id='word_1_791' title='bbox 1917 5386 2080 5446; x_wconf 79' lang='lat' dir='ltr'><strong>quam</strong></span> <span class='ocrx_word' id='word_1_792' title='bbox 2119 5369 2444 5427; x_wconf 78' lang='lat' dir='ltr'><strong>tradidimus</strong></span> <span class='ocrx_word' id='word_1_793' title='bbox 2469 5371 2623 5426; x_wconf 84' lang='lat' dir='ltr'><strong>vobis</strong></span> <span class='ocrx_word' id='word_1_794' title='bbox 2657 5371 2710 5442; x_wconf 81' lang='grc'><strong>(1</strong></span> <span class='ocrx_word' id='word_1_795' title='bbox 2717 5371 2744 5425; x_wconf 87' lang='grc'><em>1</em></span> <span class='ocrx_word' id='word_1_796' title='bbox 2778 5370 2955 5426; x_wconf 72' lang='lat' dir='ltr'><strong>Thess.</strong></span> <span class='ocrx_word' id='word_1_797' title='bbox 2990 5372 3098 5440; x_wconf 65' lang='lat' dir='ltr'><strong>tu).</strong></span> <span class='ocrx_word' id='word_1_798' title='bbox 3126 5385 3153 5422; x_wconf 74' lang='grc' dir='ltr'><strong><em>ο</em></strong></span> <span class='ocrx_word' id='word_1_799' title='bbox 3181 5367 3239 5423; x_wconf 84' lang='lat' dir='ltr'><strong>8i</strong></span> <span class='ocrx_word' id='word_1_800' title='bbox 3260 5381 3397 5439; x_wconf 74' lang='lat' dir='ltr'><strong>ergo</strong></span> <span class='ocrx_word' id='word_1_801' title='bbox 3416 5366 3500 5423; x_wconf 64' lang='lat' dir='ltr'><strong>ob</strong></span> 
     </span>
    </p>
   </div>
   <div class='ocr_carea' id='block_1_108' title="bbox 186 5459 3496 5535">
    <p class='ocr_par' dir='ltr' id='par_1_108' title="bbox 186 5459 3496 5535">
     <span class='ocr_line' id='line_1_108' title="bbox 186 5459 3496 5535; baseline -0.003 -11"><span class='ocrx_word' id='word_1_802' title='bbox 186 5468 370 5524; x_wconf 79' lang='lat' dir='ltr'><strong>dotali</strong></span> <span class='ocrx_word' id='word_1_803' title='bbox 414 5466 690 5521; x_wconf 79' lang='lat' dir='ltr'><strong>sententia</strong></span> <span class='ocrx_word' id='word_1_804' title='bbox 745 5477 916 5535; x_wconf 86' lang='lat' dir='ltr'><strong>nuper</strong></span> <span class='ocrx_word' id='word_1_805' title='bbox 949 5462 1421 5528; x_wconf 79' lang='lat' dir='ltr'><strong>excommunicati,</strong></span> <span class='ocrx_word' id='word_1_806' title='bbox 1454 5463 1545 5518; x_wconf 79' lang='lat' dir='ltr'><strong>alii</strong></span> <span class='ocrx_word' id='word_1_807' title='bbox 1577 5471 1816 5519; x_wconf 57' lang='lat' dir='ltr'><strong>tantum.</strong></span> <span class='ocrx_word' id='word_1_808' title='bbox 1915 5465 2008 5524; x_wconf 83' lang='lat' dir='ltr'><strong>his</strong></span> <span class='ocrx_word' id='word_1_809' title='bbox 2029 5463 2285 5520; x_wconf 79' lang='lat' dir='ltr'><strong>omnibus</strong></span> <span class='ocrx_word' id='word_1_810' title='bbox 2299 5461 2667 5532; x_wconf 70' lang='lat' dir='ltr'><strong>nosmetipsos</strong></span> <span class='ocrx_word' id='word_1_811' title='bbox 2691 5461 2950 5517; x_wconf 86' lang='lat' dir='ltr'><strong>debemus</strong></span> <span class='ocrx_word' id='word_1_812' title='bbox 2969 5469 3129 5516; x_wconf 79' lang='lat' dir='ltr'><strong>caute</strong></span> <span class='ocrx_word' id='word_1_813' title='bbox 3147 5459 3496 5524; x_wconf 79' lang='lat' dir='ltr'><strong>subtrahere,</strong></span> 
     </span>
    </p>
   </div>
   <div class='ocr_carea' id='block_1_109' title="bbox 183 5549 3500 5628">
    <p class='ocr_par' dir='ltr' id='par_1_109' title="bbox 183 5549 3500 5628">
     <span class='ocr_line' id='line_1_109' title="bbox 183 5549 3500 5628; baseline -0.002 -13"><span class='ocrx_word' id='word_1_814' title='bbox 183 5559 368 5615; x_wconf 80' lang='lat' dir='ltr'><strong>modo</strong></span> <span class='ocrx_word' id='word_1_815' title='bbox 402 5557 680 5612; x_wconf 79' lang='lat' dir='ltr'><strong>canonico</strong></span> <span class='ocrx_word' id='word_1_816' title='bbox 727 5559 1035 5610; x_wconf 84' lang='lat' dir='ltr'><strong>sanctorum</strong></span> <span class='ocrx_word' id='word_1_817' title='bbox 1067 5549 1287 5610; x_wconf 80' lang='lat' dir='ltr'><strong>Pstrum</strong></span> <span class='ocrx_word' id='word_1_818' title='bbox 1334 5553 1540 5624; x_wconf 81' lang='lat' dir='ltr'><strong>judicio</strong></span> <span class='ocrx_word' id='word_1_819' title='bbox 1568 5569 1816 5612; x_wconf 77' lang='lat' dir='ltr'><strong>commu-</strong></span> <span class='ocrx_word' id='word_1_820' title='bbox 1916 5569 2055 5628; x_wconf 84' lang='lat' dir='ltr'><strong>quos</strong></span> <span class='ocrx_word' id='word_1_821' title='bbox 2076 5568 2186 5612; x_wconf 82' lang='lat' dir='ltr'><strong>nou</strong></span> <span class='ocrx_word' id='word_1_822' title='bbox 2220 5555 2519 5610; x_wconf 75' lang='lat' dir='ltr'><strong>secundum</strong></span> <span class='ocrx_word' id='word_1_823' title='bbox 2553 5553 2902 5609; x_wconf 77' lang='lat' dir='ltr'><strong>trsditioncns</strong></span> <span class='ocrx_word' id='word_1_824' title='bbox 2938 5551 3292 5626; x_wconf 76' lang='lat' dir='ltr'><strong>apostolicam</strong></span> <span class='ocrx_word' id='word_1_825' title='bbox 3323 5554 3500 5608; x_wconf 64' lang='lat' dir='ltr'><strong>cerni»</strong></span> 
     </span>
    </p>
   </div>
   <div class='ocr_carea' id='block_1_110' title="bbox 185 5644 3499 5728">
    <p class='ocr_par' dir='ltr' id='par_1_110' title="bbox 185 5644 3499 5728">
     <span class='ocr_line' id='line_1_110' title="bbox 185 5644 3499 5728; baseline -0 -25"><span class='ocrx_word' id='word_1_826' title='bbox 185 5655 365 5710; x_wconf 75' lang='lat' dir='ltr'><strong>nione</strong></span> <span class='ocrx_word' id='word_1_827' title='bbox 391 5649 674 5722; x_wconf 81' lang='lat' dir='ltr'><strong>privandi.</strong></span> <span class='ocrx_word' id='word_1_828' title='bbox 696 5649 802 5704; x_wconf 86' lang='lat' dir='ltr'><strong>Sed</strong></span> <span class='ocrx_word' id='word_1_829' title='bbox 832 5650 900 5704; x_wconf 87' lang='lat' dir='ltr'><strong>de</strong></span> <span class='ocrx_word' id='word_1_830' title='bbox 930 5649 1014 5702; x_wconf 86' lang='lat' dir='ltr'><strong>his</strong></span> <span class='ocrx_word' id='word_1_831' title='bbox 1046 5650 1137 5717; x_wconf 87' lang='lat' dir='ltr'><strong>qui</strong></span> <span class='ocrx_word' id='word_1_832' title='bbox 1161 5660 1338 5718; x_wconf 88' lang='lat' dir='ltr'><strong>nuper</strong></span> <span class='ocrx_word' id='word_1_833' title='bbox 1354 5651 1813 5708; x_wconf 62' lang='lat' dir='ltr'><strong>encommunicsti</strong></span> <span class='ocrx_word' id='word_1_834' title='bbox 1916 5663 2037 5706; x_wconf 82' lang='lat' dir='ltr'><strong>mus</strong></span> <span class='ocrx_word' id='word_1_835' title='bbox 2065 5645 2376 5713; x_wconf 76' lang='lat' dir='ltr'><strong>ambulare;</strong></span> <span class='ocrx_word' id='word_1_836' title='bbox 2401 5647 2592 5718; x_wconf 83' lang='lat' dir='ltr'><strong>quanti</strong></span> <span class='ocrx_word' id='word_1_837' title='bbox 2624 5645 2678 5700; x_wconf 89' lang='lat' dir='ltr'><strong>in</strong></span> <span class='ocrx_word' id='word_1_838' title='bbox 2703 5645 2791 5700; x_wconf 82' lang='lat' dir='ltr'><strong>illo</strong></span> <span class='ocrx_word' id='word_1_839' title='bbox 2820 5644 3068 5701; x_wconf 72' lang='lat' dir='ltr'><strong>saeculari</strong></span> <span class='ocrx_word' id='word_1_840' title='bbox 3095 5655 3387 5728; x_wconf 58' lang='lat' dir='ltr'><strong>supersunt</strong></span> <span class='ocrx_word' id='word_1_841' title='bbox 3411 5659 3499 5703; x_wconf 60' lang='lat' dir='ltr'><strong>ore</strong></span> 
     </span>
    </p>
   </div>
   <div class='ocr_carea' id='block_1_111' title="bbox 532 5741 3041 5812">
    <p class='ocr_par' dir='ltr' id='par_1_111' title="bbox 532 5741 3041 5812">
     <span class='ocr_line' id='line_1_111' title="bbox 532 5741 3041 5812; baseline 0.009 -12"><span class='ocrx_word' id='word_1_842' title='bbox 532 5742 806 5802; x_wconf 71' lang='grc' dir='ltr'>ΡΑτιιοι..</span> <span class='ocrx_word' id='word_1_843' title='bbox 847 5745 1090 5812; x_wconf 69' lang='lat' dir='ltr'><strong>CXLV.</strong></span> <span class='ocrx_word' id='word_1_844' title='bbox 1855 5810 1857 5812; x_wconf 79' lang='lat'><strong>.</strong></span> <span class='ocrx_word' id='word_1_845' title='bbox 3001 5741 3041 5803; x_wconf 79' lang='grc'><strong>9</strong></span> 
     </span>
    </p>
   </div>
  </div>
