3994 6190
478 185 581 238 267

941 183 998 238 S.
1028 182 1229 238 PETRI
1273 182 1556 269 DAMlANl
1591 184 1740 240 OPP.
1773 183 2008 240 TOMUS
2049 183 2180 239 SEU
2226 183 2405 239 PARS
2444 180 2528 240 Ill.
2561 216 2628 224 -
2655 182 3038 242 OPUSCULA'
3063 185 3290 242 νΑιιιΑ.

3654 194 3768 251 268

475 307 626 364 diue.
655 303 1013 372 elutrquibus
1041 304 1246 370 absque
1282 302 1524 371 pericqu
1562 301 1837 356 valcamus
1867 313 2064 357 eontu-
2095 309 2141 366 Α
2174 300 2409 354 vestium
2454 300 2508 353 in
2567 315 2730 353 unam
2785 301 3052 371 prodigit,
3113 309 3168 354 et
3216 301 3764 373 proximum-suum,

428 435 433 439 μ
477 395 725 448 her-nium
776 392 1161 446 familiaritatis
1216 391 1456 444 habere!
1515 390 1685 445 Porro
1741 400 1918 445 autem
1970 393 2063 460 qui

444 483 770 554 ‘apostolica
824 482 1114 541 traditione
1162 491 1496 552 contempta,
1543 483 1704 538 aliam
1759 483 2061 538 doctrinam

475 579 589 631 sive
617 574 1052 646 dogmatizando,
1077 573 1192 628 sive
1219 573 1449 627 vivendo
1477 574 1898 642 superindnccre
1941 575 2066 628 uiti-

479 667 909 733 tnr,.'orthodoxi
941 677 995 720 et
1027 665 1263 736 religiosi
1296 667 1397 720 viri
1429 665 1935 735 perfrui-consortio
1957 683 2063 720 non

479 771 736 836 meretur,
790 759 1034 830 apostolo
1087 775 1303 830 quoque
1352 758 1560 813 Joanne
1609 768 1940 836 attest‘ante,
1972 762 2061 830 qui

477 854 548 907 ait
582 831 602 905 ε’
633 873 650 902 ‹
687 852 743 905 Si
775 852 896 920 quis
926 851 1074 906 venit
1100 851 1180 904 ad
1213 858 1406 914 vos,.et
1448 850 1589 904 hanc
1618 827 2062 910 doctriuamnon

475 945 653 1008 affert,
677 945 843 999 nolite
861 946 1115 1012 recipere
1144 957 1268 998 eum
1291 943 1342 996 in
1367 943 1677 1007 domo,,nec
1704 943 1818 998 Ave
1842 945 1889 998 ei
1909 943 2061 998 dixe—

477 1037 596 1090 ritis
616 1053 630 1099 ;
651 1035 739 1103 qui
760 1036 900 1088 enim
919 1032 1135 1088 dicitilli
1153 1034 1286 1098 Ave,
1306 1034 2065 1104 communicatoperibuscjus

476 1124 822 1196 malignisUl
852 1125 1013 1178 Jomt.
1055 1121 1731 1193 13).),Quibusnimirum
1755 1125 2086 1195 apostolico,

473 1221 721 1275 veritatis
746 1217 994 1272 instructi
1021 1217 1307 1271 sententiis
1323 1217 1725 1274 evidentissime
1747 1217 2064 1286 comproba-

472 1326 612 1375 mus,
629 1291 858 1380 quiaqui
876 1323 997 1362 cum
1013 1307 1295 1362 sceleratis
1309 1306 1614 1360 hominibus
1627 1297 1916 1364 carnaliter
1931 1307 2066 1360 ami-

469 1405 626 1459 citias
663 1403 923 1472 jungunt.
943 1400 1114 1454 alieni
1143 1410 1327 1453 reatus
1357 1399 1647 1468 participes
1670 1398 1837 1464 fiunt;
1867 1409 2064 1455 etcum

469 1496 576 1549 illis
593 1493 752 1548 simul
777 1503 1035 1546 extremae
1053 1489 1553 1559 ultioniscogunutr
1574 1490 1756 1544 subire
1774 1490 2064 1560 judicium,

467 1602 592 1650 cum
637 1586 833 1654 quibus
860 1593 1038 1640 tamen
1070 1585 1132 1639 in
1173 1583 1415 1639 hacxita
1446 1583 1606 1638 simul
1647 1599 1764 1642 non
1795 1583 2067 1640 admisere

475 1685 782 1747 peccatum.
834 1727 838 1730 _

1070 1766 1296 1822 CAPUT
1335 1765 1450 1821 XV.

561 1860 938 1922 Dammae/iis
969 1861 1058 1934 qui
1086 1860 1328 1930 pretiosis
1359 1859 1582 1914 vestibus
1612 1857 1955 1913 delectantur.

495 1994 504 2003 .
536 1951 648 2006 lloc
695 1953 867 2005 etiam
897 1951 1112 2016 vitiutn,
1164 1951 1309 2020 quod
1346 1949 1600 2008 videlicet
1628 1947 1741 2017 jam
1782 1947 2054 2017 persecuti

464 2061 668 2110 sumus,
705 2046 1098 2100 discurrentem
1155 2042 1486 2097 monachum
1533 2027 1881 2094 familiariter
1905 2039 2081 2114 obsi-_

470 2142 576 2206 iter,
599 2141 726 2210 quia
744 2137 1002 2209 profecto
1029 2152 1309 2207 nunquam
1346 2135 1424 2192 sic
1459 2137 1525 2190 ad
1555 2151 1748 2206 purum
1775 2135 1918 2190 valet
1941 2151 1971 2188 a
1999 2149 2080 2190 se,

465 2228 1264 2301 lepram.vicosa:,proprictat_is
1319 2235 1594 2292 excutere,
1625 2226 1754 2296 quin
1805 2225 1907 2282 sibi
1958 2240 2055 2280 ne-

481 2325 761 2380 :essariutn
788 2318 1492 2390 videamr,quamtumlibet
1511 2317 1654 2388 apud
1685 2332 1742 2370 se
1769 2315 2056 2371 occasione

470 2415 676 2481 ,tin'eris
691 2413 855 2484 259
883 2412 1136 2466 retinere.
1171 2409 1305 2464 llinc
1333 2406 1494 2462 etiam
1517 2407 1879 2478 pretiosarmu
1903 2421 2058 2458 amor

464 2507 690 2576 vestium
717 2505 982 2566 nascitur,
1006 2517 1072 2556 ne
1103 2501 1350 2555 videlicet
1384 2500 1438 2553 in
1471 2498 1746 2570 publicum
1773 2497 2054 2568 prodiens,

461 2595 806 2666 despicabilis
834 2608 954 2648 esse
969 2593 1234 2652 videatur.
1253 2590 1636 2646 Verumtamen
1663 2589 1790 2644 dum
1820 2587 2057 2642 exterio-

464 2691 540 2744 ris
558 2686 862 2748 indumenti
881 2685 1410 2756 phaleradqumritur,
1435 2693 1630 2736 cuncta
1657 2681 1937 2736 interioris
1959 2682 2056 2734 ho-

463 2778 628 2832 minis
648 2776 971 2846 compositio
995 2775 1309 2844 dissipatur.
1331 2773 1454 2827 llaec
1470 2781 1649 2828 autem
1669 2772 1876 2827 insania
1893 2771 2053 2836 falsa,

465 2869 653 2924 nescio
668 2866 1058 2938 qtmpacto,.ita
1075 2863 1556 2940 pet-verscmentis
1585 2862 1770 2918 oculos
1787 2873 1978 2930 caecat,
1999 2871 2055 2916 ut

461 2976 562 3014 nec
612 2976 733 3029 qua:
763 2959 905 3028 apud
949 2959 1196 3012 homines
1227 2958 1482 3010 honestas
1513 2955 1603 3020 sit,
1631 2954 1844 3020 videat;
1879 2969 2053 3024 neque

2166 405 2327 458 quem
2359 389 2500 444 sicut
2523 390 2872 459 semetipsum
2905 390 3402 457 atnare‘debuerat,
3432 392 3483 445 in
3517 409 3612 446 sua
3663 409 3766 451 nu-

2167 479 2336 532 ditate
2362 470 2642 548 relinquit.

2237 568 2343 625 Sed
2370 571 2473 624 hoc
2519 571 2685 625 distat
2738 583 2880 626 tuter
2933 572 3067 627 istos
3094 575 3466 639 .euemniatos,
3509 575 3765 635 videlicet

2168 663 2486 729 monachos,
2502 673 2554 718 et
2572 663 2691 718 illos
2717 665 3024 734 hypocritas
3041 665 3176 736 quos
3202 667 3553 739 Evangeliqu
3576 680 3759 739 uetat;

2164 751 2288 820 quia
2324 752 2420 816 illi,
2453 763 2588 808 teste
2628 755 2888 821 Veritate,
2917 757 3142 811 veniunt
3169 757 3235 811 ad
3259 775 3358 812 nos
3379 759 3437 813 in
3470 764 3762 820 vestimen-

2167 843 2236 896 tis
2280 843 2485 911 ovium,
2550 845 2878 900 intrinsecus
2935 858 3114 902 autem
3181 859 3309 903 sunt
3370 850 3477 922 lupi
3538 871 3763 924 rapaces

2165 933 2381 1004 (illati/3.
2414 936 2544 1009 vn);
2574 938 2661 993 isti
2692 947 2872 994 autem
2907 941 3052 996 intus
3083 953 3242 998 vento
3267 960 3417 998 vanae
3438 947 3624 1016 gloria:
3645 966 3762 1004 cre-

2165 1026 2418 1094 pantibus
2449 1027 2610 1082 ilibus
2674 1030 3061 1098 intumescunt,
3114 1031 3246 1088 foris
3281 1042 3462 1090 autem
3516 1038 3570 1092 in
3610 1051 3762 1096 veste

2168 1119 2390 1185 rapiam,
2419 1119 2561 1174 sicut
2591 1121 2876 1190 probatum
2903 1132 3007 1188 est,
3033 1139 3098 1182 ac
3124 1139 3221 1194 per
3249 1126 3351 1180 hoe
3378 1127 3429 1180 in
3476 1139 3627 1184 veste
3645 1129 3764 1186 'lu-

2166 1226 2357 1280 porum
2416 1223 2739 1284 arroganter
2788 1214 3067 1270 incedunt.
3103 1216 3290 1286 Itaque
3341 1234 3464 1274 cum
3502 1220 3763 1278 Dominus

2166 1307 2232 1359 de
2252 1304 2462 1360 Joanne
2487 1307 2630 1361 dicat
2653 1307 2884 1363 Judaeis:
2924 1329 2942 1359 ι
2980 1310 3118 1376 Quid
3153 1313 3342 1366 existis
3388 1313 3612 1370 videre?
3656 1317 3758 1372 ho-

2169 1397 2366 1452 minem
2395 1397 2644 1452 mollibus
2664 1402 2956 1455 vestitum?
2988 1404 3125 1457 Ecce
3162 1406 3255 1474 qui
3288 1406 3536 1462 mollibus
3590 1412 3758 1466 vesti-

2144 1498 2355 1556 ..uutur,
2386 1489 2438 1543 iu
2461 1489 2712 1546 domibus
2762 1509 2945 1562 regum
2975 1505 3098 1549 sunt
3131 1496 3362 1565 (Matth.
3391 1501 3512 1568 tu);
3553 1520 3571 1552 ι
3631 1517 3763 1571 pro-

2167 1579 2308 1636 fecto
2336 1584 2656 1648 monachus,
2685 1585 2775 1655 qui
2803 1584 3030 1654 nitorem
3051 1589 3302 1658 pretiosa:
3324 1594 3494 1648 vestis
3511 1593 3758 1661 ail‘ecttu,

2091 1683 2272 1742 Bmon
2298 1674 2739 1746 spperniﬂcgis,
2770 1678 2864 1732 sed
2889 1679 3076 1734 mundi
3119 1679 3276 1748 hujus
3326 1682 3574 1737 militiam
3605 1685 3760 1754 huju-

2160 1764 2238 1819 lat
2276 1780 2290 1823 :
2332 1775 2384 1820 et
2419 1765 2548 1820 licet
2595 1767 2843 1823 videatur
2886 1770 3227 1840 specieteuus
3285 1771 3394 1828 Deo
3433 1789 3546 1828 sua:
3574 1778 3758 1845 quasi

2075 1916 2080 1924 ,
2158 1860 2483 1916 obcdientiaa
2527 1878 2722 1917 mumts
2753 1862 2984 1930 oﬂcrre,
3039 1865 3134 1920 sed
3165 1876 3359 1935 aperte
3391 1868 3755 1932 convincitur.

2160 1951 2456 2008 lmmanum
2473 1953 3060 2023 .captaudofavorem,
3079 1972 3230 2012 vana:
3269 1956 3451 2028 glorise
3486 1961 3759 2017 veraciter

2159 2044 2455 2114 deservire.
2474 2044 2686 2114 -Porro
2707 2055 2888 2104 autem
2902 2049 2982 2102 ηεξ
3001 2095 3004 2100 .
3024 2049 3129 2104 sub
3175 2050 3400 2106 obtentu
3429 2051 3758 2108 obedientiam

2159 2133 2284 2188 licet
2309 2134 2562 2189 mollibus
2583 2135 2754 2212 indui,
2777 2137 2864 2193 cui
2895 2139 3069 2206 potuit
3101 2139 3213 2194 hare
3240 2142 3488 2196 remissio
3509 2137 3755 2199 libet-iuri

2158 2227 2565 2298 dispensatione
2587 2231 3022 2302 concedi,,_quam
3038 2233 3098 2288 Β.
3121 2233 3338 2301 Joanui,
3365 2237 3456 2304 qui
3479 2238 3754 2308 pra-cipue

2157 2321 2726 2390 obscquclacdonatus
2754 2322 2952 2392 ollicio,
2983 2338 3209 2390 venerat
3246 2329 3408 2384 corda
3437 2340 3652 2400 patrum
3695 2331 3750 2385 in

2159 2413 2296 2469 filios
2344 2431 2482 2470 nova
2523 2417 2911 2486 prtedicationc
2971 2430 3316 2486 convertere,
3361 2430 3416 2475 et
3447 2421 3749 2491 perfectam

2157 2504 2366 2574 plebem
2414 2507 3231 2580 ChristoDominqpraeparare
3279 2511 3449 2582 (Luc...
3477 2513 3569 2584 t)?
3601 2512 3750 2569 Nun-

2156 2596 2288 2665 quid
2317 2596 2506 2666 etjpsc
2537 2597 3106 2671 D.omiuus_,providere
3119 2602 3220 2656 sibi
3247 2603 3615 2659 calceamcnta
3639 2622 3747 2662 non

2156 2686 2354 2754 potuit,
2378 2688 2551 2760 260
2575 2689 3228 2762 cujusgentilisjpcrlidia
3250 2691 3363 2748 sola
3391 2694 3535 2748 inter.
3562 2711 3625 2752 se
3653 2711 3766 2764 ves

2155 2780 2410 2834 stimenta
2435 2783 2658 2837 divisit?
2681 2783 2815 2838 Nam
2845 2785 2889 2838 si
2916 2785 2962 2840 ei
2989 2787 3611 2846 minime-calce.tmenta
3649 2779 3752 2846 de-

2153 2881 2361 2938 essent,
2378 2874 2443 2928 de
2458 2874 2564 2929 illis
2577 2876 2926 2932 etiautsacrze
2949 2877 3376 2935 bistoriaaseries
3393 2895 3498 2935 non
3519 2890 3746 2937 taceret.

2710 2967 2954 3024 CAPUT
2991 2968 3133 3025 XVI.

461 3052 602 3106 "nde
625 3050 769 3119 ³9υά
786 3049 962 3104 Dem“
993 3047 1112 3118 ‘l"is
1137 3047 1338 3101 durius
1370 3045 1551 3110 "meri.
1566 3046 1758 3116 Ροεείῐο
1785 3047 2049 3100 ειῑίθηάίιιο
2081 3046 2130 3107 C
2155 3056 2312 3123 Quod
2356 3058 2489 3116 sicut
2510 3060 2740 3129 pretiosa
2768 3063 2924 3115 restis
2951 3063 3020 3114 ad
3040 3065 3205 3126 iram,
3236 3064 3308 3118 ita
3323 3066 3747 3121 .ltumilisﬂctun

462 3143 528 3200 Et
556 3157 742 3198 revera
777 3141 1118 3212 insania‘est,
1145 3147 1199 3193 et
1248 3137 1382 3194 falsa
1424 3146 1531 3191 est.
1564 3136 1815 3192 lnsauum
1848 3137 2046 3206 quippe

456 3245 562 3300 est,
578 3233 772 3290 occulti
789 3232 998 3298 arbitri,
1009 3232 1276 3302 judicium
1299 3231 1660 3300 superbiendo
1675 3239 2044 3295 contemnere,

456 3335 512 3377 et
559 3325 777 3378 lutmaui
837 3323 1040 3377 favoris
1089 3337 1277 3375 auram
1333 3321 1564 3376 molliori
1601 3330 1752 3376 veste
1799 3329 2042 3391 captare.

457 3417 674 3471 Falsum
706 3430 836 3471 vero
879 3424 983 3488 est,
1012 3414 1139 3484 quia
1165 3412 1314 3468 unde
1338 3413 1525 3473 oculos
1555 3413 1776 3483 superni
1813 3399 2070 3483 Specta?

459 3509 596 3562 toris
616 3506 862 3570 olfendit.
897 3506 1020 3561 inde
1047 3506 1208 3558 etiam
1249 3504 1600 3560 nihilominus
1630 3505 1769 3574 apud
1796 3504 2046 3562 humana:

457 3597 876 3669 existimationis
903 3595 1165 3664 judicium
1195 3596 1374 3662 cadit;
1407 3605 1464 3650 et
1493 3611 1692 3666 ex.qua
1721 3611 1779 3650 re
1814 3597 2048 3651 homini-

455 3690 558 3745 bus
600 3691 768 3745 videri
819 3688 1018 3744 clarior
1060 3688 1294 3759 appetit,
1341 3702 1408 3741 ex
1440 3702 1504 3742 ea
1554 3703 1614 3742 se
1644 3689 2067 3762 quodammodo

457 3788 712 3842 dentibus
762 3785 991 3856 publica:
1047 3785 1460 3840 obtrectationis
1504 3784 1761 3855 exponit;
1812 3798 2047 3856 eumque

453 3883 601 3936 nitor
651 3880 949 3944 indumenti
995 3880 1060 3933 ad
1091 3878 1407 3934 intuendum
1445 3892 1505 3933 se
1548 3866 2066 3947 oculosprovocat,_

454 3975 666 4044 linguas
696 3974 859 4028 etiam
891 3973 964 4036 ad,
981 3973 1314 4042 carpendum
1349 3972 1510 4034 hunc,
1543 3970 1632 4039 qui
1655 3970 1920 4038 induitur,
1947 3970 2064 4034 de:

455 4067 795 4136 rogationum
853 4064 1075 4133 spiculis
1121 4073 1316 4116 armat.
1365 4061 1500 4129 Quis
1528 4062 1678 4116 enim
1719 4063 2043 4116 mortacbum

455 4157 706 4217 mollibus
728 4155 975 4210 indutum
1007 4154 1208 4220 videat,
1237 4164 1292 4206 et
1331 4169 1437 4208 tton
1469 4155 1716 4223 protinus
1741 4153 1910 4218 illum
1959 4154 2062 4208 di—.

454 4249 578 4302 vino
604 4261 832 4301 vacuum
877 4244 1089 4314 spiritu,
1119 4244 1350 4298 terrenis
1393 4245 1594 4312 potius,
1623 4259 1784 4313 quam
1813 4244 2046 4299 coelesti-

453 4339 556 4393 bus
606 4337 820 4392 inhiare
849 4336 1146 4391 decernat?
1173 4335 1302 4401 Quae
1348 4336 1494 4389 enim
1524 4335 1595 4390 sit
1623 4350 1778 4390 meus
1799 4350 1866 4389 ex
1895 4345 2044 4390 veste

2539 3133 2609 3183 ad
2641 3130 3019 3202 indulgentiam
3049 3147 3315 3204 provocat.

2190 3243 2333 3298 .Bex
2347 3244 2539 3302 Ninivc
2559 3261 2798 3317 purpura
2827 3246 3050 3308 indutus
3073 3250 3310 3318 propria:
3331 3250 3751 3311 civitatiscxci-

2146 3333 2551 3402 diumgtneruit;
2607 3346 2896 3409 coopertus
2949 3353 3112 3394 sacco
3156 3341 3323 3395 divini
3374 3340 3574 3402 furoris
3619 3357 3748 3396 meo

2145 3436 2258 3482 tum
2274 3428 2491 3484 contriti
2515 3428 2697 3484 cordis
2715 3427 3021 3484 humilitate
3044 3428 3440 3500 placavitutm.
3471 3428 3576 3499 ui).
3601 3430 3755 3494 Eze-

2146 3518 2298 3575 chias
2321 3533 2544 3589 quoque
2567 3519 2713 3574 cultu
2746 3521 2902 3591 regio
2949 3520 3260 3586 decoratus,
3295 3521 3568 3576 terribiles
3599 3522 3764 3591 regis,

2144 3611 2710 3682 Assyriorumminas
2768 3610 3120 3668 tremefactus
3173 3612 3415 3678 audivit;
3468 3613 3566 3667 sed
3615 3627 3760 3666 mox

2145 3701 2342 3771 utipse
2371 3700 2550 3756 cilicio
2588 3701 2811 3770 tegitur,
2855 3701 3148 3772 eilieioque
3189 3711 3470 3760 conlectos
3501 3703 3569 3755 ad
3610 3717 3750 3771 pro-

2148 3793 2366 3863 phetam
2416 3793 2636 3850 mittere
2661 3794 2882 3856 nuntios
2913 3794 3286 3858 nouerubuit,
3324 3796 3642 3873 propinquae
3665 3794 3750 3848 di-

2147 3884 2576 3948 vinarvictorite,
2605 3894 2663 3941 et
2701 3893 2898 3963 Optata;
2932 3887 3312 3956 prosperitatis
3345 3886 3624 3942 oraculum
3658 3903 3758 3941 re—

2147 3977 2384 4048 portavit
2435 3977 2561 4046 (ιγ
2590 3977 2720 4048 Reg.
2752 3977 2902 4049 XIX).
2933 3980 3066 4045 Qua:
3115 3979 3374 4035 nimirum
3427 3980 3750 4050 promissio,

2150 4070 2438 4140 Scriptura
2465 4078 2621 4132 teste.
2652 4068 2886 4128 celerem
2920 4071 3175 4140 pervenit
3228 4069 3295 4126 ad
3340 4071 3572 4126 exitum.
3606 4070 3752 4126 Nam

2149 4176 2280 4217 ecce
2334 4160 2560 4231 angelus
2618 4160 2831 4216 Domini
2890 4171 3108 4217 centum
3158 4163 3435 4232 oct0ginta
3497 4162 3762 4232 quinque

2149 4253 2314 4308 millia
2355 4253 2703 4323 Assyriorum
2755 4270 2859 4308 una
2892 4264 3054 4309 nocte
3083 4255 3373 4324 percussit,
3417 4256 3615 4310 deinde
3659 4257 3755 4323 ip-

2148 4359 2267 4397 sum
2329 4342 2702 4397 Seruiacherib
2755 4357 2938 4412 regem
2983 4352 3211 4411 uterque
3245 4343 3390 4397 titius
3427 4343 3760 4412 parricidali

453 4429 750 4498 colligitur,
786 4436 840 4482 et
861 4427 1015 4496 juxta
1040 4428 1366 4482 exteriorem
1397 4426 1602 4480 cultum
1630 4441 1752 4495 qua:
1777 4426 1847 4480 sit
1872 4425 2046 4501 iutcu-
2075 4406 2124 4466 Ῐ)
2149 4435 2388 4503 quidem,
2417 4433 2512 4488 sed
2539 4434 2701 4503 digno
2734 4406 2914 4502 gladio
2947 4406 3238 4490 trucidavit
3265 4406 3489 4504 (ίὺὶάξ),

454 4521 616 4576 tionis
640 4519 852 4590 species
871 4519 1167 4590 judicatur.
1195 4518 1346 4585 Quod
1374 4518 1631 4572 nimirum
1657 4534 1782 4572 cum
1813 4533 2045 4589 evange-

454 4616 553 4668 lira
579 4613 906 4670 auctoritate
932 4613 1247 4676 concordat,
1287 4627 1410 4667 cum
1443 4612 1645 4668 dicitur
1678 4630 1690 4664 :
1727 4630 1745 4662 σ
1782 4613 1826 4664 A
1854 4611 2043 4666 fructi~

451 4707 550 4762 bus
577 4722 764 4766 eorum
794 4705 1136 4776 cognoscetis
1159 4721 1252 4764 eos
1282 4703 1498 4773 (Matth.
1523 4705 1642 4773 vn).
1671 4724 1690 4756 ι
1721 4703 2040 4773 Quanquam

454 4800 539 4853 isti
589 4814 694 4853 non
727 4799 947 4853 veniant
995 4798 1062 4852 ad
1111 4812 1210 4852 nos
1258 4814 1382 4852 cum
1431 4797 1766 4854 vestimentis
1823 4797 2038 4862 ovium;

450 4888 888 4958 quandoquidem
914 4889 1295 4946 vestimentum
1326 4890 1510 4945 ovium
1533 4889 1699 4946 vestis
1734 4899 1819 4944 est
1861 4889 2039 4944 humi--

451 4981 621 5038 litatis
658 4989 714 5034 et
755 4980 1100 5046 innocentiae,
1141 4997 1247 5036 non
1298 4982 1626 5050 arrogantia:
1675 4981 1758 5036 vel
1813 4981 2050 5051 rapinae.-

449 5075 544 5131 Illa
569 5085 752 5131 autem
783 5077 1209 5145 vestis.rapin:e
1234 5090 1356 5132 esse
1385 5091 1491 5132 non
1523 5074 1796 5130 immerito
1833 5091 2040 5134 nuncu-

449 5178 628 5239 patur,
653 5182 776 5238 qua:
802 5167 1052 5232 duarum,
1069 5165 1150 5220 vel
1175 5165 1340 5222 etiam
1373 5166 1539 5220 trium
1577 5165 1806 5223 vestium
1828 5180 2048 5229 summa

448 5244 735 5316 eoeinitur.
760 5259 982 5329 Rapina:
1011 5272 1246 5328 namque
1273 5257 1448 5313 scelus
1470 5256 1726 5321 admittit,
1753 5257 1847 5326 qui
1885 5273 2039 5319 vana:

447 5353 634 5422 gloriae
664 5353 883 5408 deditus
905 5351 1065 5406 insui
1093 5352 1340 5421 corporis
1365 5351 1740 5406 indumentum
1779 5349 1926 5406 solus
1953 5351 2040 5406 iu-

450 5445 806 5509 sttmit,.unde
831 5454 886 5499 et
914 5443 1142 5498 fratrem
1178 5458 1335 5497 suum
1366 5457 1552 5497 secum
1573 5450 1861 5512 contegere
1889 5457 2044 5502 corna

451 5534 690 5587 numiter
751 5536 949 5603 potuit.
995 5533 1500 5606 Rapinamprocul
1539 5533 1703 5590 dubio
1741 5543 2049 5604 perpetrat,

451 5621 544 5674 uni
570 5623 692 5675 vani
723 5621 946 5708 honoris
961 5624 1156 5680 ardore
1176 5637 1495 5692 succensus,
1515 5623 1742 5679 duarum
1766 5623 2042 5694 impensas

2226 4521 2385 4578 Vides
2417 4523 2581 4593 igitur
2600 4524 2742 4592 apud
2766 4523 2936 4578 Deum
2965 4533 3231 4593 quantum
3269 4525 3435 4578 vestis
3459 4522 3605 4589 ﬂuxa
3660 4526 3766 4579 di-

2149 4625 2258 4670 stet
2283 4615 2353 4670 ab
2377 4630 2596 4684 aspera.
2623 4613 2943 4686 Perpendis,
2993 4615 3122 4686 quia
3152 4631 3312 4685 quem
3341 4617 3539 4671 iratum
3568 4632 3766 4686 expr—

2151 4705 2246 4759 riri
2263 4704 2493 4760 delicata
2519 4714 2830 4769 meruerat,
2853 4705 2975 4762 vilis
2995 4715 3051 4760 et
3072 4706 3281 4777 a‘ltjeeta
3309 4707 3475 4762 vessis
3496 4705 3766 4775 judicent

2150 4797 2358 4866 placat;
2392 4805 2447 4851 et
2471 4811 2633 4865 quem
2686 4796 3016 4866 plectibilem
3067 4798 3152 4852 illa
3209 4797 3541 4861 reddiderat,
3581 4801 3772 4856 venia

2146 4888 2366 4958 dignum
2391 4887 2493 4942 ista
2524 4887 2890 4942 commendat.
2919 4886 3086 4956 Cujus
3107 4898 3286 4942 autem
3312 4888 3568 4942 momenti
3596 4895 3774 4958 apud

2146 4975 2316 5030 Deum
2343 4976 2569 5030 vestiunt
2602 4975 2675 5028 sit
2702 4977 3214 5047 ornatus,egregius
3239 4975 3322 5030 illa
3347 4977 3774 5046 prophetarum

2145 5066 2314 5122 Isaias
2365 5066 2645 5122 evidenter
2689 5067 2948 5132 ostendit,
3015 5069 3108 5136 qui
3140 5069 3397 5120 nimirum
3427 5069 3494 5121 ad
3541 5068 3778 5126 divina:

2141 5158 2400 5228 jussionis
2424 5157 2708 5227 imperium
2739 5160 3060 5224 vestimenta
3080 5159 3352 5228 deposuit,
3380 5170 3541 5230 etper
3573 5161 3776 5218 trium

2146 5267 2411 5308 annorum
2450 5252 2686 5322 Spatium
2739 5253 2939 5319 nudus,
2970 5261 3027 5308 et
3069 5252 3432 5308 discalceatus
3490 5253 3777 5312 incessit-

2145 5343 2446 5398 Erubescat
2475 5343 2882 5412 igiturltumana
2907 5344 3185 5414 superbia,
3200 5341 3569 5410 ronftindatur
3586 5360 3788 5404 me..s.

2147 5436 2346 5491 misera
2378 5451 2531 5492 vana:
2553 5435 2746 5506 gloria:
2778 5446 2932 5506 peste
2953 5445 3231 5506 corrupta,
3267 5437 3392 5492 dum
3426 5435 3513 5490 ille
3539 5437 3782 5496 viden-

2145 5537 2232 5584 cet
2257 5543 2522 5598 organum
2543 5527 2968 5598 Dei,,templum
2999 5527 3237 5599 Spiritus
3286 5530 3483 5594 sancti,
3533 5531 3794 5594 (“ﬁnge

2138 5623 2363 5696 iustitia:
2394 5622 2726 5696 propalator,
2753 5639 2860 5680 non
2890 5624 3159 5688 dubitavit
3184 5625 3399 5695 publice
3431 5627 3612 5683 nudus
3648 5628 3793 5686 in-
