3996 6184
199 344 306 404 289

1084 344 1325 404 orusc.
1354 346 1470 402 xu.
1504 378 1571 388 —
1600 346 1689 403 ne
1725 342 2144 405 comesum
2189 341 2481 405 sucum.

3340 339 3388 397 τε
3394 343 3458 399 70

197 474 413 519 eccere.
447 459 510 516 Et
540 458 723 516 infelix
746 460 930 527 homo,
961 477 1136 531 quine
1162 463 1327 518 ullum
1345 464 1559 534 quidem
1582 465 1782 520 meruit
1810 466 1857 526 A
1884 478 1971 532 pe,
2029 464 2183 533 quasi
2238 463 2483 533 quaedam
2530 457 2836 532 negotiandi
2877 460 3103 515 materia
3158 475 3212 514 in
3274 460 3456 516 medio

200 555 396 613 divina:
424 553 805 609 familiaritatis
829 553 1115 619 indicium,
1158 558 1593 625 superstitiosum
1643 557 1772 612 laci.

200 648 366 704 niosa:
386 647 552 701 vestis
574 644 791 700 allectat
821 655 1106 711 ornatum;
1133 654 1188 700 et
1213 644 1339 700 dum
1369 646 1508 702 male
1530 648 1781 705 colorata:

198 739 367 795 vestis
416 736 569 791 fucos
620 736 882 801 induitur,
910 735 1149 792 lubricus
1193 739 1361 808 aspici
1394 756 1423 795 a
1466 742 1777 811 semetipso,

199 829 420 900 superni
463 826 834 898 Speculatoris
862 828 1048 882 oculos
1071 844 1175 883 non
1206 840 1426 885 veretur
1458 835 1650 887 averti.
1701 833 1779 888 Ita

199 936 324 975 sane
353 920 485 974 dum
518 919 891 973 indumentum
925 919 1053 974 illud
1095 924 1419 992 arrogantia:
1468 926 1568 979 sub
1597 925 1778 980 divina

198 1012 561 1067 aestimatione
581 1010 899 1081 despicitur,
932 1012 978 1067 is
1004 1012 1167 1068 etiam
1214 1013 1305 1084 qui
1342 1016 1603 1082 induitur,
1647 1032 1778 1071 con-

199 1111 491 1172 sequenter
527 1100 907 1158 abominabilis
936 1102 1231 1172 judicatur.

265 1190 372 1246 Sed
409 1200 546 1255 esto,
581 1190 903 1246 videlicetut
933 1192 1099 1248 Isaias
1120 1195 1295 1249 nudus
1310 1195 1614 1264 incesserit,
1638 1214 1779 1253 nun-

202 1282 322 1352 quid
350 1290 485 1337 tunc
514 1297 637 1336 cum
667 1283 899 1338 vestitus
948 1282 1030 1338 ire
1063 1294 1443 1354 consueverat,
1472 1288 1619 1343 indui
1649 1290 1781 1343 mol-

201 1372 424 1428 lioribus
452 1370 797 1442 indulgebat?
846 1373 1247 1445 lnterrogemus
1275 1390 1405 1445 ergo
1456 1378 1626 1447 ipsam
1657 1394 1779 1448 pro-

201 1464 427 1535 phcticae
451 1462 785 1519 narrationis
804 1463 1107 1530 historiam,
1134 1474 1189 1521 et
1219 1467 1501 1523 audiamus
1524 1467 1650 1538 quid
1679 1468 1779 1523 sibi

201 1571 296 1609 vox
318 1555 511 1609 divina
536 1554 850 1624 praecipiat:
883 1573 903 1605 ι
937 1554 1173 1611 Locutus
1217 1566 1323 1623 est,
1356 1558 1551 1629 inquit,
1602 1560 1781 1615 Domi-

198 1662 293 1701 nus
316 1649 372 1700 in
407 1660 573 1699 manu
603 1644 753 1700 Isaiae
782 1643 875 1698 lilii
900 1646 1086 1711 Amos,
1116 1646 1330 1703 dicens:
1362 1649 1527 1715 Vade,
1560 1659 1614 1703 et
1636 1649 1781 1705 solve

196 1753 423 1793 saccum
451 1736 738 1792 delumbis
762 1737 885 1801 tuis,
913 1746 969 1792 et
997 1738 1362 1794 calceamenta
1392 1740 1516 1796 tolle
1540 1741 1605 1797 de
1634 1742 1780 1811 pedi-

1882 554 2055 624 posita
2093 563 2197 620 est,
2249 553 2316 608 ad
2368 568 2527 622 quam
2581 553 2833 608 videlicet
2880 552 3077 608 diversi
3127 561 3462 608 mercatores

1882 643 2165 712 accedunt.
2190 642 2296 697 Alii
2336 643 2461 724 vilia
2488 642 2796 698 indumenta
2830 651 3081 713 tanquam
3124 642 3358 713 pretium
3391 643 3460 696 de

1883 737 2155 806 marsupio
2182 736 2480 807 proferunt,
2503 736 2592 789 alii
2631 735 2917 790 redhibere
2963 735 3195 803 pretiosa
3243 742 3459 788 conten-

1882 825 2032 879 dunt.
2068 824 2173 879 Sed
2205 826 2329 879 dum
2357 825 2558 894 quique
2606 840 2702 894 pro
2730 825 2844 878 suis
2891 824 3137 893 partibus
3179 833 3457 895 satagunt,

1881 915 1973 983 qui
2011 915 2145 969 viles
2172 923 2350 970 vestes
2374 915 2625 976 allerunt,
2673 914 2897 982 reliquis
2922 914 3256 984 emptoribus
3284 917 3460 970 conti-

1883 1019 1990 1059 nuo
2018 1003 2397 1074 praeferuntur.
2421 1002 2522 1069 Qui
2550 1002 2693 1057 enim
2720 1002 2971 1057 delicatis
2992 1002 3234 1057 vestibus
3262 1006 3455 1069 utitur,

1881 1094 2022 1148 sicut
2062 1094 2310 1164 superius
2336 1093 2537 1147 dictum
2575 1101 2675 1157 est,
2728 1106 2869 1161 saepe
2919 1091 3061 1144 unde
3100 1099 3317 1159 captare
3363 1107 3464 1145 au-

1884 1201 2001 1239 ram
2059 1185 2259 1239 favoris
2308 1183 2583 1246 aestimat,
2649 1181 2775 1236 inde
2822 1180 2984 1235 latius
3029 1180 3455 1237 obtrectatorum

1883 1276 2152 1331 morsibus
2176 1283 2356 1345 patet;
2382 1276 2471 1345 qui
2495 1290 2623 1330 vero
2646 1274 2765 1328 vilis
2788 1273 3086 1328 indumenti
3114 1275 3461 1331 extremitate

1890 1373 2178 1420 contentus
2199 1374 2284 1420 est
2313 1365 2502 1433 (porro
2530 1363 2597 1418 de
2626 1363 2909 1417 monachis
2941 1362 3153 1433 loquor)
3175 1363 3461 1431 cujuscun-

1882 1471 1988 1527 que
2040 1456 2359 1511 intentionis
2406 1456 2585 1511 studio
2613 1495 2627 1519 ,
2687 1454 2899 1510 scilicet
2936 1454 3049 1508 sive
3098 1468 3260 1522 prave
3288 1494 3302 1518 ,
3347 1454 3462 1509 sive

1881 1559 2030 1604 recte
2062 1548 2117 1603 id
2149 1546 2331 1613 faciat,
2361 1546 2669 1603 sanctitatis
2708 1546 2859 1601 illum
2911 1545 3097 1614 opinio
3148 1545 3462 1600 contuenti-

1882 1637 1983 1692 bus
2030 1637 2349 1707 plerumque
2393 1637 2778 1701 commendat;
2828 1646 2884 1691 et
2936 1651 3046 1706 quo
3093 1634 3146 1689 in
3202 1634 3462 1690 exteriori

1886 1727 2080 1783 habitu
2136 1727 2435 1784 deformior
2479 1726 2710 1796 quisque
2753 1726 3109 1795 conspicitur,
3154 1739 3221 1781 eo
3270 1723 3461 1795 majori

195 1829 294 1883 bus
316 1829 430 1882 tuis
454 1826 602 1897 (lca.
640 1827 762 1898 xx).
798 1846 817 1879 ι
862 1826 967 1894 Qui
989 1829 1133 1883 enim
1188 1844 1293 1884 non
1321 1830 1467 1886 aliud
1516 1816 1857 1901 quoddamB
1885 1818 2239 1891 ωρεάῑςηιιε
2257 1816 2558 1873 reverentia
2590 1816 2883 1885 ἱιιάίοθιιιτ·

196 1919 507 1973 vestimenti
529 1932 721 1987 genus,
743 1918 838 1973 sed
864 1934 1080 1973 saccum
1103 1920 1168 1974 de
1197 1920 1395 1976 lumbis
1420 1921 1633 1976 auferre
1648 1936 1785 1991 prte-

198 2012 415 2080 cipitur,
431 2010 679 2081 profecto
691 2012 880 2081 quanti
908 2011 1010 2066 sibi
1030 2014 1259 2068 vestium
1284 2013 1446 2068 litura
1459 2015 1783 2080 constiterit,

199 2102 399 2172 liquido
417 2102 752 2157 declaratur.
794 2101 837 2158 0
877 2115 1086 2173 quanta
1137 2114 1267 2160 tunc
1311 2117 1469 2162 erant
1495 2123 1703 2178 regum,
1733 2118 1789 2163 et

200 2192 506 2260 principum
588 2201 747 2246 terra:
798 2192 1034 2247 triclinia
1092 2195 1387 2250 deaurata!
1440 2208 1572 2268 quot
1626 2198 1788 2267 pictis

201 2283 531 2339 circumfusa
566 2282 726 2340 tholis
758 2295 1052 2354 purpurata
1081 2287 1313 2342 cubilia!
1366 2301 1564 2359 quanta
1590 2292 1787 2361 praedi-

200 2375 365 2428 vitum
397 2384 723 2429 ornamenta
753 2377 981 2446 gemmis
1003 2376 1327 2435 micantibus
1347 2380 1599 2451 insignita
1623 2382 1635 2434 ε
1658 2392 1791 2451 quot

203 2466 476 2537 laquearia
500 2466 743 2523 cedrinis
768 2477 823 2523 et
858 2471 1192 2539 cypressinis
1240 2471 1505 2527 instructa
1562 2474 1786 2544 sigillis!

202 2567 254 2610 et
284 2566 467 2611 tamen
490 2559 747 2614 omnibus
768 2561 992 2629 spretis,
1015 2561 1528 2633 despicabiliterque
1548 2574 1795 2620 contem-

204 2649 331 2718 ptis,
364 2648 511 2704 hnnc
554 2651 769 2706 saccina
822 2652 1169 2709 deformitate
1211 2665 1517 2710 contectum
1543 2657 1793 2726 dignatus

205 2747 288 2791 est
309 2740 658 2807 omnipotens
685 2741 841 2812 26],
885 2743 1029 2797 Deus
1076 2744 1333 2813 templum
1378 2745 1482 2801 sibi
1528 2746 1794 2803 rationale

207 2837 550 2894 construere,
582 2840 638 2884 et
660 2845 758 2899 per
780 2847 902 2886 eum
934 2835 1089 2902 quasi
1135 2850 1422 2905 organum,
1467 2838 1664 2893 secreti
1708 2839 1793 2895 sui

206 2922 465 2991 mysteria
489 2923 806 2977 mortalibus
832 2924 1092 2979 revelare.

278 3011 461 3065 Discat
486 3027 638 3082 ergo,
669 3014 840 3068 discat
868 3017 1206 3073 encoeniatus
1258 3021 1584 3083 monachus,
1629 3037 1792 3092 quam

208 3101 349 3156 male
387 3116 683 3167 mercatur,
706 3105 829 3173 quia
853 3107 996 3161 unde
1024 3106 1206 3162 clarus
1249 3124 1511 3179 apparere
1544 3112 1795 3167 humanis

208 3191 380 3245 oculis
412 3192 641 3261 appetit,
670 3172 797 3247 hinc
839 3195 1025 3263 procul
1055 3196 1217 3251 dubio
1260 3172 1559 3269 iii'supemi
1586 3199 1794 3256 Iudicis
1820 3172 1865 3232 (ἶ

209 3282 569 3337 astimatione
593 3283 894 3338 sordescit:
938 3284 1080 3340 unde
1112 3286 1407 3355 impensius
1445 3289 1515 3344 ab
1559 3289 1795 3345 homini-

211 3371 310 3429 bus
326 3374 648 3440 honoratur,
676 3375 801 3430 inde
828 3375 996 3445 magis
1016 3393 1045 3430 a
1069 3376 1178 3432 Deo
1201 3379 1533 3448 despicitur;
1561 3396 1795 3451 cumque

215 3468 267 3521 in
291 3469 709 3523 admirationem
749 3469 833 3523 sui
859 3470 1178 3525 intuentium
1207 3472 1393 3527 oculos
1420 3483 1700 3542 provocat,
1727 3475 1798 3531 ab

217 3558 501 3614 obtutibus
528 3573 589 3614 se
607 3558 803 3615 divina:
831 3561 1019 3631 gratia:
1045 3563 1471 3618 contenebratus
1490 3563 1726 3634 elongat.

799 3692 1029 3750 CAPUT
1069 3694 1232 3749 XVII.

218 3802 295 3858 De
326 3805 405 3859 his
433 3807 526 3876 qui
579 3807 780 3862 vilitate
818 3806 1037 3928 vallium
1077 3809 1344 3879 uulgarem
1379 3820 1678 3864 mercamur
1707 3828 1801 3881 ap-

884 3892 914 3928 υ
938 3892 1148 3928 ausum.

882 3892 1148 3946 plausum.

291 4009 395 4065 Sed
427 4009 679 4078 quoniam
708 4010 959 4080 loquendi
985 4012 1053 4067 de
1081 4013 1321 4069 vanitate
1367 4015 1597 4070 vestium
1624 4031 1683 4071 se
1710 4032 1802 4072 oc-

213 4100 369 4154 casio
398 4101 651 4169 prmbuit,
678 4100 818 4156 sicut
850 4102 916 4156 dc
945 4101 1031 4156 his
1059 4104 1151 4172 qui
1190 4103 1441 4160 mollibus
1466 4105 1804 4161 delectantur

214 4207 391 4259 pauca
419 4194 860 4263 perstrinximus,
899 4197 974 4251 ita
1003 4197 1172 4252 etiam
1209 4200 1274 4253 de
1305 4200 1431 4265 illis,
1477 4202 1575 4271 qui
1613 4203 1801 4258 eodem

209 4282 435 4350 quidem
467 4282 718 4339 laborant
743 4287 952 4351 morbo,
978 4287 1071 4342 sed
1106 4289 1319 4344 diversa
1361 4289 1624 4347 feruntur
1657 4293 1805 4348 insa-

210 4373 337 4437 nia,
382 4372 625 4430 breviter
663 4376 1014 4433 disseramus.
1067 4377 1208 4433 Sunt
1255 4396 1488 4451 namque
1537 4386 1803 4451 nonnulli,

2451 1993 2678 2051 CAPUT
2717 1994 2901 2049 XVIII.

2293 2128 2370 2183 De
2397 2144 2518 2183 vera
2551 2127 2843 2182 humilitate
2866 2126 3052 2181 David.

1960 2301 2343 2361 Verumtamen
2366 2301 2613 2371 quisquis
2642 2300 2728 2357 ille
2752 2310 2858 2365 est,
2893 2301 2985 2370 qui
3030 2300 3096 2356 de
3131 2301 3334 2371 proprii
3368 2301 3469 2356 hac

1890 2395 2038 2450 bitus
2059 2396 2265 2450 vilitate
2291 2409 2540 2465 supernae
2564 2394 2935 2450 retributionis
2956 2394 3236 2464 praemium
3261 2403 3463 2463 sperat,

1891 2498 2113 2539 necesse
2138 2494 2243 2549 est,
2275 2493 2333 2538 ut
2359 2498 2573 2538 onmem
2609 2482 2784 2537 laudis
2816 2483 3068 2536 humanae
3097 2481 3338 2537 favorem
3364 2484 3464 2536 sub

1892 2571 2116 2644 pedibus
2153 2588 2264 2627 sure
2294 2572 2512 2635 mentis,
2540 2586 2603 2624 ac
2629 2571 2672 2625 si
2710 2586 2986 2626 caenosum
3037 2572 3208 2625 lutum
3257 2571 3470 2625 calcare

1894 2676 2001 2717 nou
2040 2662 2286 2727 desinat;
2322 2660 2643 2730 qualemque
2685 2676 2744 2714 se
2783 2660 3146 2730 spectantium
3194 2661 3474 2715 obtutibus

1895 2753 2119 2825 prtebet,
2147 2754 2309 2824 262
2362 2751 2523 2806 talem
2563 2767 2624 2806 se
2664 2751 2803 2805 intra
2854 2751 3198 2806 conscientia:
3244 2766 3355 2804 sua:
3390 2765 3475 2804 se-

1894 2855 2044 2899 creta
2080 2844 2354 2913 dijudicet.
2398 2840 2553 2896 Unde
2592 2840 2761 2895 David
2789 2855 2911 2895 cum
2957 2830 3081 2896 eum
3123 2839 3317 2895 Michol
3366 2839 3475 2893 lilia

1893 2934 2022 2991 Saul
2072 2934 2424 3003 objurgaret,
2475 2933 2697 2987 dicens:
2755 2951 2773 2984 ε
2827 2931 3003 2997 Quam
3045 2931 3314 3003 gloriosus
3373 2930 3478 2985 fuit

1896 3027 2059 3083 hodie
2084 3041 2180 3082 rex
2208 3024 2373 3080 Israel
2400 3023 2800 3093 discooperiens
2831 3038 2888 3077 se
2919 3031 3047 3077 ante
3094 3022 3319 3076 ancillas
3360 3037 3478 3076 ser-

1896 3133 2085 3178 verum
2110 3130 2327 3171 suorum
2356 3156 2371 3180 ,
2425 3123 2479 3168 et
2510 3116 2745 3168 nudatus
2783 3122 2901 3177 est,
2949 3112 3105 3182 quasi
3144 3113 3190 3166 si
3245 3113 3481 3165 nudetur

1898 3225 2037 3264 unus
2060 3208 2126 3263 de
2147 3208 2350 3262 scurris
2383 3204 2467 3275 (ll
2499 3203 2625 3275 Reg.
2657 3220 2740 3267 vi;
2772 3203 2800 3257 I
2831 3202 2960 3257 Par.
2992 3204 3113 3274 xv);
3158 3222 3177 3254 ι
3213 3212 3269 3256 ιιι
3296 3211 3479 3257 osten-

1896 3302 2071 3364 deret,
2098 3299 2223 3369 quia
2248 3298 2438 3352 eadem
2474 3282 2749 3350 humilitas
2770 3290 2984 3363 vigebat
3005 3292 3057 3346 in
3092 3303 3292 3356 mente,
3308 3307 3411 3360 qua
3424 3307 3474 3344 ιιι

1927 3387 2201 3458 pandebat
2252 3386 2614 3453 incorpore,
2648 3398 2753 3437 non
2806 3383 2980 3435 iratus
3030 3378 3317 3444 ell‘erbuit,
3372 3395 3477 3433 non

1897 3477 2147 3533 elationis
2169 3474 2330 3530 verba
2355 3473 2653 3543 respondit,
2683 3473 2777 3527 scd
2815 3472 3092 3527 humiliter
3117 3471 3290 3525 dixit:
3339 3488 3358 3521 ι
3392 3469 3483 3523 Vi-

1900 3569 1981 3622 vit
2033 3568 2312 3631 Dominus,
2344 3566 2469 3635 quia
2498 3564 2679 3620 ludam
2708 3604 2723 3629 ,
2750 3575 2805 3619 et
2839 3564 2997 3618 vilior
3035 3563 3157 3618 liam
3197 3563 3481 3633 plusquam

1902 3657 2077 3713 factus
2107 3673 2248 3721 sum,
2298 3663 2353 3709 et
2380 3672 2476 3712 ero
2511 3655 2733 3709 humilis
2784 3656 2837 3709 in
2877 3654 3050 3709 oculis
3094 3654 3225 3707 meis
3250 3652 3427 3724 (ibid.)
3457 3672 3477 3705 ο

1898 3750 1956 3805 1η
1985 3750 2185 3820 quibus
2220 3748 2399 3804 verbis
2449 3762 2591 3802 verm
2638 3746 2957 3800 humilitatis
3006 3744 3177 3799 forma
3224 3745 3484 3814 proponi-

1901 3851 2008 3903 tur,
2036 3840 2172 3895 ’dum
2200 3855 2303 3894 non
2328 3839 2508 3893 minus
2534 3838 2786 3902 interior,
2829 3853 2989 3907 quam
3018 3837 3260 3891 exterior
3307 3836 3485 3891 humi-

1900 3929 2025 3984 litas
2050 3929 2472 3984 demonstratur.
2507 3925 2757 3981 Nonnulli
2799 3925 2940 3978 enim
2972 3938 3081 3993 quo
3104 3939 3163 3978 se
3189 3922 3488 3979 deformius

1902 4020 1957 4075 in
1987 4017 2250 4075 exteriori
2283 4017 2675 4087 compositione
2703 4015 2986 4085 dejiciunt,
3013 4029 3080 4068 eo
3106 4013 3173 4068 de
3202 4028 3260 4068 se
3290 4013 3487 4067 intrin-

1903 4126 2062 4167 secus
2108 4108 2312 4177 majora
2348 4110 2667 4163 decernunt.
2715 4107 2816 4174 Qui
2846 4105 3090 4176 profecto
3120 4104 3265 4159 aliud
3297 4112 3491 4174 optant

1904 4217 1963 4257 se
2012 4202 2067 4256 in
2116 4200 2402 4271 superficie
2432 4199 2624 4262 videri,
2659 4197 2803 4251 aliud
2844 4196 3076 4251 latenter
3121 4195 3345 4266 intelligi
3381 4212 3394 4247 :
3433 4205 3491 4249 et

1905 4294 2046 4348 unde
2074 4307 2132 4345 se
2161 4289 2437 4346 burniliter
2471 4289 2525 4343 in
2558 4286 2773 4359 publico
2802 4286 3132 4355 deprimunt,
3161 4284 3286 4339 inde
3320 4285 3371 4337 in
3397 4298 3490 4337 oc-

1906 4382 2051 4437 culto
2078 4380 2274 4435 elatius
2305 4380 2689 4434 intumescunt.
2720 4375 2889 4430 David
2917 4384 3099 4429 autem
3126 4415 3141 4439 ,
3175 4384 3235 4429 ut
3281 4375 3494 4429 extrin-

205 4463 316 4531 qui
364 4463 550 4520 vilium
596 4465 938 4522 deformitate
983 4469 1210 4524 vestium
1264 4468 1615 4528 favorabilem
1662 4476 1803 4547 vulgi
1835 4509 1884 4567 υ
1909 4488 2065 4529 secus
2095 4488 2154 4528 se
2181 4471 2438 4526 humilem
2467 4469 2726 4540 praebeat,
2754 4466 2920 4521 dicit:
2955 4487 2973 4518 ι
3008 4466 3213 4521 Lmlam
3251 4476 3309 4521 et
3337 4466 3496 4521 vilior

206 4564 540 4609 mercantur
559 4554 873 4624 applausum
898 4572 913 4622 ;
938 4566 992 4611 et
1014 4558 1113 4613 hac
1129 4557 1427 4627 jucundius
1448 4562 1808 4621 delectatione

202 4654 547 4714 Irascuntur,
578 4645 624 4699 si
651 4647 781 4701 dum
824 4663 921 4719 pro
943 4658 1214 4705 accuratae
1252 4650 1612 4709 deformitatis
1656 4655 1809 4710 indu-

199 4736 363 4792 stria
393 4738 646 4793 videntur
687 4736 880 4807 abiecti
905 4780 921 4805 ,
972 4756 1069 4811 per
1101 4743 1442 4799 efferentium
1490 4747 1808 4817 populorum

195 4844 323 4883 ora
352 4827 576 4882 volitant
623 4829 865 4898 gloriosi.
898 4830 1148 4888 Gaudent
1195 4834 1264 4889 de
1320 4851 1380 4891 se
1420 4836 1808 4907 inquirentium

194 4918 599 4973 discussiones
646 4918 765 4973 fieri
811 4936 827 4985 ;
872 4922 1107 4990 gaudent
1156 4937 1255 4988 se,
1310 4925 1457 4979 velut
1504 4926 1811 4983 mirandum

192 5009 431 5077 aliquid
458 5048 474 5073 ,
522 5008 691 5079 digito
738 5011 1140 5081 demonstrari;
1173 5015 1263 5085 qui
1297 5016 1552 5072 nimirum
1595 5018 1661 5073 de
1713 5034 1810 5074 sua

189 5097 575 5153 deformitate
597 5101 903 5169 compositi,
930 5103 994 5157 de
1023 5105 1361 5163 obscuritate
1389 5107 1671 5178 conspicui
1700 5148 1715 5173 ,
1746 5108 1814 5163 de

186 5190 539 5249 humilitate
561 5193 732 5248 videri
781 5195 1165 5251 machinantur
1208 5199 1429 5255 excelsi.
1466 5201 1694 5257 Versuta
1741 5200 1816 5255 si-

1912 4566 2035 4620 tiam
2088 4563 2370 4634 plusquam
2431 4568 2609 4617 lactus
2645 4575 2786 4615 sum.
2843 4577 2862 4611 ι
2915 4557 2983 4613 Ut
3033 4573 3164 4612 vero
3214 4556 3496 4611 humilita-

1912 4667 2019 4713 tem
2071 4656 2269 4711 mentis
2312 4654 2585 4717 ostendat,
2634 4651 2924 4722 adjungit:
2961 4668 2980 4701 ι
3013 4649 3081 4704 Et
3118 4664 3215 4704 ero
3274 4648 3496 4704 humilis

1913 4746 1966 4801 in
1990 4745 2165 4801 oculis
2207 4745 2381 4809 meis;
2421 4762 2440 4795 ι
2476 4758 2540 4798 ac
2562 4743 2606 4797 si
2644 4750 2896 4812 patenter
2926 4741 3073 4795 dicat
3100 4756 3116 4796 :
3143 4739 3209 4794 Et
3252 4740 3498 4795 exterius

1914 4835 2258 4901 humiliabor,
2290 4844 2351 4888 ut
2378 4833 2502 4889 aliis
2528 4833 2835 4903 exemplum
2862 4831 3055 4887 salutis
3083 4830 3371 4886 exhibeam
3398 4845 3415 4895 ;
3442 4838 3502 4884 et

1912 4928 2061 4983 intus
2090 4925 2309 4981 humilis
2345 4939 2462 4988 ero,
2498 4932 2558 4979 ut
2585 4924 2639 4979 in
2669 4921 2915 4993 ejusdem
2942 4920 3239 4979 salutifera:
3273 4920 3495 4975 humili-

1913 5018 2041 5093 tatis
2071 5015 2253 5072 radice
2281 5024 2337 5070 et
2362 5015 2477 5086 ipse
2500 5014 2814 5085 persistam.
2843 5013 2947 5080 Qui
2970 5027 3103 5083 ergo
3129 5011 3205 5068 ita
3236 5009 3497 5079 simplici-

1916 5118 1999 5164 ter
2026 5108 2291 5179 gradiuir.
2320 5116 2381 5161 ut
2409 5105 2626 5177 qualem
2654 5121 2716 5161 se
2746 5106 2800 5161 in
2831 5105 3233 5162 deformatione
3270 5103 3353 5158 sui
3396 5106 3495 5158 ha—

1919 5198 2065 5252 bitus
2086 5197 2312 5266 praebet,
2363 5195 2528 5251 talem
2555 5212 2616 5252 se
2641 5197 2694 5252 in
2735 5198 2992 5268 opinione
3041 5198 3342 5254 videntium
3376 5209 3500 5251 esse

184 5284 453 5356 quidem
481 5285 764 5341 diabolicze
794 5286 1110 5344 calliditatis
1149 5291 1346 5345 astutia
1390 5292 1458 5346 ad
1495 5293 1597 5348 hoc
1639 5292 1822 5362 depri-
1923 5285 2211 5349 desideret,
2233 5287 2322 5341 hic
2343 5284 3208 5359 profectoCbristiimproperium
3235 5286 3501 5342 veraciter

186 5383 478 5438 uruntur,
504 5383 561 5429 ut
583 5376 847 5433 sublimes
866 5389 1165 5449 appareant
1185 5397 1201 5446 ;
1226 5381 1293 5436 ad
1320 5382 1422 5438 hoc
1438 5382 1818 5453 deturpantur,

182 5480 263 5524 ut
299 5465 496 5521 oculis
516 5466 839 5523 intuentium
862 5471 1188 5538 spectabiles
1217 5473 1543 5528 enitescant.

1925 5386 2128 5447 portat,
2160 5388 2216 5433 et
2242 5394 2462 5434 crucem
2493 5389 2615 5449 post
2658 5395 2782 5435 eum
2828 5381 3030 5435 mundo
3076 5386 3323 5435 mortuus
3350 5378 3505 5448 baju-

1926 5469 2023 5535 lat,
2054 5478 2309 5538 tantoque
2356 5469 2411 5524 in
2443 5471 2637 5525 divinis
2671 5472 2949 5527 obtutibus
2972 5470 3192 5539 ,clarior
3234 5468 3502 5533 redditur,

276 5559 482 5615 Porro
514 5555 829 5612 autemistis
850 5577 975 5615 cum
1023 5564 1397 5633 superioribus
1443 5564 1821 5633 diversaqui-

178 5654 356 5707 dum
391 5661 605 5700 summa
631 5658 752 5714 est,
797 5666 959 5719 quam
1015 5654 1365 5723 expendunt;
1399 5656 1491 5708 sed
1539 5670 1659 5709 una:
1701 5664 1827 5710 sunt

181 5752 473 5803 merces,
507 5753 643 5807 quas
672 5743 1019 5798 concorditer
1045 5756 1251 5801 emunt.
1293 5746 1442 5801 Vana
1473 5746 1642 5810 gloria
1676 5761 1825 5801 nem-

1929 5567 2131 5628 quanto
2178 5559 2316 5629 apud
2364 5560 2627 5619 humanos
2667 5559 2851 5614 oculos
2882 5558 3258 5628 despicabilior
3290 5556 3505 5626 judica-

1930 5660 2043 5715 tur,
2070 5661 2127 5705 et
2149 5650 2426 5707 fructuoso
2448 5650 2778 5707 commercio
2803 5651 2866 5713 is,
2892 5666 3053 5719 quem
3080 5652 3246 5708 vestis
3260 5650 3504 5706 exterior

1932 5744 2125 5808 findat,
2157 5746 2333 5808 gratia
2361 5746 2618 5802 interiore
2641 5753 2909 5800 coruscat.
