3996 6184
464 325 564 382 271

1533 406 1563 432 ν

1051 429 1280 486 CAPUT
1319 427 1461 481 XIX.
1529 427 1546 469 ἐ

469 533 624 600 Quod
673 529 852 585 mollia
901 525 1206 600 indumenta
1250 521 1422 600 minus
1468 513 2048 600 perfectinfnst‘idiont,

561 584 896 674 perfectiores
927 593 1209 664 aliquando
1260 584 1619 658 indi/[erctum
1646 584 1952 638 admittant.

539 710 792 768 Nonnulli
819 708 988 763 etiam
1009 715 1162 768 sunt,
1187 702 1279 772 qui
1332 709 1492 756 recta:
1523 697 1840 753 intentionis
1871 693 2050 750 studio

465 807 664 864 vilibus
691 799 1020 858 indumentis
1049 797 1252 852 diutius
1281 792 1506 858 assueti,
1531 793 1577 847 si
1625 789 1904 858 contingat
1955 787 2048 842 ali~

466 899 704 972 quando,
731 904 792 952 ut
842 891 1240 964 quantumlibet
1278 885 1616 942 mollioribus
1666 888 2049 952 contegantur,

467 994 650 1048 liberae
677 987 998 1045 humilitatis
1032 982 1322 1054 supercilio
1354 980 1684 1049 dedignante
1717 976 2045 1038 fastidiunt;

465 1099 520 1140 et
550 1087 690 1141 sicut
715 1083 806 1136 alii
839 1079 1016 1143 foedis,
1062 1077 1136 1130 ita
1191 1074 1278 1129 isti
1310 1071 1564 1142 pretiosis
1615 1068 1762 1124 indui
1810 1066 2050 1122 vestibus

467 1179 833 1238 erubescunt;
863 1171 1125 1226 delicatos
1151 1168 1284 1221 sane
1311 1161 1784 1221 habitus-tolerant
1813 1198 1830 1223 ,
1869 1155 2048 1226 despi-

463 1266 717 1321 eabilium
736 1261 1034 1331 asperitate
1056 1257 1337 1320 fruuntur;
1365 1254 1498 1307 titint
1517 1251 1624 1308 illis
1645 1249 1825 1303 omnia
1848 1261 2048 1315 corpo—

464 1374 585 1414 rum
641 1362 962 1412 ornamenta
1014 1349 1305 1412 dedecori,
1365 1344 1682 1401 deformitas
1746 1338 2041 1397 honestati.

463 1446 911 1516 "orum-quidem
948 1444 1142 1498 Esther
1165 1440 1402 1510 speciem
1434 1445 1701 1499 tenuerat,
1723 1449 1856 1489 cum
1901 1431 2048 1488 dice-

462 1543 596 1596 bat:
635 1558 654 1590 r
693 1539 773 1593 Tu
797 1539 925 1600 scis,
961 1536 1204 1598 Domine,
1235 1531 1617 1587 necessitatem
1653 1538 1849 1591 meam,
1903 1521 2048 1593 quod

462 1632 745 1687 abominer
770 1630 984 1700 signum
1009 1624 1276 1696 superbiae
1303 1630 1358 1677 et
1385 1621 1567 1691 gloria:
1603 1634 1756 1682 mete,
1786 1616 2046 1687 quodest

459 1735 625 1793 super
650 1728 812 1790 caput
839 1733 1018 1773 meum
1046 1718 1098 1770 in
1131 1715 1320 1770 diebus
1372 1709 1752 1769 ostentationis
1792 1722 1960 1772 meae,
1987 1715 2045 1761 et

928 320 984 374 S.
1013 317 1217 373 PETRI
1255 313 1538 371 DAMIANI
1573 311 1728 368 OPP.
1764 307 2001 366 TOMUS
2037 306 2168 364 SEU
2209 306 2388 363 PARS
2424 305 2508 360 lll.
2539 335 2611 346 -—
2640 303 3004 363 OPUSCULA
3043 303 3272 358 VARIA.

2079 435 2125 493 Α
2158 419 2304 474 tinus
2338 417 2620 488 virginitas
2658 416 2899 488 pertulit,
2930 423 2980 472 et
3035 415 3228 471 alicam
3253 414 3458 472 libidini
3510 418 3742 486 turpiter

3631 304 3741 362 ea

2154 511 2448 580 prostituta
2503 510 2726 565 servivit
2776 507 2930 580 (Cen.
2965 509 3174 580 XXMY).
3221 507 3368 565 Uxor
3414 509 3618 564 Levita:
3673 514 3741 568 de

2154 600 2327 658 latere
2349 601 2548 657 montis
2570 600 2853 671 Ephraim,
2884 601 3054 655 donec
3083 601 3137 654 in
3167 601 3540 670 penetralibus
3561 607 3740 672 posita

2155 694 2303 750 curis
2353 708 2412 748 se
2459 693 2774 748 domesticis
2813 693 3139 761 occupavit,
3174 693 3478 764 coniugalis
3510 695 3736 752 thalami

2153 786 2467 856 pudicitiam
2517 785 2830 852 custodivit;
2879 784 3040 840 ducta
3077 794 3257 840 autem
3308 785 3512 842 relicta:
3539 803 3741 859 cogna-

2157 875 2323 932 tionis
2352 875 2569 940 aﬂ‘ectu,
2617 876 2847 948 patriam
2885 884 3249 946 parentesque.
3277 877 3462 933 revisit
3491 894 3506 936 ;
3539 879 3738 936 dehinc

2154 969 2370 1025 rediens
2392 969 2574 1025 multis
2591 968 3026 1038 corruptionibus
3047 967 3262 1024 furiosa:
3289 969 3530 1026 libidinis
3556 974 3736 1041 praeda

2155 1059 2480 1113 succubuit:
2519 1068 2576 1114 et
2626 1059 2752 1113 dum
2793 1059 2849 1112 in
2904 1074 3066 1114 carne
3113 1059 3470 1128 periclitantis
3525 1063 3736 1132 pudici-

2156 1152 2243 1206 tia:
2286 1151 2628 1222 naufragium
2664 1151 2921 1223 pertulit,
2969 1152 3326 1222 ignominioso
3359 1162 3550 1208 vexata
3595 1155 3738 1210 ludio

2153 1245 2460 1300 brioetiam
2507 1244 2759 1314 spiritum
2787 1241 3447 1314 exhalavitpludicum).
3497 1243 3738 1300 Thamar

2153 1350 2308 1390 soror
2334 1334 2594 1402 Absalon,
2627 1335 2753 1391 dum
2809 1335 2866 1390 in
2889 1334 3144 1390 fraternis
3181 1335 3387 1390 laribus
3412 1335 3738 1406 simpliciter

2155 1426 2405 1492 habitat,
2469 1426 2807 1484 intemeratae
2852 1426 3176 1497 virginitatis
3225 1427 3446 1496 genium
3511 1438 3732 1495 servat;

2151 1532 2273 1572 cum
2299 1532 2430 1572 vero
2458 1518 2667 1572 Amnon
2701 1517 2810 1571 ﬁlio
2841 1516 3008 1572 David
3035 1515 3290 1580 fraterna:
3322 1517 3578 1586 dependit
3603 1520 3737 1576 visi-

2153 1610 2372 1664 tationis
2397 1608 2652 1674 oliicium,
2681 1618 2958 1679 prretepue
2987 1607 3313 1678 virginitatis
3342 1609 3520 1678 plorat
3547 1611 3737 1666 incur-

2150 1702 2289 1756 risse
2327 1699 2757 1772 dispendium“!
2788 1698 2918 1771 Reg.
2944 1699 3106 1770 xnt);
3150 1709 3208 1754 et
3256 1701 3472 1755 tandem
3505 1712 3734 1772 experta

463 1792 703 1869 detester
760 1805 888 1866 illud
941 1808 1096 1879 quasi
1143 1820 1384 1877 pannum
1441 1809 1786 1857 menstruam
1825 1807 1885 1854 et
1933 1813 2042 1852 non
2076 1803 2116 1860 Β
2145 1794 2288 1863 quod
2313 1794 2480 1848 tutius
2500 1803 2647 1848 esset
2675 1807 2919 1858 manere,
2942 1807 3104 1862 quam
3131 1792 3558 1864 progredi,licct
3581 1811 3731 1862 sero,

443 1914 667 1974 portem
706 1903 781 1956 sin
834 1902 1020 1955 diebus
1067 1897 1267 1953 silentii
1325 1895 1426 1950 mei
1474 1892 1692 1963 (Esther
1739 1892 1871 1962 xw).
1909 1907 1928 1942 ι
1977 1888 2042 1943 lli

459 1996 680 2066 quidem
711 1993 889 2048 sancti
919 1990 1173 2047 desiderii
1210 1988 1406 2043 ardore
1433 1985 1805 2048 .fervcscunt,,
1866 1982 2043 2037 adhuc

458 2096 640 2141 tamen
701 2085 985 2138 adversum
1032 2080 1360 2152 passionum
1426 2091 1647 2132 suarum
1711 2080 2041 2129 tentamcnla

435 2179 772 2248 .conﬂigunt.
802 2176 907 2230 Alii
939 2173 1216 2229 antemad
1269 2181 1432 2226 tantm
1478 2167 1914 2224 mortificationis
1935 2165 2040 2221 cel-

459 2270 748 2326 situdinem
777 2272 1160 2339 pervenerunt,
1181 2263 1325 2332 quod
1359 2261 1474 2331 jam
1521 2259 1589 2313 ad
1641 2267 1870 2328 utraque
1899 2256 2042 2310 velut

461 2361 797 2419 insensibiles
825 2358 974 2420 facti,
1003 2357 1146 2411 sicut
1181 2353 1379 2408 vilibus
1427 2350 1574 2406 indui
1619 2347 2042 2405 consuetudina-

445 2454 584 2508 .titer
613 2457 898 2520 expetunt,
941 2448 1015 2501 ita
1063 2445 1228 2502 etiam
1274 2443 1367 2498 ubi
1405 2457 1492 2497 res
1540 2439 1746 2510 exigit,
1783 2437 2039 2508 pretiosa

453 2556 705 2612 quaeque.
739 2539 825 2593 vel
855 2537 1022 2592 nitida
1050 2535 1358 2590 nullatenus
1403 2532 1865 2604 perhorrescunt:
1893 2536 2040 2583 utra-

455 2647 564 2703 que
600 2630 806 2685 scilicet
843 2645 949 2682 uno
979 2625 1407 2695 contemplantes
1434 2630 1671 2691 aSpectu,
1701 2633 1838 2688 quos
1883 2617 2040 2674 nimi-

459 2739 576 2777 rum
605 2720 764 2794 263
805 2718 986 2772 mollia
1017 2733 1124 2771 non
1157 2715 1452 2779 resolvunt,
1479 2722 1534 2768 et
1560 2725 1756 2781 aspera
1798 2724 1906 2765 nou
1961 2708 2040 2762 af-

459 2813 670 2882 lligunt.

524 2904 759 2959 Istorum
784 2914 1000 2971 quoque
1022 2898 1194 2954 forma
1217 2895 1404 2954 Judith
1427 2895 1623 2963 fuerat,
1645 2911 1767 2966 qua:
1787 2895 2040 2951 videlicet

457 2994 648 3048 ciliciis
675 3003 901 3048 eatenus
929 3006 1048 3056 usa,
1081 3005 1204 3044 cum
1234 2991 1536 3044 necessitas
1582 2989 1739 3058 petiit
1761 3028 1776 3053 ,
1810 2988 2040 3044 diversis

456 3102 515 3141 se
577 3100 852 3155 corporea:
909 3082 1205 3137 venustatis
1251 3080 1437 3136 infulis
1489 3082 1820 3145 adornavit,
1880 3095 2036 3135 sacra

2146 1894 2414 1940 secretum
2445 1884 2614 1940 otium
2643 1885 2827 1961 noxire
2867 1885 3104 1954 prmtulit
3129 1886 3376 1956 vagilati.

2213 1978 2283 2038 Et
2306 1987 2363 2032 tu
2393 1978 2560 2049 igitur
2587 1978 2632 2032 si
2666 1978 2749 2032 vis
2777 1979 3016 2038 animam
3041 1987 3188 2036 tuam
3216 1977 3270 2032 in
3301 1993 3412 2034 suae
3439 1979 3729 2052 virginita-

2146 2078 2218 2134 tis
2268 2077 2581 2147 integritate
2634 2075 2950 2146 persistere,
2998 2075 3044 2130 si
3095 2073 3516 2130 abominandum
3576 2077 3734 2132 ducis

2126 2171 2302 2227 .fmdis
2331 2179 2388 2226 et
2414 2169 2666 2226 violentis
2695 2165 3111 2238 corruptoribus
3133 2164 3728 2236 subjacere,secretum

2143 2274 2354 2339 appete,
2399 2278 2677 2320 recessum
2727 2261 3130 2333 slngularitatis
3178 2267 3428 2339 inquire,
3474 2279 3635 2319 aures
3675 2273 3732 2319 et

2143 2356 2329 2412 oculos
2351 2356 2746 2424 anegotiorum
2770 2356 3112 2411 saecularium
3135 2360 3372 2412 vanitate
3387 2357 3620 2412 firmiter
3637 2357 3731 2410 oh-

2142 2457 2316 2513 strue,
2334 2446 2632 2505 carnalium
2653 2447 3218 2520 hominumzcollognia
3241 2449 3594 2504 destructioni
3616 2463 3731 2502 ma-

2143 2541 2246 2613 gis,
2262 2555 2426 2611 quam
2441 2539 2646 2595 aedifica
2655 2539 2784 2595 tioni
2801 2539 3084 2610 profutura
3097 2548 3409 2597 contemne.
3430 2540 3728 2612 Namjuxta

2143 2631 2485 2687 Salomonem
2507 2645 2568 2683 ιιι
2591 2628 2694 2696 Qui
2726 2631 2900 2701 tangit
2924 2630 3122 2699 picem,
3169 2630 3542 2700 inquinabitur
3563 2631 3633 2684 ab
3661 2645 3726 2684 ea

2143 2721 2334 2791 (flecti.
2358 2723 2534 2788 xnt).i
2557 2720 2701 2776 intra
2719 2721 3211 2792 conscientireergo
3224 2731 3330 2778 tua:
3354 2721 3727 2778 tecubicnlum

2141 2809 2304 2882 265.
2345 2811 2554 2880 collige.
2588 2810 2809 2865 Cunctis
2857 2812 3050 2866 donius
3094 2821 3200 2866 tum
3228 2811 3467 2876 furibus,
3517 2811 3730 2864 cunctis

2143 2901 2397 2955 videlicet
2433 2899 2680 2954 sensibus
2727 2900 2990 2954 censoria:
3018 2899 3315 2970 disciplinae
3343 2900 3621 2972 repagula,
3660 2915 3730 2954 ne

2141 2993 2262 3063 quis
2308 2993 2668 3063 ingrediatur4
2711 3007 2942 3061 appone.
2984 2992 3128 3047 Fons
3157 2993 3323 3055 enim,
3350 2992 3448 3048 ..cui
3486 2993 3726 3045 circnm-

2141 3103 2354 3157 quaque
2390 3100 2456 3142 ne
2485 3086 2797 3143 elIundatnr
2822 3085 3150 3150 occluditur,
3177 3085 3430 3140 undisad
3473 3083 3579 3138 alta
3601 3097 3730 3152 pro-

457 3186 690 3233 testante
723 3175 1024 3244 Scriptura,
1057 3190 1178 3244 qua}
1207 3174 1284 3228 ait
1315 3191 1328 3227 :
1354 3193 1385 3224 .‹
1415 3173 1652 3228 Abstulit
1681 3189 1710 3226 a
1756 3188 1815 3229 sc
1836 3172 2035 3230 .Juditb
2064 3178 2108 3239 C
2140 3178 2434 3236 fluentibus
2475 3179 2750 3242 elevatur;
2782 3186 3026 3244 econtra,
3074 3179 3166 3246 qui
3219 3191 3316 3247 per
3345 3175 3536 3250 plures
3579 3179 3728 3230 rivos

457 3270 719 3333 cilicium,
742 3277 799 3323 et
823 3268 974 3326 exuit
1001 3282 1061 3322 se
1089 3265 1430 3322 vestimentis
1456 3264 1736 3320 viduitatis
1783 3280 1894 3320 sua:
1921 3305 1936 3329 ,
1985 3272 2042 3318 et

437 3354 582 3415 'tavit
631 3375 830 3430 corpus
876 3373 1060 3420 suum,
1100 3366 1154 3413 ct
1205 3357 1360 3415 unxit
1402 3371 1462 3411 se
1514 3365 1690 3427 myrto
1729 3356 1956 3426 optimo,
1985 3363 2041 3410 et

454 3453 848 3508 discriminavit
877 3452 1090 3506 crinem
1128 3449 1324 3520 capitis
1367 3450 1449 3504 sui
1475 3489 1491 3512 ,
1540 3460 1596 3504 et
1640 3447 1899 3518 imposuit
1949 3448 2042 3502 mi-

465 3556 605 3598 Iram
633 3558 797 3612 super
819 3551 985 3611 caput
1018 3555 1198 3605 suum,
1228 3548 1284 3596 ct
1311 3539 1484 3598 induit
1511 3553 1569 3594 sc
1597 3537 1934 3594 vestimentis
1952 3537 2042 3608 ju-

452 3636 744 3692 cunditatis
774 3649 903 3699 sum,
938 3633 1218 3702 induitque
1246 3630 1486 3685 sandalia
1530 3630 1758 3702 pedibus
1803 3629 1955 3693 suis,
1985 3637 2042 3682 et

453 3724 746 3792 assumpsit
763 3721 1103 3786 dextraliola,
1133 3730 1188 3776 et
1213 3720 1346 3785 lilia,
1367 3727 1424 3774 et
1451 3720 1696 3784 inaures,
1715 3729 1772 3772 et
1787 3718 2038 3782 tinnulos,

451 3825 509 3868 et
536 3815 788 3870 omnibus
818 3812 1155 3868 ornamentis
1183 3811 1297 3866 suis
1324 3811 1540 3866 ornavit
1567 3826 1627 3867 se
1668 3810 1880 3879 (Juditlt
1903 3812 1978 3880 x).
2012 3829 2031 3862 ι

449 3907 584 3960 Cum
636 3906 720 3959 his
757 3905 921 3974 igitur
942 3903 1280 3959 ornamentis
1319 3910 1508 3958 sancta
1556 3900 1756 3958 fentina
1801 3910 1857 3956 et
1894 3917 2038 3958 vera:

448 3997 596 4051 circa
655 4011 714 4050 se
783 3995 1107 4052 humilitatis
1155 3993 1460 4048 custodiam
1513 3992 1731 4057 tenuit,
1777 4003 1836 4048 et
1881 4008 2033 4059 eum,

447 4105 558 4157 quo
599 4088 926 4157 locupletata
971 4088 1184 4150 fuerat,
1235 4085 1576 4156 paupertatis
1619 4085 1871 4154 spiritum
1927 4101 2034 4142 non

451 4181 655 4234 amisit.

1045 4267 1272 4324 CAPUT
1307 4267 1427 4325 XX.

708 4361 923 4431 Vagutio
950 4361 1126 4415 multis
1153 4362 1250 4429 fuit
1281 4363 1486 4415 occasio
1515 4363 1788 4430 pereundi.

516 4455 624 4512 Sed
651 4457 778 4509 dttnt
803 4469 903 4523 ego
933 4454 1254 4507 monachum
1277 4453 1531 4523 pretiosis
1556 4454 1802 4508 indutum
1828 4469 2030 4512 exuere

446 4547 619 4618 gestio
648 4554 957 4616 vagantem,
992 4561 1151 4615 quem
1205 4544 1544 4614 arripueram
1571 4583 1586 4608 ,
1615 4544 1682 4598 de
1721 4560 1880 4598 manu
1908 4560 2028 4615 pro.
2058 4525 2102 4584 θ

445 4641 576 4709 prim
594 4637 977 4708 diSpntationis
1004 4638 1195 4692 amitto
1219 4654 1233 4692 :
1263 4646 1318 4692 ct
1332 4636 1445 4705 jam
1469 4636 1654 4708 procul
1679 4637 2022 4708 elongantem

446 4731 534 4785 vix
561 4730 786 4798 aspicio,
820 4729 947 4783 dum
979 4727 1122 4786 solas
1147 4729 1277 4782 mihi
1310 4729 1361 4784 in
1405 4729 1655 4783 manibus
1704 4737 1884 4783 vestes
1930 4742 2021 4782 rc-

445 4826 707 4877 tnansisse
736 4823 1029 4899 perpendo.
1070 4820 1312 4890 Abjectis
1335 4824 1517 4894 itaque
1549 4821 1811 4889 vestibus,
1843 4823 2018 4890 ipsum

445 4915 736 4984 perniciter
764 4915 1129 4986 insequamur,
1165 4923 1221 4968 et
1243 4915 1782 4984 comprehetnlentes,
1826 4917 1872 4970 si
1900 4913 2016 4969 ﬁeri

443 5005 636 5073 possit,
665 5006 860 5058 sistere
904 5004 1233 5061 laboremus.
1266 5003 1490 5061 Noverit
1538 5021 1669 5077 ergo
1721 5009 2019 5062 monachus

445 5097 575 5150 vitio
595 5095 899 5166 vagationis
929 5096 1204 5164 addictus,
1231 5097 1356 5166 quia
1388 5097 1490 5156 nisi
1529 5115 1560 5154 u
1599 5099 1798 5154 sicculo
1826 5102 2015 5170 pedem

444 5187 707 5251 retrahat,
738 5187 1250 5242 etadserviendnm
1280 5187 1390 5240 Deo
1437 5187 1490 5240 in
1537 5187 1657 5244 loco
1702 5191 2018 5248 remotionis

443 5293 502 5332 se
530 5288 936 5348 perseveranter
961 5279 1228 5348 accingat,
1280 5292 1379 5333 nec
1424 5278 1772 5348 perfectionis
1805 5283 2015 5338 culmen

446 5373 733 5441 attingere,
761 5386 859 5426 nec
880 5371 1086 5427 ordinis
1103 5371 1186 5425 sui
1225 5371 1392 5442 digne
1410 5372 1605 5440 poterit
1627 5373 1805 5427 munis
1833 5384 2016 5430 custov

445 5461 581 5514 dire.
611 5460 742 5514 Dina
771 5461 968 5531 quippe
995 5457 1164 5515 Jacob
1194 5459 1302 5514 filia
1322 5501 1337 5525 ,
1365 5460 1604 5530 qnamiiu
1649 5476 1708 5516 se
1760 5459 1901 5517 Iura
1945 5473 1996 5518 ta

443 5548 730 5604 bernacula
797 5560 1022 5620 paterna
1091 5550 1354 5616 cohibuit,
1423 5549 1642 5606 illibatae
1699 5553 2025 5623 virginitatis

438 5641 561 5710 jura
602 5643 875 5707 servavit;
913 5653 1195 5712 postquam
1221 5658 1350 5697 vero
1389 5644 1455 5698 ad
1483 5645 1744 5699 videndas
1771 5645 2024 5701 ttutliercs

444 5733 676 5801 regionis
705 5735 846 5790 illius
879 5749 1121 5805 egressa,
1147 5736 1421 5807 publicum
1447 5737 1625 5806 petiit,
1657 5739 2030 5808 hostem'proa'

2130 3270 2269 3326 .ltiuc
2300 3269 2427 3324 inde
2474 3268 2782 3333 deducitur,
2815 3283 2939 3323 mox
2982 3276 3043 3321 ut
3083 3283 3247 3335 super
3271 3282 3394 3321 eum
3423 3275 3588 3320 atstns
3616 3265 3727 3320 fer-

2140 3362 2352 3416 ventior
2373 3360 2712 3419 «incubiterit.
2745 3360 3074 3417 exsiccatur.
3115 3360 3360 3429 Denique
3391 3359 3436 3412 si
3462 3359 3729 3412 deambu-

2141 3453 2273 3511 lanti
2303 3453 2469 3509 David
2503 3453 2556 3507 in
2584 3453 2782 3510 salario
2810 3454 3002 3507 domus
3025 3452 3187 3522 regia:
3217 3451 3424 3507 clausa!
3454 3450 3600 3505 fores
3627 3451 3728 3504 οῦκ

2140 3547 2424 3610 sisterent,
2467 3545 2522 3599 in
2563 3544 2797 3599 lavantis
2821 3559 2883 3599 se
2918 3527 3185 3599 Bersabee
3225 3530 3726 3614 concupiscentiam

2139 3636 2448 3692 nullatenus
2475 3637 2771 3691 exarsisset
2811 3635 2894 3707 (Il
2931 3635 3057 3706 Reg.
3147 3635 3262 3707 si);
3307 3638 3399 3690 sed
3436 3636 3561 3705 quia
3587 3651 3724 3692 ocit-

2139 3730 2246 3783 lnm
2274 3729 2376 3783 sub
2397 3729 2644 3783 custodia
2670 3728 2970 3800 disciplinae
2993 3743 3098 3784 non
3131 3730 3325 3794 tenuit,
3368 3730 3479 3798 ipse
3507 3744 3726 3799 quoque

2135 3828 2261 3890 post
2288 3834 2412 3874 eum
2443 3819 2498 3874 in
2524 3819 2768 3878 immane
2793 3819 2994 3874 hiantis
3027 3819 3196 3876 ruina:
3225 3820 3541 3874 barathrum
3574 3829 3725 3875 totus

2137 3910 2190 3962 in
2233 3924 2472 3980 prmceps
2517 3910 2646 3964 ruit.
2683 3908 2996 3965 Lubricatis
3032 3910 3177 3964 enim
3213 3909 3519 3979 gressibus,
3554 3910 3724 3967 totius

2137 4000 2216 4052 sui
2248 4010 2508 4068 expertus
2537 4008 2626 4056 est
2657 3999 2885 4069 lapsum,
2915 3998 3042 4053 dum
3068 3999 3235 4054 solius
3259 3997 3466 4054 frrmnn
3504 3998 3717 4053 relaxa-

2137 4092 2214 4146 vit
2255 4092 2510 4156 ohtutus;
2553 4091 2641 4144 cui
2691 4089 2941 4146 videlicet
2971 4089 3102 4142 illud
3151 4088 3399 4146 Jercmiac
3436 4089 3723 4156 aptissime

2133 4181 2419 4250 congruit:
2467 4197 2488 4234 ι
2525 4180 2872 4249 Deprazdatus
2916 4188 3021 4244 est,
3071 4179 3278 4248 inquit,
3325 4178 3513 4232 oculus
3561 4194 3719 4233 tueris

2133 4275 2371 4329 animam
2423 4285 2600 4328 meam
2631 4272 2846 4339 (Threx.
2881 4273 2985 4342 in).
3018 4290 3036 4321 ι
3075 4269 3130 4325 Si
3162 4285 3292 4340 ergo
3322 4281 3430 4323 tam
3465 4269 3716 4324 sublimis

2131 4367 2256 4422 εαξη
2283 4366 2534 4420 columna
2572 4374 2795 4435 propter
2834 4364 3006 4421 solam
3043 4364 3324 4418 oculorum
3371 4367 3714 4432 vagationem

2131 4457 2450 4528 gravissime
2473 4455 2701 4520 corruit,
2726 4455 2855 4523 quid
2885 4456 2952 4508 de
2990 4454 3145 4509 nobis
3174 4453 3404 4507 inﬁrmis
3436 4460 3490 4506 et
3515 4468 3717 4521 parvu-

2131 4546 2196 4602 lis
2225 4546 2582 4608 sentiendum,
2615 4546 2708 4615 qui
2756 4559 2855 4614 per
2882 4545 3138 4602 saeculum
3181 4545 3576 4610 discurrentes,
3610 4557 3714 4597 nos

2126 4647 2283 4694 extra
2334 4637 2698 4708 nosmetipsos
2744 4652 2968 4707 prorsus
3028 4637 3350 4704 adnuimus;
3409 4645 3465 4691 et
3507 4638 3705 4698 visum,

2125 4740 2290 4802 atque
2315 4732 2579 4797 auditum,
2611 4745 2908 4800 omnesque
2933 4745 3126 4786 sensus
3148 4739 3367 4788 nostros
3390 4729 3710 4788 hanriendis

2125 4825 2308 4880 mundi
2337 4825 2667 4880 vanitatibus
2687 4825 3056 4893 occupamus?

2705 4933 2934 4989 CAPUT
2969 4933 3114 4994 XXI.

2128 5028 2281 5099 Quod
2327 5025 2473 5082 Esau
2526 5029 2731 5098 vagatio
2777 5028 2993 5111 deiecit,
3040 5029 3206 5083 Jacob
3250 5027 3508 5083 stabilitas
3558 5029 3717 5084 exn!-

2846 5108 2992 5152 tavit.

2185 5188 2326 5253 Quae
2358 5198 2538 5242 autem
2566 5188 2823 5242 distantia
2871 5188 2942 5243 sit
2989 5190 3139 5244 inter
3157 5190 3472 5252 monachos,
3500 5188 3592 5258 qui
3624 5203 3720 5243 se-

2125 5280 2258 5333 creti
2294 5279 2652 5334 rentotionem
2693 5279 2925 5348 diligunt
2952 5297 2965 5332 :
3006 5287 3061 5333 et
3085 5293 3183 5334 eos
3215 5278 3306 5349 qui
3337 5293 3397 5333 se
3427 5292 3528 5348 per
3550 5288 3720 5335 cxte-

2127 5372 2274 5426 riora
2310 5369 2646 5436 diffundunt,
2683 5371 2737 5425 in
2765 5370 2976 5426 duobus
3005 5371 3154 5426 Isaac
3182 5370 3306 5425 ﬁliis
3344 5371 3463 5425 luce
3505 5368 3725 5427 clarius

2125 5461 2438 5516 edocemur.
2469 5460 2741 5530 Scriptum
2772 5476 3007 5532 namque
3029 5470 3150 5515 est:
3199 5480 3220 5512 ο
3256 5460 3391 5527 Quia
3418 5460 3594 5515 factus
3625 5474 3729 5516 est

2124 5550 2269 5606 Esau
2301 5551 2385 5606 vir
2410 5566 2610 5621 gnams
2652 5547 2908 5617 venandi,
2938 5563 2996 5607 et
3031 5553 3194 5606 homo
3221 5551 3456 5622 agricola
3477 5590 3493 5616 ,
3536 5548 3729 5606 Jacob

2107 5652 2304 5726 "autem
2327 5645 2552 5716 simplex
2577 5646 2856 5701 habitabat
2881 5646 2933 5700 in
2959 5645 3322 5701 tabernaculis
3347 5643 3498 5716 (Gen.
3517 5643 3672 5713 xxv).
3692 5665 3721 5694 ι

2126 5735 2231 5790 Sed
2261 5737 2363 5792 iste
2397 5737 2690 5806 prudenter
2719 5735 2941 5806 simplex
2973 5735 3158 5792 fratris
3206 5735 3563 5807 primogenita
3587 5774 3603 5799 ,
3655 5747 3728 5788 cl
