3996 6184
332 374 466 442 ιη’

1227 375 1473 437 σνυδο.
1495 375 1614 436 ΧΠ.
1648 379 1836 436 -ηΒΕ
1859 377 2286 438 CON’I'EMPTU
2323 381 2618 440 SJECULI.

3503 380 3623 438 2N-

335 493 995 565 bonedietionernpatris,
1014 505 1309 564 provectus
1333 497 1418 552 sui
1437 506 1630 552 cautus
1649 504 1938 555 exsecutor
1965 501 2027 558 κ·
2040 496 2278 552 comedit
2299 505 2354 552 et
2385 487 2539 565 bibit,
2560 507 2618 553 et
2641 497 2796 563 abiit,
2825 498 3223 568 parvipendens
3247 499 3388 568 quod
3420 500 3618 568 primo-

333 591 587 663 accepit;
606 589 705 644 ille
731 588 986 644 fatuitate
1009 602 1235 661 gnarus,
1257 591 1384 661 quia
1418 589 1473 646 in
1495 591 1675 662 gladio
1702 592 1929 656 viveret,
1949 629 1956 634 -

330 693 394 740 et.
427 682 586 736 fratri
611 695 712 736 suo
737 679 888 735 velut
910 681 1400 737 dominotamnlus
1437 683 1740 738 serviturus
1764 692 1929 748 esser,

331 775 567 831 audivit.
597 774 855 828 Attamen
881 773 988 828 isto
1013 773 1115 828 nisi
1143 773 1195 828 in
1229 773 1595 830 tabernaculis
1619 775 1930 840 resedisset,

329 864 534 935 procul
569 863 737 918 dubio
768 863 1057 932 primitivte
1087 863 1488 920 benedictionis
1523 864 1784 920 immunis
1819 865 1934 918 exi-

336 965 544 1022 steret;
577 955 670 1010 ille
705 955 810 1012 nisi
843 970 1111 1026 per-vagus
1146 971 1205 1012 se
1231 956 1284 1011 in
1321 957 1598 1012 exteriora
1623 955 1932 1026 projiceret,

338 1049 610 1119 primatus
635 1047 720 1103 sui
750 1045 1034 1117 privilegio
1082 1062 1188 1100 non
1213 1058 1450 1102 careret.
1487 1046 1595 1102 Iste
1621 1047 1935 1102 domestica:

338 1139 541 1208 quietis
570 1137 743 1191 otium
787 1136 961 1191 tenuit
987 1144 1044 1190 et
1091 1137 1275 1190 divina
1329 1134 1592 1204 largiente
1637 1136 1830 1208 gratia,
1881 1136 1933 1189 in

342 1230 520 1284 aliena
543 1229 668 1298 jma
698 1227 979 1294 subsiluit;
1021 1226 1110 1282 ille
1147 1227 1380 1282 venandi
1415 1228 1602 1282 labore
1630 1225 1932 1292 confectus,

340 1321 553 1386 ethoc,
577 1320 722 1388 quod
751 1319 852 1376 sibi
870 1317 992 1387 jure
1014 1320 1380 1390 eompetebat,
1409 1319 1613 1374 amisit.

420 1455 492 1514 Ut
513 1466 694 1511 autern
725 1455 1112 1525 supersedeant
1140 1465 1353 1511 scutum
1375 1455 1746 1511 excusationis
1770 1470 1932 1525 oppo-

342 1537 497 1613 nere,
529 1549 618 1619 qui
643 1548 896 1603 smculum
927 1549 1333 1618 perlustrautes.
1357 1547 1570 1617 jactant
1593 1564 1654 1604 se
1673 1544 1933 1603 obedien-

345 1641 436 1696 ἥδε
471 1641 679 1712 legibus
703 1641 997 1704 deservire,
1031 1657 1137 1695 non
1185 1642 1465 1712 ignorent,
1509 1641 1636 1712 quia
1691 1648 1745 1696 ct
1796 1640 1934 1694 Esau

343 1740 600 1804 venatum
643 1730 929 1800 prodiens,
967 1730 1211 1798 paternis
1249 1729 1590 1801 jussionibus
1629 1730 1838 1800 paruit;
1883 1740 1936 1785 et

347 1833 527 1879 tamen
570 1838 672 1877 nec
719 1822 856 1890 patri
899 1823 1047 1878 cibos
1075 1822 1295 1889 offerre,
1345 1838 1446 1878 nec
1475 1833 1673 1894 optata:
1715 1823 1935 1882 benedi-

344 1914 541 1968 ct'onis
605 1914 805 1967 meruit
856 1913 1126 1981 primitias
1168 1913 1434 1969 obtinere.
1487 1915 1744 1984 Quisquis
1791 1915 1933 1969 etiim

346 2021 460 2062 rem
511 2021 636 2076 qua:
673 2006 740 2061 ad
782 2007 971 2061 vitium
1009 2007 1278 2076 pertinet,
1305 2009 1695 2063 consuetudine
1719 2008 1934 2075 ductus,

345 2098 577 2167 propria:
636 2097 932 2152 voluntatis
994 2098 1254 2154 instinctu
1311 2099 1546 2156 libenter
1597 2101 1933 2170 exsequitur,

344 2199 530 2256 peccat
555 2190 721 2243 etiam
752 2190 796 2246 si
823 2190 1016 2245 alienis
1060 2193 1303 2262 imperiis
1349 2194 1693 2262 spec-ietenus
1720 2196 1933 2250 obtem—

344 2296 536 2351 perare
575 2282 840 2337 videatur.
898 2283 1034 2337 Nam
1083 2300 1206 2338 cum
1239 2286 1483 2340 dicitur:
1547 2307 1565 2339 r
1596 2288 1735 2354 Qtia
1786 2288 1936 2344 Isaac

344 2371 560 2426 amabat
587 2372 754 2437 Esau,
783 2388 848 2428 eo
882 2374 1026 2443 quod
1063 2375 1129 2429 de
1157 2376 1535 2433 venationibus
1575 2377 1714 2434 illius
1750 2394 1937 2434 vesce-

347 2467 494 2514 rctur
522 2459 679 2531 (Cen.
727 2477 834 2516 xxv
882 2464 942 2533 );
975 2483 994 2516 ι
1047 2473 1263 2520 constat
1290 2465 1570 2532 nimirum,
1601 2467 1728 2538 quia
1774 2468 1934 2532 Esau,

346 2563 406 2607 ut
433 2554 572 2621 patri
600 2553 752 2610 cibos
781 2555 964 2611 studio
998 2557 1300 2613 venationis
1325 2559 1661 2628 acquireret,
1684 2575 1790 2614 non
1823 2575 1938 2613 rna-

345 2643 430 2712 gis
457 2655 697 2714 paterna:
734 2645 966 2714 iussioni
1009 2662 1108 2717 per
1135 2647 1496 2704 obedientiam
1531 2651 1732 2719 paruit,
1773 2665 1936 2719 quam

347 2736 548 2790 inclita:
572 2739 958 2793 consuetudini
989 2741 1390 2809 quodammodo
1420 2741 1621 2796 tributa
1656 2741 1935 2811 persolvit.

345 2826 450 2893 Qui
478 2843 607 2899 ergo
638 2827 995 2884 discurrendo
1023 2845 1123 2900 per
1166 2830 1424 2886 szeculum
1464 2832 1699 2902 propria:
1726 2831 1936 2885 libidini

345 2920 631 2986 sat'sfacit,
664 2931 718 2976 et
758 2930 936 2976 tamen
961 2923 1187 2978 obedire
1209 2923 1372 2995 265
1417 2938 1476 2978 se
1511 2922 1780 2991 majorum
1817 2923 1936 2992 jus-

345 3009 590 3065 sionibus
642 3013 878 3077 asserit,
934 3014 1146 3068 noverit
1196 3014 1363 3068 lteum
1410 3031 1517 3070 non
1546 3024 1651 3068 tam
1684 3014 1939 3070 coloratis

345 3103 773 3160 vcrbositatibus
812 3107 1061 3170 credere,
1090 3122 1254 3176 quam
1285 3106 1350 3162 de
1387 3105 1615 3162 occultis
1656 3106 1932 3162 hominum

339 3195 495 3266 juxta
525 3197 917 3251 conscientiam
937 3195 1206 3266 judicare.

417 3329 724 3386 Notandum
754 3341 934 3387 autem
961 3332 1106 3402 quod
1155 3332 1396 3386 nonnulli
1447 3332 1684 3403 quandiu
1728 3330 1780 3385 in
1823 3331 1937 3400 ipsa

347 3423 632 3494 vagatione
655 3433 782 3477 sunt
809 3424 992 3493 positi.
1024 3441 1130 3478 non
1158 3424 1398 3494 graviter
1423 3431 1684 3479 corruunt
1715 3440 1730 3490 ;
1757 3440 1938 3479 rever-

346 3523 524 3569 tentes
574 3523 755 3569 autem
808 3516 963 3584 quasi
1019 3517 1250 3585 quodam
1322 3517 1658 3587 negotiorum
1716 3518 1942 3570 smeula-

348 3608 486 3660 rium
516 3617 720 3662 temeto
768 3608 930 3673 ebrii,
981 3609 1033 3662 in
1085 3609 1320 3663 immane
1365 3609 1722 3680 prmcipitinm
1754 3609 1937 3663 devol-

345 3709 564 3754 vunlur.
596 3700 884 3754 Actionum
933 3704 1129 3771 quippe
1177 3703 1515 3756 sarcularium
1573 3701 1720 3758 fmno
1749 3703 1936 3758 suffusi

345 3789 535 3844 oculos
564 3792 816 3856 redeunt,
841 3800 1004 3862 atque
1032 3793 1234 3848 idcirco
1259 3793 1492 3862 propriis
1521 3793 1795 3848 liminibus
1821 3796 1938 3846 re-i-

345 3879 465 3944 diti,
491 3881 583 3935 ubi
630 3882 820 3951 pedem
865 3883 1046 3952 operis
1079 3898 1282 3952 ponere
1336 3883 1590 3948 debeant,
1626 3900 1731 3936 non
1760 3893 1935 3937 atten-

347 3971 501 4027 dunt.
537 3973 690 4040 Quod
739 3975 984 4043 profecto
1011 3976 1150 4031 idem
1183 3976 1322 4030 Esau
1375 3985 1624 4046 patenter
1677 3977 1935 4043 insinuat,

346 4066 440 4132 qui
493 4067 622 4120 dum
666 4067 733 4123 de
766 4085 900 4140 agro
947 4069 1187 4134 rediens,
1233 4069 1432 4140 oppido
1479 4086 1538 4124 se
1591 4073 1938 4141 conqueritur

348 4158 573 4224 lassum,
618 4159 938 4215 damnosum
986 4161 1141 4216 valde
1173 4162 1372 4232 pepigit
1409 4177 1530 4216 cum
1579 4162 1748 4216 fratre
1789 4179 1939 4218 com-

348 4249 612 4303 mercium
641 4265 655 4314 ;
689 4253 925 4320 dumque
965 4251 1019 4306 in
1069 4266 1126 4306 se
1174 4250 1586 4307 immoderatam
1644 4253 1805 4308 famis
1851 4270 1938 4307 ra-

347 4339 491 4394 biem
513 4341 708 4395 srevire
755 4341 1025 4410 permisit,
1051 4357 1302 4411 magnum
1332 4344 1809 4413 primogenitorum
1839 4343 1935 4398 de-

347 4446 443 4485 cus
463 4431 557 4485 vili
586 4445 766 4501 parva:
787 4431 1054 4486 lenticulae
1075 4433 1320 4487 coctione
1341 4433 1591 4488 distraxit
1609 4428 1761 4503 (Cen.
1785 4436 1933 4502 xxv).

1971 1853 2010 1911 ll

1964 3198 2012 3260 Ο

2034 585 2210 656 genita
2234 585 2583 640 vendidisset.
2610 604 2627 638 ι

2609 696 2838 753 CAPUT
2880 695 3042 754 XXII.

2035 785 2333 842 ln‘duolms
2355 788 2434 842 Itis
2466 788 2718 859 fratribus
2765 800 2924 859 pater,
2975 789 3099 859 quid
3143 790 3281 844 inter
3325 806 3481 859 vagos
3509 807 3619 847 mo-

2463 860 2659 914 nachos
2686 869 2732 914 et
2771 859 2982 913 ambite:
3017 860 3192 913 distet.

2105 951 2160 1006 In
2195 951 2280 1007 his
2309 951 2474 1021 igitur
2501 951 2713 1008 duobus
2760 951 3025 1007 fratribus
3073 949 3224 1023 (Gen.
3251 954 3422 1022 xxvtt)
3451 955 3622 1007 Inani-

2035 1045 2171 1100 feste
2222 1044 2652 1115 deprehenditur
2695 1055 2896 1116 quanta
2951 1046 3093 1100 inter
3129 1046 3430 1101 residentes
3461 1055 3624 1115 atque

2033 1138 2700 1209 vagabundosrnonachos
2741 1151 2862 1192 esse
2889 1138 3144 1193 distantia
3193 1138 3479 1193 sentiatur.
3532 1137 3623 1192 Ille

2035 1232 2180 1285 enim
2218 1231 2322 1284 nisi
2371 1245 2428 1284 se
2465 1229 2794 1294 instabilem,
2831 1238 2886 1283 et
2934 1229 3015 1284 sui
3067 1228 3348 1298 prodigum
3395 1243 3492 1297 per
3526 1243 3623 1282 ex-

2040 1321 2240 1376 teriora
2287 1319 2634 1386 dill'underet,
2689 1335 3030 1390 nequaquam
3085 1319 3483 1374 benedictionis
3529 1333 3626 1388 pa-

2041 1423 2210 1467 ternre
2235 1411 2553 1484 mysterium
2585 1427 2688 1466 una
2732 1427 2852 1467 eum
2903 1412 3278 1482 pritnogenitis
3308 1412 3580 1467 amisisset
3608 1428 3622 1474 ;

2039 1505 2140 1560 iste
2163 1505 2264 1559 nisi
2291 1507 2433 1558 intra
2464 1505 2748 1559 domestici
2790 1519 2848 1560 se
2883 1504 3011 1558 laris
3042 1513 3190 1572 septa
3215 1504 3622 1574 comprimeret,

2041 1596 2182 1652 infra
2233 1600 2616 1669 przescripturn
2668 1599 3067 1654 subsecurionis
3114 1613 3224 1653 suae
3271 1599 3497 1653 limitem
3541 1597 3624 1666 ju-

2038 1687 2160 1742 nior
2179 1689 2455 1745 humiliter
2476 1690 2789 1744 desedisset.
2818 1689 2906 1742 ille
2935 1703 3135 1759 gnarus
3161 1697 3216 1744 et
3243 1687 3414 1744 solers
3443 1705 3472 1741 a
3508 1704 3620 1743 sua:

2037 1782 2412 1852 pmrogativre
2444 1782 2566 1852 jure
2592 1783 2876 1848 dilabitur;
2911 1784 3010 1837 iste
3053 1783 3269 1851 quietus
3295 1791 3350 1836 et
3376 1780 3623 1852 simplex,

2041 1873 2282 1927 subactis
2323 1872 2602 1938 fratribus,
2652 1872 2913 1944 singulari
2958 1873 3239 1944 privilegio
3268 1872 3626 1942 principatur.

2038 1963 2192 2018 Alter
2235 1963 2407 2020 saltus
2457 1973 2513 2019 et
2562 1963 2729 2020 lustra
2782 1964 3119 2035 peragrando
3147 1963 3410 2028 defessus,
3449 1979 3478 2017 a
3521 1965 3627 2032 pri-

2039 2067 2216 2113 matus
2267 2059 2349 2113 sui
2412 2058 2675 2130 dignitate
2723 2049 2978 2129 dejicitur
3029 2050 3056 2122 ;’
3094 2057 3230 2110 alter
3283 2057 3334 2110 in
3381 2055 3624 2111 conclavi

2042 2164 2259 2204 amomo
2314 2147 2501 2203 fruens
2551 2149 2706 2212 otio,
2755 2149 2822 2202 ad
2876 2147 3266 2218 capessendam
3323 2161 3489 2215 super
3535 2161 3629 2214 pu-

2038 2243 2235 2312 pulos,
2297 2240 2577 2311 tribusque
2631 2240 3000 2295 menarchiam
3055 2238 3313 2294 divinitus
3368 2236 3625 2292 sublima-

2040 2343 2144 2389 tur.

2112 2423 2330 2478 Desinat
2356 2439 2486 2494 ergo
2529 2425 2849 2489 monachus,
2898 2423 3146 2494 quisquis
3189 2430 3294 2484 est,
3322 2438 3444 2476 cum
3478 2421 3620 2475 Esau

2040 2531 2104 2570 ex
2135 2515 2456 2570 remotionis
2497 2531 2608 2570 sua:
2651 2513 2906 2568 claustris
2953 2513 3263 2581 frequenter
3297 2527 3623 2580 erumpere;

2039 2607 2249 2661 desinat
2295 2621 2420 2660 cum
2469 2620 2534 2659 eo
2581 2603 2682 2658 sub
2731 2603 3058 2657 obcdientia:
3109 2602 3288 2670 specie
3339 2601 3517 2655 causis
3571 2615 3628 2654 se

2041 2697 2394 2752 Saecularibus
2445 2695 2760 2764 implicare;
2811 2710 2879 2749 ne
2907 2693 3234 2764 quandoque
3264 2709 3321 2747 se
3360 2710 3484 2747 cum
3512 2693 3629 2762 ipso

2042 2788 2222 2860 lugeat
2247 2787 2443 2842 divina:
2483 2787 2875 2868 benedictionis
2912 2795 3207 2849 extorrem,
3261 2799 3418 2854 quem
3454 2785 3628 2839 noxiae

2042 2878 2348 2949 vagationis
2398 2875 2626 2932 sortitur
2654 2885 2952 2930 auctorem.
3003 2874 3136 2930 Cum
3166 2873 3335 2928 Jacob
3363 2873 3524 2943 igitur
3571 2889 3629 2926 se

2043 2964 2400 3029 domesticum
2449 2961 2724 3031 prmbeat,
2777 2975 2901 3015 cum
2946 2958 3110 3015 Iacob
3161 2960 3212 3013 in
3268 2955 3630 3013 tabernaculis

2042 3058 2362 3129 simpliciter
2407 3057 2572 3119 vivat,
2616 3065 2886 3124 quatenus
2933 3055 3123 3118 Deum,
3173 3054 3265 3122 qui
3303 3069 3425 3107 vere
3476 3061 3629 3122 pater

2042 3164 2122 3208 est
2152 3153 2470 3214 electorum,
2505 3150 2669 3222 266
2695 3149 2820 3202 boni
2869 3149 3049 3217 operis
3092 3147 3236 3201 vesci
3277 3145 3506 3215 dapibus
3537 3160 3628 3199 cu—

2042 3246 2304 3316 pientem,
2357 3259 2462 3296 non
2505 3241 2836 3294 silvestrium
2891 3239 3152 3300 ferarum,
3203 3234 3296 3289 sed
3347 3233 3627 3288 domc5tici

2041 3336 2218 3407 gregis
2246 3333 2596 3404 apparatione
2641 3331 2867 3394 reficiat,
2903 3331 3118 3398 quando
3150 3342 3251 3381 non
3290 3326 3355 3380 de
3386 3334 3626 3380 externa:

2040 3427 2345 3482 sanctitatis
2383 3421 2694 3494 superﬁcie,
2735 3421 2827 3476 sed
2886 3437 3053 3475 suave
3091 3419 3193 3473 sibi
3238 3419 3302 3473 de
3345 3417 3628 3472 conscien-

2042 3519 2130 3573 tiae
2152 3534 2263 3573 suae
2290 3515 2579 3570 virtutibus
2613 3513 2850 3568 eduliqu
2899 3521 3071 3583 parat.
3105 3511 3290 3580 Neque
3312 3511 3454 3564 enim
3484 3510 3626 3563 Deus

2041 3612 2342 3666 hostiarum
2401 3609 2566 3680 pelles
2607 3608 2660 3661 in
2702 3606 2972 3662 sacrificio
3017 3605 3237 3660 sibimet
3281 3603 3502 3658 mandat
3543 3603 3628 3656 of-

2040 3704 2192 3768 ferri,
2221 3703 2316 3756 sed
2349 3701 2610 3756 interiora
2641 3700 2820 3768 potius
2859 3698 3130 3752 viscerum
3157 3711 3278 3750 cum
3320 3696 3452 3765 ipsis
3488 3709 3620 3764 quo-

2040 3813 2145 3867 que
2185 3795 2433 3850 medullis
2479 3793 2721 3864 praecipit
2763 3792 3027 3846 exhiberi.
3064 3790 3219 3845 Unde
3258 3799 3314 3844 et
3356 3791 3407 3843 in
3448 3798 3613 3843 osten-

2040 3889 2216 3944 dendo
2255 3888 2370 3957 ipso
2418 3886 2811 3941 sacriiiciornm
2853 3884 2958 3938 ritu
3008 3882 3216 3952 Moyses
3245 3881 3506 3949 praecipit,
3537 3880 3626 3932 diu

2039 4001 2169 4041 cens
2221 4003 2234 4037 :
2290 4002 2308 4035 ι
2358 3981 2647 4036 Subtracta
2703 3979 2860 4049 pelle,
2908 3978 3098 4034 hostia:
3145 3986 3296 4030 artus
3353 3977 3403 4030 in
3454 3975 3623 4028 frusta

2039 4076 2331 4133 concidant
2364 4073 2549 4145 (Leuit.
2583 4072 2622 4142 ι)
2650 4089 2664 4136 ;
2698 4092 2715 4123 ι
2773 4071 2857 4125 cui
2889 4068 3142 4123 mandato
3169 4069 3332 4122 etiam
3364 4067 3624 4138 mysticus

2043 4166 2350 4222 intellectus
2402 4165 2580 4219 inesse
2632 4161 3074 4231 deprehenditur,
3107 4161 3150 4215 si
3188 4159 3440 4214 subtilius
3473 4158 3620 4212 inda-

2040 4265 2218 4328 getur.
2253 4253 2452 4310 Pellem
2502 4267 2737 4325 namque
2786 4251 2975 4307 hostire
3011 4250 3402 4314 subtrahiruus,
3448 4265 3568 4302 cum
3595 4265 3622 4302 a

2042 4349 2243 4403 mentis
2272 4355 2474 4402 nostrae
2497 4345 2669 4400 octriis
2690 4343 3032 4414 superficiem
3054 4342 3272 4396 virtutis
3293 4357 3618 4396 amovcmus.

2041 4439 2208 4508 Cujus
2248 4449 2400 4494 artus
2457 4439 2511 4492 in
2579 4436 2750 4491 frusta
2811 4435 3180 4499 concidimns,
3246 4449 3371 4488 cum
3436 4433 3623 4487 distin-

348 4520 444 4575 Sic
487 4522 773 4586 nimirum,
806 4523 884 4576 sic
928 4521 1019 4591 qui
1053 4521 1418 4578 exterioribus
1467 4523 1698 4586 deditus,
1740 4530 1935 4577 semet-

2045 4541 2274 4608 guentes
2301 4532 2575 4589 subtiliter
2605 4529 2722 4598 ejus
2747 4530 2964 4588 intima.
2988 4528 3442 4597 membratimquc
3483 4528 3620 4595 cogi-

349 4613 526 4682 ipsum
579 4611 841 4676 deseruit,
889 4619 948 4667 et
999 4625 1094 4666 sua
1149 4612 1492 4682 postmodum
1531 4628 1780 4684 corpore,
1828 4629 1935 4668 non

349 4707 511 4762 corde
539 4705 592 4759 in
629 4706 884 4760 interiora
913 4712 1199 4760 revocatus
1224 4706 1424 4759 amisit.
1457 4706 1731 4778 Contingit
1770 4709 1936 4762 etiam

352 4798 659 4869 vagationis
683 4799 816 4852 vitio
843 4797 1239 4863 laborantibus,
1291 4808 1346 4852 ut
1387 4797 1678 4868 pulveratis
1709 4799 1937 4854 interio-

351 4891 499 4943 ribus
523 4889 718 4954 oculis,
768 4890 908 4945 sicut
936 4905 1040 4943 non
1083 4899 1390 4959 pracarent
1441 4905 1506 4945 ne
1555 4890 1606 4944 in
1654 4899 1835 4944 reatus
1866 4889 1940 4943 fo-

351 4995 504 5034 veam
541 4989 824 5044 corruant,
879 4981 956 5034 ita
988 4980 1151 5034 etiam
1202 4983 1536 5052 postmodum
1588 4995 1694 5052 quo
1723 4982 1933 5037 cecide-

353 5071 454 5125 rint
500 5087 608 5124 non
658 5071 990 5125 advertant:
1043 5073 1225 5141 itaque
1269 5073 1395 5126 dum
1426 5072 1658 5126 admissa
1709 5085 1936 5143 qumque

350 5165 702 5220 considerare
730 5164 1010 5220 subtiliter
1042 5166 1336 5237 negligunt,
1367 5161 1626 5236 quidquid
1659 5165 1786 5220 illud
1828 5173 1934 5230 cet,

351 5258 490 5324 quod
521 5257 885 5328 deliquerant,
934 5257 1161 5313 confuso
1206 5259 1403 5312 mentis
1452 5260 1703 5313 examine
1750 5259 1933 5329 parvi-

352 5348 617 5415 pendunt,
656 5348 885 5403 culicem
912 5349 1178 5419 siquidem
1229 5364 1334 5402 non
1387 5350 1676 5420 liquantes,
1708 5351 1810 5406 etsi
1839 5365 1934 5404 ca-

351 5437 548 5492 melum
577 5437 884 5508 glutientes.
913 5438 1079 5511 Cujus
1110 5452 1325 5508 quoque
1355 5439 1613 5495 caecitatis
1641 5439 1780 5494 Esau
1831 5451 1943 5493 nent

352 5529 608 5585 immunis
637 5531 914 5588 exstitisse
959 5533 1324 5602 cognoscitur,
1356 5532 1497 5587 sicut
1523 5547 1674 5588 sacra
1713 5533 1936 5586 historia

356 5629 587 5676 testante
631 5624 965 5693 perhibetur,
1012 5626 1101 5678 ubi
1137 5636 1422 5696 postquam
1462 5626 1696 5680 dicitur:
1753 5643 1771 5677 ‹
1801 5626 1935 5693 Quia

350 5714 556 5785 juravit
597 5720 760 5783 Esau,
811 5730 866 5774 et
913 5720 1153 5775 vendidit
1207 5721 1615 5792 primogenita;
1667 5739 1685 5771 ι
1745 5719 1940 5774 deinde

361 5814 626 5869 suanCtit
655 5832 666 5866 :
698 5833 715 5866 ι
747 5814 814 5868 Et
844 5815 921 5870 sic
973 5823 1196 5885 accepto
1242 5831 1378 5885 pane
1425 5823 1479 5868 ct
1532 5813 1690 5868 lentis
1739 5811 1935 5878 edulio,

2043 4637 2262 4692 tamus,
2318 4634 2378 4682 ut
2428 4639 2550 4695 qua:
2597 4623 2730 4678 foris
2781 4624 2994 4678 sincera
3045 4622 3296 4675 videntur
3340 4629 3394 4675 et
3437 4619 3626 4684 solida,

2043 4721 2189 4774 intus
2238 4733 2345 4771 non
2390 4717 2695 4770 habeantur
2747 4713 3032 4768 latebrosa:
3079 4711 3338 4765 vanitatis
3375 4710 3507 4764 vitio
3537 4727 3626 4763 ca-

2043 4824 2294 4864 vernosa.
2358 4807 2528 4862 David
2582 4813 2760 4859 autem
2827 4820 2924 4873 pro
2985 4818 3184 4871 magno
3240 4816 3465 4854 munere
3515 4817 3622 4853 rue-

2042 4899 2247 4954 dullata
2294 4913 2352 4953 se
2408 4897 2518 4952 Deo
2573 4895 2839 4949 sacrificia
2889 4893 3197 4947 oblaturum
3249 4905 3368 4946 esse
3414 4890 3630 4960 pollice-

2041 4997 2134 5044 tur
2163 5033 2178 5056 ,
2228 4989 2414 5043 dicens
2459 5006 2471 5040 :
2526 5005 2546 5038 ε
2597 4985 2926 5040 llolocausta
2956 5025 2972 5051 ,
3042 4983 3262 5053 inquit,
3324 4980 3616 5035 medullata

2043 5079 2268 5137 oiferam
2335 5077 2476 5145 tibi,
2528 5093 2654 5134 cum
2716 5076 2939 5131 incenso
3009 5085 3066 5130 et
3117 5073 3375 5156 arietibus
3434 5069 3625 5144 (Psul.

2043 5192 2146 5231 va
2163 5177 2203 5242 ).
2226 5188 2244 5220 ι

2115 5263 2368 5334 Quisquis
2407 5273 2587 5318 autem
2633 5278 2691 5316 se
2750 5278 2848 5331 per
2895 5260 3233 5330 negotiorum
3283 5255 3624 5311 saecularium

2045 5355 2304 5412 exercitia
2355 5354 2744 5409 delectabiliter
2796 5351 2989 5417 fundit,
3044 5347 3342 5404 holocausti
3385 5346 3468 5399 sui
3516 5361 3622 5398 me-

2043 5447 2219 5502 dullas
2249 5462 2370 5500 cum
2423 5445 2720 5500 visceribus
2758 5441 3046 5501 subtrahit,
3082 5448 3137 5494 et
3178 5439 3347 5493 solam
3395 5437 3622 5492 victimm

2042 5520 2234 5609 pellem
2285 5537 2418 5601 Deo,
2475 5551 2594 5604 quin
2642 5532 2820 5587 offerri
2860 5531 3198 5600 prohibetur,
3230 5527 3448 5582 adolere
3493 5543 3620 5581 con-

2045 5629 2252 5692 tendit;
2286 5626 2376 5697 qui
2411 5641 2539 5680 vero
2569 5639 2732 5677 suave
2765 5623 2874 5677 Deo
2922 5620 3249 5675 sacrificium
3294 5617 3489 5675 offerre
3529 5619 3623 5672 de-

2044 5720 2270 5781 siderat,
2307 5731 2555 5771 recessus
2596 5723 2765 5784 petat,
2795 5712 3053 5767 interiora
3082 5722 3342 5778 sectetur,
3387 5713 3622 5766 animam

2045 5829 2196 5867 suam
2229 5811 2520 5880 integrann,
2564 5808 2932 5878 iihbatamqttc
2985 5807 3038 5862 in
3069 5808 3284 5878 propria
3317 5805 3624 5876 virginitate
