  <div class='ocr_page' id='page_1' title='image "/cluster/home/n/w/nwhite01/storage/ocr_20150623/145/hvd.32044048207542/145.png"; bbox 0 0 3996 6184; ppageno 0'>
   <div class='ocr_carea' id='block_1_1' title="bbox 345 344 455 403">
    <p class='ocr_par' dir='ltr' id='par_1_1' title="bbox 345 344 455 403">
     <span class='ocr_line' id='line_1_1' title="bbox 345 344 455 403; baseline 0.036 -5"><span class='ocrx_word' id='word_1_1' title='bbox 345 344 455 403; x_wconf 73' lang='grc'><strong>973</strong></span> 
     </span>
    </p>
   </div>
   <div class='ocr_carea' id='block_1_2' title="bbox 814 345 3184 425">
    <p class='ocr_par' dir='ltr' id='par_1_2' title="bbox 814 345 3184 425">
     <span class='ocr_line' id='line_1_2' title="bbox 814 345 3184 425; baseline 0.004 -23"><span class='ocrx_word' id='word_1_2' title='bbox 814 345 873 402; x_wconf 87' lang='lat' dir='ltr'><strong>S.</strong></span> <span class='ocrx_word' id='word_1_3' title='bbox 901 347 1105 404; x_wconf 81' lang='lat' dir='ltr'><strong>PETRI</strong></span> <span class='ocrx_word' id='word_1_4' title='bbox 1142 348 1423 405; x_wconf 76' lang='lat' dir='ltr'><strong>DAMIANI</strong></span> <span class='ocrx_word' id='word_1_5' title='bbox 1459 348 1611 406; x_wconf 83' lang='lat' dir='ltr'><strong>OPP.</strong></span> <span class='ocrx_word' id='word_1_6' title='bbox 1638 351 1876 408; x_wconf 74' lang='lat' dir='ltr'><strong>TOMUS</strong></span> <span class='ocrx_word' id='word_1_7' title='bbox 1916 351 2051 409; x_wconf 82' lang='lat' dir='ltr'><strong>SEU</strong></span> <span class='ocrx_word' id='word_1_8' title='bbox 2089 353 2275 411; x_wconf 77' lang='lat' dir='ltr'><strong>PARS</strong></span> <span class='ocrx_word' id='word_1_9' title='bbox 2309 356 2397 410; x_wconf 75' lang='lat' dir='ltr'><strong>Ill.</strong></span> <span class='ocrx_word' id='word_1_10' title='bbox 2424 385 2489 397; x_wconf 94' lang='lat'><strong>—</strong></span> <span class='ocrx_word' id='word_1_11' title='bbox 2513 353 2881 423; x_wconf 81' lang='lat' dir='ltr'><strong>OPUSCULA</strong></span> <span class='ocrx_word' id='word_1_12' title='bbox 2926 357 3184 425; x_wconf 65' lang='lat' dir='ltr'><strong>YARlA.l</strong></span> 
     </span>
    </p>
   </div>
   <div class='ocr_carea' id='block_1_3' title="bbox 3511 358 3618 416">
    <p class='ocr_par' dir='ltr' id='par_1_3' title="bbox 3511 358 3618 416">
     <span class='ocr_line' id='line_1_3' title="bbox 3511 358 3618 416; baseline 0 0"><span class='ocrx_word' id='word_1_13' title='bbox 3511 358 3618 416; x_wconf 69' lang='lat'><strong>276</strong></span> 
     </span>
    </p>
   </div>
   <div class='ocr_carea' id='block_1_4' title="bbox 348 454 3624 544">
    <p class='ocr_par' dir='ltr' id='par_1_4' title="bbox 348 454 3624 544">
     <span class='ocr_line' id='line_1_4' title="bbox 348 454 3624 544; baseline 0.006 -34"><span class='ocrx_word' id='word_1_14' title='bbox 348 454 662 521; x_wconf 81' lang='lat' dir='ltr'><strong>custodiat;</strong></span> <span class='ocrx_word' id='word_1_15' title='bbox 711 469 812 511; x_wconf 91' lang='lat' dir='ltr'><strong>nec</strong></span> <span class='ocrx_word' id='word_1_16' title='bbox 858 457 1217 512; x_wconf 83' lang='lat' dir='ltr'><strong>discurrendo</strong></span> <span class='ocrx_word' id='word_1_17' title='bbox 1266 472 1365 527; x_wconf 89' lang='lat' dir='ltr'><strong>per</strong></span> <span class='ocrx_word' id='word_1_18' title='bbox 1414 458 1691 530; x_wconf 79' lang='lat' dir='ltr'><strong>lupanaria</strong></span> <span class='ocrx_word' id='word_1_19' title='bbox 1748 462 1928 517; x_wconf 62' lang='lat' dir='ltr'><strong>seculi</strong></span> <span class='ocrx_word' id='word_1_20' title='bbox 1960 470 2007 530; x_wconf 75' lang='grc' dir='ltr'><strong>Α</strong></span> <span class='ocrx_word' id='word_1_21' title='bbox 2036 467 2144 523; x_wconf 89' lang='lat' dir='ltr'><strong>lum</strong></span> <span class='ocrx_word' id='word_1_22' title='bbox 2177 469 2475 539; x_wconf 76' lang='lat' dir='ltr'><strong>appellatur</strong></span> <span class='ocrx_word' id='word_1_23' title='bbox 2516 471 2659 539; x_wconf 90' lang='lat' dir='ltr'><strong>quod</strong></span> <span class='ocrx_word' id='word_1_24' title='bbox 2691 470 2811 525; x_wconf 80' lang='lat' dir='ltr'><strong>fuit.</strong></span> <span class='ocrx_word' id='word_1_25' title='bbox 2854 471 2951 525; x_wconf 82' lang='lat' dir='ltr'><strong>Cui</strong></span> <span class='ocrx_word' id='word_1_26' title='bbox 2990 481 3113 541; x_wconf 74' lang='lat' dir='ltr'><strong>apte</strong></span> <span class='ocrx_word' id='word_1_27' title='bbox 3149 487 3246 542; x_wconf 87' lang='lat' dir='ltr'><strong>per</strong></span> <span class='ocrx_word' id='word_1_28' title='bbox 3295 473 3624 544; x_wconf 85' lang='lat' dir='ltr'><strong>increpatio-</strong></span> 
     </span>
    </p>
   </div>
   <div class='ocr_carea' id='block_1_5' title="bbox 356 548 1936 621">
    <p class='ocr_par' dir='ltr' id='par_1_5' title="bbox 356 548 1936 621">
     <span class='ocr_line' id='line_1_5' title="bbox 356 548 1936 621; baseline 0.004 -20"><span class='ocrx_word' id='word_1_29' title='bbox 356 548 649 603; x_wconf 88' lang='lat' dir='ltr'><strong>immundis</strong></span> <span class='ocrx_word' id='word_1_30' title='bbox 698 549 1129 619; x_wconf 79' lang='lat' dir='ltr'><strong>corruptoribus,</strong></span> <span class='ocrx_word' id='word_1_31' title='bbox 1162 550 1442 621; x_wconf 75' lang='lat' dir='ltr'><strong>prostibuli</strong></span> <span class='ocrx_word' id='word_1_32' title='bbox 1489 567 1662 619; x_wconf 86' lang='lat' dir='ltr'><strong>more,</strong></span> <span class='ocrx_word' id='word_1_33' title='bbox 1688 554 1936 610; x_wconf 88' lang='lat' dir='ltr'><strong>subster-</strong></span> 
     </span>
    </p>
   </div>
   <div class='ocr_carea' id='block_1_6' title="bbox 350 636 1932 711">
    <p class='ocr_par' dir='ltr' id='par_1_6' title="bbox 350 636 1932 711">
     <span class='ocr_line' id='line_1_6' title="bbox 350 636 1932 711; baseline 0.002 -18"><span class='ocrx_word' id='word_1_34' title='bbox 350 648 469 693; x_wconf 90' lang='lat' dir='ltr'><strong>nat.</strong></span> <span class='ocrx_word' id='word_1_35' title='bbox 521 636 593 693; x_wconf 94' lang='lat' dir='ltr'><strong>Ut</strong></span> <span class='ocrx_word' id='word_1_36' title='bbox 639 652 769 708; x_wconf 88' lang='lat' dir='ltr'><strong>ergo</strong></span> <span class='ocrx_word' id='word_1_37' title='bbox 825 638 1021 692; x_wconf 90' lang='lat' dir='ltr'><strong>interni</strong></span> <span class='ocrx_word' id='word_1_38' title='bbox 1074 640 1257 708; x_wconf 87' lang='lat' dir='ltr'><strong>sponsi</strong></span> <span class='ocrx_word' id='word_1_39' title='bbox 1314 642 1626 711; x_wconf 77' lang='lat' dir='ltr'><strong>conspectui</strong></span> <span class='ocrx_word' id='word_1_40' title='bbox 1679 642 1932 711; x_wconf 91' lang='lat' dir='ltr'><strong>placeat,</strong></span> 
     </span>
    </p>
   </div>
   <div class='ocr_carea' id='block_1_7' title="bbox 352 730 1936 805">
    <p class='ocr_par' dir='ltr' id='par_1_7' title="bbox 352 730 1936 805">
     <span class='ocr_line' id='line_1_7' title="bbox 352 730 1936 805; baseline 0.001 -17"><span class='ocrx_word' id='word_1_41' title='bbox 352 749 466 788; x_wconf 91' lang='lat' dir='ltr'><strong>non</strong></span> <span class='ocrx_word' id='word_1_42' title='bbox 497 731 684 788; x_wconf 91' lang='lat' dir='ltr'><strong>oculos</strong></span> <span class='ocrx_word' id='word_1_43' title='bbox 733 746 860 788; x_wconf 82' lang='lat' dir='ltr'><strong>suos</strong></span> <span class='ocrx_word' id='word_1_44' title='bbox 909 732 1073 786; x_wconf 85' lang='lat' dir='ltr'><strong>stibio</strong></span> <span class='ocrx_word' id='word_1_45' title='bbox 1114 748 1237 787; x_wconf 91' lang='lat' dir='ltr'><strong>cum</strong></span> <span class='ocrx_word' id='word_1_46' title='bbox 1269 730 1519 788; x_wconf 83' lang='lat' dir='ltr'><strong>chabele</strong></span> <span class='ocrx_word' id='word_1_47' title='bbox 1549 734 1801 804; x_wconf 83' lang='lat' dir='ltr'><strong>depingat</strong></span> <span class='ocrx_word' id='word_1_48' title='bbox 1829 734 1936 805; x_wconf 86' lang='lat' dir='ltr'><strong>(IV</strong></span> 
     </span>
    </p>
   </div>
   <div class='ocr_carea' id='block_1_8' title="bbox 350 822 1941 895">
    <p class='ocr_par' dir='ltr' id='par_1_8' title="bbox 350 822 1941 895">
     <span class='ocr_line' id='line_1_8' title="bbox 350 822 1941 895; baseline 0.003 -18"><span class='ocrx_word' id='word_1_49' title='bbox 350 822 476 895; x_wconf 80' lang='lat' dir='ltr'><strong>Reg.</strong></span> <span class='ocrx_word' id='word_1_50' title='bbox 507 823 608 895; x_wconf 80' lang='grc' dir='ltr'><strong>ιι),</strong></span> <span class='ocrx_word' id='word_1_51' title='bbox 638 823 691 878; x_wconf 90' lang='lat' dir='ltr'><strong>id</strong></span> <span class='ocrx_word' id='word_1_52' title='bbox 723 831 825 889; x_wconf 89' lang='lat' dir='ltr'><strong>est,</strong></span> <span class='ocrx_word' id='word_1_53' title='bbox 855 840 963 877; x_wconf 92' lang='lat' dir='ltr'><strong>non</strong></span> <span class='ocrx_word' id='word_1_54' title='bbox 1006 838 1067 879; x_wconf 89' lang='lat' dir='ltr'><strong>se</strong></span> <span class='ocrx_word' id='word_1_55' title='bbox 1111 823 1250 879; x_wconf 91' lang='lat' dir='ltr'><strong>fucis</strong></span> <span class='ocrx_word' id='word_1_56' title='bbox 1300 839 1508 894; x_wconf 76' lang='lat' dir='ltr'><strong>pompae</strong></span> <span class='ocrx_word' id='word_1_57' title='bbox 1544 825 1816 880; x_wconf 84' lang='lat' dir='ltr'><strong>saecularis</strong></span> <span class='ocrx_word' id='word_1_58' title='bbox 1845 827 1941 881; x_wconf 85' lang='lat' dir='ltr'><strong>ob-</strong></span> 
     </span>
    </p>
   </div>
   <div class='ocr_carea' id='block_1_9' title="bbox 2040 564 3626 641">
    <p class='ocr_par' dir='ltr' id='par_1_9' title="bbox 2040 564 3626 641">
     <span class='ocr_line' id='line_1_9' title="bbox 2040 564 3626 641; baseline 0.007 -25"><span class='ocrx_word' id='word_1_59' title='bbox 2040 578 2166 619; x_wconf 80' lang='lat' dir='ltr'><strong>nem</strong></span> <span class='ocrx_word' id='word_1_60' title='bbox 2197 564 2399 619; x_wconf 89' lang='lat' dir='ltr'><strong>dicitur</strong></span> <span class='ocrx_word' id='word_1_61' title='bbox 2421 565 2602 620; x_wconf 87' lang='lat' dir='ltr'><strong>divina</strong></span> <span class='ocrx_word' id='word_1_62' title='bbox 2656 581 2789 621; x_wconf 87' lang='lat' dir='ltr'><strong>voce</strong></span> <span class='ocrx_word' id='word_1_63' title='bbox 2821 584 2837 620; x_wconf 89' lang='lat'><strong>:</strong></span> <span class='ocrx_word' id='word_1_64' title='bbox 2868 566 3150 621; x_wconf 74' lang='lat' dir='ltr'><strong>Descende.</strong></span> <span class='ocrx_word' id='word_1_65' title='bbox 3182 568 3239 622; x_wconf 94' lang='lat' dir='ltr'><strong>ln</strong></span> <span class='ocrx_word' id='word_1_66' title='bbox 3291 568 3400 625; x_wconf 80' lang='lat' dir='ltr'><strong>alto</strong></span> <span class='ocrx_word' id='word_1_67' title='bbox 3424 571 3626 641; x_wconf 75' lang='lat' dir='ltr'><strong>quippe</strong></span> 
     </span>
    </p>
   </div>
   <div class='ocr_carea' id='block_1_10' title="bbox 2040 655 3627 727">
    <p class='ocr_par' dir='ltr' id='par_1_10' title="bbox 2040 655 3627 727">
     <span class='ocr_line' id='line_1_10' title="bbox 2040 655 3627 727; baseline 0.004 -18"><span class='ocrx_word' id='word_1_68' title='bbox 2040 655 2311 709; x_wconf 86' lang='lat' dir='ltr'><strong>humanus</strong></span> <span class='ocrx_word' id='word_1_69' title='bbox 2355 657 2571 711; x_wconf 88' lang='lat' dir='ltr'><strong>animus</strong></span> <span class='ocrx_word' id='word_1_70' title='bbox 2603 666 2737 723; x_wconf 90' lang='lat' dir='ltr'><strong>stat,</strong></span> <span class='ocrx_word' id='word_1_71' title='bbox 2762 658 2979 727; x_wconf 81' lang='lat' dir='ltr'><strong>quando</strong></span> <span class='ocrx_word' id='word_1_72' title='bbox 3031 659 3281 727; x_wconf 83' lang='lat' dir='ltr'><strong>supernis</strong></span> <span class='ocrx_word' id='word_1_73' title='bbox 3308 661 3627 716; x_wconf 75' lang='lat' dir='ltr'><strong>retributio-</strong></span> 
     </span>
    </p>
   </div>
   <div class='ocr_carea' id='block_1_11' title="bbox 2042 744 3630 813">
    <p class='ocr_par' dir='ltr' id='par_1_11' title="bbox 2042 744 3630 813">
     <span class='ocr_line' id='line_1_11' title="bbox 2042 744 3630 813; baseline 0.006 -16"><span class='ocrx_word' id='word_1_74' title='bbox 2042 744 2203 799; x_wconf 89' lang='lat' dir='ltr'><strong>nibus</strong></span> <span class='ocrx_word' id='word_1_75' title='bbox 2233 745 2426 799; x_wconf 83' lang='lat' dir='ltr'><strong>inhiat.</strong></span> <span class='ocrx_word' id='word_1_76' title='bbox 2459 745 2565 801; x_wconf 87' lang='lat' dir='ltr'><strong>Sed</strong></span> <span class='ocrx_word' id='word_1_77' title='bbox 2617 748 2685 802; x_wconf 88' lang='lat' dir='ltr'><strong>ab</strong></span> <span class='ocrx_word' id='word_1_78' title='bbox 2733 748 2835 803; x_wconf 91' lang='lat' dir='ltr'><strong>hoc</strong></span> <span class='ocrx_word' id='word_1_79' title='bbox 2861 756 3004 802; x_wconf 83' lang='lat' dir='ltr'><strong>statu</strong></span> <span class='ocrx_word' id='word_1_80' title='bbox 3033 748 3331 813; x_wconf 79' lang='lat' dir='ltr'><strong>descendit,</strong></span> <span class='ocrx_word' id='word_1_81' title='bbox 3355 765 3481 805; x_wconf 77' lang='lat' dir='ltr'><strong>cum</strong></span> <span class='ocrx_word' id='word_1_82' title='bbox 3508 759 3630 806; x_wconf 81' lang='lat' dir='ltr'><strong>tur-</strong></span> 
     </span>
    </p>
   </div>
   <div class='ocr_carea' id='block_1_12' title="bbox 2039 834 3632 903">
    <p class='ocr_par' dir='ltr' id='par_1_12' title="bbox 2039 834 3632 903">
     <span class='ocr_line' id='line_1_12' title="bbox 2039 834 3632 903; baseline 0.006 -16"><span class='ocrx_word' id='word_1_83' title='bbox 2039 834 2180 903; x_wconf 85' lang='lat' dir='ltr'><strong>piter</strong></span> <span class='ocrx_word' id='word_1_84' title='bbox 2204 836 2377 889; x_wconf 91' lang='lat' dir='ltr'><strong>victus</strong></span> <span class='ocrx_word' id='word_1_85' title='bbox 2406 850 2525 891; x_wconf 91' lang='lat' dir='ltr'><strong>sese</strong></span> <span class='ocrx_word' id='word_1_86' title='bbox 2559 836 2915 893; x_wconf 80' lang='lat' dir='ltr'><strong>deﬂuentibus</strong></span> <span class='ocrx_word' id='word_1_87' title='bbox 2941 840 3125 894; x_wconf 76' lang='lat' dir='ltr'><strong>mundi</strong></span> <span class='ocrx_word' id='word_1_88' title='bbox 3164 840 3448 896; x_wconf 84' lang='lat' dir='ltr'><strong>desideriis</strong></span> <span class='ocrx_word' id='word_1_89' title='bbox 3494 841 3632 896; x_wconf 75' lang='lat' dir='ltr'><strong>suls-</strong></span> 
     </span>
    </p>
   </div>
   <div class='ocr_carea' id='block_1_13' title="bbox 352 916 3623 1002">
    <p class='ocr_par' dir='ltr' id='par_1_13' title="bbox 352 916 3623 1002">
     <span class='ocr_line' id='line_1_13' title="bbox 352 916 3623 1002; baseline 0.005 -30"><span class='ocrx_word' id='word_1_90' title='bbox 352 918 537 981; x_wconf 88' lang='lat' dir='ltr'><strong>ducat,</strong></span> <span class='ocrx_word' id='word_1_91' title='bbox 592 917 685 973; x_wconf 88' lang='lat' dir='ltr'><strong>sed</strong></span> <span class='ocrx_word' id='word_1_92' title='bbox 716 933 839 972; x_wconf 90' lang='lat' dir='ltr'><strong>cum</strong></span> <span class='ocrx_word' id='word_1_93' title='bbox 874 916 1058 972; x_wconf 74' lang='lat' dir='ltr'><strong>Iudith</strong></span> <span class='ocrx_word' id='word_1_94' title='bbox 1105 926 1286 988; x_wconf 80' lang='lat' dir='ltr'><strong>myrto</strong></span> <span class='ocrx_word' id='word_1_95' title='bbox 1329 918 1532 987; x_wconf 78' lang='lat' dir='ltr'><strong>optimo</strong></span> <span class='ocrx_word' id='word_1_96' title='bbox 1568 932 1665 973; x_wconf 80' lang='lat' dir='ltr'><strong>sua</strong></span> <span class='ocrx_word' id='word_1_97' title='bbox 1695 919 1938 974; x_wconf 73' lang='lat' dir='ltr'><strong>membra</strong></span> <span class='ocrx_word' id='word_1_98' title='bbox 2034 927 2173 999; x_wconf 87' lang='lat' dir='ltr'><strong>jicit.</strong></span> <span class='ocrx_word' id='word_1_99' title='bbox 2214 926 2311 982; x_wconf 88' lang='lat' dir='ltr'><strong>Cui</strong></span> <span class='ocrx_word' id='word_1_100' title='bbox 2344 928 2483 984; x_wconf 85' lang='lat' dir='ltr'><strong>bene</strong></span> <span class='ocrx_word' id='word_1_101' title='bbox 2537 944 2662 983; x_wconf 80' lang='lat' dir='ltr'><strong>mox</strong></span> <span class='ocrx_word' id='word_1_102' title='bbox 2690 928 2945 984; x_wconf 84' lang='lat' dir='ltr'><strong>additur:</strong></span> <span class='ocrx_word' id='word_1_103' title='bbox 2998 930 3134 986; x_wconf 86' lang='lat' dir='ltr'><strong>Sede</strong></span> <span class='ocrx_word' id='word_1_104' title='bbox 3166 932 3222 986; x_wconf 82' lang='lat' dir='ltr'><strong>in</strong></span> <span class='ocrx_word' id='word_1_105' title='bbox 3248 931 3474 1002; x_wconf 76' lang='lat' dir='ltr'><strong>pulvere.</strong></span> <span class='ocrx_word' id='word_1_106' title='bbox 3517 931 3623 987; x_wconf 84' lang='lat' dir='ltr'><strong>De-</strong></span> 
     </span>
    </p>
   </div>
   <div class='ocr_carea' id='block_1_14' title="bbox 351 1009 1940 1083">
    <p class='ocr_par' dir='ltr' id='par_1_14' title="bbox 351 1009 1940 1083">
     <span class='ocr_line' id='line_1_14' title="bbox 351 1009 1940 1083; baseline -0.001 -18"><span class='ocrx_word' id='word_1_107' title='bbox 351 1018 618 1083; x_wconf 87' lang='lat' dir='ltr'><strong>perungat</strong></span> <span class='ocrx_word' id='word_1_108' title='bbox 649 1009 859 1079; x_wconf 75' lang='lat' dir='ltr'><strong>(Iudith</strong></span> <span class='ocrx_word' id='word_1_109' title='bbox 888 1009 944 1081; x_wconf 75' lang='grc' dir='ltr'><strong>χ)</strong></span> <span class='ocrx_word' id='word_1_110' title='bbox 982 1028 995 1064; x_wconf 91' lang='lat'><strong>:</strong></span> <span class='ocrx_word' id='word_1_111' title='bbox 1044 1024 1233 1065; x_wconf 91' lang='lat' dir='ltr'><strong>omnes</strong></span> <span class='ocrx_word' id='word_1_112' title='bbox 1284 1009 1538 1066; x_wconf 86' lang='lat' dir='ltr'><strong>videlicet</strong></span> <span class='ocrx_word' id='word_1_113' title='bbox 1587 1010 1784 1065; x_wconf 91' lang='lat' dir='ltr'><strong>mentis</strong></span> <span class='ocrx_word' id='word_1_114' title='bbox 1827 1024 1940 1064; x_wconf 86' lang='lat' dir='ltr'><strong>suae</strong></span> 
     </span>
    </p>
   </div>
   <div class='ocr_carea' id='block_1_15' title="bbox 348 1099 1936 1171">
    <p class='ocr_par' dir='ltr' id='par_1_15' title="bbox 348 1099 1936 1171">
     <span class='ocr_line' id='line_1_15' title="bbox 348 1099 1936 1171; baseline -0.001 -15"><span class='ocrx_word' id='word_1_115' title='bbox 348 1114 546 1157; x_wconf 84' lang='lat' dir='ltr'><strong>sensus</strong></span> <span class='ocrx_word' id='word_1_116' title='bbox 574 1100 898 1156; x_wconf 86' lang='lat' dir='ltr'><strong>immortalis</strong></span> <span class='ocrx_word' id='word_1_117' title='bbox 924 1099 1160 1171; x_wconf 89' lang='lat' dir='ltr'><strong>unguine</strong></span> <span class='ocrx_word' id='word_1_118' title='bbox 1211 1099 1481 1156; x_wconf 85' lang='lat' dir='ltr'><strong>castitatis</strong></span> <span class='ocrx_word' id='word_1_119' title='bbox 1519 1099 1765 1165; x_wconf 88' lang='lat' dir='ltr'><strong>obliniat,</strong></span> <span class='ocrx_word' id='word_1_120' title='bbox 1793 1114 1863 1154; x_wconf 88' lang='lat' dir='ltr'><strong>ne</strong></span> <span class='ocrx_word' id='word_1_121' title='bbox 1883 1100 1936 1155; x_wconf 85' lang='lat' dir='ltr'><strong>in</strong></span> 
     </span>
    </p>
   </div>
   <div class='ocr_carea' id='block_1_16' title="bbox 354 1190 1941 1263">
    <p class='ocr_par' dir='ltr' id='par_1_16' title="bbox 354 1190 1941 1263">
     <span class='ocr_line' id='line_1_16' title="bbox 354 1190 1941 1263; baseline -0.003 -14"><span class='ocrx_word' id='word_1_122' title='bbox 354 1203 585 1250; x_wconf 89' lang='lat' dir='ltr'><strong>mortem</strong></span> <span class='ocrx_word' id='word_1_123' title='bbox 627 1208 727 1263; x_wconf 91' lang='lat' dir='ltr'><strong>per</strong></span> <span class='ocrx_word' id='word_1_124' title='bbox 756 1191 1202 1249; x_wconf 87' lang='lat' dir='ltr'><strong>incontinentiam</strong></span> <span class='ocrx_word' id='word_1_125' title='bbox 1244 1205 1527 1258; x_wconf 90' lang='lat' dir='ltr'><strong>corruens,</strong></span> <span class='ocrx_word' id='word_1_126' title='bbox 1560 1193 1613 1248; x_wconf 89' lang='lat' dir='ltr'><strong>in</strong></span> <span class='ocrx_word' id='word_1_127' title='bbox 1663 1190 1832 1247; x_wconf 78' lang='lat' dir='ltr'><strong>fetore</strong></span> <span class='ocrx_word' id='word_1_128' title='bbox 1861 1190 1941 1245; x_wconf 82' lang='lat' dir='ltr'><strong>lu-</strong></span> 
     </span>
    </p>
   </div>
   <div class='ocr_carea' id='block_1_17' title="bbox 352 1286 969 1355">
    <p class='ocr_par' dir='ltr' id='par_1_17' title="bbox 352 1286 969 1355">
     <span class='ocr_line' id='line_1_17' title="bbox 352 1286 969 1355; baseline -0.003 -14"><span class='ocrx_word' id='word_1_129' title='bbox 352 1286 524 1341; x_wconf 55' lang='lat' dir='ltr'><strong>xuria‘.</strong></span> <span class='ocrx_word' id='word_1_130' title='bbox 553 1293 969 1355; x_wconf 87' lang='lat' dir='ltr'><strong>computrcseat.</strong></span> 
     </span>
    </p>
   </div>
   <div class='ocr_carea' id='block_1_18' title="bbox 427 1377 1940 1450">
    <p class='ocr_par' dir='ltr' id='par_1_18' title="bbox 427 1377 1940 1450">
     <span class='ocr_line' id='line_1_18' title="bbox 427 1377 1940 1450; baseline -0.001 -17"><span class='ocrx_word' id='word_1_131' title='bbox 427 1377 485 1433; x_wconf 90' lang='lat' dir='ltr'><strong>ln</strong></span> <span class='ocrx_word' id='word_1_132' title='bbox 523 1379 767 1435; x_wconf 79' lang='lat' dir='ltr'><strong>conclavi</strong></span> <span class='ocrx_word' id='word_1_133' title='bbox 822 1380 985 1450; x_wconf 80' lang='lat' dir='ltr'><strong>igitur</strong></span> <span class='ocrx_word' id='word_1_134' title='bbox 1034 1388 1235 1435; x_wconf 88' lang='lat' dir='ltr'><strong>sanctae</strong></span> <span class='ocrx_word' id='word_1_135' title='bbox 1263 1377 1518 1437; x_wconf 82' lang='lat' dir='ltr'><strong>Ecclesiae</strong></span> <span class='ocrx_word' id='word_1_136' title='bbox 1555 1379 1735 1433; x_wconf 86' lang='lat' dir='ltr'><strong>anima</strong></span> <span class='ocrx_word' id='word_1_137' title='bbox 1763 1394 1820 1434; x_wconf 88' lang='lat' dir='ltr'><strong>se</strong></span> <span class='ocrx_word' id='word_1_138' title='bbox 1846 1394 1940 1449; x_wconf 89' lang='lat' dir='ltr'><strong>pu-</strong></span> 
     </span>
    </p>
   </div>
   <div class='ocr_carea' id='block_1_19' title="bbox 354 1468 1940 1541">
    <p class='ocr_par' dir='ltr' id='par_1_19' title="bbox 354 1468 1940 1541">
     <span class='ocr_line' id='line_1_19' title="bbox 354 1468 1940 1541; baseline 0.001 -19"><span class='ocrx_word' id='word_1_139' title='bbox 354 1468 472 1525; x_wconf 82' lang='lat' dir='ltr'><strong>dica</strong></span> <span class='ocrx_word' id='word_1_140' title='bbox 494 1470 800 1534; x_wconf 85' lang='lat' dir='ltr'><strong>concludat,</strong></span> <span class='ocrx_word' id='word_1_141' title='bbox 837 1470 1024 1540; x_wconf 86' lang='lat' dir='ltr'><strong>sicque</strong></span> <span class='ocrx_word' id='word_1_142' title='bbox 1056 1470 1111 1525; x_wconf 91' lang='lat' dir='ltr'><strong>in</strong></span> <span class='ocrx_word' id='word_1_143' title='bbox 1152 1471 1341 1525; x_wconf 72' lang='lat' dir='ltr'><strong>mterni</strong></span> <span class='ocrx_word' id='word_1_144' title='bbox 1390 1470 1554 1541; x_wconf 81' lang='lat' dir='ltr'><strong>Regis</strong></span> <span class='ocrx_word' id='word_1_145' title='bbox 1599 1470 1831 1526; x_wconf 80' lang='lat' dir='ltr'><strong>thalamo</strong></span> <span class='ocrx_word' id='word_1_146' title='bbox 1852 1470 1940 1539; x_wconf 81' lang='lat' dir='ltr'><strong>ju-</strong></span> 
     </span>
    </p>
   </div>
   <div class='ocr_carea' id='block_1_20' title="bbox 354 1558 1938 1631">
    <p class='ocr_par' dir='ltr' id='par_1_20' title="bbox 354 1558 1938 1631">
     <span class='ocr_line' id='line_1_20' title="bbox 354 1558 1938 1631; baseline -0.001 -17"><span class='ocrx_word' id='word_1_147' title='bbox 354 1560 495 1631; x_wconf 88' lang='lat' dir='ltr'><strong>giter</strong></span> <span class='ocrx_word' id='word_1_148' title='bbox 522 1561 845 1630; x_wconf 90' lang='lat' dir='ltr'><strong>requiescat.</strong></span> <span class='ocrx_word' id='word_1_149' title='bbox 884 1558 999 1615; x_wconf 76' lang='lat' dir='ltr'><strong>Non</strong></span> <span class='ocrx_word' id='word_1_150' title='bbox 1029 1560 1327 1617; x_wconf 89' lang='lat' dir='ltr'><strong>carnalium</strong></span> <span class='ocrx_word' id='word_1_151' title='bbox 1355 1560 1796 1630; x_wconf 90' lang='lat' dir='ltr'><strong>propinquorum,</strong></span> <span class='ocrx_word' id='word_1_152' title='bbox 1833 1573 1938 1613; x_wconf 77' lang='lat' dir='ltr'><strong>non</strong></span> 
     </span>
    </p>
   </div>
   <div class='ocr_carea' id='block_1_21' title="bbox 355 1646 1941 1720">
    <p class='ocr_par' dir='ltr' id='par_1_21' title="bbox 355 1646 1941 1720">
     <span class='ocr_line' id='line_1_21' title="bbox 355 1646 1941 1720; baseline -0.001 -17"><span class='ocrx_word' id='word_1_153' title='bbox 355 1650 701 1719; x_wconf 76' lang='lat' dir='ltr'><strong>romplicium</strong></span> <span class='ocrx_word' id='word_1_154' title='bbox 736 1647 1104 1720; x_wconf 87' lang='lat' dir='ltr'><strong>quorumlibet</strong></span> <span class='ocrx_word' id='word_1_155' title='bbox 1138 1649 1381 1717; x_wconf 84' lang='lat' dir='ltr'><strong>requirat</strong></span> <span class='ocrx_word' id='word_1_156' title='bbox 1425 1646 1666 1709; x_wconf 68' lang='lat' dir='ltr'><strong>allectus,</strong></span> <span class='ocrx_word' id='word_1_157' title='bbox 1716 1648 1810 1703; x_wconf 89' lang='lat' dir='ltr'><strong>sed</strong></span> <span class='ocrx_word' id='word_1_158' title='bbox 1854 1662 1941 1701; x_wconf 85' lang='lat' dir='ltr'><strong>so-</strong></span> 
     </span>
    </p>
   </div>
   <div class='ocr_carea' id='block_1_22' title="bbox 354 1739 1938 1811">
    <p class='ocr_par' dir='ltr' id='par_1_22' title="bbox 354 1739 1938 1811">
     <span class='ocr_line' id='line_1_22' title="bbox 354 1739 1938 1811; baseline 0.001 -17"><span class='ocrx_word' id='word_1_159' title='bbox 354 1741 459 1798; x_wconf 89' lang='lat' dir='ltr'><strong>lius</strong></span> <span class='ocrx_word' id='word_1_160' title='bbox 486 1742 596 1796; x_wconf 92' lang='lat' dir='ltr'><strong>veri</strong></span> <span class='ocrx_word' id='word_1_161' title='bbox 625 1740 822 1811; x_wconf 90' lang='lat' dir='ltr'><strong>Sponsi</strong></span> <span class='ocrx_word' id='word_1_162' title='bbox 858 1740 1156 1796; x_wconf 87' lang='lat' dir='ltr'><strong>delectetur</strong></span> <span class='ocrx_word' id='word_1_163' title='bbox 1188 1740 1543 1809; x_wconf 83' lang='lat' dir='ltr'><strong>amplexibus.</strong></span> <span class='ocrx_word' id='word_1_164' title='bbox 1585 1740 1769 1810; x_wconf 81' lang='lat' dir='ltr'><strong>Neque</strong></span> <span class='ocrx_word' id='word_1_165' title='bbox 1795 1739 1938 1796; x_wconf 91' lang='lat' dir='ltr'><strong>enim</strong></span> 
     </span>
    </p>
   </div>
   <div class='ocr_carea' id='block_1_23' title="bbox 2039 1017 3622 1092">
    <p class='ocr_par' dir='ltr' id='par_1_23' title="bbox 2039 1017 3622 1092">
     <span class='ocr_line' id='line_1_23' title="bbox 2039 1017 3622 1092; baseline 0.006 -22"><span class='ocrx_word' id='word_1_166' title='bbox 2039 1017 2307 1071; x_wconf 81' lang='lat' dir='ltr'><strong>scandens</strong></span> <span class='ocrx_word' id='word_1_167' title='bbox 2358 1018 2504 1073; x_wconf 84' lang='lat' dir='ltr'><strong>enim</strong></span> <span class='ocrx_word' id='word_1_168' title='bbox 2562 1018 2615 1072; x_wconf 92' lang='lat' dir='ltr'><strong>in</strong></span> <span class='ocrx_word' id='word_1_169' title='bbox 2668 1017 2891 1089; x_wconf 75' lang='lat' dir='ltr'><strong>pulvere</strong></span> <span class='ocrx_word' id='word_1_170' title='bbox 2930 1019 3152 1084; x_wconf 89' lang='lat' dir='ltr'><strong>residet,</strong></span> <span class='ocrx_word' id='word_1_171' title='bbox 3200 1022 3326 1092; x_wconf 83' lang='lat' dir='ltr'><strong>quia</strong></span> <span class='ocrx_word' id='word_1_172' title='bbox 3376 1021 3622 1079; x_wconf 67' lang='lat' dir='ltr'><strong>caelestia</strong></span> 
     </span>
    </p>
   </div>
   <div class='ocr_carea' id='block_1_24' title="bbox 2039 1108 3623 1183">
    <p class='ocr_par' dir='ltr' id='par_1_24' title="bbox 2039 1108 3623 1183">
     <span class='ocr_line' id='line_1_24' title="bbox 2039 1108 3623 1183; baseline 0.005 -20"><span class='ocrx_word' id='word_1_173' title='bbox 2039 1108 2327 1183; x_wconf 72' lang='lat' dir='ltr'><strong>deserens,</strong></span> <span class='ocrx_word' id='word_1_174' title='bbox 2349 1110 2586 1165; x_wconf 81' lang='lat' dir='ltr'><strong>terrenis</strong></span> <span class='ocrx_word' id='word_1_175' title='bbox 2607 1109 3027 1180; x_wconf 75' lang='lat' dir='ltr'><strong>cogitationibus</strong></span> <span class='ocrx_word' id='word_1_176' title='bbox 3053 1126 3310 1181; x_wconf 85' lang='lat' dir='ltr'><strong>aspersus</strong></span> <span class='ocrx_word' id='word_1_177' title='bbox 3332 1114 3386 1169; x_wconf 93' lang='lat' dir='ltr'><strong>in</strong></span> <span class='ocrx_word' id='word_1_178' title='bbox 3418 1113 3623 1171; x_wconf 78' lang='lat' dir='ltr'><strong>inﬁmis</strong></span> 
     </span>
    </p>
   </div>
   <div class='ocr_carea' id='block_1_25' title="bbox 2041 1199 2273 1255">
    <p class='ocr_par' dir='ltr' id='par_1_25' title="bbox 2041 1199 2273 1255">
     <span class='ocr_line' id='line_1_25' title="bbox 2041 1199 2273 1255; baseline 0.009 -3"><span class='ocrx_word' id='word_1_179' title='bbox 2041 1199 2273 1255; x_wconf 79' lang='lat' dir='ltr'><strong>vilescit.</strong></span> 
     </span>
    </p>
   </div>
   <div class='ocr_carea' id='block_1_26' title="bbox 2114 1289 3622 1367">
    <p class='ocr_par' dir='ltr' id='par_1_26' title="bbox 2114 1289 3622 1367">
     <span class='ocr_line' id='line_1_26' title="bbox 2114 1289 3622 1367; baseline 0.007 -23"><span class='ocrx_word' id='word_1_180' title='bbox 2114 1289 2213 1344; x_wconf 89' lang='lat' dir='ltr'><strong>Ubi</strong></span> <span class='ocrx_word' id='word_1_181' title='bbox 2265 1290 2441 1347; x_wconf 88' lang='lat' dir='ltr'><strong>adhuc</strong></span> <span class='ocrx_word' id='word_1_182' title='bbox 2491 1291 2875 1362; x_wconf 74' lang='lat' dir='ltr'><strong>ingeminando</strong></span> <span class='ocrx_word' id='word_1_183' title='bbox 2919 1295 3267 1367; x_wconf 74' lang='lat' dir='ltr'><strong>subiungitur</strong></span> <span class='ocrx_word' id='word_1_184' title='bbox 3315 1312 3333 1352; x_wconf 84' lang='lat'><strong>:</strong></span> <span class='ocrx_word' id='word_1_185' title='bbox 3377 1296 3533 1354; x_wconf 84' lang='lat' dir='ltr'><strong>Sede.</strong></span> <span class='ocrx_word' id='word_1_186' title='bbox 3563 1300 3622 1355; x_wconf 74' lang='lat' dir='ltr'><strong>in</strong></span> 
     </span>
    </p>
   </div>
   <div class='ocr_carea' id='block_1_27' title="bbox 2041 1381 3623 1457">
    <p class='ocr_par' dir='ltr' id='par_1_27' title="bbox 2041 1381 3623 1457">
     <span class='ocr_line' id='line_1_27' title="bbox 2041 1381 3623 1457; baseline 0.008 -23"><span class='ocrx_word' id='word_1_187' title='bbox 2041 1392 2202 1435; x_wconf 88' lang='lat' dir='ltr'><strong>terra.</strong></span> <span class='ocrx_word' id='word_1_188' title='bbox 2253 1381 2330 1436; x_wconf 81' lang='lat' dir='ltr'><strong>Ac</strong></span> <span class='ocrx_word' id='word_1_189' title='bbox 2359 1382 2404 1436; x_wconf 93' lang='lat' dir='ltr'><strong>si</strong></span> <span class='ocrx_word' id='word_1_190' title='bbox 2443 1392 2631 1453; x_wconf 91' lang='lat' dir='ltr'><strong>aperte</strong></span> <span class='ocrx_word' id='word_1_191' title='bbox 2659 1386 2996 1455; x_wconf 84' lang='lat' dir='ltr'><strong>exprobrans</strong></span> <span class='ocrx_word' id='word_1_192' title='bbox 3024 1387 3168 1441; x_wconf 84' lang='lat' dir='ltr'><strong>dicat</strong></span> <span class='ocrx_word' id='word_1_193' title='bbox 3200 1405 3219 1442; x_wconf 72' lang='grc' dir='ltr'><strong>ι</strong></span> <span class='ocrx_word' id='word_1_194' title='bbox 3255 1386 3389 1457; x_wconf 89' lang='lat' dir='ltr'><strong>Quia</strong></span> <span class='ocrx_word' id='word_1_195' title='bbox 3415 1389 3623 1446; x_wconf 73' lang='lat' dir='ltr'><strong>caelesti</strong></span> 
     </span>
    </p>
   </div>
   <div class='ocr_carea' id='block_1_28' title="bbox 2042 1473 3625 1552">
    <p class='ocr_par' dir='ltr' id='par_1_28' title="bbox 2042 1473 3625 1552">
     <span class='ocr_line' id='line_1_28' title="bbox 2042 1473 3625 1552; baseline 0.006 -26"><span class='ocrx_word' id='word_1_196' title='bbox 2042 1473 2455 1527; x_wconf 81' lang='lat' dir='ltr'><strong>conversatione</strong></span> <span class='ocrx_word' id='word_1_197' title='bbox 2480 1474 2699 1529; x_wconf 87' lang='lat' dir='ltr'><strong>noluisti</strong></span> <span class='ocrx_word' id='word_1_198' title='bbox 2729 1484 2779 1529; x_wconf 92' lang='lat' dir='ltr'><strong>te</strong></span> <span class='ocrx_word' id='word_1_199' title='bbox 2811 1491 3015 1546; x_wconf 87' lang='lat' dir='ltr'><strong>regere,</strong></span> <span class='ocrx_word' id='word_1_200' title='bbox 3060 1478 3159 1532; x_wconf 91' lang='lat' dir='ltr'><strong>sub</strong></span> <span class='ocrx_word' id='word_1_201' title='bbox 3189 1480 3467 1550; x_wconf 88' lang='lat' dir='ltr'><strong>temetipso</strong></span> <span class='ocrx_word' id='word_1_202' title='bbox 3496 1496 3625 1552; x_wconf 88' lang='lat' dir='ltr'><strong>pro-</strong></span> 
     </span>
    </p>
   </div>
   <div class='ocr_carea' id='block_1_29' title="bbox 2041 1562 3625 1625">
    <p class='ocr_par' dir='ltr' id='par_1_29' title="bbox 2041 1562 3625 1625">
     <span class='ocr_line' id='line_1_29' title="bbox 2041 1562 3625 1625; baseline 0.006 -10"><span class='ocrx_word' id='word_1_203' title='bbox 2041 1572 2246 1617; x_wconf 88' lang='lat' dir='ltr'><strong>stratus</strong></span> <span class='ocrx_word' id='word_1_204' title='bbox 2282 1562 2334 1617; x_wconf 94' lang='lat' dir='ltr'><strong>in</strong></span> <span class='ocrx_word' id='word_1_205' title='bbox 2368 1563 2599 1618; x_wconf 84' lang='lat' dir='ltr'><strong>terrenis</strong></span> <span class='ocrx_word' id='word_1_206' title='bbox 2649 1564 2860 1619; x_wconf 86' lang='lat' dir='ltr'><strong>actibus</strong></span> <span class='ocrx_word' id='word_1_207' title='bbox 2913 1566 3218 1621; x_wconf 91' lang='lat' dir='ltr'><strong>bumiliare.</strong></span> <span class='ocrx_word' id='word_1_208' title='bbox 3270 1567 3421 1623; x_wconf 92' lang='lat' dir='ltr'><strong>Unde</strong></span> <span class='ocrx_word' id='word_1_209' title='bbox 3450 1578 3503 1621; x_wconf 90' lang='lat' dir='ltr'><strong>et</strong></span> <span class='ocrx_word' id='word_1_210' title='bbox 3530 1586 3625 1625; x_wconf 84' lang='lat' dir='ltr'><strong>ne-</strong></span> 
     </span>
    </p>
   </div>
   <div class='ocr_carea' id='block_1_30' title="bbox 2040 1654 3625 1726">
    <p class='ocr_par' dir='ltr' id='par_1_30' title="bbox 2040 1654 3625 1726">
     <span class='ocr_line' id='line_1_30' title="bbox 2040 1654 3625 1726; baseline 0.003 -18"><span class='ocrx_word' id='word_1_211' title='bbox 2040 1654 2285 1708; x_wconf 86' lang='lat' dir='ltr'><strong>cessario</strong></span> <span class='ocrx_word' id='word_1_212' title='bbox 2336 1654 2582 1723; x_wconf 81' lang='lat' dir='ltr'><strong>protinus</strong></span> <span class='ocrx_word' id='word_1_213' title='bbox 2631 1654 2899 1708; x_wconf 83' lang='lat' dir='ltr'><strong>additur:</strong></span> <span class='ocrx_word' id='word_1_214' title='bbox 2955 1655 3079 1709; x_wconf 84' lang='lat' dir='ltr'><strong>Non</strong></span> <span class='ocrx_word' id='word_1_215' title='bbox 3134 1666 3212 1710; x_wconf 83' lang='lat' dir='ltr'><strong>est</strong></span> <span class='ocrx_word' id='word_1_216' title='bbox 3257 1656 3444 1710; x_wconf 83' lang='lat' dir='ltr'><strong>solium</strong></span> <span class='ocrx_word' id='word_1_217' title='bbox 3495 1657 3625 1726; x_wconf 64' lang='lat' dir='ltr'><strong>[ilia</strong></span> 
     </span>
    </p>
   </div>
   <div class='ocr_carea' id='block_1_31' title="bbox 2042 1740 3625 1816">
    <p class='ocr_par' dir='ltr' id='par_1_31' title="bbox 2042 1740 3625 1816">
     <span class='ocr_line' id='line_1_31' title="bbox 2042 1740 3625 1816; baseline 0.004 -21"><span class='ocrx_word' id='word_1_218' title='bbox 2042 1740 2435 1795; x_wconf 73' lang='lat' dir='ltr'><strong>Chaldtrorum.</strong></span> <span class='ocrx_word' id='word_1_219' title='bbox 2474 1742 2717 1797; x_wconf 74' lang='lat' dir='ltr'><strong>Chaldaei</strong></span> <span class='ocrx_word' id='word_1_220' title='bbox 2757 1759 2989 1813; x_wconf 87' lang='lat' dir='ltr'><strong>namque</strong></span> <span class='ocrx_word' id='word_1_221' title='bbox 3017 1745 3214 1812; x_wconf 78' lang='lat' dir='ltr'><strong>feroces</strong></span> <span class='ocrx_word' id='word_1_222' title='bbox 3267 1746 3625 1816; x_wconf 88' lang='lat' dir='ltr'><strong>interpretan-</strong></span> 
     </span>
    </p>
   </div>
   <div class='ocr_carea' id='block_1_32' title="bbox 355 1823 3626 1907">
    <p class='ocr_par' dir='ltr' id='par_1_32' title="bbox 355 1823 3626 1907">
     <span class='ocr_line' id='line_1_32' title="bbox 355 1823 3626 1907; baseline 0.002 -17"><span class='ocrx_word' id='word_1_223' title='bbox 355 1834 471 1891; x_wconf 86' lang='lat' dir='ltr'><strong>sine</strong></span> <span class='ocrx_word' id='word_1_224' title='bbox 511 1848 675 1891; x_wconf 83' lang='lat' dir='ltr'><strong>causa</strong></span> <span class='ocrx_word' id='word_1_225' title='bbox 730 1832 992 1905; x_wconf 86' lang='lat' dir='ltr'><strong>scriptum</strong></span> <span class='ocrx_word' id='word_1_226' title='bbox 1034 1842 1162 1887; x_wconf 84' lang='lat' dir='ltr'><strong>est:</strong></span> <span class='ocrx_word' id='word_1_227' title='bbox 1207 1851 1224 1883; x_wconf 74' lang='grc' dir='ltr'><strong>ε</strong></span> <span class='ocrx_word' id='word_1_228' title='bbox 1252 1832 1414 1899; x_wconf 82' lang='lat' dir='ltr'><strong>Audi,</strong></span> <span class='ocrx_word' id='word_1_229' title='bbox 1448 1830 1653 1896; x_wconf 81' lang='lat' dir='ltr'><strong>ﬁlia,et</strong></span> <span class='ocrx_word' id='word_1_230' title='bbox 1699 1830 1841 1893; x_wconf 82' lang='lat' dir='ltr'><strong>vide,</strong></span> <span class='ocrx_word' id='word_1_231' title='bbox 1892 1837 1946 1883; x_wconf 90' lang='lat' dir='ltr'><strong>et</strong></span> <span class='ocrx_word' id='word_1_232' title='bbox 1977 1823 2023 1884; x_wconf 84' lang='grc' dir='ltr'><strong><em>Β</em></strong></span> <span class='ocrx_word' id='word_1_233' title='bbox 2051 1840 2157 1884; x_wconf 90' lang='lat' dir='ltr'><strong>tur.</strong></span> <span class='ocrx_word' id='word_1_234' title='bbox 2216 1829 2384 1886; x_wconf 74' lang='lat' dir='ltr'><strong>Valde</strong></span> <span class='ocrx_word' id='word_1_235' title='bbox 2439 1841 2619 1886; x_wconf 89' lang='lat' dir='ltr'><strong>autem</strong></span> <span class='ocrx_word' id='word_1_236' title='bbox 2676 1832 2888 1888; x_wconf 79' lang='lat' dir='ltr'><strong>feroces</strong></span> <span class='ocrx_word' id='word_1_237' title='bbox 2942 1845 3084 1900; x_wconf 90' lang='lat' dir='ltr'><strong>sunt,</strong></span> <span class='ocrx_word' id='word_1_238' title='bbox 3143 1837 3267 1907; x_wconf 86' lang='lat' dir='ltr'><strong>quia</strong></span> <span class='ocrx_word' id='word_1_239' title='bbox 3322 1837 3626 1895; x_wconf 81' lang='lat' dir='ltr'><strong>voluntates</strong></span> 
     </span>
    </p>
   </div>
   <div class='ocr_carea' id='block_1_33' title="bbox 358 1918 1941 1991">
    <p class='ocr_par' dir='ltr' id='par_1_33' title="bbox 358 1918 1941 1991">
     <span class='ocr_line' id='line_1_33' title="bbox 358 1918 1941 1991; baseline -0.004 -16"><span class='ocrx_word' id='word_1_240' title='bbox 358 1920 559 1978; x_wconf 90' lang='lat' dir='ltr'><strong>inclina</strong></span> <span class='ocrx_word' id='word_1_241' title='bbox 590 1936 777 1977; x_wconf 85' lang='lat' dir='ltr'><strong>aurem</strong></span> <span class='ocrx_word' id='word_1_242' title='bbox 810 1929 982 1985; x_wconf 87' lang='lat' dir='ltr'><strong>tuam,</strong></span> <span class='ocrx_word' id='word_1_243' title='bbox 1030 1928 1085 1975; x_wconf 90' lang='lat' dir='ltr'><strong>et</strong></span> <span class='ocrx_word' id='word_1_244' title='bbox 1122 1919 1446 1974; x_wconf 87' lang='lat' dir='ltr'><strong>obliviscere</strong></span> <span class='ocrx_word' id='word_1_245' title='bbox 1484 1918 1736 1991; x_wconf 86' lang='lat' dir='ltr'><strong>pupulum</strong></span> <span class='ocrx_word' id='word_1_246' title='bbox 1769 1927 1941 1981; x_wconf 89' lang='lat' dir='ltr'><strong>tuum,</strong></span> 
     </span>
    </p>
   </div>
   <div class='ocr_carea' id='block_1_34' title="bbox 356 2008 1941 2081">
    <p class='ocr_par' dir='ltr' id='par_1_34' title="bbox 356 2008 1941 2081">
     <span class='ocr_line' id='line_1_34' title="bbox 356 2008 1941 2081; baseline -0.003 -16"><span class='ocrx_word' id='word_1_247' title='bbox 356 2021 410 2065; x_wconf 85' lang='lat' dir='ltr'><strong>et</strong></span> <span class='ocrx_word' id='word_1_248' title='bbox 435 2013 653 2069; x_wconf 91' lang='lat' dir='ltr'><strong>domum</strong></span> <span class='ocrx_word' id='word_1_249' title='bbox 679 2011 853 2081; x_wconf 89' lang='lat' dir='ltr'><strong>patris</strong></span> <span class='ocrx_word' id='word_1_250' title='bbox 898 2011 996 2075; x_wconf 90' lang='lat' dir='ltr'><strong>tui,</strong></span> <span class='ocrx_word' id='word_1_251' title='bbox 1034 2011 1287 2080; x_wconf 89' lang='lat' dir='ltr'><strong>quoniam</strong></span> <span class='ocrx_word' id='word_1_252' title='bbox 1320 2010 1629 2078; x_wconf 84' lang='lat' dir='ltr'><strong>concupivit</strong></span> <span class='ocrx_word' id='word_1_253' title='bbox 1657 2008 1768 2062; x_wconf 81' lang='lat' dir='ltr'><strong>Rex</strong></span> <span class='ocrx_word' id='word_1_254' title='bbox 1815 2022 1941 2078; x_wconf 87' lang='lat' dir='ltr'><strong>spe-</strong></span> 
     </span>
    </p>
   </div>
   <div class='ocr_carea' id='block_1_35' title="bbox 358 2100 1941 2175">
    <p class='ocr_par' dir='ltr' id='par_1_35' title="bbox 358 2100 1941 2175">
     <span class='ocr_line' id='line_1_35' title="bbox 358 2100 1941 2175; baseline -0.004 -15"><span class='ocrx_word' id='word_1_255' title='bbox 358 2105 497 2160; x_wconf 87' lang='lat' dir='ltr'><strong>ciem</strong></span> <span class='ocrx_word' id='word_1_256' title='bbox 550 2113 694 2162; x_wconf 86' lang='lat' dir='ltr'><strong>tuam</strong></span> <span class='ocrx_word' id='word_1_257' title='bbox 751 2103 926 2175; x_wconf 86' lang='lat' dir='ltr'><strong>(Psal.</strong></span> <span class='ocrx_word' id='word_1_258' title='bbox 972 2102 1140 2175; x_wconf 80' lang='lat' dir='ltr'><strong>xuv).</strong></span> <span class='ocrx_word' id='word_1_259' title='bbox 1169 2123 1188 2156; x_wconf 78' lang='grc' dir='ltr'><strong><em>ι</em></strong></span> <span class='ocrx_word' id='word_1_260' title='bbox 1242 2103 1298 2157; x_wconf 92' lang='lat' dir='ltr'><strong>In</strong></span> <span class='ocrx_word' id='word_1_261' title='bbox 1340 2102 1497 2174; x_wconf 84' lang='lat' dir='ltr'><strong>hujus</strong></span> <span class='ocrx_word' id='word_1_262' title='bbox 1552 2101 1714 2170; x_wconf 78' lang='lat' dir='ltr'><strong>igitur</strong></span> <span class='ocrx_word' id='word_1_263' title='bbox 1748 2100 1941 2171; x_wconf 88' lang='lat' dir='ltr'><strong>Sponsi</strong></span> 
     </span>
    </p>
   </div>
   <div class='ocr_carea' id='block_1_36' title="bbox 355 2190 1945 2261">
    <p class='ocr_par' dir='ltr' id='par_1_36' title="bbox 355 2190 1945 2261">
     <span class='ocr_line' id='line_1_36' title="bbox 355 2190 1945 2261; baseline -0.003 -12"><span class='ocrx_word' id='word_1_264' title='bbox 355 2194 607 2249; x_wconf 84' lang='lat' dir='ltr'><strong>cubiculo</strong></span> <span class='ocrx_word' id='word_1_265' title='bbox 647 2195 828 2251; x_wconf 89' lang='lat' dir='ltr'><strong>anima</strong></span> <span class='ocrx_word' id='word_1_266' title='bbox 856 2203 1042 2250; x_wconf 86' lang='lat' dir='ltr'><strong>sancta</strong></span> <span class='ocrx_word' id='word_1_267' title='bbox 1083 2194 1151 2249; x_wconf 87' lang='lat' dir='ltr'><strong>ab</strong></span> <span class='ocrx_word' id='word_1_268' title='bbox 1179 2196 1323 2250; x_wconf 89' lang='lat' dir='ltr'><strong>omni</strong></span> <span class='ocrx_word' id='word_1_269' title='bbox 1370 2194 1644 2250; x_wconf 57' lang='lat' dir='ltr'><strong>saecularis</strong></span> <span class='ocrx_word' id='word_1_270' title='bbox 1687 2190 1945 2261; x_wconf 83' lang='lat' dir='ltr'><strong>strepitus</strong></span> 
     </span>
    </p>
   </div>
   <div class='ocr_carea' id='block_1_37' title="bbox 358 2284 1940 2356">
    <p class='ocr_par' dir='ltr' id='par_1_37' title="bbox 358 2284 1940 2356">
     <span class='ocr_line' id='line_1_37' title="bbox 358 2284 1940 2356; baseline -0.003 -15"><span class='ocrx_word' id='word_1_271' title='bbox 358 2288 575 2342; x_wconf 88' lang='lat' dir='ltr'><strong>turbine</strong></span> <span class='ocrx_word' id='word_1_272' title='bbox 603 2288 859 2355; x_wconf 88' lang='lat' dir='ltr'><strong>dormiat,</strong></span> <span class='ocrx_word' id='word_1_273' title='bbox 914 2302 1076 2356; x_wconf 90' lang='lat' dir='ltr'><strong>super</strong></span> <span class='ocrx_word' id='word_1_274' title='bbox 1099 2287 1203 2341; x_wconf 84' lang='lat' dir='ltr'><strong>hoc</strong></span> <span class='ocrx_word' id='word_1_275' title='bbox 1230 2301 1340 2340; x_wconf 80' lang='lat' dir='ltr'><strong>sua:</strong></span> <span class='ocrx_word' id='word_1_276' title='bbox 1370 2284 1694 2355; x_wconf 79' lang='lat' dir='ltr'><strong>virginitatis</strong></span> <span class='ocrx_word' id='word_1_277' title='bbox 1718 2292 1940 2337; x_wconf 88' lang='lat' dir='ltr'><strong>auctore</strong></span> 
     </span>
    </p>
   </div>
   <div class='ocr_carea' id='block_1_38' title="bbox 362 2375 1942 2437">
    <p class='ocr_par' dir='ltr' id='par_1_38' title="bbox 362 2375 1942 2437">
     <span class='ocr_line' id='line_1_38' title="bbox 362 2375 1942 2437; baseline -0.006 -2"><span class='ocrx_word' id='word_1_278' title='bbox 362 2380 498 2435; x_wconf 89' lang='lat' dir='ltr'><strong>casti</strong></span> <span class='ocrx_word' id='word_1_279' title='bbox 529 2381 730 2436; x_wconf 89' lang='lat' dir='ltr'><strong>amoris</strong></span> <span class='ocrx_word' id='word_1_280' title='bbox 759 2379 967 2433; x_wconf 81' lang='lat' dir='ltr'><strong>facibus</strong></span> <span class='ocrx_word' id='word_1_281' title='bbox 1009 2378 1317 2433; x_wconf 90' lang='lat' dir='ltr'><strong>inardescat</strong></span> <span class='ocrx_word' id='word_1_282' title='bbox 1346 2393 1360 2437; x_wconf 88' lang='lat'>;</span> <span class='ocrx_word' id='word_1_283' title='bbox 1406 2384 1633 2434; x_wconf 84' lang='lat' dir='ltr'><strong>cantans</strong></span> <span class='ocrx_word' id='word_1_284' title='bbox 1663 2375 1942 2437; x_wconf 85' lang='lat' dir='ltr'><strong>nimirum,</strong></span> 
     </span>
    </p>
   </div>
   <div class='ocr_carea' id='block_1_39' title="bbox 362 2463 1944 2526">
    <p class='ocr_par' dir='ltr' id='par_1_39' title="bbox 362 2463 1944 2526">
     <span class='ocr_line' id='line_1_39' title="bbox 362 2463 1944 2526; baseline -0.005 -4"><span class='ocrx_word' id='word_1_285' title='bbox 362 2478 417 2523; x_wconf 88' lang='lat' dir='ltr'><strong>et</strong></span> <span class='ocrx_word' id='word_1_286' title='bbox 445 2468 634 2525; x_wconf 90' lang='lat' dir='ltr'><strong>dicens</strong></span> <span class='ocrx_word' id='word_1_287' title='bbox 676 2486 690 2521; x_wconf 90' lang='lat'>:</span> <span class='ocrx_word' id='word_1_288' title='bbox 747 2487 764 2519; x_wconf 79' lang='grc' dir='ltr'>ι</span> <span class='ocrx_word' id='word_1_289' title='bbox 806 2466 1113 2522; x_wconf 77' lang='lat' dir='ltr'><strong>Introduxit</strong></span> <span class='ocrx_word' id='word_1_290' title='bbox 1162 2482 1249 2521; x_wconf 87' lang='lat' dir='ltr'><strong>me</strong></span> <span class='ocrx_word' id='word_1_291' title='bbox 1296 2465 1408 2519; x_wconf 78' lang='lat' dir='ltr'><strong>Rex</strong></span> <span class='ocrx_word' id='word_1_292' title='bbox 1460 2465 1510 2518; x_wconf 92' lang='lat' dir='ltr'><strong>in</strong></span> <span class='ocrx_word' id='word_1_293' title='bbox 1561 2463 1777 2518; x_wconf 85' lang='lat' dir='ltr'><strong>cellaria</strong></span> <span class='ocrx_word' id='word_1_294' title='bbox 1824 2478 1944 2526; x_wconf 87' lang='lat' dir='ltr'><strong>sua,</strong></span> 
     </span>
    </p>
   </div>
   <div class='ocr_carea' id='block_1_40' title="bbox 356 2554 1949 2625">
    <p class='ocr_par' dir='ltr' id='par_1_40' title="bbox 356 2554 1949 2625">
     <span class='ocr_line' id='line_1_40' title="bbox 356 2554 1949 2625; baseline -0.006 -10"><span class='ocrx_word' id='word_1_295' title='bbox 356 2559 770 2618; x_wconf 79' lang='lat' dir='ltr'><strong>exsultabimus.</strong></span> <span class='ocrx_word' id='word_1_296' title='bbox 821 2567 875 2613; x_wconf 92' lang='lat' dir='ltr'><strong>et</strong></span> <span class='ocrx_word' id='word_1_297' title='bbox 927 2558 1228 2615; x_wconf 63' lang='lat' dir='ltr'><strong>laetabimur</strong></span> <span class='ocrx_word' id='word_1_298' title='bbox 1284 2556 1335 2611; x_wconf 90' lang='lat' dir='ltr'><strong>iu</strong></span> <span class='ocrx_word' id='word_1_299' title='bbox 1390 2566 1443 2610; x_wconf 91' lang='lat' dir='ltr'><strong>te</strong></span> <span class='ocrx_word' id='word_1_300' title='bbox 1488 2554 1667 2616; x_wconf 85' lang='lat' dir='ltr'><strong>(Cant.</strong></span> <span class='ocrx_word' id='word_1_301' title='bbox 1701 2555 1760 2625; x_wconf 79' lang='grc' dir='ltr'><strong>ι).</strong></span> <span class='ocrx_word' id='word_1_302' title='bbox 1808 2573 1824 2607; x_wconf 85' lang='grc' dir='ltr'><strong><em>ι</em></strong></span> <span class='ocrx_word' id='word_1_303' title='bbox 1882 2554 1949 2610; x_wconf 83' lang='grc' dir='ltr'><strong>Ει</strong></span> 
     </span>
    </p>
   </div>
   <div class='ocr_carea' id='block_1_41' title="bbox 357 2643 1941 2726">
    <p class='ocr_par' dir='ltr' id='par_1_41' title="bbox 357 2643 1941 2726">
     <span class='ocr_line' id='line_1_41' title="bbox 357 2643 1941 2726; baseline -0.006 -20"><span class='ocrx_word' id='word_1_304' title='bbox 357 2653 555 2706; x_wconf 90' lang='lat' dir='ltr'><strong>iterum</strong></span> <span class='ocrx_word' id='word_1_305' title='bbox 593 2668 606 2703; x_wconf 94' lang='lat'>:</span> <span class='ocrx_word' id='word_1_306' title='bbox 645 2668 661 2701; x_wconf 82' lang='lat' dir='ltr'><strong>t</strong></span> <span class='ocrx_word' id='word_1_307' title='bbox 693 2648 1007 2726; x_wconf 78' lang='lat' dir='ltr'><strong>Fasciculus</strong></span> <span class='ocrx_word' id='word_1_308' title='bbox 1051 2648 1285 2723; x_wconf 69' lang='lat' dir='ltr'><strong>myrrha:</strong></span> <span class='ocrx_word' id='word_1_309' title='bbox 1337 2648 1566 2702; x_wconf 84' lang='lat' dir='ltr'><strong>dilectus</strong></span> <span class='ocrx_word' id='word_1_310' title='bbox 1613 2661 1765 2699; x_wconf 86' lang='lat' dir='ltr'><strong>meus</strong></span> <span class='ocrx_word' id='word_1_311' title='bbox 1792 2643 1941 2707; x_wconf 84' lang='lat' dir='ltr'><strong>mihi,</strong></span> 
     </span>
    </p>
   </div>
   <div class='ocr_carea' id='block_1_42' title="bbox 358 2735 1948 2807">
    <p class='ocr_par' dir='ltr' id='par_1_42' title="bbox 358 2735 1948 2807">
     <span class='ocr_line' id='line_1_42' title="bbox 358 2735 1948 2807; baseline -0.005 -12"><span class='ocrx_word' id='word_1_312' title='bbox 358 2742 504 2802; x_wconf 85' lang='lat' dir='ltr'><strong>inter</strong></span> <span class='ocrx_word' id='word_1_313' title='bbox 549 2742 715 2796; x_wconf 87' lang='lat' dir='ltr'><strong>ubera</strong></span> <span class='ocrx_word' id='word_1_314' title='bbox 762 2756 880 2795; x_wconf 88' lang='lat' dir='ltr'><strong>mea</strong></span> <span class='ocrx_word' id='word_1_315' title='bbox 932 2738 1359 2795; x_wconf 84' lang='lat' dir='ltr'><strong>commorabitur</strong></span> <span class='ocrx_word' id='word_1_316' title='bbox 1408 2737 1606 2807; x_wconf 81' lang='lat' dir='ltr'><strong>(ib.’d.).</strong></span> <span class='ocrx_word' id='word_1_317' title='bbox 1653 2754 1670 2786; x_wconf 76' lang='grc' dir='ltr'><strong>ι</strong></span> <span class='ocrx_word' id='word_1_318' title='bbox 1723 2735 1776 2788; x_wconf 90' lang='lat' dir='ltr'><strong>Si</strong></span> <span class='ocrx_word' id='word_1_319' title='bbox 1822 2748 1948 2788; x_wconf 84' lang='lat' dir='ltr'><strong>vero</strong></span> 
     </span>
    </p>
   </div>
   <div class='ocr_carea' id='block_1_43' title="bbox 356 2827 1943 2900">
    <p class='ocr_par' dir='ltr' id='par_1_43' title="bbox 356 2827 1943 2900">
     <span class='ocr_line' id='line_1_43' title="bbox 356 2827 1943 2900; baseline -0.008 -10"><span class='ocrx_word' id='word_1_320' title='bbox 356 2830 644 2900; x_wconf 71' lang='lat' dir='ltr'><strong>cuiuslibet</strong></span> <span class='ocrx_word' id='word_1_321' title='bbox 695 2830 999 2885; x_wconf 87' lang='lat' dir='ltr'><strong>occasionis</strong></span> <span class='ocrx_word' id='word_1_322' title='bbox 1053 2828 1314 2884; x_wconf 87' lang='lat' dir='ltr'><strong>articulus</strong></span> <span class='ocrx_word' id='word_1_323' title='bbox 1375 2827 1622 2891; x_wconf 90' lang='lat' dir='ltr'><strong>accidat,</strong></span> <span class='ocrx_word' id='word_1_324' title='bbox 1685 2834 1743 2877; x_wconf 90' lang='lat' dir='ltr'><strong>ut</strong></span> <span class='ocrx_word' id='word_1_325' title='bbox 1792 2838 1943 2896; x_wconf 87' lang='lat' dir='ltr'><strong>egre-</strong></span> 
     </span>
    </p>
   </div>
   <div class='ocr_carea' id='block_1_44' title="bbox 357 2919 1949 2984">
    <p class='ocr_par' dir='ltr' id='par_1_44' title="bbox 357 2919 1949 2984">
     <span class='ocr_line' id='line_1_44' title="bbox 357 2919 1949 2984; baseline -0.002 -8"><span class='ocrx_word' id='word_1_326' title='bbox 357 2924 540 2978; x_wconf 81' lang='lat' dir='ltr'><strong>diendi</strong></span> <span class='ocrx_word' id='word_1_327' title='bbox 602 2924 901 2979; x_wconf 83' lang='lat' dir='ltr'><strong>necessitas</strong></span> <span class='ocrx_word' id='word_1_328' title='bbox 941 2923 1223 2979; x_wconf 87' lang='lat' dir='ltr'><strong>imminere</strong></span> <span class='ocrx_word' id='word_1_329' title='bbox 1270 2920 1537 2984; x_wconf 81' lang='lat' dir='ltr'><strong>videatur,</strong></span> <span class='ocrx_word' id='word_1_330' title='bbox 1568 2936 1672 2977; x_wconf 89' lang='lat' dir='ltr'><strong>non</strong></span> <span class='ocrx_word' id='word_1_331' title='bbox 1715 2934 1838 2973; x_wconf 79' lang='lat' dir='ltr'><strong>mox</strong></span> <span class='ocrx_word' id='word_1_332' title='bbox 1885 2919 1949 2973; x_wconf 90' lang='lat' dir='ltr'><strong>ad</strong></span> 
     </span>
    </p>
   </div>
   <div class='ocr_carea' id='block_1_45' title="bbox 358 3012 1946 3085">
    <p class='ocr_par' dir='ltr' id='par_1_45' title="bbox 358 3012 1946 3085">
     <span class='ocr_line' id='line_1_45' title="bbox 358 3012 1946 3085; baseline 0.001 -20"><span class='ocrx_word' id='word_1_333' title='bbox 358 3015 662 3085; x_wconf 81' lang='lat' dir='ltr'><strong>vagandum</strong></span> <span class='ocrx_word' id='word_1_334' title='bbox 696 3030 755 3069; x_wconf 92' lang='lat' dir='ltr'><strong>sc</strong></span> <span class='ocrx_word' id='word_1_335' title='bbox 801 3013 993 3068; x_wconf 89' lang='lat' dir='ltr'><strong>leviter</strong></span> <span class='ocrx_word' id='word_1_336' title='bbox 1030 3020 1282 3085; x_wconf 88' lang='lat' dir='ltr'><strong>proruat,</strong></span> <span class='ocrx_word' id='word_1_337' title='bbox 1330 3026 1437 3066; x_wconf 91' lang='lat' dir='ltr'><strong>non</strong></span> <span class='ocrx_word' id='word_1_338' title='bbox 1490 3012 1760 3084; x_wconf 82' lang='lat' dir='ltr'><strong>colloquio</strong></span> <span class='ocrx_word' id='word_1_339' title='bbox 1813 3026 1946 3069; x_wconf 79' lang='lat' dir='ltr'><strong>con,-</strong></span> 
     </span>
    </p>
   </div>
   <div class='ocr_carea' id='block_1_46' title="bbox 361 3100 1942 3179">
    <p class='ocr_par' dir='ltr' id='par_1_46' title="bbox 361 3100 1942 3179">
     <span class='ocr_line' id='line_1_46' title="bbox 361 3100 1942 3179; baseline -0.004 -21"><span class='ocrx_word' id='word_1_340' title='bbox 361 3105 742 3179; x_wconf 80' lang='lat' dir='ltr'><strong>sangttinitatis</strong></span> <span class='ocrx_word' id='word_1_341' title='bbox 800 3104 1077 3176; x_wconf 85' lang='lat' dir='ltr'><strong>aggliscat,</strong></span> <span class='ocrx_word' id='word_1_342' title='bbox 1129 3118 1235 3160; x_wconf 92' lang='lat' dir='ltr'><strong>non</strong></span> <span class='ocrx_word' id='word_1_343' title='bbox 1285 3102 1353 3157; x_wconf 86' lang='lat' dir='ltr'><strong>ad</strong></span> <span class='ocrx_word' id='word_1_344' title='bbox 1407 3100 1586 3157; x_wconf 62' lang='lat' dir='ltr'><strong>surculi</strong></span> <span class='ocrx_word' id='word_1_345' title='bbox 1649 3101 1942 3155; x_wconf 82' lang='lat' dir='ltr'><strong>vanitatem</strong></span> 
     </span>
    </p>
   </div>
   <div class='ocr_carea' id='block_1_47' title="bbox 2044 1922 3624 1995">
    <p class='ocr_par' dir='ltr' id='par_1_47' title="bbox 2044 1922 3624 1995">
     <span class='ocr_line' id='line_1_47' title="bbox 2044 1922 3624 1995; baseline 0.006 -21"><span class='ocrx_word' id='word_1_346' title='bbox 2044 1922 2293 1992; x_wconf 84' lang='lat' dir='ltr'><strong>proprias</strong></span> <span class='ocrx_word' id='word_1_347' title='bbox 2324 1932 2629 1993; x_wconf 86' lang='lat' dir='ltr'><strong>sequentes,</strong></span> <span class='ocrx_word' id='word_1_348' title='bbox 2658 1939 2757 1978; x_wconf 89' lang='lat' dir='ltr'><strong>nec</strong></span> <span class='ocrx_word' id='word_1_349' title='bbox 2782 1926 2896 1979; x_wconf 86' lang='lat' dir='ltr'><strong>suis</strong></span> <span class='ocrx_word' id='word_1_350' title='bbox 2918 1940 3144 1995; x_wconf 89' lang='lat' dir='ltr'><strong>parcere</strong></span> <span class='ocrx_word' id='word_1_351' title='bbox 3166 1927 3404 1982; x_wconf 90' lang='lat' dir='ltr'><strong>moribus</strong></span> <span class='ocrx_word' id='word_1_352' title='bbox 3424 1929 3624 1983; x_wconf 89' lang='lat' dir='ltr'><strong>sciunt.</strong></span> 
     </span>
    </p>
   </div>
   <div class='ocr_carea' id='block_1_48' title="bbox 2045 2000 3629 2088">
    <p class='ocr_par' dir='ltr' id='par_1_48' title="bbox 2045 2000 3629 2088">
     <span class='ocr_line' id='line_1_48' title="bbox 2045 2000 3629 2088; baseline 0.004 -21"><span class='ocrx_word' id='word_1_353' title='bbox 2045 2014 2268 2068; x_wconf 82' lang='lat' dir='ltr'><strong>Feroeia</strong></span> <span class='ocrx_word' id='word_1_354' title='bbox 2324 2000 2451 2068; x_wconf 83' lang='lat' dir='ltr'><strong>sunt</strong></span> <span class='ocrx_word' id='word_1_355' title='bbox 2507 2024 2722 2069; x_wconf 86' lang='lat' dir='ltr'><strong>terrena</strong></span> <span class='ocrx_word' id='word_1_356' title='bbox 2781 2016 3072 2082; x_wconf 87' lang='lat' dir='ltr'><strong>desideria,</strong></span> <span class='ocrx_word' id='word_1_357' title='bbox 3124 2033 3244 2088; x_wconf 81' lang='lat' dir='ltr'><strong>quae</strong></span> <span class='ocrx_word' id='word_1_358' title='bbox 3294 2033 3400 2073; x_wconf 94' lang='lat' dir='ltr'><strong>non</strong></span> <span class='ocrx_word' id='word_1_359' title='bbox 3448 2018 3629 2073; x_wconf 84' lang='lat' dir='ltr'><strong>solum</strong></span> 
     </span>
    </p>
   </div>
   <div class='ocr_carea' id='block_1_49' title="bbox 2044 2106 3628 2177">
    <p class='ocr_par' dir='ltr' id='par_1_49' title="bbox 2044 2106 3628 2177">
     <span class='ocr_line' id='line_1_49' title="bbox 2044 2106 3628 2177; baseline 0.001 -17"><span class='ocrx_word' id='word_1_360' title='bbox 2044 2115 2231 2160; x_wconf 86' lang='lat' dir='ltr'><strong>contra</strong></span> <span class='ocrx_word' id='word_1_361' title='bbox 2265 2114 2534 2175; x_wconf 79' lang='lat' dir='ltr'><strong>praecepta</strong></span> <span class='ocrx_word' id='word_1_362' title='bbox 2568 2106 2902 2173; x_wconf 81' lang='lat' dir='ltr'><strong>Conditoris,</strong></span> <span class='ocrx_word' id='word_1_363' title='bbox 2946 2108 3041 2163; x_wconf 90' lang='lat' dir='ltr'><strong>sed</strong></span> <span class='ocrx_word' id='word_1_364' title='bbox 3081 2124 3222 2177; x_wconf 60' lang='lat' dir='ltr'><strong>saepe</strong></span> <span class='ocrx_word' id='word_1_365' title='bbox 3245 2109 3407 2164; x_wconf 91' lang='lat' dir='ltr'><strong>etiam</strong></span> <span class='ocrx_word' id='word_1_366' title='bbox 3437 2118 3628 2164; x_wconf 86' lang='lat' dir='ltr'><strong>contra</strong></span> 
     </span>
    </p>
   </div>
   <div class='ocr_carea' id='block_1_50' title="bbox 2044 2198 3627 2269">
    <p class='ocr_par' dir='ltr' id='par_1_50' title="bbox 2044 2198 3627 2269">
     <span class='ocr_line' id='line_1_50' title="bbox 2044 2198 3627 2269; baseline 0.003 -18"><span class='ocrx_word' id='word_1_367' title='bbox 2044 2198 2457 2267; x_wconf 84' lang='lat' dir='ltr'><strong>percussionum</strong></span> <span class='ocrx_word' id='word_1_368' title='bbox 2515 2198 2741 2253; x_wconf 85' lang='lat' dir='ltr'><strong>verbera</strong></span> <span class='ocrx_word' id='word_1_369' title='bbox 2799 2199 2988 2253; x_wconf 91' lang='lat' dir='ltr'><strong>duram</strong></span> <span class='ocrx_word' id='word_1_370' title='bbox 3047 2211 3208 2269; x_wconf 88' lang='lat' dir='ltr'><strong>atque</strong></span> <span class='ocrx_word' id='word_1_371' title='bbox 3260 2199 3627 2255; x_wconf 89' lang='lat' dir='ltr'><strong>insensibilem</strong></span> 
     </span>
    </p>
   </div>
   <div class='ocr_carea' id='block_1_51' title="bbox 2048 2287 3627 2345">
    <p class='ocr_par' dir='ltr' id='par_1_51' title="bbox 2048 2287 3627 2345">
     <span class='ocr_line' id='line_1_51' title="bbox 2048 2287 3627 2345; baseline 0.001 -4"><span class='ocrx_word' id='word_1_372' title='bbox 2048 2297 2279 2341; x_wconf 85' lang='lat' dir='ltr'><strong>mentem</strong></span> <span class='ocrx_word' id='word_1_373' title='bbox 2346 2288 2599 2342; x_wconf 85' lang='lat' dir='ltr'><strong>reddunt.</strong></span> <span class='ocrx_word' id='word_1_374' title='bbox 2642 2287 2747 2343; x_wconf 89' lang='lat' dir='ltr'><strong>Sed</strong></span> <span class='ocrx_word' id='word_1_375' title='bbox 2800 2288 2904 2343; x_wconf 79' lang='lat' dir='ltr'><strong>filia</strong></span> <span class='ocrx_word' id='word_1_376' title='bbox 2962 2288 3220 2345; x_wconf 81' lang='lat' dir='ltr'><strong>ferocium</strong></span> <span class='ocrx_word' id='word_1_377' title='bbox 3273 2288 3465 2343; x_wconf 80' lang='lat' dir='ltr'><strong>solium</strong></span> <span class='ocrx_word' id='word_1_378' title='bbox 3520 2303 3627 2343; x_wconf 92' lang='lat' dir='ltr'><strong>non</strong></span> 
     </span>
    </p>
   </div>
   <div class='ocr_carea' id='block_1_52' title="bbox 2047 2380 3631 2451">
    <p class='ocr_par' dir='ltr' id='par_1_52' title="bbox 2047 2380 3631 2451">
     <span class='ocr_line' id='line_1_52' title="bbox 2047 2380 3631 2451; baseline 0.001 -18"><span class='ocrx_word' id='word_1_379' title='bbox 2047 2380 2232 2441; x_wconf 83' lang='lat' dir='ltr'><strong>habet,</strong></span> <span class='ocrx_word' id='word_1_380' title='bbox 2263 2381 2388 2451; x_wconf 86' lang='lat' dir='ltr'><strong>quia</strong></span> <span class='ocrx_word' id='word_1_381' title='bbox 2419 2394 2594 2446; x_wconf 87' lang='lat' dir='ltr'><strong>mens,</strong></span> <span class='ocrx_word' id='word_1_382' title='bbox 2616 2396 2739 2451; x_wconf 70' lang='lat' dir='ltr'><strong>qua:</strong></span> <span class='ocrx_word' id='word_1_383' title='bbox 2766 2382 2832 2436; x_wconf 90' lang='lat' dir='ltr'><strong>ad</strong></span> <span class='ocrx_word' id='word_1_384' title='bbox 2861 2397 3098 2436; x_wconf 85' lang='lat' dir='ltr'><strong>amorem</strong></span> <span class='ocrx_word' id='word_1_385' title='bbox 3149 2381 3329 2435; x_wconf 88' lang='lat' dir='ltr'><strong>mundi</strong></span> <span class='ocrx_word' id='word_1_386' title='bbox 3353 2395 3418 2438; x_wconf 78' lang='lat' dir='ltr'><strong>ex</strong></span> <span class='ocrx_word' id='word_1_387' title='bbox 3446 2380 3631 2450; x_wconf 78' lang='lat' dir='ltr'><strong>pravis</strong></span> 
     </span>
    </p>
   </div>
   <div class='ocr_carea' id='block_1_53' title="bbox 2046 2467 3631 2539">
    <p class='ocr_par' dir='ltr' id='par_1_53' title="bbox 2046 2467 3631 2539">
     <span class='ocr_line' id='line_1_53' title="bbox 2046 2467 3631 2539; baseline -0.003 -14"><span class='ocrx_word' id='word_1_388' title='bbox 2046 2471 2335 2525; x_wconf 77' lang='lat' dir='ltr'><strong>dosideriis</strong></span> <span class='ocrx_word' id='word_1_389' title='bbox 2364 2471 2635 2534; x_wconf 88' lang='lat' dir='ltr'><strong>nascitur,</strong></span> <span class='ocrx_word' id='word_1_390' title='bbox 2679 2478 2841 2539; x_wconf 86' lang='lat' dir='ltr'><strong>atque</strong></span> <span class='ocrx_word' id='word_1_391' title='bbox 2868 2471 3072 2525; x_wconf 86' lang='lat' dir='ltr'><strong>eisdem</strong></span> <span class='ocrx_word' id='word_1_392' title='bbox 3125 2468 3411 2525; x_wconf 86' lang='lat' dir='ltr'><strong>desideriis</strong></span> <span class='ocrx_word' id='word_1_393' title='bbox 3458 2467 3631 2523; x_wconf 78' lang='lat' dir='ltr'><strong>obdu-</strong></span> 
     </span>
    </p>
   </div>
   <div class='ocr_carea' id='block_1_54' title="bbox 2046 2557 3631 2630">
    <p class='ocr_par' dir='ltr' id='par_1_54' title="bbox 2046 2557 3631 2630">
     <span class='ocr_line' id='line_1_54' title="bbox 2046 2557 3631 2630; baseline -0.001 -15"><span class='ocrx_word' id='word_1_394' title='bbox 2046 2570 2221 2625; x_wconf 84' lang='lat' dir='ltr'><strong>ratur,</strong></span> <span class='ocrx_word' id='word_1_395' title='bbox 2256 2562 2308 2615; x_wconf 91' lang='lat' dir='ltr'><strong>in</strong></span> <span class='ocrx_word' id='word_1_396' title='bbox 2342 2576 2407 2615; x_wconf 90' lang='lat' dir='ltr'><strong>eo</strong></span> <span class='ocrx_word' id='word_1_397' title='bbox 2443 2562 2585 2630; x_wconf 87' lang='lat' dir='ltr'><strong>quod</strong></span> <span class='ocrx_word' id='word_1_398' title='bbox 2641 2577 2700 2616; x_wconf 89' lang='lat' dir='ltr'><strong>se</strong></span> <span class='ocrx_word' id='word_1_399' title='bbox 2746 2561 2975 2616; x_wconf 81' lang='lat' dir='ltr'><strong>terrenis</strong></span> <span class='ocrx_word' id='word_1_400' title='bbox 3004 2560 3455 2629; x_wconf 80' lang='lat' dir='ltr'><strong>concupiscentiis</strong></span> <span class='ocrx_word' id='word_1_401' title='bbox 3502 2557 3631 2613; x_wconf 88' lang='lat' dir='ltr'><strong>sub-</strong></span> 
     </span>
    </p>
   </div>
   <div class='ocr_carea' id='block_1_55' title="bbox 2046 2649 3630 2721">
    <p class='ocr_par' dir='ltr' id='par_1_55' title="bbox 2046 2649 3630 2721">
     <span class='ocr_line' id='line_1_55' title="bbox 2046 2649 3630 2721; baseline -0.003 -15"><span class='ocrx_word' id='word_1_402' title='bbox 2046 2652 2191 2720; x_wconf 87' lang='lat' dir='ltr'><strong>jicit.</strong></span> <span class='ocrx_word' id='word_1_403' title='bbox 2226 2655 2407 2709; x_wconf 83' lang='lat' dir='ltr'><strong>sedem</strong></span> <span class='ocrx_word' id='word_1_404' title='bbox 2441 2652 2629 2721; x_wconf 76' lang='lat' dir='ltr'><strong>iudicii</strong></span> <span class='ocrx_word' id='word_1_405' title='bbox 2678 2653 2899 2715; x_wconf 79' lang='lat' dir='ltr'><strong>amittit,</strong></span> <span class='ocrx_word' id='word_1_406' title='bbox 2937 2651 3175 2721; x_wconf 78' lang='lat' dir='ltr'><strong>nullique</strong></span> <span class='ocrx_word' id='word_1_407' title='bbox 3212 2652 3353 2720; x_wconf 88' lang='lat' dir='ltr'><strong>apud</strong></span> <span class='ocrx_word' id='word_1_408' title='bbox 3395 2666 3455 2704; x_wconf 91' lang='lat' dir='ltr'><strong>se</strong></span> <span class='ocrx_word' id='word_1_409' title='bbox 3492 2649 3630 2704; x_wconf 85' lang='lat' dir='ltr'><strong>solio</strong></span> 
     </span>
    </p>
   </div>
   <div class='ocr_carea' id='block_1_56' title="bbox 2049 2743 3628 2815">
    <p class='ocr_par' dir='ltr' id='par_1_56' title="bbox 2049 2743 3628 2815">
     <span class='ocr_line' id='line_1_56' title="bbox 2049 2743 3628 2815; baseline -0.003 -15"><span class='ocrx_word' id='word_1_410' title='bbox 2049 2747 2318 2815; x_wconf 67' lang='lat' dir='ltr'><strong>praesidet,</strong></span> <span class='ocrx_word' id='word_1_411' title='bbox 2369 2746 2492 2814; x_wconf 88' lang='lat' dir='ltr'><strong>quia</strong></span> <span class='ocrx_word' id='word_1_412' title='bbox 2544 2745 2794 2799; x_wconf 82' lang='lat' dir='ltr'><strong>examine</strong></span> <span class='ocrx_word' id='word_1_413' title='bbox 2837 2744 3177 2798; x_wconf 83' lang='lat' dir='ltr'><strong>discretionis</strong></span> <span class='ocrx_word' id='word_1_414' title='bbox 3231 2752 3420 2798; x_wconf 88' lang='lat' dir='ltr'><strong>caret:</strong></span> <span class='ocrx_word' id='word_1_415' title='bbox 3473 2743 3628 2812; x_wconf 87' lang='lat' dir='ltr'><strong>quasi</strong></span> 
     </span>
    </p>
   </div>
   <div class='ocr_carea' id='block_1_57' title="bbox 2051 2832 3631 2905">
    <p class='ocr_par' dir='ltr' id='par_1_57' title="bbox 2051 2832 3631 2905">
     <span class='ocr_line' id='line_1_57' title="bbox 2051 2832 3631 2905; baseline -0.001 -16"><span class='ocrx_word' id='word_1_416' title='bbox 2051 2852 2080 2889; x_wconf 86' lang='lat' dir='ltr'><strong>a</strong></span> <span class='ocrx_word' id='word_1_417' title='bbox 2117 2835 2308 2903; x_wconf 77' lang='lat' dir='ltr'><strong>iudicii</strong></span> <span class='ocrx_word' id='word_1_418' title='bbox 2344 2835 2423 2889; x_wconf 86' lang='lat' dir='ltr'><strong>sui</strong></span> <span class='ocrx_word' id='word_1_419' title='bbox 2452 2834 2693 2888; x_wconf 84' lang='lat' dir='ltr'><strong>sessione</strong></span> <span class='ocrx_word' id='word_1_420' title='bbox 2719 2834 3016 2903; x_wconf 78' lang='lat' dir='ltr'><strong>repellitur,</strong></span> <span class='ocrx_word' id='word_1_421' title='bbox 3046 2835 3173 2905; x_wconf 83' lang='lat' dir='ltr'><strong>quia</strong></span> <span class='ocrx_word' id='word_1_422' title='bbox 3206 2850 3302 2904; x_wconf 88' lang='lat' dir='ltr'><strong>per</strong></span> <span class='ocrx_word' id='word_1_423' title='bbox 3348 2832 3631 2888; x_wconf 75' lang='lat' dir='ltr'><strong>exterioris</strong></span> 
     </span>
    </p>
   </div>
   <div class='ocr_carea' id='block_1_58' title="bbox 2049 2923 3628 2994">
    <p class='ocr_par' dir='ltr' id='par_1_58' title="bbox 2049 2923 3628 2994">
     <span class='ocr_line' id='line_1_58' title="bbox 2049 2923 3628 2994; baseline -0.003 -15"><span class='ocrx_word' id='word_1_424' title='bbox 2049 2925 2307 2980; x_wconf 87' lang='lat' dir='ltr'><strong>desiderii</strong></span> <span class='ocrx_word' id='word_1_425' title='bbox 2362 2924 2857 2993; x_wconf 76' lang='lat' dir='ltr'><strong>concupiscentiam</strong></span> <span class='ocrx_word' id='word_1_426' title='bbox 2922 2933 3166 2994; x_wconf 87' lang='lat' dir='ltr'><strong>vagatur.</strong></span> <span class='ocrx_word' id='word_1_427' title='bbox 3224 2923 3416 2992; x_wconf 79' lang='lat' dir='ltr'><strong>Liquet</strong></span> <span class='ocrx_word' id='word_1_428' title='bbox 3458 2923 3628 2986; x_wconf 90' lang='lat' dir='ltr'><strong>enim,</strong></span> 
     </span>
    </p>
   </div>
   <div class='ocr_carea' id='block_1_59' title="bbox 2050 3013 3628 3087">
    <p class='ocr_par' dir='ltr' id='par_1_59' title="bbox 2050 3013 3628 3087">
     <span class='ocr_line' id='line_1_59' title="bbox 2050 3013 3628 3087; baseline -0.003 -17"><span class='ocrx_word' id='word_1_429' title='bbox 2050 3018 2190 3087; x_wconf 89' lang='lat' dir='ltr'><strong>quod</strong></span> <span class='ocrx_word' id='word_1_430' title='bbox 2242 3032 2395 3072; x_wconf 89' lang='lat' dir='ltr'><strong>mens</strong></span> <span class='ocrx_word' id='word_1_431' title='bbox 2448 3032 2568 3087; x_wconf 76' lang='lat' dir='ltr'><strong>qute</strong></span> <span class='ocrx_word' id='word_1_432' title='bbox 2615 3017 2757 3071; x_wconf 88' lang='lat' dir='ltr'><strong>intus</strong></span> <span class='ocrx_word' id='word_1_433' title='bbox 2812 3015 3024 3070; x_wconf 87' lang='lat' dir='ltr'><strong>consilii</strong></span> <span class='ocrx_word' id='word_1_434' title='bbox 3077 3015 3256 3070; x_wconf 89' lang='lat' dir='ltr'><strong>sedem</strong></span> <span class='ocrx_word' id='word_1_435' title='bbox 3316 3013 3628 3085; x_wconf 82' lang='lat' dir='ltr'><strong>perdiderit,</strong></span> 
     </span>
    </p>
   </div>
   <div class='ocr_carea' id='block_1_60' title="bbox 2053 3106 3633 3179">
    <p class='ocr_par' dir='ltr' id='par_1_60' title="bbox 2053 3106 3633 3179">
     <span class='ocr_line' id='line_1_60' title="bbox 2053 3106 3633 3179; baseline -0.001 -19"><span class='ocrx_word' id='word_1_436' title='bbox 2053 3108 2201 3163; x_wconf 72' lang='lat' dir='ltr'><strong>foras</strong></span> <span class='ocrx_word' id='word_1_437' title='bbox 2241 3123 2302 3163; x_wconf 89' lang='lat' dir='ltr'><strong>se</strong></span> <span class='ocrx_word' id='word_1_438' title='bbox 2334 3123 2430 3179; x_wconf 88' lang='lat' dir='ltr'><strong>per</strong></span> <span class='ocrx_word' id='word_1_439' title='bbox 2466 3107 2737 3162; x_wconf 83' lang='lat' dir='ltr'><strong>desideria</strong></span> <span class='ocrx_word' id='word_1_440' title='bbox 2781 3106 3249 3161; x_wconf 88' lang='lat' dir='ltr'><strong>innumerabiliter</strong></span> <span class='ocrx_word' id='word_1_441' title='bbox 3285 3106 3527 3175; x_wconf 87' lang='lat' dir='ltr'><strong>spargit;</strong></span> <span class='ocrx_word' id='word_1_442' title='bbox 3574 3111 3633 3158; x_wconf 76' lang='lat' dir='ltr'><strong>et</strong></span> 
     </span>
    </p>
   </div>
   <div class='ocr_carea' id='block_1_61' title="bbox 361 3177 3632 3271">
    <p class='ocr_par' dir='ltr' id='par_1_61' title="bbox 361 3177 3632 3271">
     <span class='ocr_line' id='line_1_61' title="bbox 361 3177 3632 3271; baseline -0.002 -14"><span class='ocrx_word' id='word_1_443' title='bbox 361 3200 500 3257; x_wconf 72' lang='lat' dir='ltr'><strong>ﬁxus</strong></span> <span class='ocrx_word' id='word_1_444' title='bbox 564 3200 761 3256; x_wconf 84' lang='lat' dir='ltr'><strong>mundo</strong></span> <span class='ocrx_word' id='word_1_445' title='bbox 811 3202 1025 3253; x_wconf 87' lang='lat' dir='ltr'><strong>animus</strong></span> <span class='ocrx_word' id='word_1_446' title='bbox 1081 3196 1374 3252; x_wconf 84' lang='lat' dir='ltr'><strong>incalescat</strong></span> <span class='ocrx_word' id='word_1_447' title='bbox 1403 3237 1418 3262; x_wconf 84' lang='grc'><strong>.</strong></span> <span class='ocrx_word' id='word_1_448' title='bbox 1477 3197 1572 3252; x_wconf 87' lang='lat' dir='ltr'><strong>sed</strong></span> <span class='ocrx_word' id='word_1_449' title='bbox 1624 3209 1835 3251; x_wconf 92' lang='lat' dir='ltr'><strong>morose</strong></span> <span class='ocrx_word' id='word_1_450' title='bbox 1880 3210 1943 3249; x_wconf 90' lang='lat' dir='ltr'><strong>ac</strong></span> <span class='ocrx_word' id='word_1_451' title='bbox 1972 3177 2015 3236; x_wconf 69' lang='grc' dir='ltr'><em>ε</em></span> <span class='ocrx_word' id='word_1_452' title='bbox 2049 3202 2173 3271; x_wconf 88' lang='lat' dir='ltr'><strong>quia</strong></span> <span class='ocrx_word' id='word_1_453' title='bbox 2206 3215 2366 3271; x_wconf 90' lang='lat' dir='ltr'><strong>agere</strong></span> <span class='ocrx_word' id='word_1_454' title='bbox 2402 3200 2669 3254; x_wconf 89' lang='lat' dir='ltr'><strong>intellecta</strong></span> <span class='ocrx_word' id='word_1_455' title='bbox 2721 3199 3072 3261; x_wconf 73' lang='lat' dir='ltr'><strong>dissimulat,‘</strong></span> <span class='ocrx_word' id='word_1_456' title='bbox 3096 3207 3333 3253; x_wconf 72' lang='lat' dir='ltr'><strong>cmcatur</strong></span> <span class='ocrx_word' id='word_1_457' title='bbox 3368 3198 3530 3250; x_wconf 88' lang='lat' dir='ltr'><strong>etiam</strong></span> <span class='ocrx_word' id='word_1_458' title='bbox 3572 3204 3632 3250; x_wconf 88' lang='lat' dir='ltr'><strong>ut</strong></span> 
     </span>
    </p>
   </div>
   <div class='ocr_carea' id='block_1_62' title="bbox 357 3286 1941 3363">
    <p class='ocr_par' dir='ltr' id='par_1_62' title="bbox 357 3286 1941 3363">
     <span class='ocr_line' id='line_1_62' title="bbox 357 3286 1941 3363; baseline -0.004 -20"><span class='ocrx_word' id='word_1_459' title='bbox 357 3292 596 3363; x_wconf 79' lang='lat' dir='ltr'><strong>graviter</strong></span> <span class='ocrx_word' id='word_1_460' title='bbox 648 3291 789 3347; x_wconf 90' lang='lat' dir='ltr'><strong>inter</strong></span> <span class='ocrx_word' id='word_1_461' title='bbox 835 3305 893 3345; x_wconf 88' lang='lat' dir='ltr'><strong>se</strong></span> <span class='ocrx_word' id='word_1_462' title='bbox 938 3289 1221 3354; x_wconf 88' lang='lat' dir='ltr'><strong>deliberet,</strong></span> <span class='ocrx_word' id='word_1_463' title='bbox 1274 3288 1511 3343; x_wconf 91' lang='lat' dir='ltr'><strong>dicens:</strong></span> <span class='ocrx_word' id='word_1_464' title='bbox 1558 3307 1575 3339; x_wconf 74' lang='grc' dir='ltr'>ι</span> <span class='ocrx_word' id='word_1_465' title='bbox 1633 3286 1941 3355; x_wconf 75' lang='lat' dir='ltr'><strong>Exspoliavi</strong></span> 
     </span>
    </p>
   </div>
   <div class='ocr_carea' id='block_1_63' title="bbox 360 3376 1944 3450">
    <p class='ocr_par' dir='ltr' id='par_1_63' title="bbox 360 3376 1944 3450">
     <span class='ocr_line' id='line_1_63' title="bbox 360 3376 1944 3450; baseline -0.004 -13"><span class='ocrx_word' id='word_1_466' title='bbox 360 3399 447 3438; x_wconf 89' lang='lat' dir='ltr'><strong>me</strong></span> <span class='ocrx_word' id='word_1_467' title='bbox 478 3384 656 3437; x_wconf 90' lang='lat' dir='ltr'><strong>tunica</strong></span> <span class='ocrx_word' id='word_1_468' title='bbox 683 3398 824 3447; x_wconf 87' lang='lat' dir='ltr'><strong>mea,</strong></span> <span class='ocrx_word' id='word_1_469' title='bbox 857 3381 1127 3450; x_wconf 91' lang='lat' dir='ltr'><strong>quomodo</strong></span> <span class='ocrx_word' id='word_1_470' title='bbox 1162 3380 1361 3435; x_wconf 90' lang='lat' dir='ltr'><strong>induar</strong></span> <span class='ocrx_word' id='word_1_471' title='bbox 1398 3377 1591 3434; x_wconf 76' lang='lat' dir='ltr'><strong>illam?</strong></span> <span class='ocrx_word' id='word_1_472' title='bbox 1615 3376 1743 3432; x_wconf 84' lang='lat' dir='ltr'><strong>Lavi</strong></span> <span class='ocrx_word' id='word_1_473' title='bbox 1782 3377 1944 3449; x_wconf 88' lang='lat' dir='ltr'><strong>pedes</strong></span> 
     </span>
    </p>
   </div>
   <div class='ocr_carea' id='block_1_64' title="bbox 359 3469 1657 3544">
    <p class='ocr_par' dir='ltr' id='par_1_64' title="bbox 359 3469 1657 3544">
     <span class='ocr_line' id='line_1_64' title="bbox 359 3469 1657 3544; baseline -0.005 -18"><span class='ocrx_word' id='word_1_474' title='bbox 359 3489 532 3539; x_wconf 80' lang='lat' dir='ltr'><strong>meos,</strong></span> <span class='ocrx_word' id='word_1_475' title='bbox 558 3474 825 3544; x_wconf 88' lang='lat' dir='ltr'><strong>quomodo</strong></span> <span class='ocrx_word' id='word_1_476' title='bbox 854 3472 1145 3541; x_wconf 86' lang='lat' dir='ltr'><strong>inquinabo</strong></span> <span class='ocrx_word' id='word_1_477' title='bbox 1168 3471 1289 3527; x_wconf 87' lang='lat' dir='ltr'><strong>illos</strong></span> <span class='ocrx_word' id='word_1_478' title='bbox 1314 3471 1493 3541; x_wconf 82' lang='lat' dir='ltr'><strong>(Cant.</strong></span> <span class='ocrx_word' id='word_1_479' title='bbox 1518 3469 1608 3540; x_wconf 84' lang='lat' dir='ltr'><strong>v)?</strong></span> <span class='ocrx_word' id='word_1_480' title='bbox 1639 3489 1657 3520; x_wconf 76' lang='grc' dir='ltr'>ι</span> 
     </span>
    </p>
   </div>
   <div class='ocr_carea' id='block_1_65' title="bbox 825 3586 1477 3659">
    <p class='ocr_par' dir='ltr' id='par_1_65' title="bbox 825 3586 1477 3659">
     <span class='ocr_line' id='line_1_65' title="bbox 825 3586 1477 3659; baseline -0.008 -14"><span class='ocrx_word' id='word_1_481' title='bbox 825 3588 987 3659; x_wconf 71' lang='lat'><strong>237</strong></span> <span class='ocrx_word' id='word_1_482' title='bbox 1026 3586 1254 3644; x_wconf 82' lang='lat' dir='ltr'><strong>CAPUT</strong></span> <span class='ocrx_word' id='word_1_483' title='bbox 1292 3586 1477 3641; x_wconf 78' lang='lat' dir='ltr'><strong>XXIII.</strong></span> 
     </span>
    </p>
   </div>
   <div class='ocr_carea' id='block_1_66' title="bbox 364 3680 1945 3751">
    <p class='ocr_par' dir='ltr' id='par_1_66' title="bbox 364 3680 1945 3751">
     <span class='ocr_line' id='line_1_66' title="bbox 364 3680 1945 3751; baseline -0.003 -13"><span class='ocrx_word' id='word_1_484' title='bbox 364 3681 515 3747; x_wconf 71' lang='lat' dir='ltr'><strong>Quod</strong></span> <span class='ocrx_word' id='word_1_485' title='bbox 562 3683 740 3737; x_wconf 76' lang='lat' dir='ltr'><strong>divina</strong></span> <span class='ocrx_word' id='word_1_486' title='bbox 784 3681 1058 3750; x_wconf 77' lang='lat' dir='ltr'><strong>dispositio</strong></span> <span class='ocrx_word' id='word_1_487' title='bbox 1094 3683 1226 3737; x_wconf 81' lang='lat' dir='ltr'><strong>sicut</strong></span> <span class='ocrx_word' id='word_1_488' title='bbox 1278 3682 1426 3736; x_wconf 79' lang='lat' dir='ltr'><strong>bonis</strong></span> <span class='ocrx_word' id='word_1_489' title='bbox 1474 3680 1747 3751; x_wconf 79' lang='lat' dir='ltr'><strong>spirituale</strong></span> <span class='ocrx_word' id='word_1_490' title='bbox 1782 3682 1945 3735; x_wconf 69' lang='lat' dir='ltr'><strong>otium</strong></span> 
     </span>
    </p>
   </div>
   <div class='ocr_carea' id='block_1_67' title="bbox 436 3752 1948 3836">
    <p class='ocr_par' dir='ltr' id='par_1_67' title="bbox 436 3752 1948 3836">
     <span class='ocr_line' id='line_1_67' title="bbox 436 3752 1948 3836; baseline -0.003 -29"><span class='ocrx_word' id='word_1_491' title='bbox 436 3755 645 3836; x_wconf 66' lang='lat' dir='ltr'><strong>tribuit,</strong></span> <span class='ocrx_word' id='word_1_492' title='bbox 694 3753 769 3806; x_wconf 86' lang='lat' dir='ltr'><strong>sic</strong></span> <span class='ocrx_word' id='word_1_493' title='bbox 821 3762 869 3805; x_wconf 88' lang='lat' dir='ltr'><strong>et</strong></span> <span class='ocrx_word' id='word_1_494' title='bbox 915 3768 1104 3821; x_wconf 76' lang='lat' dir='ltr'><strong>pravos</strong></span> <span class='ocrx_word' id='word_1_495' title='bbox 1150 3752 1379 3821; x_wconf 68' lang='lat' dir='ltr'><strong>(ti/fundi</strong></span> <span class='ocrx_word' id='word_1_496' title='bbox 1418 3754 1471 3806; x_wconf 87' lang='lat' dir='ltr'><strong>in</strong></span> <span class='ocrx_word' id='word_1_497' title='bbox 1516 3754 1775 3806; x_wconf 73' lang='lat' dir='ltr'><strong>exteriora</strong></span> <span class='ocrx_word' id='word_1_498' title='bbox 1830 3768 1948 3820; x_wconf 84' lang='lat' dir='ltr'><strong>per-</strong></span> 
     </span>
    </p>
   </div>
   <div class='ocr_carea' id='block_1_68' title="bbox 434 3835 613 3878">
    <p class='ocr_par' dir='ltr' id='par_1_68' title="bbox 434 3835 613 3878">
     <span class='ocr_line' id='line_1_68' title="bbox 434 3835 613 3878; baseline -0.011 0"><span class='ocrx_word' id='word_1_499' title='bbox 434 3835 613 3878; x_wconf 82' lang='lat' dir='ltr'><strong>mum.</strong></span> 
     </span>
    </p>
   </div>
   <div class='ocr_carea' id='block_1_69' title="bbox 433 3933 1948 4005">
    <p class='ocr_par' dir='ltr' id='par_1_69' title="bbox 433 3933 1948 4005">
     <span class='ocr_line' id='line_1_69' title="bbox 433 3933 1948 4005; baseline 0.001 -18"><span class='ocrx_word' id='word_1_500' title='bbox 433 3934 490 3987; x_wconf 88' lang='lat' dir='ltr'><strong>Si</strong></span> <span class='ocrx_word' id='word_1_501' title='bbox 536 3934 700 4003; x_wconf 83' lang='lat' dir='ltr'><strong>igitur</strong></span> <span class='ocrx_word' id='word_1_502' title='bbox 742 3933 1032 4005; x_wconf 86' lang='lat' dir='ltr'><strong>singularis</strong></span> <span class='ocrx_word' id='word_1_503' title='bbox 1082 3933 1168 3990; x_wconf 88' lang='lat' dir='ltr'><strong>ille</strong></span> <span class='ocrx_word' id='word_1_504' title='bbox 1207 3934 1448 4003; x_wconf 78' lang='lat' dir='ltr'><strong>Sponsus</strong></span> <span class='ocrx_word' id='word_1_505' title='bbox 1493 3935 1599 3990; x_wconf 89' lang='lat' dir='ltr'><strong>hoc</strong></span> <span class='ocrx_word' id='word_1_506' title='bbox 1625 3934 1948 3992; x_wconf 85' lang='lat' dir='ltr'><strong>desiderium</strong></span> 
     </span>
    </p>
   </div>
   <div class='ocr_carea' id='block_1_70' title="bbox 364 4027 1951 4100">
    <p class='ocr_par' dir='ltr' id='par_1_70' title="bbox 364 4027 1951 4100">
     <span class='ocr_line' id='line_1_70' title="bbox 364 4027 1951 4100; baseline 0.001 -20"><span class='ocrx_word' id='word_1_507' title='bbox 364 4029 559 4083; x_wconf 70' lang='lat' dir='ltr'><strong>animm</strong></span> <span class='ocrx_word' id='word_1_508' title='bbox 586 4037 785 4083; x_wconf 64' lang='lat' dir='ltr'><strong>sanetae</strong></span> <span class='ocrx_word' id='word_1_509' title='bbox 809 4029 983 4083; x_wconf 87' lang='lat' dir='ltr'><strong>inesse</strong></span> <span class='ocrx_word' id='word_1_510' title='bbox 1009 4028 1361 4100; x_wconf 84' lang='lat' dir='ltr'><strong>perspexerit,</strong></span> <span class='ocrx_word' id='word_1_511' title='bbox 1403 4028 1530 4097; x_wconf 85' lang='lat' dir='ltr'><strong>quia</strong></span> <span class='ocrx_word' id='word_1_512' title='bbox 1562 4027 1757 4099; x_wconf 91' lang='lat' dir='ltr'><strong>procul</strong></span> <span class='ocrx_word' id='word_1_513' title='bbox 1787 4027 1951 4082; x_wconf 91' lang='lat' dir='ltr'><strong>dubio</strong></span> 
     </span>
    </p>
   </div>
   <div class='ocr_carea' id='block_1_71' title="bbox 363 4118 1951 4190">
    <p class='ocr_par' dir='ltr' id='par_1_71' title="bbox 363 4118 1951 4190">
     <span class='ocr_line' id='line_1_71' title="bbox 363 4118 1951 4190; baseline 0 -19"><span class='ocrx_word' id='word_1_514' title='bbox 363 4119 617 4189; x_wconf 88' lang='lat' dir='ltr'><strong>princeps</strong></span> <span class='ocrx_word' id='word_1_515' title='bbox 644 4127 727 4173; x_wconf 89' lang='lat' dir='ltr'><strong>est</strong></span> <span class='ocrx_word' id='word_1_516' title='bbox 774 4120 944 4189; x_wconf 81' lang='lat' dir='ltr'><strong>pacis,</strong></span> <span class='ocrx_word' id='word_1_517' title='bbox 997 4119 1221 4173; x_wconf 89' lang='lat' dir='ltr'><strong>liberam</strong></span> <span class='ocrx_word' id='word_1_518' title='bbox 1255 4119 1354 4174; x_wconf 87' lang='lat' dir='ltr'><strong>sibi</strong></span> <span class='ocrx_word' id='word_1_519' title='bbox 1403 4119 1701 4190; x_wconf 86' lang='lat' dir='ltr'><strong>spiritualis</strong></span> <span class='ocrx_word' id='word_1_520' title='bbox 1726 4118 1821 4173; x_wconf 88' lang='lat' dir='ltr'><strong>otii</strong></span> <span class='ocrx_word' id='word_1_521' title='bbox 1864 4134 1951 4174; x_wconf 87' lang='lat' dir='ltr'><strong>re-</strong></span> 
     </span>
    </p>
   </div>
   <div class='ocr_carea' id='block_1_72' title="bbox 363 4212 1953 4283">
    <p class='ocr_par' dir='ltr' id='par_1_72' title="bbox 363 4212 1953 4283">
     <span class='ocr_line' id='line_1_72' title="bbox 363 4212 1953 4283; baseline 0.003 -19"><span class='ocrx_word' id='word_1_522' title='bbox 363 4215 544 4283; x_wconf 88' lang='lat' dir='ltr'><strong>quiem</strong></span> <span class='ocrx_word' id='word_1_523' title='bbox 605 4215 832 4278; x_wconf 86' lang='lat' dir='ltr'><strong>tribuit,</strong></span> <span class='ocrx_word' id='word_1_524' title='bbox 890 4222 945 4268; x_wconf 90' lang='lat' dir='ltr'><strong>et</strong></span> <span class='ocrx_word' id='word_1_525' title='bbox 986 4228 1175 4267; x_wconf 90' lang='lat' dir='ltr'><strong>omnes</strong></span> <span class='ocrx_word' id='word_1_526' title='bbox 1224 4212 1616 4281; x_wconf 81' lang='lat' dir='ltr'><strong>emergentium</strong></span> <span class='ocrx_word' id='word_1_527' title='bbox 1666 4227 1953 4269; x_wconf 87' lang='lat' dir='ltr'><strong>causarum</strong></span> 
     </span>
    </p>
   </div>
   <div class='ocr_carea' id='block_1_73' title="bbox 368 4303 1948 4373">
    <p class='ocr_par' dir='ltr' id='par_1_73' title="bbox 368 4303 1948 4373">
     <span class='ocr_line' id='line_1_73' title="bbox 368 4303 1948 4373; baseline -0.002 -17"><span class='ocrx_word' id='word_1_528' title='bbox 368 4306 561 4359; x_wconf 79' lang='lat' dir='ltr'><strong>fluctus</strong></span> <span class='ocrx_word' id='word_1_529' title='bbox 591 4303 799 4373; x_wconf 85' lang='lat' dir='ltr'><strong>placida</strong></span> <span class='ocrx_word' id='word_1_530' title='bbox 848 4304 995 4359; x_wconf 86' lang='lat' dir='ltr'><strong>circa</strong></span> <span class='ocrx_word' id='word_1_531' title='bbox 1042 4303 1188 4358; x_wconf 85' lang='lat' dir='ltr'><strong>illam</strong></span> <span class='ocrx_word' id='word_1_532' title='bbox 1240 4304 1624 4373; x_wconf 87' lang='lat' dir='ltr'><strong>tranquillitate</strong></span> <span class='ocrx_word' id='word_1_533' title='bbox 1660 4304 1948 4373; x_wconf 68' lang='lat' dir='ltr'><strong>componit.</strong></span> 
     </span>
    </p>
   </div>
   <div class='ocr_carea' id='block_1_74' title="bbox 367 4391 1951 4461">
    <p class='ocr_par' dir='ltr' id='par_1_74' title="bbox 367 4391 1951 4461">
     <span class='ocr_line' id='line_1_74' title="bbox 367 4391 1951 4461; baseline -0.001 -15"><span class='ocrx_word' id='word_1_534' title='bbox 367 4392 505 4446; x_wconf 90' lang='lat' dir='ltr'><strong>llinc</strong></span> <span class='ocrx_word' id='word_1_535' title='bbox 534 4402 617 4447; x_wconf 88' lang='lat' dir='ltr'><strong>est</strong></span> <span class='ocrx_word' id='word_1_536' title='bbox 663 4393 806 4449; x_wconf 88' lang='lat' dir='ltr'><strong>enim</strong></span> <span class='ocrx_word' id='word_1_537' title='bbox 856 4392 998 4461; x_wconf 90' lang='lat' dir='ltr'><strong>quod</strong></span> <span class='ocrx_word' id='word_1_538' title='bbox 1041 4393 1097 4449; x_wconf 21' lang='lat' dir='ltr'><strong>in,</strong></span> <span class='ocrx_word' id='word_1_539' title='bbox 1138 4392 1376 4447; x_wconf 84' lang='lat' dir='ltr'><strong>Cantlcis</strong></span> <span class='ocrx_word' id='word_1_540' title='bbox 1422 4391 1758 4447; x_wconf 80' lang='lat' dir='ltr'><strong>canticorum</strong></span> <span class='ocrx_word' id='word_1_541' title='bbox 1785 4391 1951 4446; x_wconf 66' lang='lat' dir='ltr'><strong>dicit;</strong></span> 
     </span>
    </p>
   </div>
   <div class='ocr_carea' id='block_1_75' title="bbox 378 4483 1953 4552">
    <p class='ocr_par' dir='ltr' id='par_1_75' title="bbox 378 4483 1953 4552">
     <span class='ocr_line' id='line_1_75' title="bbox 378 4483 1953 4552; baseline 0.002 -17"><span class='ocrx_word' id='word_1_542' title='bbox 378 4505 395 4535; x_wconf 87' lang='grc'>‹</span> <span class='ocrx_word' id='word_1_543' title='bbox 436 4484 631 4552; x_wconf 66' lang='lat' dir='ltr'><strong>Adiuro</strong></span> <span class='ocrx_word' id='word_1_544' title='bbox 665 4501 779 4546; x_wconf 85' lang='lat' dir='ltr'><strong>vos,</strong></span> <span class='ocrx_word' id='word_1_545' title='bbox 831 4483 953 4540; x_wconf 64' lang='lat' dir='ltr'><strong>ﬁliae</strong></span> <span class='ocrx_word' id='word_1_546' title='bbox 981 4484 1299 4547; x_wconf 34' lang='lat' dir='ltr'><strong>Jeruswlem,</strong></span> <span class='ocrx_word' id='word_1_547' title='bbox 1338 4500 1407 4539; x_wconf 63' lang='lat' dir='ltr'><strong>te:</strong></span> <span class='ocrx_word' id='word_1_548' title='bbox 1446 4484 1741 4549; x_wconf 65' lang='lat' dir='ltr'><strong>suscrtetis,</strong></span> <span class='ocrx_word' id='word_1_549' title='bbox 1778 4498 1953 4552; x_wconf 88' lang='lat' dir='ltr'><strong>neque</strong></span> 
     </span>
    </p>
   </div>
   <div class='ocr_carea' id='block_1_76' title="bbox 370 4571 1947 4646">
    <p class='ocr_par' dir='ltr' id='par_1_76' title="bbox 370 4571 1947 4646">
     <span class='ocr_line' id='line_1_76' title="bbox 370 4571 1947 4646; baseline 0.001 -18"><span class='ocrx_word' id='word_1_550' title='bbox 370 4575 624 4646; x_wconf 77' lang='lat' dir='ltr'><strong>evigilare</strong></span> <span class='ocrx_word' id='word_1_551' title='bbox 680 4574 897 4629; x_wconf 76' lang='lat' dir='ltr'><strong>faciatis</strong></span> <span class='ocrx_word' id='word_1_552' title='bbox 921 4574 1197 4639; x_wconf 89' lang='lat' dir='ltr'><strong>dilectam,</strong></span> <span class='ocrx_word' id='word_1_553' title='bbox 1225 4581 1397 4631; x_wconf 88' lang='lat' dir='ltr'><strong>donec</strong></span> <span class='ocrx_word' id='word_1_554' title='bbox 1445 4576 1558 4644; x_wconf 89' lang='lat' dir='ltr'><strong>ipsa</strong></span> <span class='ocrx_word' id='word_1_555' title='bbox 1588 4574 1718 4629; x_wconf 84' lang='lat' dir='ltr'><strong>velit</strong></span> <span class='ocrx_word' id='word_1_556' title='bbox 1768 4571 1947 4645; x_wconf 81' lang='lat' dir='ltr'><strong>(Cant.</strong></span> 
     </span>
    </p>
   </div>
   <div class='ocr_carea' id='block_1_77' title="bbox 372 4666 1950 4739">
    <p class='ocr_par' dir='ltr' id='par_1_77' title="bbox 372 4666 1950 4739">
     <span class='ocr_line' id='line_1_77' title="bbox 372 4666 1950 4739; baseline 0.003 -22"><span class='ocrx_word' id='word_1_557' title='bbox 372 4666 670 4734; x_wconf 73' lang='lat' dir='ltr'><strong>viti).tQtto</strong></span> <span class='ocrx_word' id='word_1_558' title='bbox 720 4676 905 4722; x_wconf 86' lang='lat' dir='ltr'><strong>contra</strong></span> <span class='ocrx_word' id='word_1_559' title='bbox 952 4666 1116 4722; x_wconf 85' lang='lat' dir='ltr'><strong>menti</strong></span> <span class='ocrx_word' id='word_1_560' title='bbox 1166 4666 1433 4738; x_wconf 72' lang='lat' dir='ltr'><strong>reprobze,</strong></span> <span class='ocrx_word' id='word_1_561' title='bbox 1476 4667 1810 4739; x_wconf 82' lang='lat' dir='ltr'><strong>negotiisque</strong></span> <span class='ocrx_word' id='word_1_562' title='bbox 1852 4682 1950 4726; x_wconf 65' lang='lat' dir='ltr'><strong>Ste-</strong></span> 
     </span>
    </p>
   </div>
   <div class='ocr_carea' id='block_1_78' title="bbox 373 4757 1951 4829">
    <p class='ocr_par' dir='ltr' id='par_1_78' title="bbox 373 4757 1951 4829">
     <span class='ocr_line' id='line_1_78' title="bbox 373 4757 1951 4829; baseline -0.001 -17"><span class='ocrx_word' id='word_1_563' title='bbox 373 4758 651 4812; x_wconf 88' lang='lat' dir='ltr'><strong>cularibus</strong></span> <span class='ocrx_word' id='word_1_564' title='bbox 700 4758 946 4823; x_wconf 85' lang='lat' dir='ltr'><strong>inhianti,</strong></span> <span class='ocrx_word' id='word_1_565' title='bbox 1001 4759 1100 4813; x_wconf 90' lang='lat' dir='ltr'><strong>sub</strong></span> <span class='ocrx_word' id='word_1_566' title='bbox 1142 4757 1429 4829; x_wconf 80' lang='lat' dir='ltr'><strong>Babylonis</strong></span> <span class='ocrx_word' id='word_1_567' title='bbox 1472 4758 1650 4827; x_wconf 85' lang='lat' dir='ltr'><strong>specie</strong></span> <span class='ocrx_word' id='word_1_568' title='bbox 1697 4772 1795 4827; x_wconf 88' lang='lat' dir='ltr'><strong>per</strong></span> <span class='ocrx_word' id='word_1_569' title='bbox 1828 4772 1951 4827; x_wconf 88' lang='lat' dir='ltr'><strong>pro-</strong></span> 
     </span>
    </p>
   </div>
   <div class='ocr_carea' id='block_1_79' title="bbox 378 4847 1952 4919">
    <p class='ocr_par' dir='ltr' id='par_1_79' title="bbox 378 4847 1952 4919">
     <span class='ocr_line' id='line_1_79' title="bbox 378 4847 1952 4919; baseline 0.001 -19"><span class='ocrx_word' id='word_1_570' title='bbox 378 4849 593 4919; x_wconf 89' lang='lat' dir='ltr'><strong>phetam</strong></span> <span class='ocrx_word' id='word_1_571' title='bbox 623 4849 858 4903; x_wconf 83' lang='lat' dir='ltr'><strong>dicitur:</strong></span> <span class='ocrx_word' id='word_1_572' title='bbox 893 4866 911 4901; x_wconf 82' lang='lat' dir='ltr'><strong>t</strong></span> <span class='ocrx_word' id='word_1_573' title='bbox 939 4847 1234 4913; x_wconf 84' lang='lat' dir='ltr'><strong>Descende,</strong></span> <span class='ocrx_word' id='word_1_574' title='bbox 1282 4849 1408 4905; x_wconf 88' lang='lat' dir='ltr'><strong>sede</strong></span> <span class='ocrx_word' id='word_1_575' title='bbox 1440 4850 1491 4902; x_wconf 88' lang='lat' dir='ltr'><strong>itt</strong></span> <span class='ocrx_word' id='word_1_576' title='bbox 1538 4849 1779 4917; x_wconf 88' lang='lat' dir='ltr'><strong>pulvere,</strong></span> <span class='ocrx_word' id='word_1_577' title='bbox 1802 4848 1952 4917; x_wconf 81' lang='lat' dir='ltr'><strong>virgo</strong></span> 
     </span>
    </p>
   </div>
   <div class='ocr_carea' id='block_1_80' title="bbox 375 4934 1954 5008">
    <p class='ocr_par' dir='ltr' id='par_1_80' title="bbox 375 4934 1954 5008">
     <span class='ocr_line' id='line_1_80' title="bbox 375 4934 1954 5008; baseline 0.002 -17"><span class='ocrx_word' id='word_1_578' title='bbox 375 4939 483 4991; x_wconf 87' lang='lat' dir='ltr'><strong>lilia</strong></span> <span class='ocrx_word' id='word_1_579' title='bbox 510 4938 815 5008; x_wconf 82' lang='lat' dir='ltr'><strong>Babylonis,</strong></span> <span class='ocrx_word' id='word_1_580' title='bbox 872 4940 996 4994; x_wconf 91' lang='lat' dir='ltr'><strong>sede</strong></span> <span class='ocrx_word' id='word_1_581' title='bbox 1031 4941 1080 4993; x_wconf 93' lang='lat' dir='ltr'><strong>in</strong></span> <span class='ocrx_word' id='word_1_582' title='bbox 1129 4948 1298 5001; x_wconf 87' lang='lat' dir='ltr'><strong>terra,</strong></span> <span class='ocrx_word' id='word_1_583' title='bbox 1343 4956 1448 4994; x_wconf 86' lang='lat' dir='ltr'><strong>non</strong></span> <span class='ocrx_word' id='word_1_584' title='bbox 1478 4949 1560 4994; x_wconf 92' lang='lat' dir='ltr'><strong>est</strong></span> <span class='ocrx_word' id='word_1_585' title='bbox 1605 4938 1797 4993; x_wconf 80' lang='lat' dir='ltr'><strong>solium</strong></span> <span class='ocrx_word' id='word_1_586' title='bbox 1829 4934 1954 4994; x_wconf 66' lang='lat' dir='ltr'><strong>filiai</strong></span> 
     </span>
    </p>
   </div>
   <div class='ocr_carea' id='block_1_81' title="bbox 378 5026 1953 5098">
    <p class='ocr_par' dir='ltr' id='par_1_81' title="bbox 378 5026 1953 5098">
     <span class='ocr_line' id='line_1_81' title="bbox 378 5026 1953 5098; baseline 0 -18"><span class='ocrx_word' id='word_1_587' title='bbox 378 5027 749 5081; x_wconf 81' lang='lat' dir='ltr'><strong>Chaldaeorum</strong></span> <span class='ocrx_word' id='word_1_588' title='bbox 775 5026 908 5098; x_wconf 78' lang='lat' dir='ltr'><strong>(Iaa.</strong></span> <span class='ocrx_word' id='word_1_589' title='bbox 947 5029 1138 5097; x_wconf 76' lang='lat' dir='ltr'><strong>XLVII).</strong></span> <span class='ocrx_word' id='word_1_590' title='bbox 1163 5048 1179 5079; x_wconf 77' lang='grc' dir='ltr'>ι</span> <span class='ocrx_word' id='word_1_591' title='bbox 1232 5028 1343 5081; x_wconf 79' lang='lat' dir='ltr'><strong>[loc</strong></span> <span class='ocrx_word' id='word_1_592' title='bbox 1372 5028 1513 5083; x_wconf 90' lang='lat' dir='ltr'><strong>enim</strong></span> <span class='ocrx_word' id='word_1_593' title='bbox 1557 5029 1674 5084; x_wconf 87' lang='lat' dir='ltr'><strong>loco</strong></span> <span class='ocrx_word' id='word_1_594' title='bbox 1720 5030 1953 5083; x_wconf 86' lang='lat' dir='ltr'><strong>humana</strong></span> 
     </span>
    </p>
   </div>
   <div class='ocr_carea' id='block_1_82' title="bbox 383 5117 1954 5188">
    <p class='ocr_par' dir='ltr' id='par_1_82' title="bbox 383 5117 1954 5188">
     <span class='ocr_line' id='line_1_82' title="bbox 383 5117 1954 5188; baseline -0.001 -17"><span class='ocrx_word' id='word_1_595' title='bbox 383 5133 555 5182; x_wconf 90' lang='lat' dir='ltr'><strong>mens,</strong></span> <span class='ocrx_word' id='word_1_596' title='bbox 590 5118 757 5187; x_wconf 64' lang='lat' dir='ltr'><strong>virgo,</strong></span> <span class='ocrx_word' id='word_1_597' title='bbox 790 5133 895 5172; x_wconf 93' lang='lat' dir='ltr'><strong>non</strong></span> <span class='ocrx_word' id='word_1_598' title='bbox 953 5119 1282 5188; x_wconf 87' lang='lat' dir='ltr'><strong>incorrupta,</strong></span> <span class='ocrx_word' id='word_1_599' title='bbox 1323 5128 1381 5171; x_wconf 92' lang='lat' dir='ltr'><strong>ut</strong></span> <span class='ocrx_word' id='word_1_600' title='bbox 1422 5120 1678 5181; x_wconf 87' lang='lat' dir='ltr'><strong>arbitror,</strong></span> <span class='ocrx_word' id='word_1_601' title='bbox 1735 5117 1954 5181; x_wconf 88' lang='lat' dir='ltr'><strong>dicitur,</strong></span> 
     </span>
    </p>
   </div>
   <div class='ocr_carea' id='block_1_83' title="bbox 381 5208 1957 5284">
    <p class='ocr_par' dir='ltr' id='par_1_83' title="bbox 381 5208 1957 5284">
     <span class='ocr_line' id='line_1_83' title="bbox 381 5208 1957 5284; baseline -0.002 -21"><span class='ocrx_word' id='word_1_602' title='bbox 381 5212 474 5264; x_wconf 78' lang='lat' dir='ltr'><strong>sed</strong></span> <span class='ocrx_word' id='word_1_603' title='bbox 541 5209 847 5265; x_wconf 74' lang='lat' dir='ltr'><strong>infecunda.</strong></span> <span class='ocrx_word' id='word_1_604' title='bbox 907 5210 974 5264; x_wconf 84' lang='lat' dir='ltr'><strong>Et</strong></span> <span class='ocrx_word' id='word_1_605' title='bbox 1033 5212 1156 5281; x_wconf 88' lang='lat' dir='ltr'><strong>quia</strong></span> <span class='ocrx_word' id='word_1_606' title='bbox 1213 5211 1445 5284; x_wconf 87' lang='lat' dir='ltr'><strong>Babylon</strong></span> <span class='ocrx_word' id='word_1_607' title='bbox 1497 5210 1735 5279; x_wconf 75' lang='lat' dir='ltr'><strong>confusio</strong></span> <span class='ocrx_word' id='word_1_608' title='bbox 1792 5208 1957 5263; x_wconf 86' lang='lat' dir='ltr'><strong>inter-</strong></span> 
     </span>
    </p>
   </div>
   <div class='ocr_carea' id='block_1_84' title="bbox 380 5298 1955 5371">
    <p class='ocr_par' dir='ltr' id='par_1_84' title="bbox 380 5298 1955 5371">
     <span class='ocr_line' id='line_1_84' title="bbox 380 5298 1955 5371; baseline 0 -20"><span class='ocrx_word' id='word_1_609' title='bbox 380 5310 641 5371; x_wconf 87' lang='lat' dir='ltr'><strong>pretatur,</strong></span> <span class='ocrx_word' id='word_1_610' title='bbox 675 5311 818 5355; x_wconf 85' lang='lat' dir='ltr'><strong>recte</strong></span> <span class='ocrx_word' id='word_1_611' title='bbox 868 5302 1150 5356; x_wconf 80' lang='lat' dir='ltr'><strong>infecunda</strong></span> <span class='ocrx_word' id='word_1_612' title='bbox 1198 5318 1349 5357; x_wconf 89' lang='lat' dir='ltr'><strong>mens</strong></span> <span class='ocrx_word' id='word_1_613' title='bbox 1390 5300 1679 5371; x_wconf 82' lang='lat' dir='ltr'><strong>Babylonis</strong></span> <span class='ocrx_word' id='word_1_614' title='bbox 1726 5298 1831 5352; x_wconf 78' lang='lat' dir='ltr'><strong>filia</strong></span> <span class='ocrx_word' id='word_1_615' title='bbox 1864 5313 1955 5351; x_wconf 87' lang='lat' dir='ltr'><strong>vo-</strong></span> 
     </span>
    </p>
   </div>
   <div class='ocr_carea' id='block_1_85' title="bbox 379 5391 1954 5463">
    <p class='ocr_par' dir='ltr' id='par_1_85' title="bbox 379 5391 1954 5463">
     <span class='ocr_line' id='line_1_85' title="bbox 379 5391 1954 5463; baseline -0.001 -20"><span class='ocrx_word' id='word_1_616' title='bbox 379 5402 553 5455; x_wconf 77' lang='lat' dir='ltr'><strong>ratur,</strong></span> <span class='ocrx_word' id='word_1_617' title='bbox 583 5409 701 5463; x_wconf 70' lang='lat' dir='ltr'><strong>qua:</strong></span> <span class='ocrx_word' id='word_1_618' title='bbox 736 5395 786 5445; x_wconf 90' lang='lat' dir='ltr'><strong>in</strong></span> <span class='ocrx_word' id='word_1_619' title='bbox 816 5410 880 5447; x_wconf 85' lang='lat' dir='ltr'><strong>eo</strong></span> <span class='ocrx_word' id='word_1_620' title='bbox 915 5394 1056 5462; x_wconf 88' lang='lat' dir='ltr'><strong>quod</strong></span> <span class='ocrx_word' id='word_1_621' title='bbox 1098 5408 1435 5463; x_wconf 86' lang='lat' dir='ltr'><strong>nequaquam</strong></span> <span class='ocrx_word' id='word_1_622' title='bbox 1464 5391 1603 5443; x_wconf 88' lang='lat' dir='ltr'><strong>bona</strong></span> <span class='ocrx_word' id='word_1_623' title='bbox 1646 5404 1806 5459; x_wconf 88' lang='lat' dir='ltr'><strong>opera</strong></span> <span class='ocrx_word' id='word_1_624' title='bbox 1834 5404 1954 5460; x_wconf 83' lang='lat' dir='ltr'><strong>ger-</strong></span> 
     </span>
    </p>
   </div>
   <div class='ocr_carea' id='block_1_86' title="bbox 382 5481 1950 5549">
    <p class='ocr_par' dir='ltr' id='par_1_86' title="bbox 382 5481 1950 5549">
     <span class='ocr_line' id='line_1_86' title="bbox 382 5481 1950 5549; baseline -0.002 -13"><span class='ocrx_word' id='word_1_625' title='bbox 382 5483 570 5548; x_wconf 89' lang='lat' dir='ltr'><strong>minat,</strong></span> <span class='ocrx_word' id='word_1_626' title='bbox 620 5483 746 5536; x_wconf 91' lang='lat' dir='ltr'><strong>dum</strong></span> <span class='ocrx_word' id='word_1_627' title='bbox 796 5483 940 5536; x_wconf 87' lang='lat' dir='ltr'><strong>nullo</strong></span> <span class='ocrx_word' id='word_1_628' title='bbox 987 5484 1175 5537; x_wconf 91' lang='lat' dir='ltr'><strong>ordine</strong></span> <span class='ocrx_word' id='word_1_629' title='bbox 1226 5491 1386 5536; x_wconf 70' lang='lat' dir='ltr'><strong>recta:</strong></span> <span class='ocrx_word' id='word_1_630' title='bbox 1419 5482 1542 5533; x_wconf 72' lang='lat' dir='ltr'><strong>vitm</strong></span> <span class='ocrx_word' id='word_1_631' title='bbox 1589 5481 1950 5549; x_wconf 84' lang='lat' dir='ltr'><strong>componitur,</strong></span> 
     </span>
    </p>
   </div>
   <div class='ocr_carea' id='block_1_87' title="bbox 385 5570 1955 5645">
    <p class='ocr_par' dir='ltr' id='par_1_87' title="bbox 385 5570 1955 5645">
     <span class='ocr_line' id='line_1_87' title="bbox 385 5570 1955 5645; baseline -0.003 -20"><span class='ocrx_word' id='word_1_632' title='bbox 385 5574 538 5643; x_wconf 88' lang='lat' dir='ltr'><strong>quasi</strong></span> <span class='ocrx_word' id='word_1_633' title='bbox 570 5573 884 5629; x_wconf 86' lang='lat' dir='ltr'><strong>confusione</strong></span> <span class='ocrx_word' id='word_1_634' title='bbox 921 5585 1091 5628; x_wconf 87' lang='lat' dir='ltr'><strong>matre</strong></span> <span class='ocrx_word' id='word_1_635' title='bbox 1129 5580 1440 5645; x_wconf 87' lang='lat' dir='ltr'><strong>generatur.</strong></span> <span class='ocrx_word' id='word_1_636' title='bbox 1473 5570 1567 5625; x_wconf 91' lang='lat' dir='ltr'><strong>Sin</strong></span> <span class='ocrx_word' id='word_1_637' title='bbox 1603 5582 1780 5625; x_wconf 88' lang='lat' dir='ltr'><strong>autem</strong></span> <span class='ocrx_word' id='word_1_638' title='bbox 1804 5571 1955 5637; x_wconf 72' lang='lat' dir='ltr'><strong>virgo</strong></span> 
     </span>
    </p>
   </div>
   <div class='ocr_carea' id='block_1_88' title="bbox 388 5667 1951 5736">
    <p class='ocr_par' dir='ltr' id='par_1_88' title="bbox 388 5667 1951 5736">
     <span class='ocr_line' id='line_1_88' title="bbox 388 5667 1951 5736; baseline -0.004 -13"><span class='ocrx_word' id='word_1_639' title='bbox 388 5685 495 5723; x_wconf 86' lang='lat' dir='ltr'><strong>non</strong></span> <span class='ocrx_word' id='word_1_640' title='bbox 541 5667 824 5723; x_wconf 83' lang='lat' dir='ltr'><strong>infecunda</strong></span> <span class='ocrx_word' id='word_1_641' title='bbox 878 5670 1095 5733; x_wconf 85' lang='lat' dir='ltr'><strong>dicitur,</strong></span> <span class='ocrx_word' id='word_1_642' title='bbox 1148 5669 1239 5725; x_wconf 90' lang='lat' dir='ltr'><strong>sed</strong></span> <span class='ocrx_word' id='word_1_643' title='bbox 1289 5668 1619 5735; x_wconf 85' lang='lat' dir='ltr'><strong>incorrupta,</strong></span> <span class='ocrx_word' id='word_1_644' title='bbox 1670 5674 1951 5736; x_wconf 87' lang='lat' dir='ltr'><strong>postquam</strong></span> 
     </span>
    </p>
   </div>
   <div class='ocr_carea' id='block_1_89' title="bbox 386 5759 1955 5830">
    <p class='ocr_par' dir='ltr' id='par_1_89' title="bbox 386 5759 1955 5830">
     <span class='ocr_line' id='line_1_89' title="bbox 386 5759 1955 5830; baseline -0.003 -12"><span class='ocrx_word' id='word_1_645' title='bbox 386 5768 584 5818; x_wconf 71' lang='lat' dir='ltr'><strong>statum</strong></span> <span class='ocrx_word' id='word_1_646' title='bbox 630 5759 817 5813; x_wconf 88' lang='lat' dir='ltr'><strong>salutis</strong></span> <span class='ocrx_word' id='word_1_647' title='bbox 846 5760 1096 5830; x_wconf 86' lang='lat' dir='ltr'><strong>perdidit,</strong></span> <span class='ocrx_word' id='word_1_648' title='bbox 1137 5761 1201 5813; x_wconf 86' lang='lat' dir='ltr'><strong>ad</strong></span> <span class='ocrx_word' id='word_1_649' title='bbox 1247 5760 1577 5816; x_wconf 76' lang='lat' dir='ltr'><strong>confusionis</strong></span> <span class='ocrx_word' id='word_1_650' title='bbox 1619 5774 1727 5815; x_wconf 65' lang='lat' dir='ltr'><strong>sum</strong></span> <span class='ocrx_word' id='word_1_651' title='bbox 1772 5774 1955 5814; x_wconf 88' lang='lat' dir='ltr'><strong>cumu-</strong></span> 
     </span>
    </p>
   </div>
   <div class='ocr_carea' id='block_1_90' title="bbox 1982 4530 2030 4592">
    <p class='ocr_par' dir='ltr' id='par_1_90' title="bbox 1982 4530 2030 4592">
     <span class='ocr_line' id='line_1_90' title="bbox 1982 4530 2030 4592; baseline 0 -2"><span class='ocrx_word' id='word_1_652' title='bbox 1982 4530 2030 4592; x_wconf 90' lang='lat' dir='ltr'><strong>D</strong></span> 
     </span>
    </p>
   </div>
   <div class='ocr_carea' id='block_1_91' title="bbox 2047 3289 3630 3364">
    <p class='ocr_par' dir='ltr' id='par_1_91' title="bbox 2047 3289 3630 3364">
     <span class='ocr_line' id='line_1_91' title="bbox 2047 3289 3630 3364; baseline -0.003 -17"><span class='ocrx_word' id='word_1_653' title='bbox 2047 3294 2253 3348; x_wconf 86' lang='lat' dir='ltr'><strong>neseiat</strong></span> <span class='ocrx_word' id='word_1_654' title='bbox 2284 3293 2411 3362; x_wconf 86' lang='lat' dir='ltr'><strong>quid</strong></span> <span class='ocrx_word' id='word_1_655' title='bbox 2453 3302 2617 3364; x_wconf 81' lang='lat' dir='ltr'><strong>agat:</strong></span> <span class='ocrx_word' id='word_1_656' title='bbox 2656 3302 2708 3347; x_wconf 93' lang='lat' dir='ltr'><strong>et</strong></span> <span class='ocrx_word' id='word_1_657' title='bbox 2744 3308 2886 3361; x_wconf 67' lang='lat' dir='ltr'><strong>saepe</strong></span> <span class='ocrx_word' id='word_1_658' title='bbox 2908 3292 3056 3361; x_wconf 84' lang='lat' dir='ltr'><strong>justo</strong></span> <span class='ocrx_word' id='word_1_659' title='bbox 3096 3293 3187 3347; x_wconf 86' lang='lat' dir='ltr'><strong>Dei</strong></span> <span class='ocrx_word' id='word_1_660' title='bbox 3211 3289 3419 3359; x_wconf 83' lang='lat' dir='ltr'><strong>judicio</strong></span> <span class='ocrx_word' id='word_1_661' title='bbox 3452 3290 3503 3344; x_wconf 91' lang='lat' dir='ltr'><strong>in</strong></span> <span class='ocrx_word' id='word_1_662' title='bbox 3533 3304 3630 3343; x_wconf 80' lang='lat' dir='ltr'><strong>sua</strong></span> 
     </span>
    </p>
   </div>
   <div class='ocr_carea' id='block_1_92' title="bbox 2046 3382 3632 3454">
    <p class='ocr_par' dir='ltr' id='par_1_92' title="bbox 2046 3382 3632 3454">
     <span class='ocr_line' id='line_1_92' title="bbox 2046 3382 3632 3454; baseline -0.001 -16"><span class='ocrx_word' id='word_1_663' title='bbox 2046 3385 2323 3441; x_wconf 86' lang='lat' dir='ltr'><strong>voluntate</strong></span> <span class='ocrx_word' id='word_1_664' title='bbox 2370 3385 2733 3454; x_wconf 68' lang='lat' dir='ltr'><strong>relinquitur,</strong></span> <span class='ocrx_word' id='word_1_665' title='bbox 2762 3394 2817 3439; x_wconf 92' lang='lat' dir='ltr'><strong>et</strong></span> <span class='ocrx_word' id='word_1_666' title='bbox 2847 3384 2949 3441; x_wconf 85' lang='lat' dir='ltr'><strong>sub</strong></span> <span class='ocrx_word' id='word_1_667' title='bbox 2994 3399 3056 3438; x_wconf 82' lang='lat' dir='ltr'><strong>ea</strong></span> <span class='ocrx_word' id='word_1_668' title='bbox 3090 3399 3210 3453; x_wconf 68' lang='lat' dir='ltr'><strong>qua:</strong></span> <span class='ocrx_word' id='word_1_669' title='bbox 3240 3383 3399 3438; x_wconf 76' lang='lat' dir='ltr'><strong>anxie</strong></span> <span class='ocrx_word' id='word_1_670' title='bbox 3425 3382 3632 3453; x_wconf 89' lang='lat' dir='ltr'><strong>appetit</strong></span> 
     </span>
    </p>
   </div>
   <div class='ocr_carea' id='block_1_93' title="bbox 2047 3479 3628 3546">
    <p class='ocr_par' dir='ltr' id='par_1_93' title="bbox 2047 3479 3628 3546">
     <span class='ocr_line' id='line_1_93' title="bbox 2047 3479 3628 3546; baseline -0.001 -11"><span class='ocrx_word' id='word_1_671' title='bbox 2047 3482 2313 3541; x_wconf 69' lang='lat' dir='ltr'><strong>laboriosa</strong></span> <span class='ocrx_word' id='word_1_672' title='bbox 2352 3483 2536 3540; x_wconf 85' lang='lat' dir='ltr'><strong>mundi</strong></span> <span class='ocrx_word' id='word_1_673' title='bbox 2564 3482 2872 3537; x_wconf 87' lang='lat' dir='ltr'><strong>ministeria</strong></span> <span class='ocrx_word' id='word_1_674' title='bbox 2897 3479 3191 3535; x_wconf 79' lang='lat' dir='ltr'><strong>relaxatur.</strong></span> <span class='ocrx_word' id='word_1_675' title='bbox 3227 3479 3384 3538; x_wconf 84' lang='lat' dir='ltr'><strong>Unde</strong></span> <span class='ocrx_word' id='word_1_676' title='bbox 3405 3488 3463 3534; x_wconf 85' lang='lat' dir='ltr'><strong>et</strong></span> <span class='ocrx_word' id='word_1_677' title='bbox 3498 3488 3628 3546; x_wconf 70' lang='lat' dir='ltr'><strong>apte</strong></span> 
     </span>
    </p>
   </div>
   <div class='ocr_carea' id='block_1_94' title="bbox 2048 3567 3628 3640">
    <p class='ocr_par' dir='ltr' id='par_1_94' title="bbox 2048 3567 3628 3640">
     <span class='ocr_line' id='line_1_94' title="bbox 2048 3567 3628 3640; baseline -0.006 -11"><span class='ocrx_word' id='word_1_678' title='bbox 2048 3574 2157 3629; x_wconf 83' lang='lat' dir='ltr'><strong>illic</strong></span> <span class='ocrx_word' id='word_1_679' title='bbox 2184 3575 2466 3631; x_wconf 88' lang='lat' dir='ltr'><strong>subditur:</strong></span> <span class='ocrx_word' id='word_1_680' title='bbox 2511 3592 2535 3626; x_wconf 74' lang='grc' dir='ltr'>ι</span> <span class='ocrx_word' id='word_1_681' title='bbox 2577 3573 2720 3640; x_wconf 78' lang='lat' dir='ltr'><strong>Quia</strong></span> <span class='ocrx_word' id='word_1_682' title='bbox 2756 3572 2894 3625; x_wconf 85' lang='lat' dir='ltr'><strong>ultra</strong></span> <span class='ocrx_word' id='word_1_683' title='bbox 2940 3586 3044 3627; x_wconf 88' lang='lat' dir='ltr'><strong>non</strong></span> <span class='ocrx_word' id='word_1_684' title='bbox 3096 3570 3382 3625; x_wconf 76' lang='lat' dir='ltr'><strong>vocaberis</strong></span> <span class='ocrx_word' id='word_1_685' title='bbox 3430 3567 3628 3628; x_wconf 82' lang='lat' dir='ltr'><strong>mollis.</strong></span> 
     </span>
    </p>
   </div>
   <div class='ocr_carea' id='block_1_95' title="bbox 2046 3657 3634 3730">
    <p class='ocr_par' dir='ltr' id='par_1_95' title="bbox 2046 3657 3634 3730">
     <span class='ocr_line' id='line_1_95' title="bbox 2046 3657 3634 3730; baseline -0.009 -11"><span class='ocrx_word' id='word_1_686' title='bbox 2046 3674 2099 3719; x_wconf 92' lang='lat' dir='ltr'><strong>et</strong></span> <span class='ocrx_word' id='word_1_687' title='bbox 2118 3675 2300 3718; x_wconf 90' lang='lat' dir='ltr'><strong>tenera</strong></span> <span class='ocrx_word' id='word_1_688' title='bbox 2318 3680 2337 3718; x_wconf 67' lang='grc' dir='ltr'><strong>ι</strong></span> <span class='ocrx_word' id='word_1_689' title='bbox 2359 3663 2483 3718; x_wconf 87' lang='lat' dir='ltr'><strong>tolle</strong></span> <span class='ocrx_word' id='word_1_690' title='bbox 2507 3660 2948 3726; x_wconf 88' lang='lat' dir='ltr'><strong>molam,etmole</strong></span> <span class='ocrx_word' id='word_1_691' title='bbox 2969 3659 3199 3714; x_wconf 79' lang='lat' dir='ltr'><strong>farinam</strong></span> <span class='ocrx_word' id='word_1_692' title='bbox 3214 3658 3440 3730; x_wconf 70' lang='lat' dir='ltr'><strong>(ibid.).t</strong></span> <span class='ocrx_word' id='word_1_693' title='bbox 3467 3657 3634 3727; x_wconf 74' lang='lat'><strong>268</strong></span> 
     </span>
    </p>
   </div>
   <div class='ocr_carea' id='block_1_96' title="bbox 2047 3750 3633 3821">
    <p class='ocr_par' dir='ltr' id='par_1_96' title="bbox 2047 3750 3633 3821">
     <span class='ocr_line' id='line_1_96' title="bbox 2047 3750 3633 3821; baseline -0.006 -12"><span class='ocrx_word' id='word_1_694' title='bbox 2047 3754 2273 3809; x_wconf 89' lang='lat' dir='ltr'><strong>Constat</strong></span> <span class='ocrx_word' id='word_1_695' title='bbox 2298 3754 2579 3818; x_wconf 90' lang='lat' dir='ltr'><strong>nimirum,</strong></span> <span class='ocrx_word' id='word_1_696' title='bbox 2619 3754 2762 3821; x_wconf 89' lang='lat' dir='ltr'><strong>quod</strong></span> <span class='ocrx_word' id='word_1_697' title='bbox 2807 3762 3004 3807; x_wconf 75' lang='lat' dir='ltr'><strong>tenerze</strong></span> <span class='ocrx_word' id='word_1_698' title='bbox 3043 3767 3154 3805; x_wconf 69' lang='lat' dir='ltr'><strong>sum</strong></span> <span class='ocrx_word' id='word_1_699' title='bbox 3205 3750 3329 3805; x_wconf 66' lang='lat' dir='ltr'><strong>liiia:</strong></span> <span class='ocrx_word' id='word_1_700' title='bbox 3377 3758 3633 3819; x_wconf 82' lang='lat' dir='ltr'><strong>parentes</strong></span> 
     </span>
    </p>
   </div>
   <div class='ocr_carea' id='block_1_97' title="bbox 2050 3841 3635 3918">
    <p class='ocr_par' dir='ltr' id='par_1_97' title="bbox 2050 3841 3635 3918">
     <span class='ocr_line' id='line_1_97' title="bbox 2050 3841 3635 3918; baseline -0.001 -21"><span class='ocrx_word' id='word_1_701' title='bbox 2050 3857 2315 3916; x_wconf 77' lang='lat' dir='ltr'><strong>parcunt,</strong></span> <span class='ocrx_word' id='word_1_702' title='bbox 2354 3863 2453 3901; x_wconf 89' lang='lat' dir='ltr'><strong>nec</strong></span> <span class='ocrx_word' id='word_1_703' title='bbox 2492 3847 2641 3901; x_wconf 82' lang='lat' dir='ltr'><strong>duris</strong></span> <span class='ocrx_word' id='word_1_704' title='bbox 2683 3856 2844 3915; x_wconf 87' lang='lat' dir='ltr'><strong>atque</strong></span> <span class='ocrx_word' id='word_1_705' title='bbox 2883 3846 3169 3902; x_wconf 52' lang='lat' dir='ltr'><strong>senilibus</strong></span> <span class='ocrx_word' id='word_1_706' title='bbox 3208 3845 3347 3898; x_wconf 87' lang='lat' dir='ltr'><strong>hanc</strong></span> <span class='ocrx_word' id='word_1_707' title='bbox 3380 3841 3635 3918; x_wconf 50' lang='lat' dir='ltr'><strong>operibus</strong></span> 
     </span>
    </p>
   </div>
   <div class='ocr_carea' id='block_1_98' title="bbox 2050 3939 2309 4010">
    <p class='ocr_par' dir='ltr' id='par_1_98' title="bbox 2050 3939 2309 4010">
     <span class='ocr_line' id='line_1_98' title="bbox 2050 3939 2309 4010; baseline 0.004 -18"><span class='ocrx_word' id='word_1_708' title='bbox 2050 3939 2309 4010; x_wconf 78' lang='lat' dir='ltr'><strong>afﬂigunt.</strong></span> 
     </span>
    </p>
   </div>
   <div class='ocr_carea' id='block_1_99' title="bbox 2122 4024 3636 4100">
    <p class='ocr_par' dir='ltr' id='par_1_99' title="bbox 2122 4024 3636 4100">
     <span class='ocr_line' id='line_1_99' title="bbox 2122 4024 3636 4100; baseline -0.007 -13"><span class='ocrx_word' id='word_1_709' title='bbox 2122 4030 2481 4100; x_wconf 88' lang='lat' dir='ltr'><strong>Omnipotens</strong></span> <span class='ocrx_word' id='word_1_710' title='bbox 2525 4043 2656 4099; x_wconf 88' lang='lat' dir='ltr'><strong>ergo</strong></span> <span class='ocrx_word' id='word_1_711' title='bbox 2695 4028 2836 4084; x_wconf 84' lang='lat' dir='ltr'><strong>Deus</strong></span> <span class='ocrx_word' id='word_1_712' title='bbox 2882 4026 3033 4097; x_wconf 88' lang='lat' dir='ltr'><strong>quasi</strong></span> <span class='ocrx_word' id='word_1_713' title='bbox 3062 4036 3300 4083; x_wconf 84' lang='lat' dir='ltr'><strong>teneram</strong></span> <span class='ocrx_word' id='word_1_714' title='bbox 3352 4024 3513 4079; x_wconf 84' lang='lat' dir='ltr'><strong>tiliam</strong></span> <span class='ocrx_word' id='word_1_715' title='bbox 3540 4037 3636 4077; x_wconf 41' lang='lat' dir='ltr'><strong>vos</strong></span> 
     </span>
    </p>
   </div>
   <div class='ocr_carea' id='block_1_100' title="bbox 2051 4112 3633 4188">
    <p class='ocr_par' dir='ltr' id='par_1_100' title="bbox 2051 4112 3633 4188">
     <span class='ocr_line' id='line_1_100' title="bbox 2051 4112 3633 4188; baseline -0.003 -14"><span class='ocrx_word' id='word_1_716' title='bbox 2051 4127 2167 4180; x_wconf 78' lang='lat' dir='ltr'><strong>cat,</strong></span> <span class='ocrx_word' id='word_1_717' title='bbox 2203 4118 2419 4188; x_wconf 88' lang='lat' dir='ltr'><strong>quando</strong></span> <span class='ocrx_word' id='word_1_718' title='bbox 2441 4117 2690 4172; x_wconf 89' lang='lat' dir='ltr'><strong>dilectam</strong></span> <span class='ocrx_word' id='word_1_719' title='bbox 2735 4117 3155 4187; x_wconf 79' lang='lat' dir='ltr'><strong>uniuscujusque</strong></span> <span class='ocrx_word' id='word_1_720' title='bbox 3201 4115 3437 4170; x_wconf 89' lang='lat' dir='ltr'><strong>animam</strong></span> <span class='ocrx_word' id='word_1_721' title='bbox 3480 4129 3511 4167; x_wconf 92' lang='lat' dir='ltr'><strong>a</strong></span> <span class='ocrx_word' id='word_1_722' title='bbox 3549 4112 3633 4170; x_wconf 79' lang='lat' dir='ltr'><strong>la-</strong></span> 
     </span>
    </p>
   </div>
   <div class='ocr_carea' id='block_1_101' title="bbox 2055 4206 3632 4278">
    <p class='ocr_par' dir='ltr' id='par_1_101' title="bbox 2055 4206 3632 4278">
     <span class='ocr_line' id='line_1_101' title="bbox 2055 4206 3632 4278; baseline -0.004 -14"><span class='ocrx_word' id='word_1_723' title='bbox 2055 4210 2291 4267; x_wconf 88' lang='lat' dir='ltr'><strong>boriosis</strong></span> <span class='ocrx_word' id='word_1_724' title='bbox 2321 4207 2480 4278; x_wconf 81' lang='lat' dir='ltr'><strong>hujus</strong></span> <span class='ocrx_word' id='word_1_725' title='bbox 2516 4209 2699 4263; x_wconf 85' lang='lat' dir='ltr'><strong>mundi</strong></span> <span class='ocrx_word' id='word_1_726' title='bbox 2730 4209 2975 4265; x_wconf 24' lang='lat' dir='ltr'><strong>servitiis.</strong></span> <span class='ocrx_word' id='word_1_727' title='bbox 3006 4216 3251 4272; x_wconf 78' lang='lat' dir='ltr'><strong>revocat,</strong></span> <span class='ocrx_word' id='word_1_728' title='bbox 3284 4222 3351 4261; x_wconf 89' lang='lat' dir='ltr'><strong>ne</strong></span> <span class='ocrx_word' id='word_1_729' title='bbox 3376 4206 3502 4260; x_wconf 85' lang='lat' dir='ltr'><strong>dum</strong></span> <span class='ocrx_word' id='word_1_730' title='bbox 3533 4219 3632 4258; x_wconf 76' lang='lat' dir='ltr'><strong>ex-</strong></span> 
     </span>
    </p>
   </div>
   <div class='ocr_carea' id='block_1_102' title="bbox 2055 4295 3635 4365">
    <p class='ocr_par' dir='ltr' id='par_1_102' title="bbox 2055 4295 3635 4365">
     <span class='ocr_line' id='line_1_102' title="bbox 2055 4295 3635 4365; baseline -0.003 -10"><span class='ocrx_word' id='word_1_731' title='bbox 2055 4300 2349 4357; x_wconf 85' lang='lat' dir='ltr'><strong>terioribus</strong></span> <span class='ocrx_word' id='word_1_732' title='bbox 2399 4301 2607 4356; x_wconf 65' lang='lat' dir='ltr'><strong>artubus</strong></span> <span class='ocrx_word' id='word_1_733' title='bbox 2652 4299 2916 4365; x_wconf 73' lang='lat' dir='ltr'><strong>adicitur,</strong></span> <span class='ocrx_word' id='word_1_734' title='bbox 2965 4299 3033 4355; x_wconf 90' lang='lat' dir='ltr'><strong>ab</strong></span> <span class='ocrx_word' id='word_1_735' title='bbox 3078 4298 3305 4354; x_wconf 87' lang='lat' dir='ltr'><strong>internis</strong></span> <span class='ocrx_word' id='word_1_736' title='bbox 3355 4295 3635 4351; x_wconf 79' lang='lat' dir='ltr'><strong>desideriis</strong></span> 
     </span>
    </p>
   </div>
   <div class='ocr_carea' id='block_1_103' title="bbox 2054 4385 3633 4448">
    <p class='ocr_par' dir='ltr' id='par_1_103' title="bbox 2054 4385 3633 4448">
     <span class='ocr_line' id='line_1_103' title="bbox 2054 4385 3633 4448; baseline -0.003 -3"><span class='ocrx_word' id='word_1_737' title='bbox 2054 4389 2357 4445; x_wconf 73' lang='lat' dir='ltr'><strong>inderetur.</strong></span> <span class='ocrx_word' id='word_1_738' title='bbox 2414 4388 2519 4443; x_wconf 90' lang='lat' dir='ltr'><strong>Sed</strong></span> <span class='ocrx_word' id='word_1_739' title='bbox 2571 4387 2947 4445; x_wconf 86' lang='lat' dir='ltr'><strong>Chaldaeorum</strong></span> <span class='ocrx_word' id='word_1_740' title='bbox 2995 4386 3102 4442; x_wconf 86' lang='lat' dir='ltr'><strong>fdia</strong></span> <span class='ocrx_word' id='word_1_741' title='bbox 3138 4385 3333 4448; x_wconf 84' lang='lat' dir='ltr'><strong>mollis,</strong></span> <span class='ocrx_word' id='word_1_742' title='bbox 3365 4394 3420 4441; x_wconf 92' lang='lat' dir='ltr'><strong>et</strong></span> <span class='ocrx_word' id='word_1_743' title='bbox 3449 4392 3633 4441; x_wconf 69' lang='lat' dir='ltr'><strong>tenera</strong></span> 
     </span>
    </p>
   </div>
   <div class='ocr_carea' id='block_1_104' title="bbox 2057 4473 3633 4550">
    <p class='ocr_par' dir='ltr' id='par_1_104' title="bbox 2057 4473 3633 4550">
     <span class='ocr_line' id='line_1_104' title="bbox 2057 4473 3633 4550; baseline -0.004 -13"><span class='ocrx_word' id='word_1_744' title='bbox 2057 4498 2163 4537; x_wconf 91' lang='lat' dir='ltr'><strong>non</strong></span> <span class='ocrx_word' id='word_1_745' title='bbox 2196 4489 2440 4542; x_wconf 86' lang='lat' dir='ltr'><strong>vocatur,</strong></span> <span class='ocrx_word' id='word_1_746' title='bbox 2469 4480 2595 4550; x_wconf 88' lang='lat' dir='ltr'><strong>quia</strong></span> <span class='ocrx_word' id='word_1_747' title='bbox 2626 4494 2779 4533; x_wconf 87' lang='lat' dir='ltr'><strong>mens</strong></span> <span class='ocrx_word' id='word_1_748' title='bbox 2824 4480 3008 4549; x_wconf 90' lang='lat' dir='ltr'><strong>pravis</strong></span> <span class='ocrx_word' id='word_1_749' title='bbox 3050 4479 3342 4536; x_wconf 75' lang='lat' dir='ltr'><strong>desideriis</strong></span> <span class='ocrx_word' id='word_1_750' title='bbox 3373 4475 3552 4530; x_wconf 83' lang='lat' dir='ltr'><strong>dedita</strong></span> <span class='ocrx_word' id='word_1_751' title='bbox 3578 4473 3633 4531; x_wconf 84' lang='lat' dir='ltr'><strong>in</strong></span> 
     </span>
    </p>
   </div>
   <div class='ocr_carea' id='block_1_105' title="bbox 2056 4564 3634 4641">
    <p class='ocr_par' dir='ltr' id='par_1_105' title="bbox 2056 4564 3634 4641">
     <span class='ocr_line' id='line_1_105' title="bbox 2056 4564 3634 4641; baseline -0.005 -13"><span class='ocrx_word' id='word_1_752' title='bbox 2056 4587 2143 4638; x_wconf 92' lang='lat' dir='ltr'><strong>eo,</strong></span> <span class='ocrx_word' id='word_1_753' title='bbox 2174 4588 2335 4641; x_wconf 89' lang='lat' dir='ltr'><strong>quem</strong></span> <span class='ocrx_word' id='word_1_754' title='bbox 2364 4574 2525 4629; x_wconf 78' lang='lat' dir='ltr'><strong>anxie</strong></span> <span class='ocrx_word' id='word_1_755' title='bbox 2570 4572 2797 4641; x_wconf 88' lang='lat' dir='ltr'><strong>appetit,</strong></span> <span class='ocrx_word' id='word_1_756' title='bbox 2843 4569 2999 4638; x_wconf 69' lang='lat' dir='ltr'><strong>huius</strong></span> <span class='ocrx_word' id='word_1_757' title='bbox 3044 4569 3224 4625; x_wconf 63' lang='lat' dir='ltr'><strong>saeculi</strong></span> <span class='ocrx_word' id='word_1_758' title='bbox 3259 4568 3438 4624; x_wconf 89' lang='lat' dir='ltr'><strong>labore</strong></span> <span class='ocrx_word' id='word_1_759' title='bbox 3466 4564 3634 4620; x_wconf 67' lang='lat' dir='ltr'><strong>relin~</strong></span> 
     </span>
    </p>
   </div>
   <div class='ocr_carea' id='block_1_106' title="bbox 2058 4658 3632 4740">
    <p class='ocr_par' dir='ltr' id='par_1_106' title="bbox 2058 4658 3632 4740">
     <span class='ocr_line' id='line_1_106' title="bbox 2058 4658 3632 4740; baseline -0.004 -21"><span class='ocrx_word' id='word_1_760' title='bbox 2058 4666 2285 4740; x_wconf 82' lang='lat' dir='ltr'><strong>quitur:</strong></span> <span class='ocrx_word' id='word_1_761' title='bbox 2323 4673 2381 4717; x_wconf 91' lang='lat' dir='ltr'><strong>ut</strong></span> <span class='ocrx_word' id='word_1_762' title='bbox 2431 4663 2564 4719; x_wconf 84' lang='lat' dir='ltr'><strong>foris</strong></span> <span class='ocrx_word' id='word_1_763' title='bbox 2613 4662 2814 4719; x_wconf 89' lang='lat' dir='ltr'><strong>mundo</strong></span> <span class='ocrx_word' id='word_1_764' title='bbox 2847 4661 2992 4718; x_wconf 85' lang='lat' dir='ltr'><strong>velut</strong></span> <span class='ocrx_word' id='word_1_765' title='bbox 3031 4659 3225 4714; x_wconf 90' lang='lat' dir='ltr'><strong>ancilla</strong></span> <span class='ocrx_word' id='word_1_766' title='bbox 3256 4658 3477 4718; x_wconf 86' lang='lat' dir='ltr'><strong>serviat,</strong></span> <span class='ocrx_word' id='word_1_767' title='bbox 3514 4668 3632 4723; x_wconf 60' lang='lat' dir='ltr'><strong>qua</strong></span> 
     </span>
    </p>
   </div>
   <div class='ocr_carea' id='block_1_107' title="bbox 2060 4744 3637 4825">
    <p class='ocr_par' dir='ltr' id='par_1_107' title="bbox 2060 4744 3637 4825">
     <span class='ocr_line' id='line_1_107' title="bbox 2060 4744 3637 4825; baseline -0.006 -16"><span class='ocrx_word' id='word_1_768' title='bbox 2060 4756 2206 4813; x_wconf 87' lang='lat' dir='ltr'><strong>intus</strong></span> <span class='ocrx_word' id='word_1_769' title='bbox 2268 4755 2440 4825; x_wconf 81' lang='lat' dir='ltr'><strong>Deum</strong></span> <span class='ocrx_word' id='word_1_770' title='bbox 2503 4762 2561 4810; x_wconf 86' lang='lat' dir='ltr'><strong>ut</strong></span> <span class='ocrx_word' id='word_1_771' title='bbox 2610 4753 2715 4808; x_wconf 83' lang='lat' dir='ltr'><strong>lilia</strong></span> <span class='ocrx_word' id='word_1_772' title='bbox 2778 4766 3113 4821; x_wconf 85' lang='lat' dir='ltr'><strong>nequaquam</strong></span> <span class='ocrx_word' id='word_1_773' title='bbox 3162 4756 3328 4804; x_wconf 87' lang='lat' dir='ltr'><strong>amat.</strong></span> <span class='ocrx_word' id='word_1_774' title='bbox 3381 4744 3531 4800; x_wconf 84' lang='lat' dir='ltr'><strong>Unde</strong></span> <span class='ocrx_word' id='word_1_775' title='bbox 3580 4754 3637 4801; x_wconf 85' lang='lat' dir='ltr'><strong>et</strong></span> 
     </span>
    </p>
   </div>
   <div class='ocr_carea' id='block_1_108' title="bbox 2060 4834 3635 4910">
    <p class='ocr_par' dir='ltr' id='par_1_108' title="bbox 2060 4834 3635 4910">
     <span class='ocr_line' id='line_1_108' title="bbox 2060 4834 3635 4910; baseline -0.01 -9"><span class='ocrx_word' id='word_1_776' title='bbox 2060 4848 2257 4903; x_wconf 80' lang='lat' dir='ltr'><strong>molam</strong></span> <span class='ocrx_word' id='word_1_777' title='bbox 2290 4846 2503 4910; x_wconf 86' lang='lat' dir='ltr'><strong>tollere,</strong></span> <span class='ocrx_word' id='word_1_778' title='bbox 2528 4858 2591 4899; x_wconf 89' lang='lat' dir='ltr'><strong>ac</strong></span> <span class='ocrx_word' id='word_1_779' title='bbox 2641 4843 2869 4901; x_wconf 84' lang='lat' dir='ltr'><strong>farinam</strong></span> <span class='ocrx_word' id='word_1_780' title='bbox 2915 4840 3114 4896; x_wconf 89' lang='lat' dir='ltr'><strong>molere</strong></span> <span class='ocrx_word' id='word_1_781' title='bbox 3143 4836 3372 4908; x_wconf 69' lang='lat' dir='ltr'><strong>iubetur.</strong></span> <span class='ocrx_word' id='word_1_782' title='bbox 3413 4834 3549 4889; x_wconf 80' lang='lat' dir='ltr'><strong>lllola</strong></span> <span class='ocrx_word' id='word_1_783' title='bbox 3580 4834 3635 4892; x_wconf 85' lang='lat' dir='ltr'><strong>in</strong></span> 
     </span>
    </p>
   </div>
   <div class='ocr_carea' id='block_1_109' title="bbox 2060 4927 3633 5008">
    <p class='ocr_par' dir='ltr' id='par_1_109' title="bbox 2060 4927 3633 5008">
     <span class='ocr_line' id='line_1_109' title="bbox 2060 4927 3633 5008; baseline -0.011 -15"><span class='ocrx_word' id='word_1_784' title='bbox 2060 4951 2194 5008; x_wconf 80' lang='lat' dir='ltr'><strong>gyro</strong></span> <span class='ocrx_word' id='word_1_785' title='bbox 2226 4937 2461 5001; x_wconf 89' lang='lat' dir='ltr'><strong>ducitur,</strong></span> <span class='ocrx_word' id='word_1_786' title='bbox 2483 4944 2541 4989; x_wconf 92' lang='lat' dir='ltr'><strong>et</strong></span> <span class='ocrx_word' id='word_1_787' title='bbox 2577 4933 2753 4987; x_wconf 90' lang='lat' dir='ltr'><strong>farina</strong></span> <span class='ocrx_word' id='word_1_788' title='bbox 2798 4929 3090 5001; x_wconf 87' lang='lat' dir='ltr'><strong>profertur.</strong></span> <span class='ocrx_word' id='word_1_789' title='bbox 3146 4927 3495 4995; x_wconf 70' lang='lat' dir='ltr'><strong>llttaqumque</strong></span> <span class='ocrx_word' id='word_1_790' title='bbox 3532 4938 3633 4976; x_wconf 84' lang='lat' dir='ltr'><strong>au-</strong></span> 
     </span>
    </p>
   </div>
   <div class='ocr_carea' id='block_1_110' title="bbox 2061 5012 3636 5093">
    <p class='ocr_par' dir='ltr' id='par_1_110' title="bbox 2061 5012 3636 5093">
     <span class='ocr_line' id='line_1_110' title="bbox 2061 5012 3636 5093; baseline -0.008 -12"><span class='ocrx_word' id='word_1_791' title='bbox 2061 5036 2166 5081; x_wconf 88' lang='lat' dir='ltr'><strong>tem</strong></span> <span class='ocrx_word' id='word_1_792' title='bbox 2203 5027 2385 5081; x_wconf 89' lang='lat' dir='ltr'><strong>numdi</strong></span> <span class='ocrx_word' id='word_1_793' title='bbox 2422 5024 2582 5093; x_wconf 87' lang='lat' dir='ltr'><strong>hujus</strong></span> <span class='ocrx_word' id='word_1_794' title='bbox 2610 5024 2751 5077; x_wconf 89' lang='lat' dir='ltr'><strong>actio</strong></span> <span class='ocrx_word' id='word_1_795' title='bbox 2799 5021 2935 5076; x_wconf 90' lang='lat' dir='ltr'><strong>mola</strong></span> <span class='ocrx_word' id='word_1_796' title='bbox 2988 5029 3089 5082; x_wconf 82' lang='lat' dir='ltr'><strong>est,</strong></span> <span class='ocrx_word' id='word_1_797' title='bbox 3138 5032 3259 5089; x_wconf 76' lang='lat' dir='ltr'><strong>quze</strong></span> <span class='ocrx_word' id='word_1_798' title='bbox 3285 5016 3409 5069; x_wconf 89' lang='lat' dir='ltr'><strong>dum</strong></span> <span class='ocrx_word' id='word_1_799' title='bbox 3439 5012 3636 5069; x_wconf 80' lang='lat' dir='ltr'><strong>inultas</strong></span> 
     </span>
    </p>
   </div>
   <div class='ocr_carea' id='block_1_111' title="bbox 2058 5108 3636 5189">
    <p class='ocr_par' dir='ltr' id='par_1_111' title="bbox 2058 5108 3636 5189">
     <span class='ocr_line' id='line_1_111' title="bbox 2058 5108 3636 5189; baseline -0.008 -16"><span class='ocrx_word' id='word_1_800' title='bbox 2058 5134 2221 5176; x_wconf 87' lang='lat' dir='ltr'><strong>curas</strong></span> <span class='ocrx_word' id='word_1_801' title='bbox 2261 5118 2524 5189; x_wconf 88' lang='lat' dir='ltr'><strong>congerit,</strong></span> <span class='ocrx_word' id='word_1_802' title='bbox 2554 5118 2817 5170; x_wconf 89' lang='lat' dir='ltr'><strong>humanas</strong></span> <span class='ocrx_word' id='word_1_803' title='bbox 2862 5119 3075 5167; x_wconf 88' lang='lat' dir='ltr'><strong>mentes</strong></span> <span class='ocrx_word' id='word_1_804' title='bbox 3109 5108 3264 5178; x_wconf 90' lang='lat' dir='ltr'><strong>quasi</strong></span> <span class='ocrx_word' id='word_1_805' title='bbox 3308 5120 3405 5176; x_wconf 87' lang='lat' dir='ltr'><strong>per</strong></span> <span class='ocrx_word' id='word_1_806' title='bbox 3443 5119 3636 5179; x_wconf 73' lang='lat' dir='ltr'><strong>gyrum</strong></span> 
     </span>
    </p>
   </div>
   <div class='ocr_carea' id='block_1_112' title="bbox 2058 5192 3637 5277">
    <p class='ocr_par' dir='ltr' id='par_1_112' title="bbox 2058 5192 3637 5277">
     <span class='ocr_line' id='line_1_112' title="bbox 2058 5192 3637 5277; baseline -0.011 -14"><span class='ocrx_word' id='word_1_807' title='bbox 2058 5211 2220 5267; x_wconf 86' lang='lat' dir='ltr'><strong>vertit</strong></span> <span class='ocrx_word' id='word_1_808' title='bbox 2266 5227 2280 5273; x_wconf 87' lang='lat'>;</span> <span class='ocrx_word' id='word_1_809' title='bbox 2322 5218 2503 5277; x_wconf 76' lang='lat' dir='ltr'><strong>atque</strong></span> <span class='ocrx_word' id='word_1_810' title='bbox 2545 5222 2611 5261; x_wconf 76' lang='lat' dir='ltr'><strong>ex</strong></span> <span class='ocrx_word' id='word_1_811' title='bbox 2664 5220 2723 5260; x_wconf 90' lang='lat' dir='ltr'><strong>se</strong></span> <span class='ocrx_word' id='word_1_812' title='bbox 2758 5203 2912 5273; x_wconf 90' lang='lat' dir='ltr'><strong>quasi</strong></span> <span class='ocrx_word' id='word_1_813' title='bbox 2973 5199 3176 5255; x_wconf 84' lang='lat' dir='ltr'><strong>farinas</strong></span> <span class='ocrx_word' id='word_1_814' title='bbox 3218 5197 3449 5267; x_wconf 87' lang='lat' dir='ltr'><strong>projicit,</strong></span> <span class='ocrx_word' id='word_1_815' title='bbox 3509 5192 3637 5262; x_wconf 85' lang='lat' dir='ltr'><strong>quia</strong></span> 
     </span>
    </p>
   </div>
   <div class='ocr_carea' id='block_1_113' title="bbox 2057 5284 3639 5368">
    <p class='ocr_par' dir='ltr' id='par_1_113' title="bbox 2057 5284 3639 5368">
     <span class='ocr_line' id='line_1_113' title="bbox 2057 5284 3639 5368; baseline -0.012 -14"><span class='ocrx_word' id='word_1_816' title='bbox 2057 5301 2283 5355; x_wconf 87' lang='lat' dir='ltr'><strong>seducto</strong></span> <span class='ocrx_word' id='word_1_817' title='bbox 2347 5299 2499 5354; x_wconf 87' lang='lat' dir='ltr'><strong>cordi</strong></span> <span class='ocrx_word' id='word_1_818' title='bbox 2571 5312 2787 5368; x_wconf 89' lang='lat' dir='ltr'><strong>semper</strong></span> <span class='ocrx_word' id='word_1_819' title='bbox 2846 5290 3238 5347; x_wconf 88' lang='lat' dir='ltr'><strong>minutissimas</strong></span> <span class='ocrx_word' id='word_1_820' title='bbox 3284 5284 3639 5356; x_wconf 80' lang='lat' dir='ltr'><strong>cogitationes</strong></span> 
     </span>
    </p>
   </div>
   <div class='ocr_carea' id='block_1_114' title="bbox 2059 5374 3639 5461">
    <p class='ocr_par' dir='ltr' id='par_1_114' title="bbox 2059 5374 3639 5461">
     <span class='ocr_line' id='line_1_114' title="bbox 2059 5374 3639 5461; baseline -0.012 -18"><span class='ocrx_word' id='word_1_821' title='bbox 2059 5390 2248 5461; x_wconf 86' lang='lat' dir='ltr'><strong>gignit.</strong></span> <span class='ocrx_word' id='word_1_822' title='bbox 2283 5387 2679 5455; x_wconf 59' lang='lat' dir='ltr'><strong>Nonnunquam,</strong></span> <span class='ocrx_word' id='word_1_823' title='bbox 2711 5400 2836 5441; x_wconf 90' lang='lat' dir='ltr'><strong>vero</strong></span> <span class='ocrx_word' id='word_1_824' title='bbox 2860 5383 2952 5451; x_wconf 88' lang='lat' dir='ltr'><strong>qui</strong></span> <span class='ocrx_word' id='word_1_825' title='bbox 3006 5381 3219 5449; x_wconf 88' lang='lat' dir='ltr'><strong>quietus</strong></span> <span class='ocrx_word' id='word_1_826' title='bbox 3262 5374 3488 5442; x_wconf 89' lang='lat' dir='ltr'><strong>alicujus</strong></span> <span class='ocrx_word' id='word_1_827' title='bbox 3516 5384 3639 5427; x_wconf 84' lang='lat' dir='ltr'><strong>esse</strong></span> 
     </span>
    </p>
   </div>
   <div class='ocr_carea' id='block_1_115' title="bbox 2058 5462 3640 5546">
    <p class='ocr_par' dir='ltr' id='par_1_115' title="bbox 2058 5462 3640 5546">
     <span class='ocr_line' id='line_1_115' title="bbox 2058 5462 3640 5546; baseline -0.014 -7"><span class='ocrx_word' id='word_1_828' title='bbox 2058 5480 2234 5539; x_wconf 86' lang='lat' dir='ltr'><strong>meriti</strong></span> <span class='ocrx_word' id='word_1_829' title='bbox 2285 5478 2631 5541; x_wconf 87' lang='lat' dir='ltr'><strong>credebatur,</strong></span> <span class='ocrx_word' id='word_1_830' title='bbox 2675 5476 2883 5546; x_wconf 88' lang='lat' dir='ltr'><strong>positus</strong></span> <span class='ocrx_word' id='word_1_831' title='bbox 2918 5474 2969 5527; x_wconf 92' lang='lat' dir='ltr'><strong>in</strong></span> <span class='ocrx_word' id='word_1_832' title='bbox 3018 5470 3261 5541; x_wconf 87' lang='lat' dir='ltr'><strong>qualibet</strong></span> <span class='ocrx_word' id='word_1_833' title='bbox 3288 5468 3500 5522; x_wconf 89' lang='lat' dir='ltr'><strong>actione</strong></span> <span class='ocrx_word' id='word_1_834' title='bbox 3543 5462 3640 5517; x_wconf 83' lang='lat' dir='ltr'><strong>de-</strong></span> 
     </span>
    </p>
   </div>
   <div class='ocr_carea' id='block_1_116' title="bbox 2057 5555 3637 5639">
    <p class='ocr_par' dir='ltr' id='par_1_116' title="bbox 2057 5555 3637 5639">
     <span class='ocr_line' id='line_1_116' title="bbox 2057 5555 3637 5639; baseline -0.011 -14"><span class='ocrx_word' id='word_1_835' title='bbox 2057 5573 2310 5625; x_wconf 86' lang='lat' dir='ltr'><strong>nudatur.</strong></span> <span class='ocrx_word' id='word_1_836' title='bbox 2350 5569 2497 5624; x_wconf 88' lang='lat' dir='ltr'><strong>Unde</strong></span> <span class='ocrx_word' id='word_1_837' title='bbox 2535 5568 2641 5622; x_wconf 82' lang='lat' dir='ltr'><strong>illic</strong></span> <span class='ocrx_word' id='word_1_838' title='bbox 2667 5567 2917 5639; x_wconf 84' lang='lat' dir='ltr'><strong>protinus</strong></span> <span class='ocrx_word' id='word_1_839' title='bbox 2947 5561 3321 5619; x_wconf 79' lang='lat' dir='ltr'><strong>subinfertur:</strong></span> <span class='ocrx_word' id='word_1_840' title='bbox 3362 5577 3379 5607; x_wconf 76' lang='grc' dir='ltr'>ι</span> <span class='ocrx_word' id='word_1_841' title='bbox 3419 5555 3637 5610; x_wconf 82' lang='lat' dir='ltr'><strong>Denuda</strong></span> 
     </span>
    </p>
   </div>
   <div class='ocr_carea' id='block_1_117' title="bbox 2058 5649 3639 5734">
    <p class='ocr_par' dir='ltr' id='par_1_117' title="bbox 2058 5649 3639 5734">
     <span class='ocr_line' id='line_1_117' title="bbox 2058 5649 3639 5734; baseline -0.013 -16"><span class='ocrx_word' id='word_1_842' title='bbox 2058 5663 2444 5734; x_wconf 88' lang='lat' dir='ltr'><strong>turpitudinem</strong></span> <span class='ocrx_word' id='word_1_843' title='bbox 2471 5671 2637 5723; x_wconf 80' lang='lat' dir='ltr'><strong>luant,</strong></span> <span class='ocrx_word' id='word_1_844' title='bbox 2663 5657 2963 5728; x_wconf 84' lang='lat' dir='ltr'><strong>discooperi</strong></span> <span class='ocrx_word' id='word_1_845' title='bbox 2983 5656 3285 5715; x_wconf 89' lang='lat' dir='ltr'><strong>humerum,</strong></span> <span class='ocrx_word' id='word_1_846' title='bbox 3314 5649 3488 5705; x_wconf 84' lang='lat' dir='ltr'><strong>revela</strong></span> <span class='ocrx_word' id='word_1_847' title='bbox 3513 5662 3639 5701; x_wconf 85' lang='lat' dir='ltr'><strong>cru-</strong></span> 
     </span>
    </p>
   </div>
   <div class='ocr_carea' id='block_1_118' title="bbox 2061 5739 3641 5823">
    <p class='ocr_par' dir='ltr' id='par_1_118' title="bbox 2061 5739 3641 5823">
     <span class='ocr_line' id='line_1_118' title="bbox 2061 5739 3641 5823; baseline -0.013 -12"><span class='ocrx_word' id='word_1_848' title='bbox 2061 5774 2139 5823; x_wconf 87' lang='lat' dir='ltr'><strong>ra,</strong></span> <span class='ocrx_word' id='word_1_849' title='bbox 2174 5756 2340 5810; x_wconf 86' lang='lat' dir='ltr'><strong>transi</strong></span> <span class='ocrx_word' id='word_1_850' title='bbox 2364 5751 2581 5807; x_wconf 77' lang='lat' dir='ltr'><strong>ﬂumina</strong></span> <span class='ocrx_word' id='word_1_851' title='bbox 2601 5750 2796 5823; x_wconf 60' lang='lat' dir='ltr'><strong>(ibid).</strong></span> <span class='ocrx_word' id='word_1_852' title='bbox 2824 5769 2840 5801; x_wconf 72' lang='grc' dir='ltr'>ι</span> <span class='ocrx_word' id='word_1_853' title='bbox 2868 5748 2923 5807; x_wconf 85' lang='lat' dir='ltr'><strong>ln</strong></span> <span class='ocrx_word' id='word_1_854' title='bbox 2949 5744 3417 5804; x_wconf 78' lang='lat' dir='ltr'><strong>administratione</strong></span> <span class='ocrx_word' id='word_1_855' title='bbox 3439 5739 3641 5811; x_wconf 88' lang='lat' dir='ltr'><strong>quippe</strong></span> 
     </span>
    </p>
   </div>
  </div>
