3994 6190
260 345 370 400 917

1211 342 1454 399 OPUSC.
1495 343 1604 398 XII.
1632 377 1698 385 »-
1725 345 1810 399 DF.
1847 343 2264 401 CONTEMPTU
2308 343 2599 435 SAECULI.

3428 348 3532 400 9.78

259 462 448 532 operis
479 459 755 530 turpitudo
797 459 1122 524 denudatur,
1167 459 1310 515 dum
1352 461 1471 515 vilis
1503 475 1674 524 mens,
1704 460 1853 529 abic-
1880 465 1927 522 Α
1949 461 2264 531 oeulos-per
2290 460 2542 514 diuturna
2573 458 2870 528 vagationis
2900 460 3067 527 spatia
3107 461 3173 513 ab
3208 461 3354 515 omni
3397 479 3550 518 ιιιιιιι-

259 563 467 623 ctaqne
495 553 564 605 'in
590 550 868 605 actionis
891 550 1255 604 ostentatione
1301 551 1645 621 cognoscitur
1680 567 1693 615 ;
1734 564 1854 618 qua:

261 647 447 712 quieta
503 644 658 714 prius
725 659 939 714 magna
973 646 1284 714 putabatur.
1348 646 1641 702 llui‘ncrum
1703 661 1857 701 mens

262 735 622 803 discooperit,
679 734 898 802 quando
951 749 1085 803 opus
1137 750 1315 797 sumn,
1374 735 1516 804 quod
1567 736 1856 805 ignoraba-

263 837 374 889 tur,
422 827 684 879 ostendit.
733 825 911 879 Crura
963 826 1371 896 revelat,‘quia
1418 829 1614 897 quibus
1644 829 1857 884 deside-

261 923 478 977 riorum
534 919 878 989 passionibns
928 919 1109 974 lucris
1142 921 1328 975 mundi
1383 922 1575 985 inhict,
1629 923 1856 977 manifei-

250 1021 396 1066 ‘stat.
429 1011 702 1064 Fl-mnina'
741 1010 1356 1080 etiam'transit,'quia
1416 1013 1658 1066 actiones
1699 1013 1858 1082 hujus

263 1103 483 1166 szecuii,
533 1116 658 1171 qua:
702 1102 944 1170 quotidie
990 1101 1056 1155 ad
1116 1099 1401 1155 terminum
1461 1101 1722 1165 deﬂuant.
1777 1104 1858 1158 in;

263 1179 580 1248 dﬁsine'nter
635 1193 839 1264 appetit
893 1210 908 1259 ;
971 1195 1206 1262 dumque
1261 1195 1363 1248 alia
1429 1195 1853 1266 relinquit,'alia

268 1285 539 1354 sequitur,
571 1285 725 1355 quasi
774 1300 992 1354 semper
1034 1286 1099 1339 de
1150 1286 1368 1340 llum'nc
1414 1290 1480 1341 ad
1513 1288 1708 1342 lltiincn
1741 1301 1858 1343 ten-

267 1377 360 1429 dit.

335 1465 469 1520 limo
487 1473 674 1520 autem
695 1464 968 1526 diximus;
990 1473 1050 1518 ut
1099 1481 1250 1520 mens
1281 1482 1309 1520 a
1341 1467 1477 1521 solio
1520 1479 1722 1523 saneta:
1769 1471 1854 1524 in-

267 1558 527 1610 tentionis
584 1568 842 1620 exeussa,
898 1558 1314 1625 et-vagationis
1367 1558 1499 1614 vitio
1546 1559 1758 1625 dedita,
1800 1562 1853 1615 in

265 1662 373 1714 quo
417 1645 629 1712 jaceat,
653 1657 1169 1713 :.monstraremus-;
1223 1650 1364 1717 quia-
1407 1649 1450 1703 si
1498 1652 1564 1705 ad
1615 1667 1678 1704 ca
1735 1668 1856 1720 qua:

263 1753 504 1806 superna
533 1747 682 1802 sunt,
731 1738 940 1793 inhiare
987 1742 1308 1807 cessaverit,
1360 1743 1460 1797 sub
1507 1745 1850 1814 scmetipsam

1957 552 2112 605 danae
2159 550 2410 605 actionis
2439 549 2556 603 labe
2604 564 2874 618 purgare;
2931 563 2997 602 ne
3043 535 3179 602 dum
3220 554 3285 605 ad
3339 569 3550 609 summa

1958 641 2278 711 speculanda
2333 640 2538 695 oculos
2568 639 2784 702 clei'at,
2845 651 3075 694 terrenae
3124 644 3552 698 conversationis

1958 735 2132 804 pulvis
2182 735 2445 795 obsistat,
2507 742 2562 788 ct
2617 733 2786 802 magis
2830 733 3082 788 tenebras
3134 750 3267 802 quas
3320 735 3550 806 reliqne-
3607 773 3612 776 ς

1949 827 2074 889 ἠιῑ,
2116 825 2332 890 videat,
2384 835 2544 894 quam
2591 823 2771 878 lumen
2813 824 2876 877 ad
2920 825 3062 892 quod
3104 825 3322 890 nititur,
3361 842 3546 898 appre-

1961 916 2202 972 bendatn

2519 1006 2746 1062 CAPUT
2812 1005 2984 1060 XXV;

2032 1100 2184 1166 Quod
2221 1097 2757 1170 cellam-consuetudo
2785 1098 3019 1170 dulcem,
3055 1101 3260 1170 vagatio
3298 1102 3478 1155 reddat
3552 1125 3554 1130 ι

2593 1169 2915 1222 horribilem.

2033 1285 2146 1338 Illic
2179 1284 2408 1346 accedit,
2438 1282 2580 1351 quod
2617 1281 2683 1335 iis
2714 1282 2804 1351 qui
2833 1283 2996 1336 vitam
3027 1298 3180 1337 suam
3213 1286 3313 1339 sub
3340 1286 3440 1338 hac
3471 1287 3552 1339 in-

1949 1373 2261 1429 constantia
2296 1371 2614 1426 mutationis
2651 1370 2918 1425 alternant
2941 1413 2953 1434 ,
2982 1387 3046 1424 eo
3077 1371 3135 1425 fit
3165 1373 3270 1427 vita
3300 1375 3553 1427 remotio-

1953 1453 2050 1520 ‘nis
2072 1465 2371 1526 austerior,
2400 1479 2508 1533 quo
2533 1451 2740 1516 iinolita'
2773 1462 2998 1532 vagandi
3040 1465 3554 1520 consuetudinem-

1961 1556 2279 1618 tralmntur;
2311 1555 2382 1608 ila’
2416 1562 2468 1606 ut
2496 1552 2774 1606 cremitiea
2801 1552 3070 1605 diclrictio
3096 1554 3431 1622 gravissumo
3454 1554 3554 1608 dif—
3609 1583 3614 1589 α

1960 1645 2208 1708 ficultali,
2231 1646 2367 1700 cella
2397 1644 2507 1713 ipsa
2543 1643 2650 1696 illis
2675 1641 2923 1696 videatur
2951 1643 3183 1696 liorrori.
3209 1641 3556 1698 Consuetudo
3627 1685 3632 1689 ρ

1959 1742 2104 1792 enim
2143 1737 2270 1791 facit
2303 1736 2570 1791 monacho
2597 1732 3086 1788 cellulamdnlcem
3106 1775 3119 1797 ,
3144 1735 3359 1804 vagatio
3389 1735 3554 1790 videri

253 1828 433 1879 etiam
491 1827 862 1882 indesinenter
930 1829 1057 1883 ruit.
1121 1830 1175 1883 In
1230 1831 1338 1885 alto
1391 1843 1570 1886 autem
1604 1834 1809 1903 ﬁgitur
1835 1876 1848 1897 ,
1882 1819 1925 1876 Β
1960 1832 2086 1885 facit
2115 1830 2453 1884 horribilem.
2482 1827 2814 1898 vagantibus
2840 1828 3029 1881 cellula
3059 1843 3248 1883 carcer
3271 1836 3356 1882 cst
3378 1870 3390 1892 ,
3428 1843 3555 1899 pcr—

263 1920 308 1972 si
366 1933 612 1972 amorem
665 1919 1042 1988 temporalium
1107 1923 1407 1989 (Praesens,
1458 1925 1723 1996 ad,spem
1777 1929 1858 1982 in-

263 2010 672 2064 Comnunubilis
747 2012 1072 2066 :etcndtatis
1143 2013 1360 2083 ligatur.
1439 2015 1722 2073 Nec-nos
1773 2020 1858 2075 bis

267 2104 456 2156 verbis
512 2103 676 2157 illud.
710 2105 1008 2160 astruitnns
1039 2146 1053 2168 ,
1109 2115 1194 2159 ut“
1231 2109 1527 2163 monachus
1584 2112 1876 2180 pervicaci

270 2193 556 2263 proposito
605 2194 658 2245 in
718 2207 814 2246 sua
865 2193 1074 2262 jugiter
1135 2197 1435 2250 remotione
1498 2210 1856 2267 permaneat,

255 2300 364 2338 nec
419 2284 712 2352 aliquando
763 2286 1054 2354 progredi,
1109 2287 1198 2341 ubi
1241 2287 1492 2342 'violenta
1551 2293 1859 2360 poposcerit

263 2376 583 2435 necessitas,
636 2379 991 2446 acquiescat;
1027 2379 1136 2432 sed-
1167 2380 1494 2448 hoeupotius
1541 2382 1854 2446 suademw,

265 2477 541 2536 quatenus
576 2468 628 2521 id
678 2477 830 2522 tanto
884 2471 1123 2539 parcius,
1173 2478 1432 2539 tantoque
1487 2472 1667 2526 rarius
1713 2482 1855 2542 agat,

263 2569 473 2625 quanto
533 2560 658 2622 scit,
713 2559 836 2627 quia
892 2559 1627 2628 vagandoper-~saeeulmn,
1683 2577 1859 2630 neque

265 2649 624 2718 spiritualitcr
691 2645 875 2704 vivere
909 2690 924 2713 ,
981 2665 1167 2718 neque
1219 2653 1285 2704 ad
1349 2651 1698 2719 perfectionis
1747 2653 1861 2706 cul~

276 2757 400 2795 men
460 2741 660 2808 valeat,
705 2742 870 2796 etiam
926 2742 972 2797 si
1027 2743 1312 2814 dil'genlcr
1363 2745 1618 2815 invigilct,
1677 2761 1861 2816 pervc-

269 2835 409 2887 nire.

841 2925 1072 2982 CAPUT
1111 2927 1298 2984 XXIV.

450 3015 538 3070 De
561 3017 820 3080 crearitis,
844 3018 936 3082 qui
963 3020 1017 3071 in
1055 3022 1327 3089 rogatione
1355 3032 1477 3075 sunt
1510 3023 1683 3090 positi.

342 3108 449 3164 Sel
495 3109 638 3162 inter
669 3110 851 3163 omnia
875 3110 1188 3164 'ltominutn
1227 3128 1254 3163 a
1301 3127 1400 3166 suo
1435 3115 1711 3183 proposito
1762 3114 1856 3167 dc-
1896 3150 1898 3152 τ

1959 1921 2305 1975 manentibus
2356 1935 2522 1973 suave
2575 1918 2926 1984 cubiculum;
2978 1918 3252 1972 silentium
3309 1920 3558 1988 perseve-

1959 2022 2168 2068 rantem
2212 2013 2538 2066 monachum
2582 2011 2796 2079 vigilem
2846 2011 3052 2074 reddit,
3100 2011 3440 2065 extrinsecus
3470 2027 3560 2062 vc-

1958 2110 2195 2162 nientem
2236 2124 2400 2177 sopor
2443 2107 2740 2176 deprimit,
2785 2118 3060 2161 assuetum
3102 2107 3323 2178 jejuniis
3363 2121 3560 2176 corpus

1959 2201 2224 2256 sobrietas
2253 2202 2488 2262 roborat,
2525 2199 2855 2254 allluentimn
2885 2199 3165 2269 epularum
3201 2198 3374 2254 ﬂuxus
3404 2215 3556 2253 cncr—

1959 2300 2067 2345 vat.
2098 2291 2286 2359 Vigilia
2316 2292 2588 2344 moderata
2619 2291 2788 2344 aciem
2821 2291 3069 2344 humanze
3097 2291 3292 2344 mentis
3319 2291 3556 2349 exacuit.

1957 2382 2253 2452 geminatio
2310 2382 2517 2449 repetiti
2576 2381 2786 2449 soporis
2845 2382 3114 2435 obtundit.
3176 2381 3562 2434 Confalmlzuio
3649 2409 3658 2420 --

1959 2472 2147 2526 crebra
2182 2474 2232 2524 in
2267 2482 2445 2524 mente
2476 2472 3196 2542 monachi’esuriem'parit,
3232 2483 3440 2526 secreta
3474 2487 3558 2526 rev

1961 2564 2128 2616 motio
2157 2563 2392 2616 animam
2439 2565 2496 2616 in
2534 2574 2763 2616 assuetae
2798 2563 3142 2616 continentia.-
3171 2564 3346 2632 rigore
3377 2569 3560 2614 custo-

1961 2653 2057 2706 dit.
2089 2651 2440 2706 Stccnlarium
2473 2653 2808 2721 negotiorum
2844 2651 3042 2706 relatio
3071 2650 3309 2704 animam
3353 2651 3556 2720 passio-

1962 2742 2121 2796 nibus
2151 2742 2560 2796 (lesitlei'irfztcit
2587 2744 2910 2804 obnoxiam,
2940 2743 3079 2795 sacri
3112 2741 3309 2810 eloquii
3337 2742 3554 2814 assidua
3627 2776 3631 2779 -

1964 2833 2245 2886 meditatio
2273 2833 2473 2886 mundo
2505 2832 2680 2885 reddit
2707 2832 3056 2886 exstinctam.
3102 2831 3414 2901 Paupertas
3446 2848 3584 2884 mou

1966 2931 2122 2983 nacbi
2152 2929 2416 2982 Securitas
2445 2937 2526 2983 est
2554 2928 2769 2990 mentis,
2798 2928 3062 2983 securitas
3097 2935 3272 2982 mater
3299 2936 3382 2979 est
3412 2925 3560 2994 puri-

1965 3023 2111 3076 tatis.
2149 3021 2378 3075 Econtra
2423 3033 2602 3074 rerum
2635 3019 2961 3072 abundantia
2991 3019 3205 3071 aculeos
3248 3015 3390 3086 parit
3414 3015 3559 3070 solli:
3627 3077 3642 3092 ο

1963 3117 2236 3179 citudinis,
2263 3114 2566 3169 sollicitudo
2593 3115 2744 3169 radix
2769 3124 2849 3169 est
2869 3113 3174 3168 anxietatis.
3201 3113 3372 3175 Pedes
3403 3111 3560 3176 illoti,
3621 3171 3625 3175 ,

273 3203 540 3256 “nntium
589 3213 812 3271 genera.
871 3201 999 3255 illud
1032 3217 1136 3256 “0"
1186 3203 1532 3257 ηῒθιιίοετίιθι·
1588 3203 1856 3274 displicet.
1887 3187 1932 3246 Ο
1967 3221 2157 3268 manus
2201 3214 2496 3283 ncgleetze,
2537 3213 2737 3266 inculta
2782 3213 3073 3270 crcsaries,
3122 3210 3274 3279 quasi
3313 3209 3556 3278 qumdaun
3606 3249 3619 3263 ,ι

271 3295 420 3363 quod
452 3294 617 3348 etiam
659 3294 790 3363 ipsis
838 3294 1197 3348 Sanctissimis
1236 3296 1480 3349 eremitis
1515 3295 1732 3364 quidam
1782 3297 1860 3350 vi-

273 3389 471 3442 dentur
494 3388 728 3449 admisti,
755 3403 892 3458 quos
922 3388 1060 3442 idem
1085 3388 1356 3457 pestiferae
1386 3391 1694 3458 mgatiOnis
1717 3407 1859 3444 more

276 3477 378 3532 bus
413 3479 656 3547 exagitat
686 3488 806 3532 :et
837 3478 906 3547 (si
961 3477 1145 3532 dicere
1184 3477 1373 3545 liceat)
1417 3479 1568 3547 quasi
1611 3479 1862 3534 Vertum-

275 3587 396 3633 nus,
423 3570 697 3640 quoddam
753 3569 963 3623 scilicet
1007 3570 1398 3624 dannoniornm
1433 3583 1642 3641 genus,
1675 3581 1864 3625 vexat:

227 3712 233 3717 ,
281 3659 859 3730 Vertumnisiquidem
911 3661 1052 3729 apud
1102 3661 1357 3730 antiquos
1401 3662 1724 3716 dicebantur
1753 3665 1860 3717 dae-

277 3747 488 3818 mones,
503 3767 744 3821 quorum
770 3752 1027 3806 instinctu
1056 3751 1304 3807 homines
1323 3752 1384 3806 in
1414 3753 1682 3825 vertigine
1703 3755 1862 3824 pesiti

277 3847 644 3900 reddebantur
673 3845 970 3898 insmbiles.
1004 3842 1213 3910 Quibus
1243 3845 1496 3899 nimirum
1527 3847 1741 3902 illi'non
1766 3849 1868 3902 im-

275 3935 742 3990 morituvidcntur
760 3933 1004 3998 obnoxii,
1017 3933 1107 4002 qui
1133 3934 1251 3988 solo
1265 3935 1717 4006 quadragesima“
1735 3945 1869 3992 tem-

275 4023 602 4094 [νοτε-ξω
635 4025 686 4078 in
718 4023 924 4078 cellulis
949 4031 1343 4078 commorantes
1366 4066 1381 4089 ,
1422 4033 1534 4080 toto
1565 4041 1700 4095 pene
1741 4028 1866 4082 anni

275 4117 481 4171 circulo
506 4117 610 4170 huc
642 4115 877 4185 illucque
918 4115 1255 4179 discurrunt,
1289 4123 1350 4169 et
1384 4117 1464 4172 sic
1506 4119 1668 4172 vitam
1716 4135 1868 4174 suam

279 4211 516 4264 inaniter
549 4209 829 4280 spatiando
874 4219 1218 4264 consumunt.
1263 4209 1363 4276 Qui
1412 4211 1670 4266 nimirum
1711 4213 1869 4268 dum-

281 4301 440 4353 modo
487 4309 859 4354 summotenus
905 4297 1198 4353 remotiora
1247 4308 1560 4367 sectantes,
1609 4303 1770 4357 modo
1818 4302 1869 4356 in

280 4388 1198 4457 publicum'crebriusuprodcuotes,
1216 4389 1267 4441 in
1291 4401 1578 4462 utramque
1601 4408 1658 4447 se
1683 4393 1870 4455 vitam,

281 4480 984 4548 conten'plativamscilicet
1001 4493 1058 4537 et
1088 4485 1341 4550 activam,
1366 4483 1664 4554 gloriantur
1684 4493 1873 4537 exten-

282 4580 438 4639 dere,
470 4577 528 4630 in
553 4579 1042 4648 nentramplennm
1084 4580 1277 4635 salutis
1307 4579 1538 4634 fructum
1577 4578 1874 4646 probantur

283 4667 474 4721 all‘eire
503 4684 516 4719 :
554 4682 784 4737 cumque
812 4668 912 4722 sibi
939 4665 1604 4739 apploudant'cum‘Jacob
1642 4668 1868 4722 duarum

285 4763 566 4829 coniugum
617 4758 848 4829 speciali
869 4761 1100 4828 quadam
1119 4760 1318 4830 copula
1351 4755 1600 4813 fiederari
1628 4799 1642 4822 ,
1675 4759 1868 4829 depre-

287 4850 538 4903 henditur
561 4849 666 4903 illis
689 4851 922 4919 promite
948 4851 1216 4921 opinionis
1246 4849 1511 4906 sententia
1554 4849 1605 4903 in
1654 4859 1872 4904 contra-

288 4939 421 4992 rium
450 4939 614 4993 verti.
652 4940 856 5006 Quibus
894 4941 1148 4996 nimirum
1191 4953 1376 4996 contra
1425 4941 1873 4996 consuetudinem

288 5040 340 5083 et
367 5029 571 5085 Rachel
615 5031 755 5100 lippa
780 5073 794 5097 ,
836 5041 896 5086 et
931 5032 1024 5086 Lia
1067 5034 1309 5088 redditur
1337 5033 1660 5096 infecunda;
1701 5031 1870 5087 altera

287 5122 550 5191 siquidem
581 5125 925 5178 bcbetatione
951 5125 1097 5180 visus
1123 5125 1468 5190 obtenditur,
1510 5127 1677 5180 altera
1710 5127 1869 5180 steri-

287 5214 452 5268 litatis
485 5216 959 5272 animadversione
1002 5217 1224 5284 feritur;
1261 5218 1386 5288 quia
1417 5218 1664 5272 videlicet
1690 5216 1875 5286 hujus-

286 5305 426 5359 modi
458 5304 730 5369 homines,
757 5315 936 5376 et-per
960 5307 1230 5376 publicum
1262 5308 1649 5371 discurrentes,
1685 5315 1872 5376 utputa

285 5393 514 5448 sinistra:
539 5394 975 5465 opinionis-apud
1015 5397 1266 5466 populum
1310 5395 1500 5459 habiti,
1535 5407 1876 5467 nequaquam

286 5493 511 5551 possunt
556 5483 866 5554 spirituales
913 5487 1020 5540 Deo
1051 5486 1189 5541 filios
1218 5487 1461 5557 gignere,
1484 5495 1542 5540 et
1569 5487 1715 5540 velut
1741 5485 1882 5540 ebrii

283 5575 349 5626 de
388 5576 587 5630 srectdo
636 5578 948 5640 redeuntes,
997 5578 1186 5632 intima
1243 5585 1516 5646 nequeunt
1565 5581 1874 5648 penetrare.

285 5665 542 5735 Quisquis
563 5667 709 5720 enim
741 5667 1009 5722 desiderat
1043 5669 1108 5721 ad
1140 5667 1270 5721 illud
1301 5667 1876 5723 inaccessibile'lumen

284 5756 402 5810 acie
427 5757 625 5812 mentis
651 5757 937 5828 attingere,
967 5758 1330 5814 necessarium
1359 5758 1458 5814 sibi
1485 5767 1568 5815 est.
1596 5759 1878 5815 interiores

1962 3306 2198 3358 anchora
2240 3313 2324 3358 est
2366 3304 2623 3359 monachi
2660 3305 2712 3356 in
2758 3303 2892 3357 cella
2929 3302 3130 3371 jugilcr
3167 3303 3555 3368 permanendi;

1962 3412 1992 3449 e
2027 3397 2240 3450 diverso
2280 3405 2532 3449 accurata
2575 3393 2788 3449 delicati
2835 3393 3078 3459 corporis
3123 3393 3442 3462 compositio
3481 3394 3559 3445 ιο-

1965 3502 2080 3542 mes
2106 3496 2210 3548 est,
2240 3493 2294 3539 et
2319 3485 2534 3540 occasio
2563 3486 2613 3538 in
2644 3483 2916 3555 publicum
2948 3483 3272 3555 prodeundi.
3361 3551 3364 3554 ῃ
3533 3543 3536 3546 ,

2035 3578 2292 3650 Quisquis
2333 3594 2461 3648 ergo
2487 3578 2642 3643 vult,
2681 3587 2741 3630 ut
2783 3577 2883 3630 sibi
2916 3576 3195 3632 eremitica
3231 3576 3335 3628 vita
3381 3574 3564 3629 dulce—

1966 3676 2101 3732 scat,
2133 3668 2378 3737 profecto
2421 3683 2639 3721 necesse
2682 3675 2794 3730 cst,
2818 3676 2876 3720 ut
2908 3667 2958 3720 in
2987 3681 3047 3719 ea
3080 3666 3348 3719 constanti
3380 3664 3562 3718 animo

1960 3762 2162 3833 jngiter
2187 3777 2536 3829 perseverare
2572 3759 2895 3823 contendat;
2941 3774 3038 3813 nec
3063 3759 3296 3811 alternct
3327 3757 3557 3814 vicibus.

1968 3853 2011 3908 si
2060 3867 2240 3907 suave
2270 3851 2459 3921 jugum
2499 3851 2719 3903 'Ilomini
2763 3851 2874 3903 vult
2916 3860 3131 3920 portare
3173 3851 3407 3918 quietus.
3443 3847 3558 3914 Vita

1969 3960 2207 4014 namque
2246 3944 2880 4000 ercmiticacontinuata
2932 3943 3147 4010 quidem
3203 3952 3286 3994 est
3337 3941 3555 4010 refrige-

1971 4037 2150 4100 rium,
2195 4037 2499 4092 intermissa
2540 4035 2808 4104 quoddam
2855 4035 3020 4104 27o
3062 4033 3272 4088 videtur
3300 4048 3419 4086 esse
3452 4044 3562 4084 lor.-

1971 4137 2231 4183 mcntum.
2292 4127 2610 4180 licinolione
2657 4143 2870 4195 quoque
2921 4126 3174 4180 continua
3231 4124 3563 4178 illuminatnr

1974 4220 2174 4283 anima,
2204 4220 2332 4272 vitia
2379 4221 2823 4289 tlcteguntnr,,ct
2871 4217 3130 4288 quidquid
3178 4217 3447 4269 hominem
3496 4215 3563 4267 de

1973 4311 2264 4379 semetipso
2294 4310 2545 4371 latuerat,
2583 4308 2839 4378 aperitur.
2878 4309 3012 4362 Cum
3060 4324 3197 4377 aqua
3235 4307 3300 4361 de
3331 4307 3563 4370 vivario,

1977 4401 2202 4455 remotis
2236 4417 2372 4470 quae,
2405 4400 2832 4472 opponebantur,
2865 4399 3120 4469 egeritur,
3154 4399 3329 4469 pisces
3361 4399 3413 4451 in
3460 4398 3564 4452 sic-

1975 4507 2097 4546 cum
2130 4500 2494 4552 retnaucntes,
2526 4491 2790 4544 humanos
2817 4490 3096 4558 patiuntur
3125 4497 3418 4560 aspectus:
3451 4498 3501 4541 et
3535 4505 3564 4541 a

1976 4580 2132 4634 nobis
2154 4595 2276 4633 eum
2306 4589 2531 4633 terrena:
2558 4578 2786 4632 actionis
2813 4578 3004 4632 ﬂuctus
3029 4578 3271 4632 elabitur.
3307 4578 3562 4648 quidquid

1976 4673 2030 4728 in
2088 4672 2355 4742 profundo
2409 4670 2764 4740 procellarum
2823 4672 3212 4741 emergentinm
3272 4670 3565 4723 subnatarc

1975 4770 2364 4824 consueverat,
2411 4762 2730 4816 denudatur.
2779 4759 3011 4816 Venator
3057 4776 3271 4830 quoque
3316 4759 3564 4829 oppilatis

1974 4851 2328 4915 anfractibus,
2353 4851 2534 4904 densis
2560 4849 2907 4921 circumscpit
2941 4849 3171 4901 saltuum
3207 4848 3375 4901 lustra
3408 4847 3562 4901 fruti-

1973 4943 2149 5006 cibus,
2195 4956 2466 5010 unumque
2512 4956 2608 5010 pro
2648 4938 2830 4993 nmltis
2868 4939 3068 4992 aditum
3116 4939 3245 4993 feris
3284 4938 3566 5008 fugacibus

1977 5053 2043 5091 ex
2074 5043 2189 5088 arte
2229 5032 2522 5102 relinquit,
2558 5042 2720 5100 atque
2767 5030 2872 5084 illic
2912 5046 2970 5084 se
3001 5031 3210 5084 vibrata
3251 5030 3566 5100 stringendo

1981 5127 2243 5183 venabula
2274 5127 2324 5179 in
2342 5125 2566 5178 insidiis
2596 5123 2774 5192 ponit;
2817 5123 3002 5190 sicque
3046 5123 3421 5190 compendium
3462 5122 3563 5175 sibi

1980 5218 2261 5274 laboriosa!
2289 5215 2592 5270 venationis
2629 5215 2910 5278 attribuit,
2938 5215 3061 5268 dum
3095 5214 3390 5281 pernicium
3425 5213 3566 5264 fera-

1982 5325 2101 5364 rum
2131 5308 2377 5378 vestigia,
2411 5323 2531 5376 qua:
2572 5305 2818 5376 persequi
2862 5321 2956 5374 per
2988 5303 3194 5356 inlinita
3227 5302 3563 5372 nequiverat,

1983 5401 2035 5454 in
2080 5397 2408 5469 egressi0nis
2452 5396 2566 5450 solo
2607 5395 2869 5449 vestibulo
2899 5393 3175 5463 negotioso
3210 5393 3321 5446 otio
3352 5393 3564 5462 quietus

1979 5498 2281 5561 exspectat.
2313 5489 2377 5542 Et
2407 5503 2502 5542 nos
2526 5503 2648 5541 cum
2678 5487 2822 5539 vitiis
2853 5486 2917 5538 ad
2951 5485 3096 5553 pravi
3127 5485 3304 5553 operis
3343 5485 3560 5539 liberta-

1981 5589 2088 5634 tem
2138 5581 2354 5649 prodire
2405 5579 2740 5641 nitentibus,
2801 5586 3027 5631 terrente
3075 5576 3302 5631 actionis
3356 5586 3565 5632 meatus

1979 5669 2332 5731 occln‘dimus,
2359 5669 2511 5738 quasi
2539 5683 2642 5721 uno
2675 5669 2726 5720 in
2759 5667 2876 5721 loco
2903 5665 3009 5721 illis
3038 5659 3260 5721 insidias
3290 5669 3560 5737 poninnis,

1979 5762 2106 5830 quia
2152 5776 2273 5815 cum
2330 5760 2459 5814 solis
2509 5759 2924 5829 cogitationibus
2974 5759 3171 5828 jugitcr
3217 5761 3559 5816 (indicamus.
