3996 6184
426 344 530 411 179

888 346 946 403 S‘.
979 341 1194 403 PETRI‘
1223 342 1501 401 DAMI'ANI
1538 341 1692 399 OPP.
1721 339 1965 401 TOMUS‘
1992 339 2125 399 SEU
2164 339 2345 397 PARS
2382 334 2467 398 III".
2491 363 2563 381 -ι
2588 334 2951 395 ορυδεῑιω
2992 333 3254 393 VARIA.‘

3584 335 3712 396 ω

428 467 627 537 Sicque
670 462 925 518 vitiorum
972 470 1279 519 nostrorum
1334 457 1577 519 bestialis
1623 456 1809 515 feritas
1855 454 2010 513 facile
2038 456 2084 515 Α
2114 451 2320 509 falsitas
2350 450 2948 517 Herodianatenuerat,
2976 448 3031 505 in
3060 462 3223 519 quem
3248 445 3464 505 tandem
3491 457 3715 506 extum.

428 557 658 629 capitur,
700 554 828 609 dum
872 553 1048 612 solum
1095 551 1439 623 cogitationis
1486 551 1735 631 humanae
1764 548 2006 625 pervium

320 678 330 690 -
429 646 774 719 singulariter
799 644 1121 705 custoditur.
1160 642 1374 713 Auceps
1409 641 1572 697 etiam
1603 648 1827 703 cunctos
1854 638 2011 697 undi-

428 752 533 808 quc
563 734 802 806 gurgites
828 732 1115 788 ramalinm
1146 731 1514 789 densitatibus
1530 730 1723 801 operit,
1756 738 1919 802 atque
1942 726 2009 780 ad

430 842 595 881 unum
639 824 949 883 bauriendae
976 824 1146 880 dulcis
1172 839 1335 893 aquze
1367 823 1543 881 locum
1568 820 1838 881 conﬂuere
1864 819 2013 875 volu-

431 934 554 973 cres
582 916 899 987 praescripta
929 916 1254 971 necessitate
1280 913 1843 984 compellit;,dumqn.e
1866 910 2027 967 solus

429 1008 519 1063 ille
548 1008 616 1062 ad
648 1007 937 1063 bibendum
974 1006 1123 1063 locus
1151 1005 1459 1077 exponitur,
1488 1002 1867 1073 circumposita
1894 1016 2015 1055 mu-

429 1100 754 1172 scipularutu
811 1111 1124 1170 argumenta
1174 1097 1347 1157 felicis
1398 1096 1609 1166 aucupii
1663 1094 2015 1163 proventione

429 1190 688 1248 ditantur.
726 1188 795 1245 Ut
839 1205 969 1260 ergo
997 1189 1226 1244 diversis
1270 1188 1437 1247 animi
1474 1187 1813 1255 passionibus
1857 1186 2015 1241 facile

429 1284 699 1352 possimus
743 1282 962 1353 laqueos
994 1280 1259 1351 captionis
1303 1278 1546 1348 injicere,
1574 1279 1811 1337 obtrusis
1848 1294 2015 1348 nego-

430 1372 625 1426 tiornm
662 1372 1001 1428 szecularium
1032 1371 1240 1437 tivulis,
1277 1372 1537 1427 adversus
1565 1372 1710 1427 solos
1734 1370 2017 1443 cogitatio-

430 1477 557 1518 num
590 1462 823 1537 impetus
863 1466 1179 1518 studeamus
1206 1462 1435 1521 viriliter
1471 1462 1769 1530 decertare,
1800 1472 1860 1518 ut
1888 1463 2014 1517 dum

429 1554 555 1610 vitia
586 1566 770 1609 nostra
803 1556 870 1609 ab
898 1556 1110 1615 actione
1142 1555 1399 1612 deterrita
1419 1596 1434 1621 ,
1466 1554 1595 1610 solis
1626 1553 2014 1622 cogitationum

431 1646 873 1707 damnationibus
907 1646 1179 1711 advolant,
1212 1645 1372 1705 facile
1404 1646 1456 1699 iu
1489 1656 1691 1705 sanctae
1720 1643 2018 1719 prudentia:

432 1735 653 1807 laqueos
679 1738 895 1799 cadant.

995 1828 1222 1888 CAPUT
1269 1828 1368 1884 XX
1378 1828 1458 1883 Vl.

467 1916 622 1991 Quod
651 1936 784 1993 sa'pe
820 1921 1115 1993 monachus
1136 1919 1273 1993 [uisu
1313 1916 1605 1977 c..rm.lium
1643 1918 1983 1986 promissione

1082 1991 1356 2084 decipitur.

503 2098 804 2155 Notandum
833 2110 1033 2164 autem,
1068 2100 1192 2172 quia
1223 2117 1362 2172 s:epc
1394 2117 1583 2163 servus
1612 2102 1702 2156 Dei
1732 2117 1831 2171 per
1861 2101 2033 2171 hujus.

435 2192 616 2249 mundi
645 2192 884 2249 membra
918 2194 1202 2265 decipitur,
1233 2196 1357 2250 dtnn
1392 2194 1459 2248 ad
1492 2195 1823 2249 dirimendas
1859 2195 2020 2255 αἰδεῖο

431 2267 670 2340 dentium
701 2284 956 2353 lites,.vel
982 2288 1047 2340 ad
1078 2286 1254 2356 aliqua
1286 2288 1606 2361 peragenda,
1636 2286 2021 2348 ecclesiasticis

431 2378 636 2435 scilicet
668 2378 853 2435 usibus
877 2377 1182 2451 profutura,
1209 2379 1568 2449 importunius
1592 2380 1850 2434 invitatur
1878 2393 1891 2432 :
1922 2379 2023 2439 im-

434 2471 645 2528 minens
684 2487 916 2543 namque
961 2471 1255 2540 periculum
1301 2472 1699 2541 multorumque
1734 2488 2021 2533 commune

432 2563 755 2629 discrimen,
805 2563 906 2617 nisi
950 2565 1347 2634 progrediatur,
1392 2575 1751 2636 exaggerant.
1783 2564 1935 2633 Quod
1975 2564 2020 2623 si

434 2656 745 2722 accesserit,
768 2664 959 2711 cuncta
985 2657 1050 2711 ad
1082 2656 1509 2716 suasavoluntatis
1529 2657 1836 2721 arbitrium,
1860 2667 2023 2731 atque

435 2746 503 2800 ad
544 2746 728 2801 felices
779 2749 957 2801 exitus
1002 2756 1361 2817 proventura,
1405 2746 1773 2817 multipliciter
1807 2761 2021 2801 as.~.eve-

402 2845 597 2911 ,rant.
627 2836 899 2904 Antiqutts
940 2837 1083 2892 enim
1134 2837 1305 2893 hostis
1332 2837 1522 2896 videns
1560 2838 1786 2893 militem
1820 2837 2019 2893 Christi

398 2914 405 2927 ’
438 2927 491 2982 lu
523 2928 801 3001 procinctu
834 2928 1009 2984 sancti
1064 2929 1376 2987 certaminis
1418 2930 1688 2999 positum,
1728 2944 1833 2984 non
1867 2927 2023 2985 aliter

438 3028 597 3087 posse
622 3033 652 3071 a
683 3018 763 3073 sui
802 3017 1304 3089 propositiifervore
1337 3030 1640 3090 tepescere,
1685 3019 2027 3075 machinatur

352 3130 357 3137 -
437 3107 707 3165 uberioris
753 3109 1030 3179 cujusdam
1080 3111 1288 3173 fructus
1331 3110 1787 3179 superficietenus
1822 3111 2018 3164 bonum

441 3200 778 3261 adumbrare,
804 3210 861 3254 ut
886 3201 1009 3257 dum
1036 3199 1242 3257 lucrum
1270 3201 1441 3271 majus
1461 3202 1777 3268 attenditur,
1801 3202 2039 3269 bonum,

440 3290 666 3358 quodin
698 3294 1052 3361 praescnti-esl
1076 3335 1088 3359 ,
1115 3293 1180 3353 ad
1210 3303 1419 3365 tempus
1454 3294 1604 3364 quasi
1633 3294 2024 3365 dispensatoris

441 3390 815 3451 postponatur.
866 3382 971 3441 Sed
1015 3385 1105 3457 qni
1154 3386 1427 3444 mendacis
1459 3385 1640 3440 mundi
1680 3384 2024 3440 consuetudi-

444 3483 564 3525 nem
612 3471 921 3540 frequenter
962 3482 1216 3544 expertus
1259 3483 1376 3537 est,
1431 3476 1730 3545 prudenter
1772 3475 1922 3529 novit
1970 3482 2026 3530 et

442 3571 584 3617 vana
614 3562 1012 3631 suggerentiutn
1043 3571 1344 3618 commenta
1376 3579 1652 3635 respuere,
1678 3574 1732 3618 et
1763 3580 1821 3619 se
1847 3565 1915 3620 ab
1943 3564 2025 3623 in-

443 3651 705 3709 fructuosi
748 3653 950 3710 laboris
988 3654 1250 3713 exercitio
1272 3655 1513 3722 gnaviter
1536 3655 1841 3711 custodire-
1868 3655 2025 3733 Apud

443 3745 704 3816 quosdam
751 3762 999 3817 namque»
1026 3748 1266 3805 absentis
1298 3750 1546 3804 monachi
1578 3751 1871 3804 auctoritas
1903 3767 2027 3821 gra-

444 3836 527 3890 vis
558 3844 639 3891 est
660 3838 751 3902 ;,si
785 3846 962 3892 autem
988 3854 1224 3909 praasens
1248 3839 1505 3905 adfuerit,
1531 3838 1729 3895 nullius
1753 3840 2029 3910 judicatur

446 3940 570 3982 esse
596 3928 1056 4000 momenti..S:epe
1085 3930 1225 3985 enim
1255 3930 1549 4002 cuiuspiam
1575 3931 1900 3990 venerabilis
1924 3931 2028 3987 viri

446 4020 657 4077 litteris
673 4021 991 4077 reverentiae
1022 4023 1199 4081 honor
1220 4023 1564 4094 impenditur.
1593 4024 1751 4095 271
1785 4022 2032 4094 quitpcr-

447 4127 612 4168 sonte.
642 4110 688 4165 si
717 4111 1204 4175 adsit,.indevotius
1228 4112 1533 4167 exhibetur.
1562 4113 1717 4183 Apud
1745 4112 2030 4168 saeculares

448 4214 644 4270 nempe
673 4199 1215 4270 religiosusquisque
1242 4201 1404 4256 veluti
1443 4202 1646 4271 pictura
1677 4210 1779 4256 est.
1813 4201 2029 4257 Pictura

453 4290 715 4359 siquidem
748 4291 791 4344 sl
822 4291 1008 4360 procul
1041 4292 1600 4358 assistat,,inhianter,
1630 4302 1685 4349 et
1711 4310 1833 4351 cum
1863 4296 2032 4350 avidi-

343 4393 361 4446 ,ν
450 4389 559 4436 tate
588 4382 944 4451 prospicitur;
985 4382 1028 4437 si
1062 4381 1217 4450 juxta
1252 4384 1343 4449 sit,
1374 4385 1793 4456 contemptibilis
1821 4384 2034 4453 judica-

453 4482 558 4526 tnr.
592 4471 658 4526 Et
684 4473 979 4543 spiritualis
1006 4475 1233 4544 quisque
1259 4474 1566 4530 carnalibus
1592 4476 1792 4531 absens
1815 4478 2029 4548 quidem

2109 542 2286 601 oblata
2316 542 2526 598 videndi
2555 540 2812 606 facultate
2853 538 3199 596 concluserit.
3244 538 3401 606 Quod
3439 539 3701 597 nimirum

2111 632 2400 691 manifeste
2429 631 2768 698 declaratur,
2801 646 2925 686 cum
2954 630 3113 701 paulo
3144 628 3379 686 inferius
3405 630 3657 688 subditur
3682 645 3702 689 :

2118 743 2136 774 ι
2167 721 2384 791 Sprevit
2415 729 2594 777 autem
2630 734 2753 777 cum
2794 719 3034 775 Herodes
3062 735 3185 777 cum
3214 719 3458 777 exercitu
3494 736 3627 790 suo,
3646 731 3714 778 et-

2114 814 2282 869 illusit
2328 813 2573 869 indututn
2614 821 2765 869 veste
2811 811 2934 869 alba
2960 852 2989 878 ,.
3006 820 3063 867 et
3104 812 3316 869 remisit
3358 812 3425 869 ad
3472 811 3718 871 Pilatum.

2115 907 2311 980 (ibid.).
2341 926 2360 958 ι
2397 906 2535 965 Ecce
2578 920 2739 975 quem
2769 904 2955 979 vulpes
2998 904 3087 960 illa
3121 906 3391 965 malitiosa
3427 909 3718 967 desidera—

2114 1008 2305 1063 verat,
2353 997 2557 1069 sprevit
2581 1015 2631 1057 ,ες
2667 1013 2827 1069 quem
2864 997 3049 1059 videre
3089 999 3374 1071 cupiebat,
3410 1001 3608 1067 illusit;
3648 1010 3711 1059 et

2113 1096 2239 1167 quia
2273 1096 2436 1151 vitam
2468 1110 2575 1153 non
2621 1109 2719 1165 pro
2745 1094 2959 1153 vivendi
2990 1111 3177 1152 amore
3203 1096 3483 1171 quaesivit,
3514 1096 3715 1154 remit-

2115 1193 2235 1241 tens
2276 1201 2400 1243 eum
2441 1184 2509 1245 ad
2542 1183 2773 1242 Pilatum
2805 1223 2833 1253 ,Α
2862 1184 3251 1256 ieimpitatatie
3267 1202 3377 1248 suae
3405 1196 3580 1247 morte
3616 1200 3711 1246 rev-

2114 1280 2351 1349 mansit..

2677 1366 2905 1427 CAPUT
2944 1367 3157 1427 XXVII.

2188 1459 2259 1521 Ut
2290 1464 2577 1521 monachus
2613 1479 2667 1518 se
2696 1480 2727 1517 α
2756 1462 2939 1517 mundi
2977 1463 3328 1532 implicatious
3355 1464 3639 1521 custodiat.

2188 1554 2443 1628 Quisquis
2469 1568 2600 1626 ergo
2630 1555 2681 1613 in
2708 1554 2985 1624 procinctu
3012 1554 3254 1615 caelestis
3279 1555 3483 1612 tnilitize
3499 1558 3725 1627 positus»

2117 1648 2187 1705 ad
2223 1662 2470 1720 superum
2512 1646 2702 1719 patria:
2752 1646 3101 1715 municipium
3152 1657 3445 1717 properat,
3494 1649 3715 1704 studeas

2121 1739 2260 1799 tnale
2284 1736 2609 1795 blandientis
2629 1737 3100 1806 mundi-promissa
3123 1750 3395 1807 respuere,
3419 1737 3723 1793 abhorreat-

2047 1819 2092 1880 B
2121 1847 2180 1886 se
2208 1831 2309 1886 sub
2336 1830 2575 1901 qualibet
2610 1829 3089 1901 specie'actionnm
3134 1830 3474 1885 smenlarittm
3506 1829 3715 1899 laqueis

2123 1924 2357 1979 irrelire.
2418 1921 2592 1977 llabet
2645 1921 2957 1993 deputatum
3010 1922 3112 1977 sibi
3160 1922 3391 1993 propria
3432 1922 3715 1979 servitutis

2122 2014 2352 2075 cilicium
2384 2032 2397 2068 :
2435 2014 2684 2071 sulIicere
2726 2014 2829 2073 sibi
2877 2013 3083 2079 credat,
3116 2015 3160 2069 si
3194 2015 3408 2069 indictae
3445 2013 3550 2068 sibi
3578 2013 3714 2067 obc-

2121 2106 2338 2163 dientim
2367 2106 2740 2176 przescriptum
2775 2121 2970 2163 munus
2996 2106 3166 2175 possit
3192 2104 3436 2175 implere.
3476 2105 3608 2160 illud
3643 2107 3712 2161 ad

2123 2198 2441 2257 memoriam
2469 2206 2683 2253 revocet
2718 2196 2859 2266 quod
2897 2198 3158 2268 scriptum
3185 2206 3266 2252 est
3300 2215 3311 2250 :
3345 2215 3375 2249 et
3396 2196 3538 2252 Cave
3563 2211 3630 2251 ne
3659 2197 3727 2252 itr

2124 2290 2307 2351 multis
2338 2290 2447 2345 sint
2480 2298 2633 2346 actus
2662 2288 2736 2343 tui
2771 2288 2962 2359 (Ecclt'.
2990 2289 3088 2359 xv).
3114 2307 3132 2342 ι
3164 2288 3525 2343 Saecularibus
3550 2287 3729 2343 relin‘

2122 2392 2321 2455 quatur
2356 2380 2633 2441 saecularia
2671 2378 2792 2447 jura
2838 2394 3184 2451 componere.
3234 2379 3378 2435 Satis
3426 2379 3497 2434 sit
3541 2380 3719 2435 servis

2124 2476 2217 2531 Dei
2249 2473 2489 2545 perituro
2517 2472 2643 2528 huic
2668 2473 2867 2527 mundo
2896 2487 2957 2527 se
2983 2480 3226 2529 mortuos
3251 2470 3532 2526 exhibere.
3562 2469 3729 2525 Sicut.

2122 2568 2265 2625 enim
2293 2565 2587 2622 absurdum
2612 2573 2732 2629 est,
2760 2563 2916 2622 bonis
2941 2562 3081 2620 mala
3112 2561 3398 2632 preferre;
3436 2562 3509 2617 ita
3548 2562 3725 2617 etiam-

2123 2659 2371 2724 fatuum,
2420 2658 2683 2728 optimum
2737 2657 2881 2713 bono
2928 2655 3154 2713 inferius
3197 2654 3465 2726 judicare.
3520 2654 3717 2719 Maria,

2123 2752 2247 2821 quia
2284 2750 2543 2820 Optimam
2583 2758 2792 2819 partem
2819 2748 3000 2820 elegit.
3031 2748 3279 2805 sufficere
3315 2748 3414 2805 sibi
3445 2749 3714 2813 credidit;

2125 2856 2223 2895 nec
2248 2855 2307 2896 se
2345 2841 2410 2894 ad
2441 2840 2581 2896 bona
2612 2840 2861 2903 Marthae,
2889 2839 3143 2910 frequens
3187 2839 3436 2895 videlicet
3472 2840 3724 2894 tuinisteo

2125 2930 2265 2985 rium
2291 2971 2305 2995 ,
2339 2930 2621 2985 reclinavit
2642 2928 2795 3000 (Luc.
2831 2930 2908 2998 x).
2958 2930 3187 3001 Moyses,
3229 2931 3352 3000 quia
3383 2930 3451 2983 ab
3480 2929 3719 2984 humana

2126 3021 2538 3077 conversatione
2572 3030 2815 3077 remotus
2841 3062 2855 3088 ,
2902 3020 2986 3080 bis
3031 3019 3464 3090 quadragenario
3507 3020 3721 3074 dierum

2129 3126 2355 3167 numero
2396 3111 2699 3182 jejunavit,
2749 3112 2833 3167 bis
2875 3112 3039 3169 etiam
3078 3111 3249 3181 legem
3294 3110 3503 3165 Domini
3549 3111 3724 3180 digito

2130 3205 2384 3275 scriptam
2418 3204 2692 3273 suscipere
2722 3202 2921 3261 meruit
2959 3201 3157 3270 (Exod.
3184 3201 3373 3270 xxiv);
3414 3202 3596 3257 Aaron
3626 3216 3725 3253 att-

2130 3302 2236 3351 tem
2261 3336 2273 3358 .
2301 3294 2393 3364 qui
2426 3294 2492 3350 ad
2521 3292 2822 3351 custodiam
2849 3291 3028 3362 populi
3056 3293 3347 3352 derelictus
3372 3301 3489 3357 est,
3520 3305 3725 3362 cognoo

2127 3388 2295 3445 scitur
2326 3386 2465 3442 idola
2504 3383 2800 3441 fabricatus
2829 3382 3028 3455 (Εεωά.
3059 3385 3257 3454 xxxtt).

2198 3478 2291 3534 Sic
2338 3478 2633 3545 nimirum,
2681 3476 2763 3533 sic
2802 3476 3122 3547 plerumque
3168 3474 3469 3546 contingit,
3515 3481 3578 3529 ut
3621 3471 3720 3543 qui

2126 3568 2341 3643 propria
2390 3583 2498 3624 non
2552 3576 2879 3632 contentus,
2932 3565 3124 3625 alienae
3171 3565 3513 3636 pragrcditur
3556 3562 3723 3623 saluti

2126 3657 2442 3723 consulere,
2472 3658 2569 3712 sui.
2596 3658 2776 3726 potius
2811 3666 3039 3727 cogatur
3066 3655 3363 3726 periculum
3406 3656 3718 3718 sustinere;

2127 3765 2360 3821 cumque
2389 3749 2504 3815 alii,
2534 3748 2676 3808 velut
2718 3749 2858 3805 inter
2887 3747 3182 3818 procellosa
3214 3744 3493 3816 naufragia
3540 3744 3722 3815 palpi~

2129 3840 2304 3906 tanti,
2349 3854 2567 3899 manum
2612 3838 2889 3907 porrigit,.
2930 3838 3101 3907 ipsum
3144 3850 3358 3905 quoque
3386 3834 3721 3905 praecipitem

2128 3949 2293 3989 vorax
2322 3930 2516 3991 fluctus
2543 3930 2783 3987 involvit.
2810 3927 2999 3985 Tutius
3026 3944 3157 3999 ergo
3181 3937 3266 3985 est
3286 3929 3386 3987 Sub
3410 3926 3570 3996 hujus
3592 3928 3723 3986 vim

2130 4034 2392 4085 nocturna
2421 4023 2682 4095 caligine,
2715 4037 2813 4075 nos
2838 4022 2999 4093 272
3027 4021 3080 4075 in
3122 4020 3302 4077 littore
3328 4018 3534 4090 positos
3578 4034 3720 4073 nau-

2131 4115 2467 4191 fragantibus
2495 4113 2674 4168 lumen
2717 4112 2986 4182 ingerere,
3023 4126 3187 4179 quam
3227 4110 3293 4167 ad
3335 4124 3429 4166 eos
3466 4123 3723 4177 compas-

2131 4207 2299 4275 sionis
2329 4205 2500 4279 gratia
2528 4219 2649 4261 cum
2680 4203 2912 4274 propriae
2950 4202 3076 4257 vita:
3112 4201 3351 4273 periculo
3380 4210 3674 4272 pernatare
3700 4216 3719 4265 ;

2131 4306 2398 4374 quatenus
2443 4293 2543 4364 ipsi
2598 4307 2696 4363 per
2740 4307 2844 4348 nos
2889 4293 3015 4348 dato
3065 4292 3201 4348 recti
3250 4305 3444 4347 cursus
3493 4289 3720 4353 indicio,

2132 4389 2313 4443 sinum
2338 4386 2435 4442 tuti
2464 4392 2650 4455 portus
2678 4384 2977 4455 attingant,
3000 4398 3109 4439 non
3147 4391 3329 4441 autem
3375 4396 3474 4439 nos
3516 4381 3587 4437 ad
3619 4395 3720 4438 eos

2136 4475 2550 4536 transfretantes
2572 4489 2772 4545 vorago
2798 4466 3035 4545 spumosi
3083 4472 3251 4528 maris
3294 4472 3606 4530 absorbent.
3655 4472 3719 4528 In

451 4563 663 4627 timori,
709 4542 947 4633 przcsens
989 4542 1169 4619 autem
1198 4566 1409 4620 videtur
1446 4566 1738 4635 despectui.
1786 4542 1936 4636 Quod
1979 4578 2034 4629 et
2062 4542 2337 4625 l"vertice
2370 4565 2571 4623 montis
2599 4542 2885 4641 Rapbidim
2914 4563 3124 4634 Moyses
3147 4565 3358 4629 orabat,
3383 4574 3439 4619 et
3467 4563 3604 4618 duce
3624 4561 3722 4618 Jo-

453 4652 740 4722 Apostolus
787 4654 1003 4710 sibimet
1058 4656 1347 4728 contigisse
1400 4667 1669 4728 testatur,
1718 4675 1838 4715 cum
1888 4661 1965 4723 ait
2016 4680 2029 4721 :

460 4762 479 4795 t
510 4743 757 4815 Epistula:
788 4760 978 4815 graves
1009 4757 1168 4809 sunt.
1209 4758 1259 4807 et
1293 4749 1490 4817 Fortes,
1522 4752 1807 4820 prtesentia
1853 4762 2033 4812 autem

454 4836 695 4905 Corporis
718 4837 948 4903 infirma,
971 4849 1025 4894 et
1044 4856 1222 4894 sermo
1242 4843 1660 4913 contemptibilis
1679 4844 1727 4914 (1
1736 4843 1761 4898 1
1783 4843 2028 4917 (ἐρωὴ.)

458 4924 604 4992 Quos
639 4928 781 4981 enim
810 4929 1169 4998 Epistolarum
1201 4932 1514 4989 fortitudine
1549 4944 1604 4990 et
1628 4938 1894 5008 gravitate
1923 4946 2032 4995 ter-

461 5026 642 5070 ruerat
663 5059 676 5081 ,
709 5020 793 5073 bis
818 5022 1082 5090 corporali
1119 5027 1404 5093 praesentia
1432 5029 1779 5098 deSpicabilis
1809 5046 2033 5099 appare-

461 5110 568 5162 hat.
601 5108 755 5176 Quid
782 5120 959 5166 autem
1008 5114 1199 5169 mirum
1222 5156 1236 5180 ,
1281 5117 1324 5171 si
1364 5115 1527 5185 justis
1553 5118 1878 5189 quibuslibet
1904 5121 2034 5179 viris

460 5201 560 5254 ista
591 5202 937 5272 contingant,
971 5220 1090 5258 eum
1139 5214 1194 5260 et
1237 5208 1302 5261 de
1349 5209 1463 5277 ipso
1499 5208 1791 5267 electorum
1836 5210 2031 5277 capite,

460 5291 817 5363 Redemptore
860 5294 1111 5351 videlicet
1162 5306 1389 5360 nostro,
1443 5314 1548 5352 non
1599 5298 1857 5354 dissimile
1906 5300 2033 5369 quid

458 5386 768 5453 evangelica
812 5386 981 5441 series
1019 5390 1262 5441 asserat?
1294 5406 1312 5438 ί
1343 5387 1618 5453 Herodes,
1664 5390 1835 5458 inquit
1860 5430 1893 5455 ,η
1920 5391 2035 5447 viso

458 5473 609 5537 Jcsu,
643 5476 858 5545 gavisus
888 5488 969 5533 est
997 5478 1181 5544 valde;
1214 5488 1330 5534 erat
1358 5480 1499 5534 enim
1528 5481 1748 5552 cupiens
1776 5498 1839 5536 ex
1872 5482 2039 5539 multo

463 5569 703 5633 tempore
731 5569 911 5623 videre
933 5586 1079 5634 eum,
1107 5585 1189 5625 eo
1209 5570 1350 5639 quod
1375 5571 1619 5625 audierat
1658 5572 1823 5625 multa
1855 5572 1919 5629 de
1952 5572 2041 5626 illo

463 5650 614 5725 (εἱλισ.
645 5658 825 5726 xxttt).
856 5678 873 5710 ι
912 5659 1017 5713 Sed
1045 5660 1319 5714 videamus
1348 5660 1451 5715 hoc
1479 5670 1584 5714 tam
1624 5677 1898 5730 magnum,
1934 5672 2039 5714 tam

465 5744 773 5805 diuturnum
800 5749 1127 5808 desiderium
1152 5790 1165 5817 ,
1196 5751 1339 5821 quod
1369 5752 1421 5807 in
1453 5753 1727 5812 absentem
1760 5752 2039 5812 Dominum

2135 4674 2261 4724 sue,
2282 4658 2447 4716 Israel
2494 4658 2547 4714 in
2577 4656 2820 4720 convalle
2856 4656 3151 4731 pugnabat.
3184 4654 3289 4715 Sed
3320 4655 3370 4711 si
3413 4654 3626 4726 Moyses
3663 4655 3735 4711 in,

2136 4748 2462 4820 adiutorium
2505 4747 2683 4818 populi
2730 4747 2812 4802 sui
2859 4746 2926 4802 ad
2970 4745 3292 4817 campestria
3327 4746 3733 4809 descendisset,

2136 4842 2390 4907 Amalech
2422 4840 2607 4917 procul
2637 4840 2799 4896 dubio
2826 4840 3193 4897 lsraelitarum
3243 4839 3540 4898 cedentium
3565 4847 3735 4909 terga,

2136 4941 2461 5009 percuteret.
2511 4932 2569 4989 Si
2614 4932 2701 4989 ille
2739 4946 2929 4989 manus
2962 4932 3032 4988 ad
3059 4931 3398 5001 corripienda
3428 4946 3579 4989 arma
3624 4931 3724 4986 de-

2140 5035 2400 5101 poneret,
2448 5023 2590 5082 facta
2639 5039 2862 5084 suorum
2909 5032 3133 5093 strage,
3173 5023 3388 5080 facilem
3434 5022 3729 5079 victoriam.

2139 5116 2465 5174 adversariis
2507 5113 2963 5186 triumphantibus
3003 5114 3334 5184 praebuisset.
3372 5112 3525 5180 Quod
3554 5110 3727 5171 nimi-

2140 5224 2258 5262 rum
2296 5216 2541 5278 patenter
2568 5206 2897 5276 agnoscitur,
2929 5206 2975 5262 si
3020 5206 3133 5275 ipsa
3162 5220 3332 5262 sacrae
3358 5206 3599 5263 historia:
3639 5218 3730 5259 se-

2142 5297 2249 5355 ries
2277 5297 2544 5353 subtiliter
2574 5296 2885 5351 attendatur
2909 5333 2939 5362 ,,
2963 5295 3055 5350 ttbi
3093 5294 3288 5352 dicitur
3315 5310 3329 5348 :
3364 5293 3547 5361 ι.ουἰᾶ
3593 5308 3729 5349 cum

2139 5386 2341 5443 levaret
2379 5387 2605 5461 Moyses.
2626 5402 2818 5441 manus
2841 5386 3144 5453 ,.vincebat
3184 5384 3379 5449 Israel;
3410 5383 3493 5441 sin
3537 5390 3731 5442 autem

2139 5476 2410 5553 paululum
2465 5475 2800 5541 dimisisset,
2855 5476 3163 5545 superabat
3200 5474 3458 5533 Amalech
3516 5471 3727 5542 (Exod.

2144 5566 2298 5634 xvn).
2338 5586 2356 5619 ι
2405 5566 2627 5624 Orantis
2669 5582 2800 5641 ergo
2842 5582 3037 5622 manus
3062 5608 3077 5632 ,
3124 5581 3314 5621 manus
3362 5563 3730 5635 praeliantium

2144 5660 2505 5723 roborabant;
2544 5668 2599 5715 et
2627 5659 2753 5729 quia
2793 5659 2907 5713 ista:
2954 5657 3196 5717 imbelles
3235 5657 3301 5711 ad
3345 5656 3539 5712 (telum
3572 5662 3735 5725 pate-

2145 5751 2268 5811 bant
2280 5791 2313 5819 ,,
2327 5750 2528 5808 idcirco
2550 5751 2656 5809 illae
2676 5750 2998 5813 dimicantes
3016 5750 3295 5808 victoriam
3311 5749 3465 5811 caesis
3480 5746 3753 5806 hostibus.
