3996 6184
301 323 402 381 281

1283 323 1527 388 OPUSC.
1568 329 1685 389 XII.
1716 359 1788 372 —
1816 327 1907 387 DE
1941 327 2364 389 CONTEMPTU
2401 332 2695 392 SIECULI.

3472 333 3582 392 ω

296 437 641 495 obtinebant.
677 435 895 493 illarum
923 438 1141 508 quidem
1168 437 1271 496 fuit
1298 455 1500 514 pugna,
1529 443 1625 499 sed
1668 442 1894 499 istarum
1922 443 1974 503 Α
2001 442 2174 497 stolas
2228 443 2472 515 gentium
2499 484 2515 510 ,
2572 445 2931 501 ministerium
2983 461 3164 503 meum
3211 446 3585 527 honorificabc

300 545 410 585 non
452 528 749 599 ambigitur
778 529 947 588 fuisse
968 530 1232 596 victoria;
1279 534 1405 602 quia
1439 544 1499 588 ut
1540 535 1652 591 illis
1676 535 1901 591 daretur

297 634 562 683 vincere,
612 620 730 675 istae
787 631 1105 678 meruerunt
1152 623 1412 681 divinitus
1460 625 1774 695 impetrare.
1828 626 1901 683 At

296 720 520 776 contra,
538 709 759 769 Balaam
789 711 934 769 illius
961 712 1122 780 Reor,
1148 717 1240 786 qui
1269 718 1337 773 ad
1362 718 1603 788 praelium
1628 734 1753 775 cum
1790 718 1900 773 Ma-

295 804 522 863 llianitis
551 806 859 875 egreditur,
893 822 1017 865 cum
1046 808 1165 875 bis,
1188 825 1328 880 quos
1360 809 1609 882 jugulare
1639 811 1899 867 decreve-

298 903 412 958 Iua,
433 894 614 962 gladio
642 896 946 953 trucidatur
969 897 1167 969 (Nunt.
1185 902 1363 971 xxxi).
1393 902 1461 956 Et
1483 901 1628 971 iure,
1657 904 1749 973 qui
1772 918 1901 974 ριόσ

296 984 420 1054 prio
456 1001 565 1043 non
606 995 693 1044 est
737 996 1027 1046 contentus
1069 988 1274 1058 oﬂicio,
1310 992 1610 1051 discrimini
1654 995 1900 1051 redditur

294 1079 568 1139 obnoxius
598 1082 795 1139 alieno.
828 1084 1019 1145 Infelix
1054 1089 1254 1143 meruit
1291 1089 1436 1146 inter
1462 1090 1778 1148 bellantium
1803 1108 1895 1148 cu-

296 1185 435 1227 neos
470 1172 758 1231 hostilibus
792 1175 989 1247 gladiis
1023 1177 1309 1237 confossus
1338 1183 1680 1247 occumbere,
1711 1184 1802 1253 qui
1841 1183 1895 1239 in

295 1277 434 1332 paee
474 1265 686 1337 positus
731 1284 827 1339 per
871 1270 1169 1339 prophetiae
1214 1274 1499 1330 oraculum
1555 1276 1725 1347 ipsius
1768 1277 1895 1333 belli

296 1356 565 1423 potuisset
598 1358 808 1416 exitum
848 1363 1183 1418 renuntiare.

850 1449 1081 1508 CAPUT
1118 1452 1357 1511 XXVIII.

570 1534 649 1594 De
680 1537 954 1605 libertate,
990 1550 1041 1597 et
1079 1544 1395 1601 discretione
1434 1546 1617 1603 Eliut'.

368 1620 721 1697 Nequaquam
752 1631 834 1687 sic
872 1632 1120 1699 Eliseus,
1162 1636 1255 1706 qui
1297 1636 1555 1693 nimirum
1594 1637 1777 1695 Joram
1807 1655 1893 1696 re-

1999 532 2181 605 (Rom.
2240 537 2375 608 xu)»
2446 535 2697 605 Nunquid
2748 539 2895 595 enim
2949 540 3197 595 minister
3263 538 3605 594 humilitatis,

1995 627 2393 686 existimandus
2416 638 2523 695 est,
2556 629 2798 686 Naaman
2839 632 3070 702 superbe
3102 632 3284 687 ﬁxisse
3309 646 3411 701 pro
3455 630 3606 686 fori»

1997 715 2118 780 bus,
2153 717 2244 786 qui
2276 718 2343 775 de
2382 727 2568 775 monte
2597 719 2830 776 Carmeli
2882 720 2937 776 iu
2974 736 3082 790 quo
3129 723 3413 785 manebat,
3446 736 3473 772 a
3506 721 3588 776 fec

1995 808 2453 881 minasepassus
2483 820 2566 868 est
2612 813 2878 883 pertrahi,
2933 822 2989 868 et
3046 813 3383 868 Sunamitcm
3435 811 3590 865 illam

1998 916 2103 956 non
2127 900 2306 959 solum
2332 902 2647 970 comitatus,
2698 918 2887 959 verum
2939 903 3162 973 insuper
3204 914 3285 958 est
3326 901 3591 957 secutus?

1992 988 2130 1048 Nam
2159 1006 2284 1049 cum
2330 991 2420 1046 illa
2456 992 2664 1061 diceret
2701 992 2811 1064 (IV
2842 992 2969 1064 Reg.
3003 993 3076 1064 Iv)
3107 1012 3120 1047 :
3170 1012 3188 1045 ι
3213 993 3360 1050 Vivit
3399 992 3587 1047 Domi-

1995 1098 2118 1148 nus,
2164 1091 2221 1139 et
2256 1084 2390 1139 vivit
2422 1085 2601 1140 anima
2634 1093 2748 1151 tua,
2801 1101 2908 1142 non
2941 1086 3207 1143 dimittam
3258 1095 3345 1151 te;
3392 1105 3412 1136 r
3455 1100 3583 1140 mox

1995 1176 2241 1247 sequitur
2272 1172 2557 1246 Scriptura
2585 1216 2601 1243 ,
2655 1176 2844 1233 dicens
2870 1194 2884 1234 ε
2941 1195 2959 1228 ι
2981 1175 3252 1240 Surrexit,
3282 1183 3339 1230 et
3365 1183 3589 1231 secutus
3662 1246 3667 1251 η

1994 1275 2081 1321 est
2127 1280 2303 1321 eam.)
2355 1264 2607 1336 Nunquid
2654 1268 2820 1323 etiam
2854 1267 3072 1337 copiosa
3117 1281 3341 1323 munera
3392 1265 3586 1321 tumidi

1996 1354 2168 1411 fastus
2221 1356 2513 1427 supercilio
2549 1358 2776 1427 respuit,
2832 1358 2925 1429 qui
2983 1373 3014 1413 a
3060 1358 3180 1412 viro
3234 1357 3466 1427 quodam
3515 1357 3585 1412 de

1992 1448 2253 1505 Balsalisa
2283 1452 2553 1516 veniente,
2602 1451 2738 1507 viles
2772 1452 3106 1506 bordeaceos
3140 1466 3307 1522 panes
3345 1450 3582 1505 charita-

1995 1542 2104 1602 live
2129 1543 2406 1613 suscipere
2435 1560 2546 1599 non
2574 1531 2860 1615 despexit?

2066 1633 2173 1689 Sed
2216 1633 2308 1693 hic
2337 1635 2465 1691 dum
2503 1636 2784 1707 propheta
2828 1635 3198 1699 obstaculum,
3250 1649 3319 1690 ne
3360 1633 3582 1689 tumidae

291 1729 425 1785 gem
445 1715 607 1772 lsrael
634 1722 895 1779 adversus
912 1723 1069 1783 Moab
1096 1739 1496 1798 properantem,
1526 1746 1634 1786 non
1656 1732 1722 1787 ad
1751 1732 1887 1789 bella

1994 1725 2244 1782 elationis
2273 1735 2536 1797 arguatur
2558 1767 2573 1793 ,
2604 1727 2951 1797 apponimus,
2982 1726 3037 1781 in
3067 1727 3427 1796 nosmetipsos
3446 1739 3580 1780 exa-

294 1819 522 1867 secutus
548 1821 677 1877 est,
704 1816 801 1870 sed
846 1825 1057 1875 tantum
1086 1796 1335 1878 sumsere
1378 1822 1630 1889 credidit,
1658 1825 1803 1894 quod
1838 1825 1887 1881 ei
1920 1796 1964 1858 Β
1993 1816 2179 1876 ctoriae
2230 1796 2547 1886 quaestionis
2593 1796 2799 1873 aditum
2846 1818 3142 1888 aperimus.
3200 1816 3386 1874 P0test
3434 1816 3583 1871 enim

293 1916 607 1960 successum
624 1907 748 1962 belli
776 1917 833 1964 et
853 1911 1160 1970 adfuturam
1187 1916 1420 1973 concisis
1446 1916 1693 1974 hostibus
1719 1919 1891 1975 victo-

296 1995 439 2050 riam
484 1999 737 2067 praedixit
765 2002 875 2071 (IV
903 2003 1031 2076 Reg.
1058 2007 1165 2076 ιιι).
1213 2008 1318 2064 Sed
1349 2026 1449 2066 cur
1480 2012 1731 2079 dicimus,
1763 2015 1889 2086 quia

292 2104 639 2159 nequaquam
670 2092 721 2151 in
754 2096 995 2163 praelium
1023 2100 1170 2169 regia
1198 2108 1377 2156 castra
1405 2116 1624 2160 secutus
1649 2106 1742 2171 sit,
1766 2122 1887 2162 cum

293 2184 357 2233 et
396 2176 638 2234 Naaman
685 2183 765 2237 do-
800 2186 1034 2242 remotis
1062 2186 1235 2259 Syria:
1283 2189 1482 2248 ﬁnibus
1523 2195 1803 2261 veniente,
1834 2206 1895 2254 et-

291 2268 437 2325 pstio
469 2270 663 2326 domus
690 2288 802 2328 sine
831 2291 951 2331 cum
988 2279 1145 2349 equis
1168 2319 1193 2343 φ
1228 2290 1284 2335 et
1323 2284 1589 2340 curribus.
1615 2286 1892 2344 humiliter

293 2357 617 2423 assistente,
645 2376 753 2416 non
784 2362 947 2419 limen
976 2368 1157 2435 egredi
1187 2369 1407 2439 dignum
1440 2373 1627 2439 duxit,
1667 2391 1771 2431 non
1805 2374 1891 2445 ias

296 2461 458 2504 uuam
490 2461 547 2504 ut
575 2452 947 2524 ingrederentr
974 2462 1184 2529 aperuit
1214 2479 1227 2515 :
1259 2462 1353 2517 sed
1388 2478 1488 2532 per
1514 2467 1890 2539 nuntiumpo-

293 2539 404 2595 tius
431 2557 552 2611 qua:
591 2544 792 2600 fuerint
825 2549 1093 2615 facienda.
1122 2554 1440 2611 mandavit?
1478 2557 1551 2613 Et
1574 2570 1721 2615 certe
1750 2560 1889 2616 Naa-

292 2647 423 2686 man
466 2636 549 2689 isti
588 2639 864 2708 multiplex
914 2645 1309 2704 mundanarum
1340 2650 1524 2706 dctum
1569 2656 1896 2724 suppetebat

290 2724 474 2793 copia,
496 2728 693 2796 quibus
719 2732 1069 2792 honorandus
1092 2754 1214 2795 esse
1236 2742 1528 2799 videretur.
1563 2745 1716 2802 Sicut
1741 2751 1886 2805 enim

290 2822 529 2874 testatur
554 2821 772 2879 historia
797 2842 810 2881 :
845 2844 863 2879 ι
892 2826 1149 2899 Princeps
1178 2816 1297 2889 erat
1321 2836 1543 2903 militias,
1568 2839 1652 2893 vir
1672 2857 1888 2914 quoquo

289 2924 525 3005 magnus
549 2916 690 2985 apud
716 2918 991 2978 dominum
1020 2938 1178 2979 suum
1199 2967 1213 2991 ,
1241 2935 1297 2981 ct
1318 2927 1613 2989 honoratus
1641 2934 1837 3005 (ibid);
1862 2954 1883 2987 ι

288 2999 398 3093 Par
417 3002 567 3057 illum
598 3007 743 3061 enim
780 3010 929 3066 dedit
955 3011 1215 3071 Dominus
1252 3019 1479 3075 salutem
1524 2999 1714 3093 Syrim.
1758 2999 1887 3083 Erat

285 3092 535 3163 insuper,
569 3097 717 3154 sicut
752 3101 1015 3171 scriptum
1056 3114 1138 3161 est
1154 3146 1181 3171 ,.
1209 3108 1296 3163 vir
1340 3108 1496 3168 fortis
1532 3092 1588 3168 et
1626 3115 1796 3169 dives.
1827 3116 1884 3173 in

286 3181 407 3253 ipsa
461 3186 631 3241 etiam
676 3191 1018 3257 expeditione
1064 3198 1309 3265 positus.
1361 3202 1677 3261 substantiae
1718 3206 1887 3262 tacul~

288 3282 402 3331 tate
434 3291 543 3330 non
574 3288 696 3335 erat
729 3282 952 3341 omnino
976 3300 1204 3345 vacuus.
1235 3286 1457 3349 Tulerat
1496 3293 1639 3349 enim
1677 3309 1883 3359 secum.

285 3364 434 3420 sicut
482 3365 715 3437 legitur,
752 3372 938 3429 decem
984 3375 1185 3435 talenta
1228 3380 1438 3449 argenti
1466 3422 1481 3446 .
1524 3391 1581 3439 et
1616 3397 1711 3442 sex
1741 3385 1887 3441 mille

287 3471 531 3527 aureos,
578 3463 765 3520 decem
809 3466 1163 3526 nihilominus
1202 3473 1495 3528 mutatoria
1535 3474 1887 3533 vestimento-

287 3568 411 3609 rum
446 3572 461 3586 ·
500 3571 620 3626 qua:
662 3560 771 3617 etsi
816 3560 1118 3631 cuiusmodi
1162 3565 1409 3633 fuerint,
1456 3567 1734 3639 Scriptura
1779 3586 1885 3625 non

286 3645 477 3711 dicat,
537 3649 793 3718 gravibus
846 3660 1024 3709 tamen
1085 3656 1247 3721 auri,
1306 3658 1625 3730 argentique
1682 3676 1887 3715 connu-

284 3747 504 3793 merata
550 3741 880 3810 ponderibus
923 3746 1165 3814 pretiosa
1212 3747 1379 3804 fuisse
1426 3750 1549 3819 quis
1605 3751 1887 3822 ambigat?

286 3828 488 3897 Quanti
515 3842 643 3889 sunt
667 3835 829 3915 hodie
855 3838 945 3908 qui
964 3840 1277 3898 monasticaz
1300 3842 1655 3898 institutionis
1677 3843 1885 3914 proles.

281 3921 443 3981 sione
466 3936 780 3990 censentur.
808 3932 1006 4001 quibus
1039 3933 1084 3988 si
1110 3942 1218 3988 tam
1234 3945 1447 4003 potens,
1472 3948 1689 4007 tamque
1712 3937 1884 3994 famo-

282 4028 381 4073 sus
419 4016 512 4071 vir
546 4032 644 4086 pro
678 4018 887 4077 foribus
913 4023 1231 4092 dignaretur
1252 4026 1527 4092 assistere,
1553 4042 1677 4083 mox
1715 4029 1883 4083 etiam

281 4105 452 4177 273
504 4106 827 4167 festinantes
883 4127 1197 4170 reverenter
1246 4126 1638 4184 occurrerent,
1692 4127 1753 4173 ut
1802 4119 1880 4174 in-

280 4197 617 4265 grederetur
664 4200 945 4261 humiliter
976 4203 1355 4271 obsecrarent,
1398 4216 1589 4263 etnon
1627 4216 1737 4263 tam
1763 4223 1884 4279 quae

280 4288 503 4345 utiliter
524 4290 906 4361 implerentur,
933 4311 1101 4366 quam
1127 4313 1249 4369 qua:
1276 4299 1510 4355 libenter
1539 4300 1879 4367 audirentur,

278 4380 681 4438 assentationis
710 4384 875 4440 verba
906 4386 1259 4455 proferrent?
1289 4388 1389 4455 Qui
1427 4388 1592 4444 etiam
1623 4390 1668 4446 si
1700 4398 1881 4447 tanto-

276 4487 416 4541 pere
442 4486 803 4572 rogarentur,
818 4493 1164 4572 nequaquam
1181 4481 1457 4551 suscipere
1474 4482 1654 4538 oblata
1684 4499 1879 4540 renue-
1909 4512 1960 4572 ι)

277 4573 431 4629 rent,
463 4568 774 4635 pmeuim
796 4569 843 4625 si
865 4570 1261 4639 aliquantulum
1288 4572 1632 4629 numerosior
1656 4573 1892 4631 alendo-

277 4668 409 4709 rum
442 4655 677 4714 aratrum
705 4660 808 4720 sibi
839 4671 1149 4720 conventus
1181 4665 1414 4721 adesset.
1447 4666 1660 4724 Eliseus
1697 4677 1879 4724 autem

275 4745 535 4816 Spiritus
558 4752 735 4808 sancti
757 4752 1103 4823 discipulus,
1136 4771 1232 4826 spe
1261 4757 1441 4823 dives,
1467 4759 1722 4816 thesauro
1756 4761 1879 4816 tidei

271 4840 559 4912 locuples,
595 4842 724 4899 licet
748 4857 970 4903 centum
1000 4849 1388 4919 prophetarum
1417 4849 1563 4906 ﬁlios
1584 4852 1685 4907 sub
1719 4852 1882 4907 disci-

268 4930 452 5002 plina
480 4948 598 4989 sua:
618 4935 933 5007 magisterio
955 4946 1309 5007 sustentaret,
1338 4942 1623 5011 pecuniam
1652 4943 1879 5012 sprevit,

270 5038 521 5080 munera
573 5026 792 5094 repulit,
837 5036 895 5083 et
938 5030 1196 5100 impensae
1221 5032 1409 5102 gratiae
1438 5033 1609 5087 vicem
1638 5034 1884 5103 recipere

268 5113 643 5170 laudabiliter
672 5118 965 5184 recusavit,
993 5134 1060 5173 ne
1084 5120 1336 5176 videlicet
1361 5122 1504 5191 quod
1531 5122 1700 5191 gratis
1729 5138 1883 5180 accc-

266 5213 466 5275 pcrat,
518 5206 589 5261 ad
638 5206 820 5264 dantis
858 5209 1112 5279 iniuriam
1160 5214 1395 5269 vendere
1445 5213 1742 5270 videretur.
1773 5216 1885 5270 Ve-

267 5297 465 5352 nienti
521 5307 707 5357 autem
760 5298 1002 5357 Naamau
1060 5318 1400 5373 nequaquam
1456 5308 1729 5377 superbe,
1786 5307 1881 5362 sed

262 5387 590 5460 prudenter
619 5404 729 5445 non
757 5394 1078 5453 assurrexit.
1118 5409 1190 5467 ge
1233 5395 1488 5451 videlicet
1532 5396 1880 5467 alienigenae,

262 5491 329 5543 et
358 5482 441 5537 dc
464 5489 684 5537 terrena
713 5484 891 5540 adhuc
929 5485 1099 5555 gloria
1140 5488 1485 5556 prmsumenti
1516 5491 1880 5546 reverentiam

256 5570 618 5629 exhiberet:
661 5572 916 5629 nimirum
940 5574 1054 5646 iam
1096 5584 1223 5633 tunc
1264 5578 1573 5647 apostolica:
1604 5580 1882 5649 dignitatis

260 5662 588 5732 imaginem
632 5663 949 5733 praeferens,
986 5681 1148 5736 quam
1180 5667 1378 5724 Paulus
1421 5670 1759 5739 postmodum
1787 5684 1881 5724 cx-

259 5770 542 5830 pressam
573 5767 949 5829 repraasentat,
990 5761 1214 5823 dicens:
1258 5781 1277 5817 ‹
1301 5762 1550 5839 Quandiu
1589 5779 1707 5821 sum
1752 5779 1880 5835 apo-

1994 1909 2255 1967 adversus
2282 1910 2399 1966 haec
2422 1925 2546 1981 qua:
2587 1910 2963 1981 proponimus,
3002 1911 3231 1981 quaestio
3273 1909 3581 1979 huiusmodi

1994 2000 2152 2065 ﬁeri:
2195 2001 2253 2059 Si
2304 2011 2490 2059 tantus
2534 2004 2833 2075 propheta,
2890 2012 2945 2058 et
2994 2019 3165 2073 panes
3214 2005 3282 2059 de
3333 2004 3582 2059 manibus

1991 2094 2274 2154 offerentis
2317 2097 2528 2167 accepit
2555 2137 2571 2161 ,
2609 2105 2665 2151 et
2691 2096 2842 2151 exire
2867 2095 2935 2151 de
2959 2111 3145 2151 eremo
3182 2094 3415 2159 feminea
3444 2109 3576 2164 sup-

1991 2187 2641 2259 plicationeconsensit;
2689 2203 2793 2258 qua
2836 2188 3048 2243 ratione
3096 2172 3439 2252 monachus,
3494 2186 3581 2241 vel

1991 2279 2247 2335 saeculum
2270 2279 2616 2349 frequentare
2644 2294 2752 2334 non
2782 2279 3000 2345 audeat,
3040 2279 3129 2335 vel
3154 2280 3431 2349 suscipere
3459 2294 3581 2333 mu-

1991 2384 2121 2427 nera
2153 2369 2423 2426 difficilius
2448 2371 2807 2439 acquiescat?‘
2839 2372 2934 2425 Ad
2972 2372 3114 2440 quod
3159 2385 3257 2425 nos
3289 2370 3388 2425 sub
3427 2384 3580 2425 com-

1989 2461 2195 2529 pendio
2233 2462 2658 2529 respondentes,
2711 2477 3051 2531 nequaquam
3097 2462 3226 2531 quid
3278 2460 3579 2530 accipiendi

1990 2552 2263 2622 licentiam
2307 2554 2573 2608 monacho
2618 2569 2841 2623 prorsus
2887 2554 3239 2618 abscidimus,
3265 2554 3357 2607 sed
3384 2566 3492 2619 quo
3520 2551 3573 2604 id

1992 2646 2368 2714 temperatius,
2397 2655 2453 2702 et
2495 2662 2619 2703 cum
2665 2646 2991 2702 discretione
3034 2646 3144 2708 fiat,
3177 2661 3300 2699 cum
3334 2643 3578 2698 fraterna

1989 2738 2204 2793 devotio
2226 2738 2482 2809 postulat,
2512 2741 2840 2795 suademus:
2882 2739 3138 2793 nimirum
3169 2748 3227 2793 ut
3266 2737 3580 2793 necessaria

1988 2845 2235 2901 qumque,
2264 2833 2409 2887 sicut
2433 2832 2691 2903 propheta
2722 2846 2891 2901 panes
2922 2831 3121 2905 quibus
3160 2830 3455 2899 indigebat,
3483 2844 3575 2884 ac~

1988 2922 2175 2990 cipiat,
2200 2930 2257 2977 et
2279 2938 2400 2992 quae
2425 2922 2695 2993 superﬂua
2716 2922 3062 2993 iudicaverit,
3109 2922 3252 2977 sicut.
3295 2920 3384 2975 ille
3412 2934 3576 2990 pecu-

1987 3016 2157 3080 niam,
2184 3030 2290 3071 non
2319 3015 2589 3070 admittat.

2060 3104 2213 3170 Quod
2259 3114 2438 3159 autem
2476 3104 2688 3159 Eliseus
2713 3103 2779 3158 ad
2810 3103 3239 3159 rcsuscitandum
3273 3100 3589 3156 Sunamitis.

1988 3197 2195 3263 filium,
2215 3196 2281 3251 de
2305 3204 2571 3249 montana.
2592 3196 2892 3250 remotione
2914 3194 3213 3258 descendit,
3248 3192 3406 3261 hujus
3438 3201 3589 3246 temo.

1987 3287 2136 3358 poris
2166 3286 2448 3340 monachis
2477 3287 2661 3356 potius
2692 3294 2777 3340 est
2824 3284 3163 3340 venerationi
3215 3282 3523 3337 habendum
3554 3321 3589 3346 ,,

1985 3396 2147 3451 quam
2179 3380 2521 3435 imitandum.
2552 3378 2739 3436 Liceat
2766 3393 2899 3434 sane
2924 3378 3191 3433 monacho
3220 3377 3288 3430 ad
3315 3376 3589 3431 szcculunr.

1985 3490 2054 3530 ex
2081 3472 2358 3530 voluntate
2382 3486 2686 3536 recurrere,
2730 3471 2947 3542 quoties
2975 3477 3250 3525 mortuum
3294 3466 3588 3521 hominem

1984 3566 2052 3623 ad
2078 3566 2246 3620 vitam
2276 3564 2514 3634 potuerit
2541 3564 2828 3620 suscitare.
2856 3562 2991 3619 illud
3030 3575 3264 3631 namque
3290 3557 3570 3630 propheti—

1984 3671 2107 3713 cum
2136 3656 2239 3711 itcr
2266 3654 2493 3711 omnino
2513 3655 2880 3725 cognoscitur,
2911 3662 2968 3708 et
3002 3652 3203 3706 virtute
3228 3650 3445 3721 plenum
3476 3663 3588 3717 per

1985 3745 2405 3802 resurrectionis
2433 3745 2685 3801 humanae
2712 3744 3057 3807 miraculum,
3101 3751 3157 3797 et
3190 3742 3430 3812 typicum
3474 3755 3583 3809 per

1984 3837 2398 3909 signiﬁcationis
2418 3836 2645 3892 internae
2665 3836 3006 3907 mysterium.
3034 3833 3173 3900 Quid
3199 3842 3383 3887 autem
3406 3832 3583 3899 signi.-

1984 3929 2108 3985 ilcet
2134 3943 2239 3985 non
2270 3927 2505 3983 otiosum
2531 3926 2773 3983 creditur
2797 3965 2816 3991 ,
2855 3926 2899 3980 si
2956 3925 3195 3979 breviter
3243 3930 3581 3992 apponatuu

1985 4019 2283 4075 Sunamitis
2313 4032 2506 4088 nempe
2537 4016 2704 4074 ﬁlium
2739 4031 2877 4087 puer
2907 4015 2977 4071 ab
3002 4015 3195 4085 Elissac.
3210 4015 3581 4069 missuscuuu

1982 4112 2173 4170 baculo
2229 4126 2335 4167 non
2394 4110 2739 4168 resuscitavit
2796 4127 2815 4165 :
2873 4123 2972 4180 per
3028 4107 3380 4177 semetipsum
3440 4118 3589 4159 vero.

1983 4205 2196 4262 Eliseus
2246 4203 2493 4269 veniens,
2542 4217 2709 4272 seque
2754 4217 2917 4273 super
2970 4208 3241 4256 mortuum
3296 4205 3584 4258 sternens,

1984 4306 2150 4367 atque
2195 4294 2264 4353 ad
2306 4293 2428 4365 eius
2477 4294 2721 4351 membra
2750 4308 2811 4350 se
2836 4292 3128 4364 colligens,
3181 4290 3287 4346 huc
3340 4288 3585 4358 illucque.

1983 4385 2352 4450 deambulans,
2380 4393 2435 4439 et
2462 4384 2515 4438 in
2551 4400 2646 4439 ore
2672 4384 2869 4438 mortui
2900 4379 3409 4452 septiesaspirans,
3428 4379 3589 4435 hunc:

1985 4480 2053 4535 ad
2102 4480 2399 4536 redivivam
2443 4477 2621 4537 lucem
2649 4478 2814 4551 274
2838 4479 3086 4550 protinus
3124 4493 3224 4548 per
3252 4475 3589 4546 mysterium:

1987 4573 2383 4641 compassionis
2436 4573 2715 4628 animavit.
2762 4573 2967 4627 Auctor
3019 4572 3289 4640 siquidem
3346 4569 3590 4624 humauit

1986 4664 2205 4735 generis
2236 4664 2380 4721 Deus
2405 4664 2573 4732 quasi
2606 4671 2881 4719 mortuum
2919 4676 3145 4730 puerum
3193 4659 3409 4721 doluit,
3447 4673 3590 4714 ctum

1988 4754 2285 4812 exstinctos
2312 4770 2411 4809 nos
2440 4754 2744 4823 iniquitatis
2771 4752 2961 4808 aculeo
3009 4753 3308 4807 miseratus.
3335 4751 3584 4819 aspexit.

1988 4847 2057 4905 Et
2084 4847 2211 4916 quia
2237 4862 2334 4915 per
2362 4846 2579 4916 Moysen
2629 4853 2891 4899 terrorem
2934 4843 3066 4913 legis
3106 4842 3375 4913 protulit,
3412 4843 3585 4910 quasi:

1988 4952 2085 5009 per
2114 4954 2339 5010 puerum
2368 4938 2574 5009 virgam
2617 4937 2783 4991 misit.
2832 4935 2936 4991 Per
2978 4935 3151 5006 legem
3198 4935 3399 5007 quippe
3427 4935 3585 4989 Deus.

1984 5029 2192 5100 virgam
2230 5038 2507 5092 tenuerat,
2555 5042 2676 5082 cum
2716 5026 2973 5083 dicebat:
3036 5026 3134 5082 «Si
3187 5028 3310 5096 quis
3340 5027 3455 5081 haec
3485 5023 3583 5079 vch

1985 5117 2072 5174 illa
2104 5118 2318 5184 fecerit,
2349 5127 2523 5174 morte
2554 5118 2818 5174 moriatur
2845 5116 3044 5190 (Exod.
3076 5132 3167 5182 xx,
3199 5117 3367 5187 ΧΧΙ).ι

2054 5209 2097 5263 Α
2129 5210 2338 5279 peccati
2371 5210 2534 5281 igitur
2562 5220 2736 5266 morte
2778 5210 2863 5265 lex
2906 5225 3008 5264 nos
3038 5208 3304 5266 suscitare
3338 5223 3444 5261 non
3470 5222 3569 5259 va—

1985 5296 2106 5364 luit,
2136 5298 2229 5353 sed
2261 5299 2327 5355 ad
2354 5308 2553 5355 statum
2583 5300 2710 5354 vita:
2736 5300 2880 5356 Deus
2911 5298 3148 5367 aspirata
3195 5295 3572 5352 mansuetudii-

1987 5389 2072 5445 nis
2106 5389 2280 5458 gratia
2329 5390 2627 5446 clementer
2668 5391 2863 5445 erexit.
2895 5388 2998 5444 Sed
3035 5401 3168 5457 puer
3214 5402 3351 5442 cum.
3377 5388 3581 5444 baculo

1987 5490 2262 5539 mortuum
2290 5485 2557 5541 suscitare
2584 5499 2688 5540 non
2729 5482 2912 5545 valuit,
2945 5482 3072 5550 quia
3104 5479 3270 5535 Paulo
3300 5489 3568 5535 attestan-

1986 5585 2074 5631 te:
2113 5595 2131 5629 ι
2156 5577 2297 5632 Nihil
2348 5578 2417 5633 ad
2460 5577 2759 5648 perfectura
2802 5575 3027 5631 adduxit
3075 5574 3159 5630 lex
3191 5572 3377 5644 (Hebr.
3413 5573 3564 5645 νιι).»

1984 5670 2077 5725 ille
2106 5680 2285 5726 autem
2312 5688 2409 5740 per
2428 5671 2779 5740 semetipsum
2802 5670 3051 5735 veniens,
3072 5678 3128 5725 ct
3154 5684 3316 5739 super
3338 5670 3571 5724 cadaver

1988 5777 2046 5820 se
2078 5762 2357 5820 humiliter
2397 5772 2669 5829 sternens,
2720 5761 2787 5819 ad
2837 5763 3169 5834 exaequanda
3216 5763 3323 5820 sibi
3369 5762 3567 5819 mortui
