3996 6184
907 375 964 430 s.
999 375 1201 432 curm
1240 372 1524 431 DAMIANI
1562 375 1712 433 ore.
1741 371 1978 431 TOMUS
2017 368 2369 430 spumas
2395 369 2491 428 im.
2519 404 2585 414 -
2620 355 2984 429 omissum
3028 365 3256 422 vanu:

3619 359 3722 416 281

449 491 691 544 membra
720 488 1058 560 seyollegit:
1109 507 1128 538 ι
1152 487 1288 555 Quia
1310 501 1432 542 cum
1466 487 1522 541 in
1549 486 1721 542 forma
1749 487 1842 540 Dei
1870 494 2034 549 esset,
2070 486 2115 545 Α
2141 485 2516 553 acquiescunt.
2569 482 2703 550 Quis
2752 481 2918 535 etiam
2983 493 3088 532 non
3136 478 3490 544 Obstupescat
3515 514 3530 532 .
3581 473 3723 542 quod

449 599 557 639 non
581 585 824 653 rapinam
847 585 1145 638 arbitratus
1164 580 1250 638 est
1275 599 1336 638 se
1355 597 1478 639 esse
1498 582 1759 653 :equalem
1789 583 1918 644 Deo.
1941 582 2036 635 sed

447 677 796 744 sevtaetipsum
837 677 1138 730 exinanivit
1190 676 1418 730 formam
1474 678 1614 732 servi
1658 677 1953 746 accipiens,
1982 676 2034 729 in

446 768 856 823 similitudinem
889 770 1166 824 hominum
1213 771 1410 833 factus,
1453 781 1508 825 et
1561 771 1747 825 habitu
1784 771 2035 824 inventus

450 869 510 910 ut
541 858 706 911 homo
739 858 960 928 (Philip.
990 869 1108 926 11).»
1143 861 1256 916 Huc
1283 862 1520 931 illucque
1551 863 1877 920 deambulat.
1909 863 2034 933 quia

448 958 500 1001 et
529 947 768 1002 Iudaeam
813 951 964 1020 juxta
1005 968 1081 1014 se,
1123 962 1176 1006 et
1216 953 1371 1024 longe
1401 955 1609 1024 positas
1637 963 1824 1025 gentes
1854 957 2033 1010 vocat.

450 1039 629 1109 Super
660 1050 928 1094 mortuum
960 1044 1162 1113 septies
1191 1045 1427 1113 aspirat.
1463 1045 1587 1114 quia
1637 1046 1702 1098 ad
1735 1046 2038 1116 perceptio-

450 1147 572 1185 nem
615 1133 778 1186 divini
829 1136 1070 1190 muneris
1115 1138 1286 1206 gratia
1340 1125 1674 1209 septiformis
1714 1139 1949 1208 Spiritus
1981 1136 2034 1192 in

445 1226 654 1293 peccati
703 1236 875 1280 morte
913 1227 1156 1294 jacentes
1205 1229 1520 1285 inﬂammat.
1580 1231 1808 1301 Moxque
1851 1232 2036 1288 vivens

447 1315 694 1384 erigitur,
729 1317 853 1384 quia
895 1317 958 1378 is,
1001 1333 1159 1386 quem
1190 1322 1414 1375 terroris
1441 1323 1590 1392 virga
1635 1323 1900 1377 suscitare
1930 1337 2035 1376 non

447 1405 642 1471 potuit.
688 1419 787 1475 per
832 1407 1036 1461 amoris
1081 1409 1332 1478 spiritum
1385 1427 1523 1481 puer
1574 1413 1640 1465 ad
1687 1412 1848 1465 vitam
1899 1412 2040 1465 rodit

447 1493 498 1561 (Ι
521 1493 556 1546 ν
593 1495 718 1564 Reg.
761 1496 858 1566 tv).

521 1585 651 1650 Quis
679 1602 808 1656 ergo
839 1589 1213 1656 prephetieum
1255 1589 1557 1645 discursum
1593 1591 1720 1660 jure
1754 1594 1950 1647 audeat
1981 1593 2036 1668 iu

444 1677 752 1742 exemplum
805 1679 1061 1745 trahere,
1114 1680 1268 1748 cujus
1320 1683 1578 1738 nimirum
1627 1693 1861 1747 constat,
1911 1685 2035 1753 quia

450 1779 624 1832 ncqtte
652 1765 927 1829 virtutem,
982 1785 1156 1837 neque
1197 1771 1513 1841 mysterium
1565 1773 1732 1842 possit
1777 1767 2035 1842 :equare?

452 1853 696 1909 Exenbet
725 1856 889 1925 igitur
924 1860 1140 1913 assidue
1169 1861 1398 1914 bellator
1439 1863 1640 1916 Christi
1669 1864 1722 1917 in
1751 1865 2033 1933 procinctu

448 1946 686 2002 ctelestis
717 1949 921 2004 militia:
945 1951 1112 2007 lorica
1143 1954 1384 2008 munitus
1413 1955 1532 2009 fidei
1561 1973 1574 2018 ;
1599 1972 1698 2024 pro
1727 1957 1923 2011 castris
1947 1957 2030 2010 sui

450 2038 791 2106 imperatoris
813 2044 878 2094 ad
901 2044 1266 2098 dimicandum
1298 2056 1518 2114 paratus
1543 2061 1756 2117 semper
1789 2049 2033 2115 assistat,

449 2145 518 2184 ne
547 2130 790 2188 fortassis
837 2144 991 2188 extra
1039 2145 1216 2190 castra
1269 2148 1553 2206 vagantem
1605 2140 1882 2208 reperiens
1909 2155 2032 2194 eum

447 2222 658 2290 gladius
707 2225 922 2279 hostilis
965 2226 1230 2281 absumat.
1276 2229 1458 2283 Donec
1499 2231 1682 2284 Abner
1711 2231 2031 2285 commilito:

450 2329 578 2366 nutu
602 2314 801 2368 castris
827 2315 1093 2380 interfuit,
1112 2317 1544 2372 adversariormn
1571 2320 1757 2374 cuneis
1781 2320 2035 2374 terribilis

447 2405 688 2468 exstitit;
752 2417 1034 2476 postquam
1087 2425 1215 2464 vero
1263 2428 1416 2464 arma
1465 2413 1748 2483 deposuit,
1803 2415 2035 2468 rudioris

449 2496 628 2552 adhuc
655 2499 840 2553 militis
869 2501 1068 2570 gladio,
1097 2504 1220 2556 czesi
1255 2520 1427 2573 nuper
1455 2505 1612 2560 Asael
1641 2521 1827 2575 pmnas
1856 2507 2036 2559 exsol-

451 2588 527 2640 vit
579 2589 663 2655 (Il
713 2589 838 2662 Reg.
889 2593 973 2655 tt).
1029 2593 1170 2648 Uria:
1215 2610 1430 2665 quoque
1475 2597 1519 2650 si
1574 2598 1808 2668 propria:
1843 2599 2036 2652 domus

453 2677 744 2743 boSpitimn
775 2681 1090 2748 placuisset,
1115 2687 1439 2740 sententiam
1469 2689 1655 2756 procul
1681 2687 1843 2742 dubio
1876 2691 2036 2756 regia:

453 2766 859 2836 indignationis,
889 2785 953 2826 ac
987 2772 1192 2828 fraudis
1227 2777 1501 2830 evaderet.
1537 2778 1641 2832 Sed
1666 2779 1792 2846 quia
1823 2769 2034 2832 extrin-

448 2872 610 2912 seeus
660 2859 712 2911 in
739 2859 952 2925 alienis,
989 2877 1152 2931 quam
1181 2864 1233 2918 in
1268 2868 1488 2934 proprio
1515 2868 1755 2922 dormire
1789 2869 2036 2924 cubiculo

451 2950 679 3013 maluit,
721 2963 971 3010 auctores
1002 2971 1112 3010 suze
1151 2959 1342 3012 mortis
1371 2959 1576 3013 litteras
1606 2961 1671 3014 ad
1733 2971 2034 3016 castrorum

452 3040 637 3092 urbem
663 3041 1022 3097 obsidentium
1047 3047 1342 3118 principem
1368 3052 1660 3117 reportavit
1685 3051 1732 3122 (1
1743 3050 1766 3104 Ι
1788 3050 1912 3122 Reg.
1931 3055 2032 3125 tu).

1007 3183 1236 3242 CAPUT
1274 3187 1464 3244 XXIX.

518 3297 673 3363 Quod
704 3298 802 3351 hoc
848 3308 1075 3372 tentpore
1121 3303 1429 3369 praedicatio
1462 3321 1585 3370 non,
1636 3305 1772 3358 sicut
1811 3305 1962 3372 olim,

875 3371 940 3423 sit
991 3371 1276 3426 admodum
1313 3373 1608 3444 fructuosa.

521 3507 586 3559 Et
608 3508 827 3576 quidem
855 3510 953 3562 fuit
983 3511 1115 3564 olim
1145 3521 1374 3582 tempus,
1407 3531 1514 3584 quo
1542 3516 1680 3570 bona
1709 3521 2038 3574 annuntian-

450 3599 596 3653 tibus
625 3602 855 3658 mundus
893 3605 1108 3672 egebat,
1155 3607 1248 3660 sed
1296 3608 1472 3676 e.’apsa
1520 3619 1664 3674 sunt,
1717 3627 1782 3666 ac
1823 3613 2036 3667 evoluta

449 3701 718 3761 tempora,
763 3696 964 3765 quibus
1011 3699 1298 3768 religiosus
1323 3701 1552 3770 quisque
1583 3705 1820 3772 potuerit
1864 3721 2037 3759 szccn-

449 3783 655 3838 laribus
687 3787 961 3843 l‘ructnose
991 3791 1296 3854 consulere,
1335 3801 1390 3846 et
1435 3793 1485 3846 in
1530 3804 1711 3850 mente
1738 3798 2035 3852 carnalium

449 3875 751 3943 spiritualia
806 3893 910 3930 non
960 3879 1225 3934 inutiliter
1265 3882 1552 3938 seminare.
1601 3881 1753 3939 Nunc
1797 3883 2040 3942 infelices

449 3965 650 4034 quique
681 3967 842 4020 verba
889 3968 1268 4025 vitze'fabulas
1307 3972 1586 4040 deputant.
1632 3984 1685 4027 et
1711 3976 2038 4032 salutaribus

449 4056 670 4111 monitis
696 4057 823 4111 licet
849 4074 1010 4114 aures
1038 4060 1353 4126 adhibeant,
1383 4078 1446 4117 ca
1487 4071 1665 4118 tamen
1697 4080 1915 4121 servare
1943 4068 2036 4122 de-

445 4147 672 4201 clinant.
707 4149 874 4203 Porro
903 4152 948 4204 si
981 4151 1102 4206 tidei
1133 4154 1330 4209 'oculos
1376 4157 1444 4209 ad
1495 4165 1769 4212 transacta
1819 4159 2038 4214 reduci-

452 4256 597 4303 mus,
621 4241 766 4294 velut
796 4243 1100 4298 fructuosos
1122 4260 1309 4298 ramos
1339 4245 1390 4299 in
1438 4248 1648 4302 sterilia
1681 4250 2041 4319 degenerasse

451 4332 794 4397 vitulamiua,
833 4337 1166 4403 praeteritum
1197 4338 1248 4392 in
1277 4339 1380 4393 hoc
1403 4352 1643 4408 praesens
1673 4341 1928 4396 sicculum
1961 4343 2042 4397 itt-

451 4426 718 4480 venimus.

521 4517 654 4583 Quis
677 4519 824 4572 enim
854 4535 960 4576 non
989 4521 1236 4585 miretur,
1275 4525 1419 4593 quod
1443 4522 1652 4588 Ninivc,
1689 4527 1921 4595 spatiosa
1959 4529 2040 4582 ni-

452 4609 556 4663 mis
589 4619 648 4664 et
683 4612 1134 4681 incomparabilis
1181 4615 1390 4679 civitas,
1427 4617 1493 4670 ad
1531 4632 1718 4671 vocem
1753 4618 1911 4672 unius
1942 4618 2040 4672 ho-

453 4702 616 4756 minis
643 4713 749 4756 tam
777 4705 934 4759 facile
964 4721 992 4759 a
1021 4721 1116 4760 sua
1142 4709 1404 4776 pravitate
1418 4704 1579 4778 275
1593 4710 1957 4775 convertitur;
1983 4721 2039 4765 et

453 4795 864 4850 innumerabilis
893 4798 1151 4867 populus,
1191 4815 1294 4852 non
1328 4799 1498 4853 solum
1530 4815 1652 4854 cum
1706 4802 1944 4870 parvulis
1981 4811 2036 4856 et

455 4886 795 4952 mulieribus,
823 4887 914 4941 sed
941 4888 1104 4942 etiam
1128 4905 1249 4943 cum
1267 4888 1528 4956 jumeutis
1559 4891 1624 4943 ad
1660 4893 2033 4961 pteniteutiam

454 4989 745 5031 revocatur
788 4979 936 5050 (Jan.
971 4980 1090 5050 In)?
1142 4982 1274 5048 Quis
1318 4983 1422 5037 hoc
1460 4992 1735 5052 tempore,
1793 5000 1898 5038 non
1960 4985 2037 5036 di-

452 5084 569 5123 cam
604 5070 830 5125 infirmae
855 5072 1022 5133 :etati,
1060 5073 1140 5125 vel
1181 5074 1354 5134 sexui,
1403 5074 1497 5128 sed
1545 5075 1676 5145 ipsis
1711 5077 1879 5128 etiam
1910 5075 2041 5128 viris

451 5173 746 5232 prmsumat
801 5163 1004 5232 jejunio
1065 5165 1315 5220 triduana
1377 5167 1773 5236 prmscribere,
1827 5175 1886 5220 ut
1942 5183 2041 5221 nec

454 5270 653 5323 aquam
707 5255 929 5318 bibere,
984 5271 1081 5309 nec
1125 5258 1417 5327 quidquam
1463 5259 1685 5312 omnino
1728 5259 1832 5312 cibi
1882 5259 2042 5312 liceat

452 5346 781 5411 degustare?
821 5347 960 5402 Ecce
995 5348 1136 5417 apud
1175 5349 1401 5416 gentiles
1448 5349 1605 5403 bruta
1652 5349 1815 5403 etiam
1845 5365 2040 5420 pecora

453 5436 519 5487 ad
551 5437 824 5506 prophetae
852 5452 1037 5503 vocem
1066 5439 1342 5492 triduanos
1379 5439 1531 5493 cibos
1577 5439 1786 5505 levant;
1822 5456 1944 5494 cum
1984 5451 2042 5494 ct

456 5525 556 5595 ipsi
591 5527 966 5584 homines‘sub
1001 5529 1314 5599 evangelica
1354 5529 1638 5598 disciplina
1666 5572 1680 5595 ,
1727 5531 1863 5585 ultra
1897 5533 2039 5586 diem

452 5617 700 5686 jejunare
729 5631 1102 5674 contemnunt.
1130 5621 1203 5674 llli
1253 5623 1318 5675 ad
1365 5624 1739 5691 paenitentiam
1772 5641 1878 5677 uno
1907 5624 2048 5694 pne-'

456 5709 674 5763 dicante
731 5712 1060 5767 unanimiter
1115 5714 1429 5777 confluunt;
1495 5715 1578 5769 isti
1628 5717 2040 5784 przcdicatorum

461 5799 650 5854 turbas
697 5802 1065 5858 indesinenter
1095 5806 1336 5872 audiunt,
1380 5815 1434 5860 et
1466 5807 1686 5862 obedire
1737 5807 2043 5862 nullatenus

2063 3217 2110 3281 C

2137 574 2329 630 omnes
2361 575 2458 631 viri
2503 574 2639 630 Juda
2699 582 2756 630 et
2799 571 3080 642 Benjamin
3107 609 3122 632 ,
3176 567 3487 637 quicunque
3527 581 3723 620 uxores

2135 667 2470 738 alienigenas
2505 666 2793 727 duxerant,
2824 664 2909 716 ad
2943 661 3384 733 prmdicati'onem
3425 659 3610 713 Esdrtc
3637 673 3720 714 δι’

2135 759 2371 814 cerdotis
2397 773 2502 812 non
2552 758 2724 812 solum
2787 756 2970 810 illicita
3015 753 3308 808 connubia'
3329 751 3723 814 dissolverunt,

2137 852 2230 907 sed
2260 861 2328 906 etv
2352 865 2567 906 omnem
2602 849 2841 905 sobolem
2866 847 3013 917 .q'ute
3061 861 3127 901 ex
3169 844 3468 916 cis-genita
3520 839 3723 908 fuerat,

2136 939 2530 1011 abjecerunttl
2567 939 2725 994 Eutr.
2751 939 2850 1006 x)-?
2890 937 3025 1005 Quis
3061 937 3271 1003 nesciat
3317 942 3552 1016 quantus
3581 935 3717 987 viro.

2134 1036 2256 1087 rum
2310 1033 2483 1087 amor
2517 1029 3206 1100 eirea'nxores‘proprias
3253 1029 3460 1098 vigeat,
3521 1035 3724 1096 quanta

2137 1123 2282 1178 circa
2317 1124 2688 1194 filiosipietas-
2711 1127 2998 1192 paternum
3048 1129 3243 1190 pectus
3269 1120 3567 1189 astringat?
3593 1119 3726 1186 Quis

2138 1219 2358 1289 ignoret
2377 1218 2444 1272 ad
2474 1216 2875 1272 dissolvendum
2901 1213 3096 1284 duplex
3122 1213 3287 1283 hujus
3309 1212 3726 1266 necessitudini!

2137 1311 2432 1376 vinculum,
2461 1325 2569 1379 quo
2602 1312 2856 1371 mturare,
2889 1323 2995 1378 qua
3040 1305 3416 1362 amaritudine
3442 1320 3512 1358 se
3535 1314 3718 1373 potus.

2138 1411 2264 1455 runt
2301 1402 2507 1455 viscera
2559 1402 2794 1454 humana
2840 1397 3172 1453 concutere?
3211 1395 3331 1462 Quo
3365 1391 3726 1449 vellentetttis-

2139 1495 2259 1549 simi
2288 1494 2490 1548 doloris
2529 1492 2792 1546 incendio
2828 1498 3091 1560 paternus
3134 1487 3386 1546 affectus.
3419 1485 3727 1552 conjugalis

2138 1587 2353 1641 animus
2403 1584 2716 1655 compulsus
2755 1590 2840 1636 est
2886 1580 3155 1658 :estttare?
3217 1578 3489 1632 Habentes
3537 1585 3726 1630 tamen

2139 1695 2324 1734 veram
2355 1679 2501 1733 circa
2541 1676 2709 1731 Deum
2739 1675 3016 1745 pietatem,
3041 1671 3109 1726 ad
3141 1670 3370 1725 nihilum
3400 1670 3727 1738 redegerunt

2140 1772 2285 1827 falsa!
2319 1773 2540 1842 pietatis
2582 1772 2912 1841 imaginem;
2954 1778 3117 1839 atque
3153 1776 3212 1821 ut
3237 1775 3418 1820 essent
3449 1766 3500 1818 in
3532 1765 3728 1834 spiritu

2069 1841 2112 1900 Β
2140 1841 2407 1922 veraciter
2453 1865 2550 1935 pii,
2598 1863 2723 1919 facti
2763 1872 2890 1918 sunt
2916 1871 3103 1916 contra
3151 1873 3368 1930 carnem
3405 1858 3462 1912 et
3507 1858 3728 1926 sangui-

2137 1977 2260 2014 nem
2303 1954 2860 2026 laudabiliter-rigidi.
2902 1954 3265 2008 Armavcrunt
3293 1965 3351 2004 se
3377 1959 3576 2003 contra
3599 1949 3724 2018 jura

2138 2060 2366 2113 natnrrc,
2406 2059 2463 2103 ιιι
2516 2059 2834 2102 naturarum
2866 2044 3090 2100 Auctori
3113 2037 3116 2040 ’
3143 2043 3374 2097 fideliter
3403 2042 3724 2096 militarent.

2137 2142 2298 2198 Obliti
2324 2152 2449 2195 sunt
2473 2156 2597 2210 erga
2625 2139 2781 2200 fdios.
2814 2138 2956 2208 quod
2981 2136 3194 2190 fuerant
3219 2135 3507 2206 genitores,
3532 2143 3589 2187 ut
3611 2133 3729 2187 veri

2137 2235 2308 2304 patris
2365 2234 2460 2303 ipsi
2513 2232 2924 2287 aseribcrcntur
2974 2229 3262 2292 haercdes;
3315 2238 3477 2296 atque
3529 2236 3587 2278 ιιι
3641 2242 3728 2278 su-

2138 2343 2319 2398 perum
2346 2327 2493 2396 pacis
2525 2321 2624 2379 sibi
2659 2325 2861 2378 fmdera
2903 2322 3254 2383 resarcirent,
3291 2317 3590 2389 conjugalis
3623 2317 3730 2371 tori

2138 2417 2385 2488 copulam
2414 2418 2771 2473 resciderunt.
2813 2414 3073 2469 Nesciunt
3103 2426 3320 2466 scrvare
3364 2409 3729 2463 matrimoniis

2140 2511 2440 2573 fidem,ubi
2484 2507 2836 2563 fidestnclior
2881 2507 2950 2561 ad
2995 2507 3269 2576 proprium
3319 2503 3598 2556 recall-scit
3627 2518 3725 2553 au-

2138 2613 2366 2657 etorctn.
2400 2602 2605 2667 Quibus
2651 2601 2838 2669 utique
2888 2593 3276 2653 convenienter
3325 2603 3543 2664 aptatur
3582 2593 3727 2661 quod

2138 2712 2235 2766 per
2280 2695 2496 2764 Moysen
2533 2693 2770 2748 dicitur:
2818 2691 2963 2758 «Qui
2993 2690 3129 2744 dixit
3172 2689 3441 2759 patrisuo
3468 2695 3521 2740 et
3563 2684 3726 2738 matri

2139 2803 2268 2850 sum,
2306 2784 2487 2840 nescio
2532 2800 2667 2848 vos;
2717 2792 2772 2838 et
2814 2783 3072 2837 fratribus
3111 2781 3246 2842 suis,
3301 2781 3486 2850 ignoro
3516 2793 3634 2839 vos,
3673 2783 3734 2830 et

2140 2877 2452 2932 nescierunt
2507 2874 2646 2930 ﬁlios
2701 2889 2874 2938 suos,
2935 2874 2969 2927 ii
3028 2862 3416 2926 custodierunt'
3451 2868 3742 2936 eloquiunr

2142 2977 2313 3030 tuum,
2339 2978 2390 3021 et
2419 2975 2634 3036 pactum
2667 2975 2815 3018 tuum
2847 2971 3198 3019 servavertmt
3227 2955 3405 3031 (Deut.
3436 2959 3660 3025 xum.)
3701 2977 3720 3008 ι

2209 3058 2361 3125 Quis,
2421 3075 2585 3128 rogo,
2663 3071 2806 3110 nunc
2872 3055 3042 3125 possit
3111 3054 3411 3107 incestuosa
3473 3051 3726 3120 conjugia

2140 3152 2489 3220 quantumvis
2532 3147 2922 3205 instantiSSima
2956 3147 3337 3219 praedicatione
3377 3142 3736 3198 rescindere?

2143 3242 2274 3308 Quis
2302 3242 2516 3306 valeat,
2564 3258 2670 3297 non
2719 3243 2895 3297 dicam
2941 3241 3227 3311 populum,
3278 3239 3371 3293 sed
3423 3237 3524 3290 vcl'
3558 3250 3736 3290 unum

2141 3333 2416 3404 hominem
2441 3332 2508 3388 ad
2538 3332 2704 3388 illiciti
2735 3333 3369 3401 matrimoniircpndinm
3394 3330 3734 3399 provocare?

2139 3425 2389 3480 Clamant
2430 3427 2568 3480 sacri
2599 3421 2875 3490 canones,
2907 3427 3158 3480 humanze
3205 3425 3257 3478 in
3309 3432 3514 3477 tantum
3549 3421 3729 3476 scelus

2140 3518 2413 3572 vindicant
2445 3518 2588 3588 leges
2615 3560 2627 3584 ,
2681 3519 2952 3572 obsistunt
2997 3517 3378 3588 prtedicatores
3423 3515 3726 3570 Ecclesize:

2139 3614 2195 3660 et
2258 3616 2454 3661 cuncta
2518 3608 2632 3661 haec
2695 3608 2920 3677 perditis
2984 3609 3294 3662 hominibus
3355 3607 3502 3660 velut
3555 3605 3732 3659 aniles

2139 3697 2328 3750 naeniae
2359 3698 2526 3752 risum
2578 3699 2756 3766 potius
2803 3708 3052 3763 movent,
3107 3714 3268 3768 quam
3310 3700 3375 3752 ad
3417 3691 3736 3768 corrigendi

2141 3789 2333 3856 piaculi
2365 3789 2600 3842 lamenta
2625 3800 3010 3860 compungunt.
3043 3790 3179 3844 Ecce
3205 3792 3420 3857 insuper
3440 3791 3540 3841 hoc
3562 3806 3727 3851 anno,

2141 3880 2280 3932 sicut
2311 3881 2504 3944 nostis,
2554 3894 2650 3948 per
2688 3879 2948 3934 Romanae
2976 3882 3117 3933 sedis
3145 3881 3443 3934 antistitem
3478 3880 3560 3932 bis
3600 3896 3731 3933 con-

2141 3981 2420 4040 gregatum
2445 3980 2530 4024 est
2553 3971 2816 4041 synodale
2847 3973 3159 4034 concilium,
3213 3974 3300 4025 ubi
3332 3972 3733 4025 denuo-omnes

2143 4063 2434 4117 incestuosi
2459 4062 2614 4130 juxta
2643 4079 2914 4117 eanoumn
2944 4060 3184 4130 decreta,
3206 4052 3574 4119 ecclesiastica
3601 4067 3734 4116 sunt

2141 4156 2522 4211 communione
2552 4155 2769 4225 privati.
3344 4214 3350 4220 _

2215 4243 2320 4298 Sed
2360 4244 2484 4313 quis
2508 4258 2574 4298 ex
2608 4254 2687 4298 tot
2731 4245 2967 4301 millibus
3010 4245 3289 4300 hominum
3335 4245 3526 4299 saltem
3557 4260 3728 4297 unum

2142 4337 2278 4391 vidit
2313 4337 2381 4390 ab
2431 4336 2648 4392 infausti
2700 4337 3365 4393 fwderis-abominatione
3411 4337 3736 4392 divulsum?

2144 4431 2255 4484 ltno
2286 4443 2352 4482 ne
2390 4430 2722 4498 profundiori
2773 4431 2918 4500 juste
2968 4429 3317 4484 clamitantis
3345 4431 3738 4484 absorberetur

2143 4521 2317 4584 hiatu,
2347 4523 2471 4592 quis
2498 4538 2686 4576 eorum
2717 4532 2841 4591 post
2872 4523 3006 4588 lucc,
3050 4522 3304 4576 Ecclesiae
3349 4521 3512 4574 limen
3553 4531 3738 4575 terere

2144 4611 2386 4666 deSIitit?
2419 4615 2527 4666 Aut
2570 4615 2691 4683 quis
2736 4614 2957 4683 insuper
2995 4614 3096 4667 ista
3130 4613 3503 4676 considerans,
3539 4613 3606 4662 ab
3631 4626 3733 4664 eo-

2145 4719 2264 4758 rum
2317 4720 2376 4758 se
2424 4704 2791 4758 familiaritate
2855 4705 3136 4758 removit?
3185 4704 3241 4758 ln
3305 4718 3498 4756 omnes
3545 4703 3737 4770 itaque

2143 4795 2358 4850 letbalis
2414 4793 2572 4864 lepra:
2631 4795 2945 4864 contagium
3008 4789 3234 4864 serpit,
3279 4793 3402 4863 quia
3474 4792 3734 4844 nimirum

2142 4905 2333 4943 omnes
2369 4903 2557 4942 eorum
2606 4888 2899 4956 compliccs
2944 4886 3252 4956 apostolica:
3293 4884 3737 4940 excommunica-

2146 4981 2307 5036 tionis
2353 4997 2524 5033 nexus
2572 4981 2846 5049 astringit.
2906 4980 3196 5033 Enimvero
3249 4980 3494 5048 quisquis
3539 4977 3741 5045 conju-

2146 5073 2282 5143 galis
2311 5073 2576 5141 prosapire
2596 5071 2762 5142 276
2790 5071 2960 5124 titulis
2986 5071 3294 5139 insignitur,
3319 5057 3566 5140 quisquis
3592 5070 3738 5124 male

2145 5164 2471 5217 blandientis
2511 5163 2696 5216 forma:
2743 5163 2884 5217 avita
2938 5172 3220 5218 venustate
3271 5162 3554 5219 mulcetur.
3591 5178 3741 5231 pra:-

2145 5257 2335 5309 scrtim
2383 5255 2426 5308 si
2477 5253 2726 5325 largioris
2777 5255 3095 5309 substantize
3144 5255 3360 5309 dotibus
3406 5253 3607 5315 aﬂlnit,
3649 5253 3742 5308 vel

2145 5346 2543 5401 subcrescentis
2567 5346 2767 5400 sobolis
2795 5346 3004 5402 indoles
3027 5362 3174 5417 spem
3199 5346 3297 5400 sibi
3329 5344 3520 5398 futurae
3551 5343 3740 5414 postc-

2145 5439 2322 5492 ritatis
2351 5437 2618 5502 infundit;
2661 5438 2956 5504 consultus
2980 5437 3190 5507 judicat
3226 5454 3255 5492 a
3299 5439 3408 5492 Deo
3444 5431 3746 5492 manifeste

2147 5529 2422 5592 recedere,
2453 5543 2617 5598 quam
2658 5531 2792 5583 adeo
2836 5529 3037 5584 lucrosi
3087 5529 3415 5583 matrimonii
3465 5528 3746 5596 glutinum

2145 5621 2474 5690 disgregarc.
2521 5619 2578 5674 Si
2627 5635 2755 5674 vero
2800 5621 2883 5675 his
2927 5621 3200 5676 contraria
3239 5620 3539 5684 evenerint,
3571 5628 3747 5687 atque

2147 5712 2361 5765 luxuria
2412 5710 2743 5766 calamitatis
2773 5711 3215 5766 incommoditate
3243 5708 3586 5780 percellatur,
3619 5707 3749 5776 ipse

2148 5805 2232 5859 vir
2287 5804 2432 5860 falsa:
2481 5803 2964 5874 consanguinitatis
2995 5803 3191 5860 lineam
3221 5802 3376 5871 texit,
3401 5809 3455 5856 ct
3491 5800 3752 5856 inaudita
