3996 6184
485 315 592 374 287

955 319 1017 376 s.
1046 318 1252 375 rem!
1292 308 1582 376 DAMIANt
1612 307 1768 375 ora.
1813 308 2050 378 “tonth
2089 308 2225 381 seu
2265 307 2458 380 PARS
2485 309 3039 378 tu;—-OPUSCULA
3077 311 3307 378 VARIA“.

3665 320 3793 384 2.88,

487 433 750 490 moniacaa
786 435 1056 490 luereseos
1089 450 1196 492 non
1222 433 1382 490 modo
1406 432 1752 499 defensores,
1795 434 1888 490 sed
1927 433 2076 489 vide”-
2108 437 2158 495 Α
2257 432 2608 504 Reprimutur
2643 449 2776 506 ergo
2804 434 3028 505 quilibet
3063 436 3237 494 frater
3266 453 3409 494 nunc
3456 453 3511 493 tn
3539 451 3772 512 angusto

487 536 677 580 rentur
706 525 884 594 potius
923 534 1242 582 assertores.
1276 525 1408 593 Quis
1443 525 1511 579 ad
1555 526 1781 581 istorum
1814 525 2084 581 invidiam

488 619 790 672 monachus
835 617 1034 672 mutire
1079 616 1480 687 prmanmerct?
1509 617 1642 684 Quis
1685 617 1751 671 ad
1803 619 2078 688 arguemla'

485 712 742 775 erimina,
775 713 859 768 vel
900 711 1170 780 justitiam
1203 713 1612 777 declarandam,
1643 712 1933 768 vendicnre
1969 711 2072 764 sibi

480 802 573 870 jus
599 801 875 858 libertatis
917 804 1175 858 auderet?
1209 803 1354 859 Illico
1395 804 1676 869 smvircnt,
1728 803 1870 860 illico
1895 804 1946 858 in
1977 819 2075 857 nos

485 894 636 952 dum:
662 896 1056 966 suggillationis
1097 911 1247 951 arma
1295 897 1660 967 corriperent,
1709 904 1766 951 et
1793 895 2073 965 praemisso

479 985 681 1058 jurgio,
721 987 998 1045 silentium
1046 987 1401 1058 imperarent,
1445 988 1588 1043 inter
1633 1003 1695 1042 se
1733 986 1942 1042 scilicet
1971 986 2076 1041 hoc

401 1109 407 1114 -
484 1080 648 1134 modo
676 1079 907 1135 invicem
938 1089 1342 1149 conquerentes
1370 1095 1384 1135 :
1414 1079 1498 1134 Ad
1539 1077 1830 1136 concilium
1861 1078 1965 1134 hoc
1985 1077 2075 1149 ju-

487 1168 722 1224 dicaturi
763 1168 1135 1224 convenimus.

557 1261 684 1321 Sed.
720 1275 754 1315 ο
797 1274 932 1314 nova
976 1259 1353 1328 praesumptio!
1405 1271 1738 1316 mrtuorum
1787 1260 2074 1315 sententiis

485 1352 850 1422 subjaccmus,
881 1360 936 1408 et
977 1352 1352 1422 episcoporum
1384 1361 1509 1406 sunt
1545 1352 1757 1422 judices
1798 1350 1948 1416 facti,
1981 1352 2072 1422 qui

485 1441 731 1512 legaliter
773 1443 872 1495 sub
919 1446 1107 1495 eorum
1134 1440 1351 1496 fuerant
1377 1441 1584 1512 legibus
1611 1439 1914 1497 constituti.
1943 1441 2074 1526 Qui-

485 1535 588 1589 bus
612 1533 904 1603 aliquando
935 1534 1288 1602 reSpondetur
1319 1551 1332 1587 :
1377 1532 1726 1590 Venerabiles
1765 1533 1977 1598 Patres,
2019 1541 2075 1588 et

484 1625 716 1688 domini,
745 1625 884 1680 sicut
928 1625 1081 1679 vobis
1109 1624 1420 1693 specialiter
1442 1634 1806 1696 prazmgatum
1831 1625 2074 1693 estjudi»

485 1733 637 1782 care,
683 1717 754 1771 ita
809 1717 972 1773 etiam
1007 1717 1308 1772 minoribus
1335 1717 1594 1774 Ecclesia:
1641 1717 1902 1772 membris
1930 1732 2075 1772 com-

2179 539 2292 581 sua:
2325 526 2645 582 remotionis
2688 527 2985 596 ergastulo,
3024 537 3087 582 ut
3117 528 3357 586 infinita!
3382 532 3769 603 magnitudinis

2175 618 2382 674 domus
2407 618 2511 674 sibi
2540 629 2762 689 paretur
2793 621 2844 675 in
2883 620 3047 676 corio.
3099 620 3364 679 Jercrnias
3404 625 3482 679 ait
3513 643 3526 679 :
3562 627 3660 682 «Ὀ
3687 627 3767 684 ls-

2176 707 2313 774 rael,
2360 714 2526 778 quam
2570 723 2768 780 magna
2798 719 2884 766 est
2904 710 3100 767 domus
3131 701 3248 779 Dei,
3295 723 3350 770 et
3380 715 3591 786 ingens”
3618 717 3769 774 lucus
3795 761 3802 768 .

2173 801 2534 870 possessionis
2580 801 2698 870 eis
2726 809 3002 874 magnus
3026 813 3134 870 ,v-et
3170 807 3471 864 notrb'abet
3515 825 3768 868 consum-

2174 891 2792 957 mationem,ex'celsus,
2833 902 2889 947 et
2938 895 3271 959 immensus!
3314 916 3335 950 ι
3371 897 3605 968 (Βανιιειι
3656 905 3806 970 ιιι.ε)ν

2175 979 2330 1037 Nunc
2377 998 2438 1039 se
2479 984 2698 1040 vinculo
2740 983 2908 1039 divini
2939 985 3154 1042 timoris
3178 985 3501 1060 obstringat,
3527 1001 3588 1046 ut
3616 999 3769 1062 post-
3802 1021 3807 1024 -

2173 1072 2392 1128 modum
2416 1073 2509 1143 jus
2545 1087 2690 1129 vera:
2711 1073 2984 1131 libertatis
3003 1075 3267 1131 obtineat.
3300 1075 3668 1147 Requi‘escens
3713 1081 3769 1137 in

2173 1163 2414 1227 Christo,
2443 1173 2658 1233 reputet
2685 1163 2762 1218 nil
2787 1163 2893 1219 sibi
2919 1180 3212 1226 commune
3233 1181 3354 1222 esse
3383 1181 3506 1222 eum
3539 1171 3770 1237 mando;-

2173 1263 2234 1313 ut
2261 1257 2401 1325 quod
2431 1254 2670 1312 Joannes
2705 1255 2983 1326 apostolus
3023 1258 3197 1326 jubet,
3229 1271 3334 1314 non
3375 1257 3554 1314 solum
3574 1262 3775 1332 corde}

2175 1349 2269 1405 sed
2299 1356 2356 1404 et
2390 1365 2620 1419 corpore
2649 1351 2765 1419 ipso
2793 1362 3083 1406 conservet
3113 1367 3127 1404 :
3165 1369 3185 1402 ι
3220 1351 3419 1418 Nolite,
3450 1353 3646 1423 inquit,
3678 1353 3763 1409 di-

2175 1441 2346 1513 ligere
2375 1442 2656 1507 mundum,
2687 1459 2790 1498 nec
2813 1457 2878 1498 ea
2911 1459 3031 1513 quae
3072 1445 3126 1502 in
3159 1444 3364 1500 mundo
3389 1456 3536 1500 sunt.
3560 1446 3620 1502 Si
3643 1448 3769 1518 quis

2175 1533 2351 1604 diligit
2374 1534 2662 1598 mundum,
2711 1544 2926 1590 nonest
2975 1525 3218 1591 cbaritas
3257 1536 3436 1593 Patris
3483 1540 3534 1594 in
3575 1553 3643 1594 eo
3697 1532 3769 1600 (1

2171 1625 2334 1681 locu.
2358 1626 2444 1698 ιι).
2477 1646 2500 1680 ι
2531 1627 2807 1687 Clareseat
2833 1643 3051 1684 servum
3079 1629 3303 1694 Christi,
3329 1632 3474 1686 nulla
3497 1635 3759 1688 mundum

2175 1715 2464 1772 all'ectione
2492 1719 2676 1774 cordis
2701 1719 2948 1790 diligere,
2979 1731 3146 1791 atque
3183 1722 3251 1777 ad
3282 1723 3386 1779 hoc
3423 1725 3765 1794 probandum

485 1811 620 1879 petit
641 1813 782 1880 quod
825 1812 1068 1866 sentiunt
1099 1811 1151 1864 in
1183 1826 1470 1867 commune
1515 1811 1801 1876 conferre;
1834 1827 1934 1865 nec
1965 1811 2069 1865 ulla
2103 1790 2552 1875 B-corporalibus
2581 1807 2746 1863 etiam
2783 1809 2928 1865 hunc
2951 1809 3197 1866 fastidiat
3219 1814 3498 1882 gressibus
3512 1815 3769 1885 frequen-

484 1919 752 1957 canonnm
783 1904 1080 1958 auctoritas
1106 1903 1359 1972 prohibet
1383 1903 1629 1972 juniores
1653 1919 1774 1974 qutc
1817 1903 2074 1959 Ecclesia:

484 1998 692 2051 ducum
741 1997 1024 2066 profutura
1077 1997 1419 2066 depromere,
1448 1995 1573 2050 dum
1609 2005 1785 2050 tamen
1816 1995 2072 2049 ventilata

483 2089 706 2158 negotia
724 2087 1052 2156 pontiﬁcalis
1069 2087 1256 2158 judieii
1279 2089 1470 2143 debeat
1497 2087 1738 2144 clausula
1753 2089 2069 2143 terminare.

477 2177 542 2232 Si
568 2179 783 2248 quando
801 2193 933 2249 ergo
957 2179 1078 2246 hoc,
1113 2187 1207 2232 aut
1238 2179 1444 2248 aliquid
1474 2175 1782 2252 ltujusmodi
1813 2179 1920 2234 illis
1946 2195 2070 2235 cum

484 2255 797 2324 inunilitate
824 2271 1152 2339 suggeritur,
1185 2285 1530 2340 nequaquam
1575 2271 1845 2339 patienter
1873 2271 2074 2326 admit-

479 2364 619 2416 titur
649 2380 664 2415 :
703 2365 796 2416 sed
828 2363 1092 2432 quidquid
1123 2379 1153 2416 a
1181 2363 1339 2418 nobis
1369 2365 1422 2417 in
1461 2365 1672 2434 synodo
1700 2365 1904 2420 dictum
1945 2373 2030 2419 est
2053 2407 2069 2428 ,

485 2459 657 2506 totum
695 2453 762 2506 ad
794 2453 905 2507 invi
928 2453 1051 2506 tiam
1091 2463 1334 2509 nostram
1367 2456 1604 2525 superbo
1633 2453 1896 2509 vocabulo
1927 2455 2074 2526 judi-

481 2545 630 2600 cium
657 2555 1026 2616 nuncupatur.

554 2638 684 2693 Hazc
703 2638 942 2694 breviter
970 2639 1176 2698 idcirco
1193 2639 1631 2710 perstrinxerim,
1675 2651 1736 2696 ut
1763 2641 1814 2696 in
1841 2657 1927 2701 me
1953 2644 2074 2714 qui-

478 2730 614 2784 libet
663 2729 977 2799 inexpertus
1011 2731 1204 2796 discat,
1235 2732 1453 2786 sibimet
1487 2733 1652 2787 etiam
1682 2749 1712 2788 a
1754 2735 1950 2791 talibus
1978 2738 2074 2793 de-

473 2821 690 2875 clinare
711 2836 874 2890 quam
905 2821 1193 2891 diligenter
1223 2823 1495 2892 expediat.
1548 2823 1608 2878 in
1660 2839 1768 2878 uno
1802 2827 2070 2897 siquidem

473 2912 832 2979 prrevadante
855 2912 1148 2983 colligitur,
1177 2923 1360 2968 utrum
1391 2931 1420 2968 a
1452 2915 1804 2984 subsequenti
1827 2919 2072 2974 exercitu

476 3003 684 3075 ignotae
710 3019 862 3074 aquae
895 3013 1010 3060 tuto
1034 3006 1166 3062 lich
1194 3007 1476 3062 habeatur.
1505 3007 1758 3065 Protinus
1789 3025 1848 3066 se
1879 3012 1948 3066 ab
1973 3012 2074 3067 im-

475 3105 609 3167 petu
653 3099 855 3169 proprii
898 3114 1092 3154 cursus
1122 3099 1400 3156 institores
1429 3100 1698 3155 venalium
1750 3103 2070 3173 reprimunt,

473 3205 605 3244 eum
632 3189 714 3243 vel
747 3207 912 3246 unum
935 3206 1000 3246 ex
1028 3192 1140 3247 suis
1172 3193 1350 3248 redire
1383 3209 1413 3246 a
1439 3192 1698 3248 nundinis
1719 3209 1948 3249 vacuum
1965 3211 2070 3250 non

474 3279 760 3335 distractis
791 3282 1069 3338 mercibus
1098 3294 1351 3338 cernunt.
1402 3284 1573 3350 Quem
1625 3285 1898 3342 ruralibus
1927 3287 2076 3343 curis

477 3373 750 3428 intentum
790 3373 1104 3444 frequenter
1125 3392 1281 3448 seges
1321 3387 1511 3448 negata
1542 3378 1759 3444 delusit,
1790 3380 2075 3450 quamplu-

478 3478 571 3518 ηε
605 3479 634 3517 a
661 3466 864 3521 sterilis
892 3466 1004 3520 arvi
1036 3468 1243 3521 cultura
1261 3471 1613 3539 compescuit.
1641 3471 1776 3526 Cum
1796 3484 2075 3529 scrutator

477 3555 737 3610 fluctuum
780 3555 964 3610 labore
1009 3557 1324 3623 frustratus,
1349 3574 1517 3614 vacua
1546 3561 1720 3616 lassus
1747 3561 1854 3616 lina
1891 3578 2076 3634 repor-

481 3655 584 3711 tat,
621 3645 782 3701 facile
817 3645 928 3714 jam
959 3649 1191 3704 nudatos
1221 3663 1249 3702 a
1283 3649 1678 3720 perlustrandis
1713 3652 1891 3724 inopis
1919 3669 2074 3725 aqua:

479 3738 683 3792 ﬁnibus
713 3749 949 3793 revocat.
986 3739 1078 3794 Sic
1113 3739 1368 3794 nimirum
1397 3756 1504 3805 me,
1536 3757 1641 3796 non
1669 3743 1800 3797 mihi
1833 3744 1956 3810 soli,
1981 3747 2076 3801 sed

475 3839 540 3886 et
563 3833 801 3888 cunctis
837 3831 1096 3888 fratribus
1127 3833 1261 3887 meis
1300 3833 1424 3887 talia
1461 3841 1700 3890 tentasse
1731 3835 1984 3902 suiliciat,
2015 3847 2076 3892 ut

482 3923 614 3977 dum
647 3923 806 3977 unius
831 3923 985 3978 labor
1009 3923 1214 3978 inutilis
1240 3922 1404 3978 fuisse
1434 3925 1805 3994 perpenditur,
1831 3942 1936 3981 non
1960 3928 2077 3991 uni,

481 4015 792 4070 sedmultis
845 4031 875 4069 a
924 4016 1244 4086 supervacui
1289 4015 1492 4071 laboris
1539 4015 1810 4087 impendio
1867 4018 2076 4074 cautela

482 4109 811 4177 prmbeatur.

1041 4197 1273 4254 CAPUT
1300 4199 1518 4254 XXXII.

482 4289 639 4357 Quod
662 4287 948 4367 monachus
975 4307 1030 4343 se
1049 4308 1080 4342 (ι
1101 4291 1298 4345 ntundo
1320 4293 1593 4367 venibant,
1622 4306 1669 4349 et
1703 4294 1796 4350 Dei
1811 4295 2074 4367 judicium

849 4361 958 4414 suis
985 4377 1187 4430 semper
1209 4361 1378 4428 oculis
1399 4373 1704 4433 anteponat.

2177 1905 2315 1955 tare.
2365 1899 2483 1970 ipsa
2527 1917 2690 1970 porro
2716 1904 3016 1973 corporalis
3041 1906 3371 1961 abstinentia
3415 1909 3516 1978 piae
3566 1909 3766 1966 mentis

2173 1991 2354 2048 odium
2370 1996 2704 2064 comprobet,
2728 2004 2788 2050 ut
2813 2013 2921 2066 quo
2944 1998 3173 2067 quisque
3201 2015 3228 2052 a
3259 2001 3418 2054 noxia
3450 2002 3635 2056 mundi
3663 2018 3764 2056 no-

2175 2085 2295 2140 titia
2343 2086 2515 2157 magis
2561 2088 2849 2154 alienatus,
2895 2102 2963 2145 co
3002 2092 3220 2146 urctiori
3252 2092 3364 2148 Deo
3391 2093 3765 2151 familiaritate

2168 2171 2447 2246 jungatur.
2479 2177 2633 2234 Nunc
2654 2179 2866 2244 ﬂebilis,
2898 2191 2953 2235 et
2983 2195 3220 2237 monens
3244 2183 3448 2238 defixos
3475 2185 3532 2238 in
3559 2195 3764 2241 terram

2172 2269 2361 2324 oculos
2384 2279 2584 2334 teneat,
2619 2279 2757 2340 ques
2781 2271 2849 2326 ad
2880 2285 3004 2326 eum
3038 2264 3352 2339 videndum,
3377 2274 3469 2344 qui
3501 2285 3765 2330 venturus

2173 2359 2330 2415 estin
2363 2360 2599 2416 nubibus
2631 2361 2753 2416 coeli
2780 2376 2906 2418 cum
2940 2370 3208 2433 potestate
3248 2379 3462 2435 magna,
3486 2375 3541 2418 ct
3567 2366 3764 2433 majes-

2171 2462 2282 2507 tate
2303 2455 2515 2518 (Mattlt.
2538 2471 2692 2522 xxiv,-
2711 2455 2831 2528 26),
2857 2468 2986 2513 tunc
3005 2459 3157 2512 lartns
3183 2469 3344 2529 caput
3366 2459 3598 2526 attollat,
3616 2463 3762 2519 sicut

2169 2547 2440 2616 scrip'uut
2481 2557 2570 2604 est
2603 2562 2620 2602 :
2653 2568 2672 2602 ι
2705 2549 2996 2619 Respicite,
3029 2561 3078 2606 et
3110 2552 3286 2607 levata
3337 2551 3512 2622 capita
3554 2563 3757 2619 vestra,

2166 2643 2424 2710 quoniam
2453 2644 2854 2714 appropinquat
2880 2645 3180 2716 redemptio
3201 2656 3379 2702 vestra
3399 2648 3552 2719 (Luc.
3584 2649 3752 2717 “1).:

2245 2814 2292 2870 0
2345 2828 2508 2885 quam
2549 2813 2619 2870 ad
2667 2811 3128 2884 pronuntiandum
3176 2813 3505 2870 brevissima
3549 2815 3762 2879 verba,

2173 2921 2338 2976 quam
2381 2907 2448 2961 ad
2493 2907 2943 2976 pertractandum
2971 2906 3284 2961 medullitus
3308 2907 3517 2960 infinita
3542 2916 3765 2962 senten-

2179 2999 2252 3054 tia
2280 3000 2294 3053 !
2328 2998 2582 3054 videlicet
2602 3015 2728 3054 cum
2751 2998 3262 3070 reprobi‘cjulantes
3292 3000 3624 3056 tremefactis
3654 3001 3767 3055 vis-

2130 3098 2145 3161 ;
2178 3091 2394 3145 ceribus
2409 3091 2585 3145 dicent
2605 3109 2620 3144 :
2641 3110 2657 3141 ι
2677 3090 2722 3148 Ο
2743 3099 2974 3154 montes,
3000 3091 3115 3145 cadi
3126 3100 3176 3146 te
3196 3107 3493 3161 supernos,
3507 3094 3764 3160 etcolles,

2174 3183 2386 3252 operite
2411 3197 2511 3252 nos
2537 3198 2567 3236 a
2607 3181 2744 3237 facie
2761 3181 3014 3237 Sedentis
3041 3183 3094 3237 in
3124 3184 3320 3238 tbmno
3348 3183 3499 3256 (Luc.
3535 3186 3718 3251 χχιιι).
3741 3205 3762 3240 ι

2176 3275 2312 3330 Cum
2341 3275 2576 3345 denique
2606 3295 2625 3327 ε
2657 3275 2736 3331 sol
2766 3277 3133 3343 oscurabitur,
3181 3285 3238 3332 et
3286 3278 3411 3331 luna
3462 3295 3566 3332 non
3616 3280 3774 3333 dabit

2177 3363 2357 3420 lumen
2373 3381 2553 3431 suum,
2573 3375 2628 3421 et
2651 3365 2822 3422 stella:
2842 3367 3037 3422 cadent
3057 3367 3126 3425 de
3147 3367 3288 3422 celo
3307 3366 3524 3439 (ilatttt.
3551 3369 3706 3440 xxiv)
3743 3391 3763 3422 ο

2177 3455 2331 3512 Tunc
2369 3457 2626 3511 nimirum
2675 3472 2796 3512 cum
2848 3458 3052 3512 videbit
3083 3471 3207 3513 eum
3255 3459 3436 3513 omnis
3465 3459 3680 3521 oculus,
3714 3470 3776 3515 et

2176 3550 2268 3620 qui
2298 3565 2423 3604 eum
2453 3558 2812 3622 pnpugcrunt,
2840 3559 2898 3605 et
2923 3549 3184 3621 [dangent
3295 3567 3456 3621 super
3481 3568 3538 3606 se
3567 3566 3769 3606 omnes

2178 3639 2352 3695 tribus
2371 3647 2556 3694 terr-te.
2595 3641 2727 3708 Quae
2767 3651 2948 3695 autem
2993 3655 3147 3696 mens
3191 3641 3422 3696 humana
3456 3645 3769 3713 concipere,

2175 3749 2298 3803 qum
2321 3733 2501 3802 lingua
2532 3733 2706 3787 valeat
2731 3732 3007 3803 explicare
3032 3741 3297 3802 quantum
3337 3731 3439 3787 erit
3479 3744 3608 3789 tunc
3658 3734 3777 3790 ele-

2175 3833 2388 3878 ctormn
2417 3823 2694 3894 gaudium,
2722 3838 2885 3892 quam
2931 3822 3334 3878 inenarrabilis
3358 3824 3540 3877 laetitia
3582 3824 3776 3881 beate-

2177 3930 2320 3978 rum,
2349 3929 2473 3970 cum
2502 3914 2844 3983 periclitante
2872 3913 3092 3976 mundo,
3127 3913 3229 3982 ipsi
3260 3915 3329 3969 de
3353 3923 3558 3969 ctetero
3584 3913 3782 3982 subla-

2175 4019 2300 4061 cet‘c
2319 4004 2574 4075 periculis
2600 4005 2874 4070 desinunt,
2900 4014 2958 4059 et
2978 4003 3214 4058 venienti
3234 4005 3526 4062 immortali
3555 4004 3784 4073 Sponso

2175 4097 2422 4153 accensis
2444 4096 2783 4166 lampadibus
2806 4095 3170 4165 tripudiantes
3183 4098 3510 4152 occuran
3543 4098 3561 4166 (
3573 4097 3782 4154 Matth.

2174 4189 2330 4259 xxv.)
2359 4187 2493 4245 Cum
2533 4191 2774 4245 membra
2806 4189 2990 4243 mundi
3030 4189 3097 4243 ad
3142 4189 3463 4259 perferenda
3511 4199 3788 4248 tartarei:

2176 4281 2567 4338 combustionis
2597 4281 2856 4352 supplicia
2881 4280 3166 4346 corruunt,
3199 4282 3298 4350 ipsi
3327 4283 3396 4337 ad
3417 4282 3787 4354 percipiench

2177 4375 2567 4430 inacccssibilis
2609 4376 2795 4446 gloriw
2821 4376 3040 4444 przetnia
3067 4375 3250 4431 felices
3275 4377 3596 4447 assurgunt!
3627 4375 3789 4432 Cum

549 4469 812 4540 Quisquis
834 4485 963 4540 ergo
993 4473 1290 4527 monachus
1325 4473 1675 4542 perfectionis
1710 4477 1922 4533 culmen
1968 4477 2076 4535 fes-
2103 4511 2149 4570 ι)
2173 4467 2391 4523 morm“
2405 4465 2567 4520 νίιδηι
2587 4476 2810 4537 repente
2841 4481 2989 4522 ιηονε
3015 4467 3338 4522 ίηπηοτῑθίῖσ
3361 4467 3652 4536 intercipit.
3689 4468 3792 4524 ἱε-

483 4565 626 4620 tinat
649 4564 934 4635 attingere,
987 4563 1127 4617 intra
1159 4565 1476 4621 remotionis
1504 4583 1616 4623 sua:
1637 4584 1698 4624 se
1715 4568 1952 4624 claustra
1983 4586 2074 4626 co-

484 4655 689 4719 hibeat,
717 4653 999 4726 spirituale
1034 4655 1205 4710 otium
1230 4657 1448 4728 diligat;
1486 4659 1794 4717 discurrere
1825 4677 1953 4718 vero
1983 4678 2078 4734 per

483 4748 764 4813 szrcnlnm,
791 4747 937 4803 velut
962 4763 1204 4804 mersare
1229 4766 1291 4806 se
1312 4751 1365 4805 in
1401 4752 1576 4806 lacum
1615 4754 1918 4825 sanguinis,
1951 4769 2075 4825 per-

485 4840 789 4894 horrescat.
829 4837 932 4893 'l‘ot
965 4839 1112 4893 enim
1147 4841 1439 4896 criminum
1479 4843 1650 4912 magis
1694 4861 1759 4900 ac
1800 4845 1973 4915 magis
2023 4845 2073 4899 in

486 4928 604 4981 dies
653 4928 886 4981 mundus
923 4929 1386 4986 contaminatione
1414 4931 1691 5002 polluitur,
1744 4935 2076 5004 utqua‘libet

483 5028 671 5073 sancta
708 5033 860 5073 mens
889 5019 1001 5074 sola
1023 5019 1140 5088 ejus
1159 5022 1592 5076 consideratione
1621 5024 1875 5078 fmtletur.
1907 5025 2074 5096 279

488 5112 553 5166 Et
575 5114 702 5166 dum
744 5113 1016 5167 veteribus
1054 5129 1194 5167 nova
1225 5128 1439 5181 semper
1467 5123 1748 5182 angentnr,
1774 5115 1901 5183 quid
1931 5115 2074 5171 aliud

486 5206 688 5276 agitur,
712 5219 874 5275 quam
908 5204 1225 5259 Antichristi
1261 5207 1344 5258 via
1389 5204 1761 5272 proculdubio
1787 5207 2071 5272 sternitur,

487 5293 676 5362 utjam
710 5294 848 5348 ultra
899 5294 1059 5350 finem
1089 5292 1268 5348 sreculi
1306 5294 1357 5346 in
1398 5295 1656 5348 tnundum
1685 5295 1928 5362 veniens,
1957 5295 2074 5350 sine

486 5386 813 5443 olfendiculo
835 5387 973 5443 liber
1007 5385 1378 5458 ingrediatur?
1423 5385 1632 5440 Etcum
1661 5386 1801 5444 illius
1823 5388 1908 5442 via
1945 5388 2075 5442 nihil

490 5477 634 5532 aliud
683 5494 906 5549 prorsus
934 5495 1096 5550 quam
1125 5487 1306 5534 nostra
1335 5478 1667 5548 sintabsquc
1715 5479 1879 5536 dubio
1918 5497 2077 5537 scan-

488 5566 646 5632 dala,
693 5570 882 5623 eadem
927 5585 1092 5624 causa
1143 5570 1304 5624 debet
1351 5570 1578 5639 vestigia
1615 5579 1797 5625 nostra
1829 5586 2078 5642 compes-

488 5674 636 5725 ccrc,
675 5676 792 5731 qua:
821 5661 894 5716 illi
925 5663 1151 5731 spondet
1181 5660 1366 5718 liberis
1388 5677 1546 5733 posse
1575 5661 1847 5732 gressibus
1875 5664 2077 5720 adven-

493 5759 628 5805 tare.

2179 4568 2354 4613 torum
2373 4558 2758 4613 mortalitatem
2777 4559 2976 4612 virtute
2995 4558 3411 4613 resurrectionis
3425 4557 3751 4627 absorptam
3768 4603 3790 4626 ,

2175 4649 2514 4718 incorruptio
2558 4649 2794 4720 gloriosa
2822 4650 3126 4706 consumit!
3167 4649 3282 4705 Hoc
3314 4651 3529 4705 cunctis
3551 4653 3798 4708 sareulis

2177 4738 2561 4793 admirandum
2583 4739 2861 4810 singulare
2889 4739 3260 4808 spectaculum
3290 4741 3634 4797 incessanter
3657 4742 3794 4798 sibi

2178 4845 2332 4886 mens
2373 4840 2560 4884 saneta
2601 4841 2886 4901 proponat.
2938 4832 3090 4890 llaec
3131 4835 3470 4888 tremendam
3519 4843 3804 4893 ventum

2177 4921 2534 4977 discussionis
2585 4921 2874 4991 imaginem
2913 4922 3135 4980 assidua
3163 4938 3274 4992 prae
3317 4923 3488 4979 oculis
3533 4925 3806 4982 medita-

2179 5014 2324 5069 tione
2346 5014 2615 5084 dt-pingat.
2651 5013 2770 5068 iam
2809 5029 2870 5068 se
2910 5015 2993 5068 vir
3010 5015 3222 5070 electus
3251 5016 3317 5069 ad
3362 5017 3604 5071 tribunal
3636 5033 3808 5091 ηιμ-

2181 5115 2291 5160 ιιιιιι
2315 5105 2523 5160 Judicis
2545 5105 2784 5175 deputet,
2813 5106 2923 5176 jam
2947 5121 3006 5162 se
3046 5107 3100 5161 in
3129 5109 3380 5162 examine
3415 5108 3651 5176 positum
3703 5115 3808 5169 ad

2179 5199 2506 5254 reddendam
2537 5199 2803 5254 rationem
2833 5200 3030 5255 divinis
3059 5200 3448 5269 quarstionibus
3479 5208 3814 5273 ρει-ιπερτί

2181 5290 2594 5346 formidabiliter
2638 5303 2847 5361 penset.
2881 5292 3078 5347 Mundo
3103 5308 3162 5348 se
3185 5301 3506 5349 extraneum
3545 5294 3819 5368 reddat,

2177 5393 2238 5438 ut
2262 5386 2368 5438 Deo
2390 5386 2756 5454 propensioris
2779 5386 2968 5457 gratiae
2993 5386 3240 5456 largitate
3270 5385 3556 5441 familiaris
3577 5387 3826 5447 adlisa.

2179 5485 2316 5531 reat.
2369 5476 2481 5530 Hoc.
2520 5476 2702 5545 itaque
2732 5477 2892 5532 modo
2921 5487 3168 5533 mortuus
3203 5477 3369 5544 vivat,
3400 5493 3430 5532 a
3459 5477 3631 5549 280
3655 5489 3828 5538 ter-

2182 5568 2326 5624 renis
2355 5569 2738 5623 vastationibus
2788 5585 2847 5624 se
2872 5569 3179 5634 subtrahat,
3213 5585 3278 5624 ac
3303 5570 3451 5624 velut
3493 5571 3543 5623 in
3583 5577 3838 5642 πριιι-

2177 5676 2272 5715 cro
2294 5661 2405 5730 jam
2433 5659 2662 5728 positus,
2695 5660 2746 5713 in
2781 5660 2895 5714 solo
2921 5659 3197 5715 Creatoris
3227 5661 3311 5714 sui
3339 5659 3620 5716 desiderio
3642 5677 3837 5723 sua-

2183 5755 2320 5811 vitcr
2345 5754 2668 5826 requiescat.
2703 5753 2895 5824 Sitque
2918 5755 2973 5810 in
3001 5755 3112 5814 Deo
3141 5755 3248 5812 vita
3275 5754 3393 5826 ejus
3421 5755 3835 5829 abscondita,
