3996 6184
252 286 265 302 ’
292 273 408 331 289

1236 269 1495 331 :OPUSC.
1539 272 1648 330 XII.
1691 271 2318 338 —'DB'CONTWFTU
2350 279 2650 342 'SIECUL'I.

261 416 270 453 -,
292 397 573 468 quatenus
593 392 890 454 apparent-0
916 383 1152 450 Christo,
1174 394 1228 439 et
1252 385 1364 455 ipse
1384 403 1509 440 cum
1537 403 1603 443 eo
1623 404 1888 459 apparere
1911 394 1961 453 Α
1989 399 2086 446 tat.
2111 391 2350 462 Quisque
2368 392 2496 463 jam.
2512 393 2578 447 ad
2605 399 2868 464 promissa
2894 416 3115 461 munera
3149 411 3479 480 perspicaeis
3503 418 3568 471 li-
3597 455 3599 457 ι

295 466 577 534 mercatur
606 475 659 530 in
689 472 861 545 gloria
895 473 1118 544 (Coloss.
1149 473 1253 546 ut).
1281 476 1472 534 Amen.

844 586 1074 644 CAPUT
1108 579 1342 646 XXXIII.

295 679 397 734 llis
425 677 654 748 scriptor
690 677 1321 804 alloquitum'gncrabilcs
1341 682 1633 740 monachos
1653 680 1880 741 Petrum

888 764 916 800 ε
1064 763 1286 803 mortem.

888 763 936 800 ει
961 763 1262 803 Αιυαοηεηι
1274 789 1286 799 .

362 842 521 897 Nunc
551 840 735 910 igitur,
759 840 958 900 fratres
979 843 1304 908 cbarissimi.
1337 845 1474 900 alter
1501 846 1708 904 scilicet
1737 859 1882 906 teres

291 934 468 989 forma
537 933 975 997 ctenubitarum,
1020 933 1158 988 alter
1211 936 1526 992 imitandum
1583 941 1880 997 eremitiec

290 1023 726 1080 conversationis
755 1023 1080 1092 exemplum,
1111 1024 1177 1079 ad
1216 1041 1309 1080 vos
1337 1027 1457 1098 styli
1492 1029 1648 1099 hujus
1677 1033 1876 1088 articu-

293 1116 403 1170 lum
438 1130 654 1178 revoco,
679 1124 738 1168 ut
765 1115 960 1183 quibus
987 1115 1341 1185 priniordium
1373 1117 1681 1188 incipientis
1702 1119 1879 1180 inten-

291 1208 459 1268 ditur,
504 1206 558 1259 in
605 1221 699 1260 eos
747 1206 911 1260 etiam
945 1216 1339 1276 consequenter
1385 1210 1590 1278 peracti
1633 1212 1876 1280 opusculi

292 1295 539 1351 clausula
589 1295 929 1348 terminctur.
982 1293 1186 1350 Videtis
1223 1295 1407 1367 igitur,
1436 1315 1594 1368 quam
1624 1301 1876 1358 celeriter

291 1388 475 1443 brevis
505 1388 620 1442 haec
648 1387 756 1440 vita
800 1395 1163 1458 pertranseat,
1210 1389 1427 1455 videtis,
1473 1391 1598 1460 quia
1642 1393 1874 1451 mundus

291 1478 380 1532 hic
407 1476 647 1530 ricinum
677 1477 760 1530 sui
787 1476 1079 1533 terminum
1119 1477 1335 1533 indiciis
1374 1477 1489 1549 jam
1513 1479 1870 1538 .evidentiori-

290 1568 394 1622 bus
417 1565 632 1620 clamat.
658 1565 838 1621 Tellus
871 1566 1016 1621 enim
1056 1567 1380 1636 genitalibus
1423 1567 1580 1624 ell‘eta
1625 1572 1870 1626 humori-

287 1657 418 1723 bus,
443 1657 840 1728 quodammodo
865 1657 1027 1712 invita
1060 1667 1302 1712 aratrum
1334 1658 1548 1726 tolerat,
1571 1661 1696 1714 dum
1727 1660 1870 1718 ferre

1986 482 2071 538 dei
2117 483 2304 539 oculos
2337 484 2556 551 dirigat,
2590 495 2644 538 et
2673 501 2704 540 a
2753 489 2930 543 brutis
2953 489 3017 561 [Ι.
3054 492 3304 568 abjectis]
3338 499 3572 569 ignavia,

1984 572 2212 628 .vlnculis
2247 573 2519 631 obviantia
2550 590 2778 646 qumque
2803 588 3034 636 terrenae
3058 585 3342 653 pravitatis
3384 591 3569 646 obsta-

1981 663 2102 721 cula
2129 665 2366 720 robusta:
2393 666 2504 734 spei
2529 681 2703 736 penna
2734 673 3102 728 transcendat.
3135 675 3277 734 Ecce
3303 681 3446 734 enim
3471 684 3562 752 qui

1981 754 2047 809 de
2084 754 2376 824 longinquo
2404 765 2711 821 vacaverat,
2746 774 2964 814 manum
2983 762 3094 831 jam
3125 770 3563 840 apprOpinquan-

1983 843 2124 901 tibus
2163 845 2422 914 porrigit;
2473 855 2528 901 et
2577 848 2729 916 quasi
2757 857 2976 905 teneros
3007 852 3148 909 ﬁlios
3189 858 3566 917 vacillantibus

1979 943 2232 989 nutantes
2260 935 2553 1005 poplitibus
2581 937 2780 1001 ﬁrmat,
2827 938 3128 1011 blandeque
3159 961 3224 1000 ac
3268 948 3458 1004 leniter
3507 953 3560 1008 in

1977 1023 2238 1093 gremium
2269 1039 2379 1078 suae
2399 1026 2689 1084 .cltaritatis
2717 1027 2925 1084 invitat.
3027 1029 3030 1031 “

2045 1112 2316 1168 Adeamus
2339 1125 2468 1184 ergo
2497 1131 2620 1171 cum
2648 1116 2846 1177 ﬁducia
2878 1121 3135 1177 thmnutn
3165 1125 3347 1195 gloria:
3369 1129 3556 1198 (Hebr.

1979 1203 2076 1272 iv),
2109 1205 2434 1276 arripiamus
2473 1215 2637 1262 tanta:
2669 1208 2897 1280 insignia
2924 1212 3183 1282 pietatis;
3227 1221 3446 1288 etquod
3479 1231 3562 1276 te-

1974 1293 2241 1350 meritatis
2286 1294 2460 1352 fuerat
2501 1313 2747 1367 quaerere
2794 1314 2902 1357 non
2938 1306 3288 1374 proruissum,
3339 1312 3560 1379 pudoris

1972 1383 2043 1443 sit
2077 1385 2218 1440 nolle
2265 1388 2544 1460 suscipere
2589 1389 2674 1444 vel
2703 1389 2963 1446 oblatum.
3024 1395 3390 1468 Dedignemur
3443 1400 3557 1469 jam

1971 1482 2177 1537 caenosi
2235 1481 2395 1550 hujus
2425 1483 2610 1543 mundi
2651 1483 2820 1539 lutum
2859 1488 3056 1557 saepius
3087 1493 3444 1559 c0rporalitcr
3480 1504 3560 1549 tc-

1972 1583 2116 1636 rerc,
2146 1569 2298 1641 cujus
2322 1586 2560 1628 amorem
2590 1572 2701 1628 Deo
2742 1575 3040 1644 inspirante
3075 1579 3357 1636 didicinus
3386 1583 3558 1639 libero

1971 1660 2172 1716 mentis
2198 1663 2338 1731 pede
2357 1663 2594 1719 calcare.
2634 1666 2716 1720 Ab
2741 1681 2806 1720 eo
2837 1667 3036 1738 itaque.
3070 1685 3230 1739 quem
3255 1690 3362 1729 non
3388 1676 3562 1746 diligit

287 1751 505 1807 fructus
537 1752 646 1806 suis
689 1750 989 1824 cultoribus
1035 1761 1220 1822 negat;
1256 1761 1311 1810 et
1335 1753 1479 1811 velut
1507 1754 1664 1811 anilis
1692 1754 1864 1822 alvus,
1893 1742 1942 1802 B
1961 1751 2204 1819 animus,
2238 1754 2352 1824 ipse
2389 1755 2552 1810 etiam
2596 1771 2892 1828 corporeus
2921 1763 3246 1830 reprimatur
3275 1742 3555 1826 incessus:

290 1841 419 1896 dum
451 1842 670 1909 sanguis
702 1841 754 1896 in
798 1857 1046 1913 corpore,
1078 1843 1234 1898 vulva
1282 1855 1673 1911 marcescente,
1702 1845 1867 1918 frigco

290 1933 415 1997 scit,
454 1933 666 1988 etiamsi
717 1933 1036 2004 procreandi
1088 1933 1322 1996 studium
1368 1950 1472 1989 non
1520 1935 1768 2003 defuerit,
1801 1937 1868 1992 ad

289 2024 613 2096 gignendam
642 2031 821 2080 tamen
846 2024 1085 2080 sobolem
1114 2040 1220 2080 non
1246 2027 1500 2096 assurgit,
1526 2027 1678 2098 Aqua
1705 2029 1867 2084 etiam

285 2114 642 2170 nihilominus
671 2115 1009 2171 sterilitatem
1036 2117 1260 2186 patitur,
1292 2126 1350 2171 ut
1370 2118 1481 2190 jam
1505 2119 1750 2192 piscator
1775 2137 1864 2180 re.

285 2205 432 2261 tibus
458 2205 783 2276 impendium
813 2206 1062 2278 deneget,
1093 2207 1218 2262 dum
1256 2207 1432 2279 inopis
1457 2218 1696 2279 captura:
1721 2227 1868 2282 quae.

286 2304 403 2352 stus
432 2297 582 2351 duris
628 2312 726 2366 per
753 2296 1078 2352 elementum
1129 2298 1389 2368 liquidum
1435 2300 1711 2357 laboribus
1755 2317 1863 2361 non

235 2435 240 2437 _
285 2386 601 2456 respondet.
647 2387 756 2442 Nec
805 2396 892 2455 te,
938 2404 1033 2443 aer
1062 2389 1188 2443 olim
1220 2389 1482 2458 fecunde,
1524 2403 1861 2462 praeteream,

282 2478 374 2547 qui
406 2494 568 2542 nunc,
597 2479 722 2533 dum
752 2479 981 2534 diversis
1011 2481 1399 2536 tendicularum
1448 2486 1776 2554 argumentis
1805 2487 1861 2544 in

282 2570 564 2625 volucrum
602 2572 848 2642 captione
893 2588 997 2630 non
1039 2573 1316 2646 provenis,
1345 2574 1598 2634 nimirum
1625 2592 1860 2651 aucupes

282 2679 441 2724 casso
463 2664 650 2720 labore
672 2664 982 2731 frustratos,
1013 2667 1080 2721 ad
1105 2666 1424 2723 exercitium
1471 2668 1650 2725 rurale
1677 2669 1862 2726 remit-

283 2757 384 2820 tis;
435 2765 493 2810 et
526 2770 662 2826 quos
688 2758 890 2812 dudum
920 2760 987 2811 ad
1016 2757 1268 2813 sublimia
1297 2761 1581 2830 captandis
1609 2760 1718 2815 tuis
1745 2777 1864 2816 mtt-

281 2847 506 2901 neribus
534 2846 770 2903 faciebas
823 2849 1080 2914 intentos,
1111 2849 1223 2922 jam
1273 2861 1331 2905 ut
1377 2853 1744 2919 meminerint,
1772 2857 1858 2910 cui

277 2940 660 2996 sustendandaz
700 2939 825 2996 vitae
888 2941 1274 2997 adminiculum
1326 2938 1602 3014 acceptum
1658 2945 1859 3004 referre

280 3029 512 3084 debeant
538 3070 555 3095 ,
602 3031 838 3086 alumna
881 3042 1041 3087 terra:
1088 3024 1268 3088 reddis
1314 3035 1580 3091 obnoxios
1614 3052 1628 3090 :
1661 3037 1859 3108 quique

1971 1839 2254 1912 indignum
2282 1858 2602 1902 censeamus
2637 1849 2970 1906 visitationis
2994 1862 3194 1909 nostrae
3228 1855 3555 1928 frequentia,

1969 1930 2061 2003 qui
2097 1933 2164 2011 de
2191 1943 2372 1988 nostra
2413 1934 2596 2006 gliscit
2639 1938 2974 2010 triumphare
3011 1943 3190 1998 ruina.
3241 1945 3558 2006 Inimicitias

1970 2019 2168 2076 mentis
2190 2021 2306 2091 ipsa
2329 2038 2549 2095 quoque
2576 2035 2806 2084 testetur
2835 2029 3079 2086 absentia
3102 2036 3426 2104 corporalis,
3453 2054 3556 2094 nec

1968 2110 2163 2166 crebro
2207 2123 2426 2170 nostros
2455 2127 2730 2172 mereatur
2752 2118 2841 2175 ille
2867 2121 3165 2188 discursus,
3197 2141 3428 2195 quorum
3457 2128 3552 2185 lie-

1968 2198 2102 2256 dare
2119 2204 2403 2257 consuevit
2423 2203 2680 2272 obtutus;
2714 2207 2967 2278 solusque
2989 2211 3043 2265 in
3088 2213 3404 2270 insidiarum
3429 2233 3554 2272 sua-

1967 2305 2086 2344 rum
2114 2290 2300 2347 foveas
2327 2293 2552 2361 incidat,
2579 2297 2669 2368 qui
2697 2300 2896 2355 nostris
2917 2301 3131 2356 assidue
3156 2305 3435 2372 gressibus
3459 2309 3554 2364 de-

1965 2381 2273 2454 ceptionum
2305 2382 2526 2452 laqueos
2547 2396 2725 2460 parat.
2757 2387 2848 2444 Sic
2873 2391 2953 2446 sic
2983 2390 3272 2448 frusmtas
3301 2395 3551 2452 fraudum

1966 2484 2190 2526 suarum
2216 2474 2472 2532 excubias
2504 2475 2702 2548 lugeat,
2736 2480 2863 2534 dum
2915 2484 3070 2538 nobis
3103 2485 3156 2539 iu
3189 2501 3322 2554 pace
3371 2491 3552 2557 quieso

1967 2561 2216 2614 centibus
2245 2571 2526 2619 nocturna:
2555 2576 2752 2621 nostra:
2788 2569 3137 2640 profectionis
3165 2575 3372 2630 aditum
3399 2579 3551 2633 calli-

1966 2651 2067 2706 dus
2094 2649 2378 2706 insidiator
2399 2655 2667 2726 explorat.

2036 2741 2276 2801 Sufﬁciat
2307 2754 2486 2799 autem
2519 2753 2717 2802 nostrae
2757 2747 3076 2806 discursioni
3119 2755 3285 2809 divini
3325 2770 3550 2829 campus

1962 2833 2182 2907 eloquii.
2213 2835 2316 2892 Per
2337 2839 2480 2893 hunc
2511 2854 2760 2911 campum
2785 2837 2989 2913 jugitcr
3016 2846 3353 2916 gradiantur,
3401 2852 3453 2906 in
3484 2867 3550 2909 eo

1962 2925 2356 2981 delectabiliter
2398 2930 2718 2998 spatiemur.
2743 2930 2898 2986 Licet.
2921 2933 3030 2989 illic
3055 2935 3244 2992 liberis
3273 2940 3549 3007 gressibus

1962 3032 2058 3090 per
2087 3019 2311 3087 parilem
2343 3035 2619 3075 sacrarum
2652 3023 2997 3080 historiarum
3013 3027 3288 3098 planitiem
3305 3047 3546 3090 currere.

279 3130 405 3174 umc
450 3120 634 3191 largus
659 3121 908 3190 quaelibet
935 3123 1215 3193 grossiora
1249 3123 1427 3180 edulia
1483 3127 1588 3180 tuis
1631 3107 1860 3195 jubebas

1967 3107 2255 3164 Possumus
2283 3112 2446 3170 etiam
2471 3128 2567 3184 per
2605 3115 2847 3184 mystica:
2873 3117 3240 3189 intelligentia:
3267 3123 3547 3192 profundi-

273 3211 483 3268 deliciis
527 3213 740 3278 cedere,
765 3213 877 3283 jam
907 3229 1052 3270 nunc
1084 3213 1150 3271 ad
1198 3222 1248 3272 te
1300 3229 1517 3269 manum
1548 3218 1855 3281 rctraheas,

275 3304 400 3358 vilia
428 3302 566 3360 facis
589 3303 852 3370 oluscula,
879 3304 1028 3364 velut
1076 3314 1364 3362 accuratas
1405 3305 1612 3377 epulas,
1645 3321 1858 3363 mensas

276 3395 503 3449 divitum
536 3394 810 3450 infercire.

343 3485 578 3540 Mundus
605 3486 806 3556 itaque,
829 3496 888 3545 ut
913 3486 1226 3560 przediclum
1257 3494 1362 3549 est,
1386 3484 1539 3556 quasi
1570 3484 1728 3556 longo
1753 3485 1858 3539 las.

274 3574 423 3630 satus
446 3577 561 3646 jam
587 3577 738 3632 senio
766 3592 864 3648 per
899 3589 1088 3634 cuncta
1116 3591 1212 3633 sua
1240 3578 1479 3632 membra
1509 3576 1858 3646 probabiliter

272 3667 483 3722 indicat
514 3667 646 3738 quia
677 3682 868 3724 cursus
904 3669 986 3724 sui
1033 3667 1294 3723 terminos
1338 3667 1543 3722 diutius
1575 3682 1682 3722 non
1707 3667 1856 3722 elon-

271 3769 383 3831 gat.
429 3761 550 3815 Iluc
581 3761 792 3815 accedit
820 3760 959 3830 quod
1008 3759 1254 3815 homines
1284 3774 1429 3813 nunc
1477 3759 1530 3812 in
1573 3757 1855 3826 juventute

271 3862 588 3916 senescunt,
616 3860 671 3905 et
696 3850 922 3921 juvenili
952 3849 1128 3904 adhuc
1153 3849 1346 3903 decore
1378 3857 1636 3903 vernante
1663 3849 1856 3903 intem-

271 3939 499 4010 pestivis
543 3941 696 3995 canis
757 3941 1018 3994 verticem
1071 3947 1356 4008 spargunt.
1406 3937 1668 3992 Nimirum
1719 3952 1856 4008 quos

270 4034 490 4104 propria
523 4033 694 4088 dictat
717 4041 846 4088 retas
877 4033 1176 4087 inimatune
1203 4029 1501 4084 venustatis
1524 4031 1698 4084 adhuc
1721 4031 1855 4085 ﬂore

265 4127 569 4191 virescere,
597 4141 760 4181 senex
794 4126 1024 4181 mundus
1066 4125 1299 4196 quodam
1339 4121 1586 4177 violentae
1615 4122 1854 4177 auctori-

270 4219 394 4274 tatis
421 4219 655 4290 imperio
702 4234 882 4273 secum
931 4218 1174 4288 praecipit
1219 4217 1521 4288 decrepitos
1569 4225 1848 4286 apparere.

268 4308 386 4377 Quo
418 4311 479 4365 ﬁt
505 4319 567 4365 ut
609 4311 747 4365 sicut
792 4323 1101 4366 cavernosa:
1146 4309 1355 4364 arboris
1403 4325 1562 4378 perna
1614 4323 1737 4363 mox
1790 4318 1852 4365 ut

267 4403 533 4473 producta
582 4401 780 4460 fuerint
804 4445 818 4468 ,
870 4412 996 4457 ante
1033 4403 1401 4457 maturitatem
1433 4409 1692 4455 corruunt
1725 4418 1740 4455 :
1775 4402 1848 4456 ita

1965 3207 2127 3254 tatem
2158 3202 2557 3270 quodammodo
2579 3214 2974 3275 pmruptorum
3005 3209 3114 3264 illic
3142 3215 3406 3268 montium
3436 3217 3547 3270 cel-

1960 3289 2249 3344 situdinem
2281 3305 2488 3362 repere.
2534 3293 2645 3348 Illic
2686 3297 3030 3364 pertruemur
3075 3299 3312 3356 ﬁdelium
3342 3306 3547 3361 amico-

1962 3398 2079 3435 rum
2112 3382 2252 3438 dulci
2285 3385 2574 3458 colloquio,
2618 3387 2728 3443 illic
2771 3374 2970 3446 diversi
3000 3402 3310 3463 apparatus,
3359 3400 3546 3469 epula-

1960 3487 2187 3543 rumque
2217 3474 2516 3529 ccelestiuin
2548 3477 2676 3547 juge
2725 3479 3050 3536 convivium.
3083 3481 3179 3538 His
3211 3485 3438 3554 dapibus
3462 3490 3537 3543 in-

1961 3565 2116 3622 hians
2144 3565 2316 3623 fidelis
2354 3567 2560 3633 anima,
2611 3569 2840 3625 assiduae
2867 3569 3117 3630 lectionis
3169 3573 3425 3632 alimento
3456 3593 3545 3633 vc-

1958 3665 2142 3726 getata.
2168 3657 2335 3712 robur
2377 3659 2626 3729 accipiat,
2677 3668 2733 3713 et
2764 3661 3072 3730 purissima:
3103 3666 3364 3720 orationis
3387 3667 3545 3736 adipe

1957 3747 2206 3814 saginata
2235 3747 2572 3818 pinguescat.
2605 3747 2960 3820 Relinquatur
2983 3751 3154 3808 fames
3181 3754 3361 3808 saeculi
3391 3755 3546 3812 fami-

1957 3837 2231 3893 dientibus
2255 3838 2563 3893 convivium
2601 3839 2805 3894 tnundi.
2839 3839 2948 3895 Nos
2994 3851 3174 3896 autem
3201 3843 3319 3898 illas
3353 3845 3544 3901 didici-

1956 3942 2078 3983 mus
2103 3926 2291 3998 epulas
2317 3928 2554 3993 esurire,
2581 3944 2703 3998 qua:
2736 3936 2790 3985 et
2814 3929 3080 4008 famelicis
3107 3933 3413 3988 satietatem
3456 3951 3543 3992 as-

1955 4017 2131 4073 solent
2158 4033 2282 4074 cum
2315 4017 2655 4088 iucunditate
2702 4021 2960 4085 tribuere,
3007 4032 3063 4077 et
3109 4030 3285 4077 tamen
3330 4025 3541 4081 satiatis

1954 4109 2201 4168 nesciunt
2236 4111 2512 4175 fastidium
2528 4127 2810 4182 generare.
2843 4109 2974 4180 Quae
3001 4115 3255 4171 nimirum
3279 4117 3450 4187 epulis
3477 4128 3538 4173 et

1956 4201 2154 4258 [neruis
2183 4212 2383 4260 nostra:
2403 4204 2740 4259 stomachum
2765 4205 3004 4260 suaviter
3025 4206 3250 4276 replent.
3278 4219 3333 4263 et
3356 4219 3534 4266 tamen

1953 4294 2262 4350 cloacarum
2298 4294 2602 4350 secessibus
2625 4295 2758 4349 nihil
2781 4281 3002 4351 debent.
3032 4295 3180 4352 Nihil
3202 4301 3351 4353 enim
3388 4302 3452 4354 dc
3480 4319 3539 4356 se

1953 4399 2178 4453 prorsus
2197 4386 2457 4455 egestioni
2490 4385 2825 4456 relinquunt,
2857 4386 2951 4440 sed
2970 4388 3036 4442 ad
3061 4389 3374 4457 praebendas
3399 4391 3540 4446 vires

267 4464 529 4548 nimirum
576 4464 822 4550 homines
877 4496 1110 4560 acerbo,
1161 4502 1218 4549 ut
1262 4494 1338 4548 ita
1384 4493 1652 4559 diserim,
1701 4496 1848 4550 exitu

1967 4489 2052 4545 per
2075 4476 2316 4532 omnium
2343 4491 2400 4531 se
2434 4492 2694 4531 venarum
2722 4492 2905 4548 puros,
2927 4483 3348 4552 cunctarumque
3369 4482 3542 4537 visce-

266 4585 588 4654 priusquam
641 4585 705 4638 ad
753 4587 930 4641 artatis
973 4586 1360 4656 plenitudinem
1421 4587 1680 4652 veniant,
1731 4601 1848 4640 mo-

267 4675 503 4730 rinntur.

339 4763 474 4821 Cum
510 4767 695 4836 itaque
738 4767 970 4823 mundus
1000 4767 1329 4838 praecipitem
1374 4775 1427 4822 et
1469 4765 1692 4838 jamjam
1724 4782 1849 4837 pro-

269 4855 411 4910 tinus
439 4873 554 4927 prre
577 4857 747 4911 oculis
778 4860 1142 4914 imminentem
1172 4859 1254 4913 sui
1282 4873 1470 4914 cursus
1496 4860 1730 4912 minetur
1753 4875 1850 4912 or-

171 4931 190 4951 ’
266 4962 478 5009 casum,
510 4947 758 5002 homines
785 4949 946 5002 etiam
978 4948 1219 5017 quotidie
1265 4949 1552 5002 immaturo
1594 4949 1851 5017 pmventi

267 5040 556 5107 rapiantur
575 5039 817 5104 interitu,
844 5041 970 5108 quid
1001 5050 1171 5095 restat
1199 5040 1298 5094 nisi
1325 5051 1384 5094 ut
1412 5039 1515 5094 hoc
1544 5038 1692 5093 brevi
1716 5053 1853 5108 pun-

265 5142 376 5197 cto,
401 5148 513 5202 quo
538 5130 790 5198 vivimus,
823 5132 1040 5203 lapsura
1073 5148 1301 5204 quaeque
1345 5132 1492 5186 velut
1537 5131 1652 5202 jam
1697 5130 1847 5200 lapsa

268 5223 549 5298 despicere
571 5263 587 5287 ,
633 5232 689 5276 et
716 5224 782 5278 ad
810 5237 870 5278 ea
900 5237 1020 5293 qua:
1048 5213 1400 5294 permanenti
1444 5222 1601 5291 pleno
1629 5219 1854 5277 lervidae

265 5314 463 5367 mentis
485 5313 801 5368 studeamus
822 5314 1088 5370 desiderio
1109 5313 1398 5370 festinare?
1420 5312 1557 5367 Ecce
1579 5327 1684 5366 non
1710 5310 1846 5365 levia

267 5401 618 5456 currentibus
647 5404 868 5472 praemia
901 5409 1293 5472 proponuntur,
1338 5411 1394 5456 et
1429 5401 1640 5455 itineris
1678 5398 1854 5456 nostri

267 5484 428 5564 281
463 5495 702 5548 stadium
746 5494 987 5564 quotidie
1021 5489 1315 5549 breviatur.
1371 5493 1524 5547 Nulla
1571 5508 1702 5563 ergo
1728 5492 1852 5545 vita:

268 5585 556 5652 praesentis
600 5583 920 5640 offendicula
965 5584 1136 5640 nostri
1164 5601 1358 5639 cursus
1403 5584 1506 5638 iter
1533 5581 1848 5652 impediant,

269 5675 444 5730 nullas
484 5676 644 5731 nobis
677 5691 859 5733 moras
890 5677 1125 5734 carnalis
1164 5678 1430 5733 illecebrae
1457 5687 1642 5744 torpor
1667 5675 1851 5728 innec-

1955 4583 2070 4623 rum
2095 4569 2307 4638 penitus
2332 4569 2548 4624 interna
2571 4563 2898 4626 dilfundunt.

2021 4659 2186 4731 282
2229 4659 2320 4712 llis
2369 4660 2556 4728 itaque
2583 4657 2822 4714 caelestis
2870 4674 3070 4714 mensae
3111 4659 3339 4732 dapibus
3383 4678 3539 4719 mens

1951 4751 2157 4805 intenta
2199 4750 2598 4820 inexplebiliter
2627 4759 2798 4816 vacet,
2826 4751 2916 4806 his
2957 4749 3146 4806 oculus
3173 4751 3404 4807 solerter
3452 4756 3563 4832 in-g

1951 4839 2162 4908 vigilet;
2193 4839 2370 4905 lingua
2394 4839 2703 4896 articularis
2721 4839 2846 4911 stin
2873 4838 3034 4894 verba
3060 4850 3380 4909 percurrat;
3413 4832 3564 4907 coni

1953 4944 2072 4998 qua:
2105 4929 2376 4995 leguntur,
2415 4928 2696 5000 intelligat.
2733 4939 2786 4985 et
2813 4930 3060 5003 mysterii
3091 4929 3306 4986 latentis
3331 4916 3559 5056 arcanai

1954 5020 2189 5056 omnium!
2245 5020 2355 5056 "am
2407 5021 2658 5056 nullu‘una
2697 5037 2847 5056 munra
2898 5024 3149 5056 ιιι-ιηυιιί..
3178 5041 3273 5056 ΠΛ..
3302 5025 3531 5056 ηοιιίιιιΙ-ῐι

1953 5020 2210 5076 revolvat.
2241 5020 2356 5076 Hoc
2404 5021 2662 5092 pabulum.
2695 5037 2850 5078 sacra
2897 5024 3151 5079 animalia
3176 5041 3273 5094 per
3301 5020 3560 5096 assidutef.

1950 5111 2349 5168 retractationis
2390 5111 2627 5174 studium
2672 5111 2872 5184 iugiter
2897 5115 3195 5180 ruminent,
3227 5131 3343 5184 quae
3373 5101 3564 5178 nintivi

1949 5219 2074 5260 runt
2099 5219 2130 5258 a
2162 5213 2352 5260 ventre
2395 5203 2636 5260 scientias
2674 5205 2742 5259 ad
2791 5206 3065 5261 memoria:
3098 5214 3285 5276 guttur
3337 5190 3554 5275 saepius:

1951 5295 2142 5351 iterata
2169 5297 2520 5354 meditatione
2561 5297 2880 5355 redundent.
2923 5297 3051 5362 llas,
3096 5299 3334 5367 inquam,
3367 5296 3532 5365 dapes

1950 5403 2102 5442 mens
2122 5383 2304 5457 jejuna
2333 5401 2549 5457 semper
2586 5389 2810 5449 esuriat.
2861 5389 2928 5443 ab
2958 5389 3040 5443 bis
3078 5402 3210 5442 vero
3253 5403 3525 5457 nunquam

1951 5480 2144 5534 satiata
2172 5481 2424 5544 recedat;
2464 5481 2562 5536 seti
2586 5495 2694 5550 quo
2729 5481 2904 5547 magis
2943 5478 3214 5548 expletur,
3239 5494 3304 5534 eo
3345 5495 3533 5542 rursus

1952 5573 2020 5627 ad
2043 5587 2233 5626 earum
2257 5570 2552 5640 appetitum
2574 5571 2784 5625 avidius
2813 5571 3170 5624 accendatur:
3205 5572 3388 5640 sicque
3414 5585 3530 5622 om-

1953 5677 2050 5718 nes
2070 5677 2262 5719 sensus
2289 5671 2510 5720 nostros
2531 5661 2674 5717 circa
2717 5661 2847 5716 istas
2881 5658 3069 5717 vitales
3102 5661 3286 5734 epulas
3305 5675 3535 5730 occupe-
