3996 6184
398 297 497 351 991

403 424 545 473 mus,
596 414 656 459 ut
690 399 901 458 Cunctis
930 405 1213 451 causarum
1256 386 1593 442 saecularium
1634 382 1863 450 negotiis
1904 381 1982 434 in-
2011 419 2053 477 Α

405 494 692 553 sensibilcs
725 490 873 553 facti,
922 499 1052 540 vere
1093 480 1293 535 mortui
1325 478 1545 539 mundo,
1595 474 1692 527 soli
1737 473 1984 526 vivamus

412 591 557 649 Deo;
592 591 861 653 quatenus
905 577 1018 646 ipse
1050 581 1258 633 auctor,
1282 578 1337 624 et
1362 569 1658 622 instructor
1684 562 1979 617 felicissimi

409 678 568 747 hujus
589 672 802 736 ferculi,
830 668 937 723 illis
975 666 1087 720 suis
1116 661 1356 718 convivis
1386 674 1483 713 nos
1525 658 1777 727 dignetur
1814 653 1982 709 ascri-

413 773 556 833 bere,
582 767 672 835 qui
702 781 766 819 ex
786 779 881 818 ore
896 759 1150 815 Veritatis
1176 755 1528 810 merebuntur
1552 751 1771 804 audire:
1811 766 1831 800 ι
1872 748 1982 817 Ego

414 859 637 928 .liSpono
665 854 817 909 vobis
842 852 981 905 sicut
1002 846 1263 917 disposuit
1294 842 1423 897 mihi
1454 841 1615 894 Pater
1648 854 1821 903 meus,
1864 853 1983 907 reg-

415 926 562 1011 num,
610 955 671 998 ut
693 943 865 997 edatis
906 949 962 993 et
1002 936 1200 991 bibatis
1228 948 1392 1002 super
1429 944 1672 985 mensam
1722 942 1896 983 meam
1936 926 1991 980 in

412 1052 580 1106 regno
606 1050 725 1089 meo
750 1031 900 1104 (Luc.
926 1030 1082 1095 xxu).
1115 1046 1134 1079 ι

482 1127 835 1196 Omnipotens
862 1124 1023 1186 Deus,
1046 1119 1135 1189 qui
1159 1116 1395 1172 cliaritas
1409 1122 1491 1169 est
1514 1112 1564 1183 (1
1587 1108 1861 1179 Joanav),
1887 1108 1997 1162 fra-

414 1230 524 1274 tres
545 1216 873 1278 charissimi,
904 1220 1093 1267 sancto
1124 1209 1275 1264 cordi
1301 1218 1482 1262 vestro
1507 1204 1803 1259 clementer
1831 1200 1998 1270 inspi-

415 1321 514 1375 ret,
547 1319 607 1363 ut
628 1322 725 1378 pro
756 1319 842 1360 me
869 1310 1153 1375 peccatore
1176 1297 1469 1371 dignemini
1500 1309 1712 1364 semper
1741 1306 1919 1348 orare.

1168 1427 1239 1440 _

1044 1507 1333 1564 SCHOLIA
1345 1546 1358 1559 .

485 1603 911 1660 Concludendum
935 1613 1008 1655 est
1034 1602 1213 1670 igitur,
1237 1600 1357 1670 quia
1376 1598 1509 1670 sicut
1526 1599 1588 1651 ab
1608 1598 1687 1652 his
1708 1596 1991 1670 cavendum

445 1685 513 1739 et,
541 1691 671 1745 quos
695 1675 943 1727 madente
964 1666 1281 1741 synodorum
1311 1668 1533 1722 concilia
1563 1670 1627 1721 ab
1645 1666 1993 1722 ecclesiastica

1085 1827 3454 1856 Μ

865 284 921 339 S.
950 278 1150 337 PETRI
1188 272 1468 331 υΑΜιΑΝι
1506 269 1656 327 ΟΡΡ.
1695 265 1931 323 ’1³031135
1969 262 2100 320 SEU
2138 260 2314 318 PARS
2352 260 2437 317 III.
2470 290 2539 302 —
2568 257 2933 316 OPUSCULA
2972 257 3202 313 VARIA.

3544 257 3652 314 293

2083 381 2325 435 societate
2371 377 2655 446 repellunt;
2702 377 2785 446 ita
2801 386 2848 430 et
2892 375 2956 428 ab
2988 374 3463 446 illisuihilominus
3487 378 3656 432 decli-

2086 452 2337 511 nandum,
2377 444 2504 518 quos
2527 447 2729 518 antiqui
2763 444 2944 518 Patres
2968 445 3309 518 eliminandos
3335 463 3445 499 esse
3471 448 3657 501 decer-

2086 529 2235 572 nunt.
2266 514 2399 573 Hoc'
2420 519 2537 572 loco
2562 514 2749 570 beatus
2773 514 3059 569 Damianus
3082 514 3225 584 loqui
3253 518 3464 569 videtur
3498 516 3655 583 juxta

2086 589 2339 643 Ecclesia:
2367 603 2594 649 mort-ru,
2643 586 2733 655 qui
2784 585 2900 650 ejus
2929 595 3086 638 :etate
3130 587 3462 640 servabatur.
3517 588 3655 642 Ante

2084 659 2367 713 concilium
2398 657 2539 711 enim
2564 657 2972 711 Constanticnse
2998 655 3048 707 in
3072 656 3377 709 universum
3408 657 3656 724 prohibe—

2085 728 2245 781 batur
2259 727 2499 781 iidelibns
2522 725 2841 795 participare
2869 740 2988 778 cum
3010 726 3509 795 excomnntnicatis,
3535 741 3651 792 cap.

2086 796 2309 850 Cautum
2336 807 2408 850 est
2444 793 2535 858 H,
2561 811 2652 864 qu.
2680 798 2732 850 5.
2762 804 2814 848 et
2837 809 2955 862 cap.
2981 793 3109 846 Cum
3136 794 3417 849 desideres.
3442 797 3502 849 Et
3532 796 3652 848 alibi

2095 882 2253 936 sape.
2274 867 2472 921 Verum
2495 867 2548 919 in
2569 864 2800 936 concilio
2820 864 3234 936 Constantiensi,
3259 880 3354 936 per
3378 864 3653 936 Martini‘V

2095 933 2573 1001 constitutionem,
2621 950 2741 1002 qua:
2783 934 2967 1002 incipit
3020 948 3034 985 :
3081 933 3162 985 Ad
3206 935 3448 987 evitanda
3494 933 3659 989 multa

2094 1006 2367 1071 scandala,
2398 1022 2559 1076 quam
2604 1015 2658 1059 et
2682 1004 2790 1057 Leo
2836 1003 2881 1056 Χ
2932 1004 2983 1056 in
3028 1003 3258 1076 concilio
3292 1003 3659 1076 Lateranensi,

2097 1092 2231 1131 sess.
2261 1076 2347 1141 ll,
2379 1072 2741 1135 confirmavit,
2773 1088 2999 1140 eamque
3026 1073 3187 1127 refert
3215 1073 3473 1129 Martinus
3496 1072 3666 1128 Nava-

2098 1161 2191 1200 rus
2212 1147 2265 1201 in
2293 1144 2529 1209 Summa,
2551 1159 2669 1213 cap.
2692 1144 2782 1209 27,
2810 1158 2958 1196 num.
2980 1142 3071 1207 56,
3098 1142 3248 1211 cujus
3273 1142 3447 1197 adhuc
3474 1143 3665 1213 memi-

2101 1216 2181 1270 nit
2208 1218 2456 1280 Didacus,
2486 1211 2711 1269 Covarr.
2740 1215 2795 1268 in
2826 1228 2945 1281 cap.
2977 1213 3130 1265 Alma
3153 1222 3341 1277 mater,
3371 1228 3387 1267 ι
3415 1228 3533 1282 par.
3567 1211 3666 1266 Re-

2099 1286 2217 1340 lect.
2267 1302 2483 1356 paragr.
2526 1286 2581 1349 2,
2622 1285 2897 1356 decretum
2940 1293 3059 1356 est,
3122 1301 3139 1333 ι
3177 1282 3378 1356 Licere
3420 1282 3669 1356 fidelibus

2097 1352 2499 1411 communicare
2535 1354 3033 1415 excommunicatis,
3078 1352 3316 1420 exceptis
3350 1353 3571 1415 duobus,
3601 1352 3667 1405 iis

2098 1427 2368 1489 videlicet,
2400 1426 2490 1495 qui
2520 1424 2831 1479 nominatim
2858 1423 3055 1495 fuerint
3078 1422 3399 1495 denuntiati,
3447 1433 3539 1475 aut
3576 1437 3670 1475 nn-

2099 1497 2220 1549 torii
2242 1492 2563 1550 clericorum
2587 1508 2949 1563 percussores.
2982 1511 3000 1544 ι
3027 1492 3186 1547 Juxta
3208 1494 3348 1560 quod
3370 1492 3665 1554 decretum.
3722 1516 3726 1531 ε

2098 1568 2271 1622 nostri
2291 1566 2529 1623 doctoris
2560 1564 2733 1619 zelum
2755 1563 3143 1618 etsententiam
3172 1563 3662 1630 interpretabimur.

2426 1654 2504 1716 Sit
2536 1670 2723 1711 nomen
2754 1654 2961 1709 Domini
2990 1654 3334 1710 benedictum.

3470 1824 3646 1846 ﬂ

628 1989 989 2067 28”“
1069 2006 1508 2123 OPUSC
1529 2004 1913 2119 ULUM
2002 2004 2004 2111 ί

2106 1994 2652 2111 ECIMUM
2741 1991 3426 2106 TERTIUM.

615 2231 723 2292 DE
763 2219 1951 2291 PERFECTIONE*MONACHORUM.
2000 2217 2110 2278 AD
2149 2214 2227 2275 Ο.
2264 2257 2279 2273 .
2330 2259 2345 2275 .
2389 2257 2403 2271 .
2452 2209 2833 2274 ABBATEM
2878 2207 3454 2274 POMPOSIANUM

1611 2319 1949 2392 EJUSQUE
1981 2313 2498 2378 CONVENTUM.

1816 2507 2173 2524 -ἐ

424 2658 815 2712 Aucuussruu.
861 2679 933 2690 —
974 2649 1032 2702 In
1080 2647 1185 2701 hoc
1226 2645 1405 2701 libello
1444 2637 1826 2715 prmceptoris,
1853 2642 1912 2715 ut
1962 2633 2034 2688 ita
2075 2624 2787 2715 dicamholﬁciolfungitur.
2825 2623 2960 2679 Nam
3005 2639 3126 2715 cum
3165 2628 3551 2715 monaclmrurn
3601 2636 3685 2680 su;

489 2692 1423 2786 "(iris—corruptos"rbores-ct
1447 2692 1716 2768 riiislitizta
1757 2692 2121 2774 deplorasset,
2159 2692 2376 2755 eosdem
2435 2692 2805 2752 saluberrimis
2854 2695 3137 2765 praeceptis
3183 2697 3249 2751 ad
3301 2692 3682 2764 perfectionem

495 2799 505 2806 .
686 2794 717 2806 ._
888 2790 899 2801 ο
925 2789 937 2806 ι
974 2787 1153 2806 p________
1201 2786 1421 2806 14.----.
1488 2782 1609 2806 ---ιλ
1645 2775 1891 2806 ...κηιηηις
1947 2782 2001 2806 ιιι
2037 2773 2100 2806 ml
2130 2780 2367 2806 ηημιίωιι
2408 2767 2653 2806 Inhnrnm
2708 2775 2904 2806 nimam
2953 2767 3416 2806 nprlgtniinnmnue
3450 2765 3682 2806 Imlntmn

810 2765 1611 2858 ﬁihf'idébéﬁéikﬁi,finiit}
1644 2765 1915 2858 amplecti,
1947 2782 2007 2827 ut
2035 2773 2110 2858 ad
2130 2780 2368 2858 optatam
2408 2767 2666 2858 laborum.
2707 2775 2926 2829 metam,
2953 2767 3416 2858 certaminumque
3450 2765 3684 2858 palmam

493 2834 780 2935 periclum
810 2834 1062 2928 possint?
1076 2834 1539 2909 solerter'erudit‘.
1570 2851 1635 2904 Et
1666 2834 1880 2935 quidem
1920 2858 2055 2912 pene
2099 2834 2242 2935 tofus
2264 2840 2333 2935 'i‘n
2376 2853 2443 2894 eo
2478 2847 2582 2935 esti,
2614 2846 2672 2890 ut
2714 2852 2807 2891 eos
2838 2835 3158 2935 posthabitis
3196 2834 3683 2935 terrenisf'cupidi-

908 2927 920 2935 .
1288 2924 1308 2935 ..
1427 2922 1438 2933 .
1467 2924 1495 2935 ..
1722 2932 1732 2935 -
1810 2930 1895 2935 μ--
1944 2920 2132 2935 ,..-...Λ
2164 2926 2209 2935 Α,
2310 2924 2427 2935 ιιι-Μ
2476 2922 2549 2935 ιι...
2575 2916 2728 2935 nun...
2759 2922 2916 2935 ηηὶιιιι
2960 2922 3048 2935 ...η
3082 2905 3268 2935 ἕηυῖιιιο
3328 2916 3376 2935 Δ.
3404 2919 3428 2935 ιι
3512 2906 3682 2935 hmo...

492 2905 715 2995 ilicibus,
744 2905 848 2983 nolit
872 2927 942 2981 ob
971 2905 1645 2995 manarumibi-midiuem,
1682 2905 1775 2970 sed
1806 2905 2145 2995 sua-sponte
2163 2911 2229 2963 ad
2264 2909 2428 2989 Deum
2474 2908 2728 2995 ardenter
2759 2905 3049 2995 amandum
3082 2905 3381 2995 invi‘tet,ret
3402 2905 3469 2958 ad
3501 2906 3683 2995 ipsam

497 2974 1558 3060 §?i}'t2'£iiti'§i~c'e'm’,Eiiiiﬁiiésigqassi
1595 2974 2215 3060 nianuﬂperducatallac
2239 2978 2561 3060 regia_vclut
2587 2976 2778 3060 semita
2807 2976 3093 3057 patefacta,
3126 2978 3193 3028 ad
3227 2974 3459 3055 reliquos
3494 2974 3690 3054 deinde

796 3044 1652 3132 Ehii-‘é"digéédiitiﬁjiaiienuam
1692 3044 1917 3132 scilicet,
1953 3044 2334 3132 humilitatem,
2359 3046 2745 3132 obedientiam,
2775 3044 3266 3128 compunctionem,
3295 3044 3687 3132 paenitentiam.

499 3115 1354 3206 'c‘b'iit'einiiisiibnéfﬁ;animi;
1390 3140 1645 3206 tanquam
1684 3115 2003 3206 clarissimis
2032 3116 2548 3206 gemmis'monacbi
2601 3117 2864 3197 cujusque
2904 3115 3117 3169 animus
3156 3115 3444 3206 ‘ornatus;
3476 3130 3581 3168 non
3622 3115 3690 3168 ad

495 3184 1366 3266 Eitéiiié'bifdiii'si'iii{uestiui}.
1396 3184 1608 3262 oculos,
1645 3198 1738 3251 sed
1774 3194 1840 3247 ad
1888 3184 2281 3266 ipsiusinterni
2322 3185 2645 3266 spectatoris
2670 3184 3041 3255 conspectum
3082 3185 3310 3266 pulcher
3338 3194 3391 3266 et
3420 3184 3689 3266 formosus

497 3256 739 3354 apparet.
774 3279 874 3335 Ubi
907 3256 1204 3354 generatim
1233 3256 1300 3327 ad
1327 3285 1516 3326 omnes
1547 3256 1758 3347 locutus
1786 3273 1888 3328 est,
1908 3256 2025 3317 tum
2049 3263 2272 3354 odemluiln
2300 3256 2612 3354 singillatim
2644 3270 3083 3354 unumquemque
3117 3256 3199 3311 sui
3226 3256 3383 3310 oﬂicii
3414 3256 3687 3315 admonet,

1244 3353 1247 3354 ,
1594 3353 1598 3354 ,
1652 3351 1662 3354 -
1921 3342 2090 3354 -..--.--
2121 3349 2166 3354 .--
2254 3345 2367 3354 ...κη
2434 3342 2509 3354 η...
2542 3341 2677 3354 Δι’-..Δ
2726 3342 2883 3354 ...πη-ι
2928 3341 3016 3354 ...ν-
3064 3334 3211 3354 ιιι-ιιι
3260 3325 3631 3354 .ιι-ηιρΛ-ἷσιθαιιι
3659 3339 3687 3354 α

774 3323 1891 3418 pra-[fosilosfcielerosquecujuscunque
1920 3332 2093 3387 atatis
2120 3331 2187 3385 ad
2232 3330 2369 3384 bene
2391 3323 2678 3396 'beateque
2726 3323 3037 3387 vivendum,
3058 3323 3214 3395 juxta
3258 3325 3632 3395 praescriptam
3657 3339 3692 3378 ι

502 3414 799 3490 majoribus
821 3414 1068 3474 normam
1094 3414 1413 3469 informaus.

499 3595 708 3648 Domno
726 3590 789 3646 Ο.
825 3628 841 3645 .
876 3628 890 3643 .

431 3684 631 3746 venlui,
665 3683 881 3738 Penus
910 3685 1166 3749 peccator
1187 3673 1487 3731 monachus
1514 3669 1876 3727 devotissimzc
1894 3681 2010 3722 ser-

432 3778 622 3831 vitutis
649 3772 993 3842 obsequium.

500 3864 835 3937 Pauperculo
878 3860 1105 3917 debitori
1150 3859 1276 3915 licet
1313 3856 1527 3914 solvere
1580 3861 1808 3925 nequeat
1853 3864 2013 3907 omne

430 3960 573 4031 quod
615 3959 798 4021 debet,
845 3951 1177 4010 excusationi
1208 3958 1384 4005 tamen
1432 3957 1539 4013 est,
1569 3947 1622 4000 id
1661 3944 2014 4015 perexiguum

432 4052 627 4107 oderre
651 4048 794 4120 quod
820 4046 999 4101 habet.
1030 4043 1187 4114 Stepe
1218 4042 1473 4096 nimirum
1498 4037 1755 4101 rusticus,
1800 4033 1893 4105 qui
1920 4048 2014 4104 pe-

433 4144 645 4197 cuniam
673 4139 950 4194 feneratus
1007 4141 1310 4204 acceperat,
1363 4129 1604 4187 exactori
1657 4142 1755 4183 suo
1803 4125 2013 4182 olerum

435 4235 698 4287 duntaxat
721 4228 940 4283 advexit
976 4227 1217 4291 xenium,
1249 4232 1305 4278 et
1332 4237 1457 4276 mox
1478 4219 1746 4274 cautionis
1769 4231 1878 4271 sua:
1900 4214 2018 4270 chi-

436 4322 702 4393 rographo
729 4319 887 4373 rediit
928 4315 1223 4370 absolutus.
1254 4312 1364 4382 Ego
1392 4312 1594 4379 itaque,
1621 4308 1711 4378 qui
1738 4304 2016 4361 beneficiis

434 4410 632 4465 vestris
658 4422 853 4477 magna
881 4404 1072 4469 debeo,
1096 4402 1230 4457 viles
1260 4401 1471 4454 litteras
1511 4398 1700 4462 mitto;
1731 4395 1886 4459 viles,
1935 4393 2017 4447 in-

436 4515 621 4572 quam,
653 4511 772 4551 mea
795 4493 1113 4555 rusticitate,
1140 4506 1245 4547 non
1268 4504 1366 4543 suo
1385 4502 1601 4559 genere,
1621 4484 1870 4540 videlicet
1896 4496 2016 4553 quae

438 4599 493 4646 et
520 4589 715 4644 divinae
756 4582 1048 4640 voluntatis
1080 4580 1301 4644 indices,
1352 4588 1403 4632 et
1432 4587 1676 4633 veterum
1721 4589 2015 4632 novorum-

438 4695 543 4751 que
567 4687 839 4751 gestorum
861 4672 1199 4744 depositarize
1221 4670 1328 4725 sint
1354 4668 1556 4723 fideles.

949 4761 1176 4820 CAPUT
1215 4758 1504 4815 PRIMUM.

620 4860 697 4915 De
737 4858 1038 4913 remissione
1080 4853 1295 4925 fervoris
1323 4860 1519 4907 sanctae
1554 4848 1840 4920 religionis.

928 3629 941 3643 .
973 3583 1270 3643 venerabili
1304 3579 1510 3645 abbati,
1558 3587 1613 3632 et
1657 3584 1845 3631 sancto
1880 3591 2010 3630 con-
2038 3585 2085 3644 Β
2111 3570 2469 3643 possidemus.
2516 3569 2595 3625 Ac
2638 3568 2684 3625 si
2731 3569 2948 3641 spurius
2983 3584 3120 3640 puer
3159 3567 3328 3639 patris
3374 3568 3590 3637 quidem
3633 3584 3696 3624 se

2112 3662 2322 3718 censeri
2353 3661 2572 3716 nomine
2594 3661 2844 3732 gaudeat,
2894 3662 2987 3716 sed
3012 3660 3227 3732 generis
3256 3660 3337 3714 sui
3368 3661 3697 3729 degenerata

2110 3752 2348 3808 conditio
2374 3751 2582 3821 legibus
2612 3752 2756 3806 hunc
2802 3752 2870 3806 ab
2915 3751 3232 3806 hazreditate
3284 3750 3526 3819 repellat.
3560 3749 3699 3804 Nam

2115 3854 2171 3899 et
2191 3844 2382 3899 Ismael
2419 3851 2473 3899 et
2502 3842 2597 3897 filii
2628 3841 2877 3898 Cethura:
2913 3857 3101 3898 omnes
3135 3841 3501 3896 indifferenter
3522 3841 3701 3894 Abra-

2113 3934 2197 3988 ha:
2226 3933 2319 3988 filii
2347 3933 2685 3989 dicebantur.
2734 3933 2842 3988 Sed
2867 3949 2990 3987 cum
3031 3933 3099 3987 ad
3128 3932 3534 3988 successionum
3569 3929 3701 3998 jura

2110 4033 2435 4094 perventum
2460 4033 2564 4089 est,
2592 4022 2745 4079 Isaac
2778 4022 3022 4094 legitimo
3046 4023 3156 4077 filio
3199 4008 3312 4077 tota
3345 4023 3397 4076 in
3428 4022 3701 4092 integrum

2112 4114 2401 4171 hereditas
2426 4115 2684 4180 traditur;
2727 4114 3151 4170 concubinarum
3184 4123 3363 4167 autem
3413 4112 3536 4166 filiis
3579 4121 3705 4165 tan-

2114 4207 2388 4263 tummodo
2410 4220 2633 4261 munera
2660 4205 2989 4262 tribuuntur.
3023 4225 3041 4259 ‹
3076 4206 3299 4277 Spuria,
3339 4206 3512 4275 inquit
3536 4203 3704 4258 Salo-

2114 4314 2265 4365 mon,
2288 4298 2600 4354 vitulamina
2627 4315 2733 4353 non
2759 4298 2966 4354 dabunt
2988 4299 3195 4354 radices
3220 4297 3357 4353 altas
3382 4296 3535 4368 (Sap.
3560 4296 3697 4365 ιθ.»

2114 4394 2226 4450 Nec
2251 4408 2368 4458 vos,
2402 4409 2606 4464 quaeso,
2663 4392 2807 4463 quod
2850 4392 3063 4463 loquor,
3107 4392 3160 4447 in
3190 4401 3425 4446 vestram
3471 4388 3705 4445 vertatis

2115 4486 2389 4557 iniuriam.
2438 4485 2620 4541 Nostis
2643 4485 2809 4552 enim,
2863 4485 2989 4554 quia
3019 4483 3189 4539 fomes
3211 4492 3335 4552 apte
3368 4480 3702 4552 congeritur,

2116 4578 2212 4632 ubi
2258 4576 2493 4632 scintilla
2541 4576 2733 4631 saltem
2780 4575 2924 4647 ignis
2977 4588 3259 4644 superesse
3290 4572 3536 4635 videtur;
3587 4569 3707 4625 illic

2117 4675 2295 4722 autem
2312 4665 2678 4737 quisinaniter
2689 4663 2884 4730 sulllat,
2914 4660 3056 4718 unde
3067 4662 3302 4718 calorem
3318 4662 3530 4732 penitus
3539 4660 3707 4714 exha-

2117 4756 2258 4813 lasse
2269 4758 2604 4814 considerat?
2619 4756 2730 4827 Ego
2743 4757 2928 4821 etiam,
2944 4754 3050 4810 nisi
3065 4769 3163 4824 per
3176 4753 3376 4809 Christi
3389 4753 3616 4823 gratiam
3632 4750 3710 4804 de

2118 4851 2271 4907 vobis
2306 4850 2532 4906 meliora
2568 4850 2926 4914 confiderem,
2957 4847 3162 4903 relictis
3192 4847 3335 4910 aliis,
3365 4844 3706 4901 exhortatio-

511 4952 696 5020 ltaquc
740 4966 844 5004 non
875 4946 1158 5019 ignoratis,
1212 4944 1417 4999 fratres
1464 4941 1594 5006 mei,
1631 4940 1773 5011 quod
1803 4952 2023 5010 gemens
2048 4939 2094 5003 C
2126 4943 2211 4998 nis
2232 4942 2395 5013 285
2426 4941 2567 5013 stylo
2602 4957 2699 4997 vos
2725 4941 2888 4996 etiam
2917 4938 3171 5010 prosequi
3201 4951 3590 5009 supervacuum
3613 4934 3712 5004 ju-_

439 5042 652 5110 loquor,
700 5040 766 5093 ad
801 5048 1061 5108 quantum
1092 5036 1262 5091 sancti
1291 5033 1519 5088 fervoris
1553 5031 1738 5100 lapsus
1771 5029 1860 5094 sit,
1908 5028 2017 5081 imo

433 5131 733 5204 ‘proclivius
753 5128 992 5200 quotidie
1015 5127 1119 5180 labi
1162 5142 1269 5180 non
1302 5124 1512 5179 desinat
1555 5129 1740 5175 noster
1759 5116 1895 5172 ordo
1926 5117 2017 5171 de-

442 5224 667 5286 fectum,
699 5229 758 5273 ut
782 5220 894 5289 jam
922 5216 1161 5272 omnium
1182 5229 1323 5285 pene
1346 5211 1718 5268 mandatorum
1742 5207 2017 5278 negligen-

444 5325 525 5368 ter
569 5313 741 5377 obliti,
781 5310 895 5366 sola
945 5306 1299 5378 professionis
1336 5304 1496 5375 hujus
1541 5290 1823 5355 videamur
1867 5310 2016 5353 veste

430 5392 704 5459 contenti.
739 5402 849 5457 Sub
874 5399 1147 5471 religionis
1181 5397 1323 5452 enim
1365 5394 1543 5464 specie
1569 5385 1903 5445 smculariter
1940 5389 2018 5442 vi-

442 5496 641 5558 vimus,
678 5504 729 5548 ct
757 5492 954 5547 violato
979 5487 1278 5558 disciplinae
1305 5484 1484 5555 genio,
1510 5483 1636 5536 dum
1670 5494 1766 5533 nos
1788 5494 1884 5547 per
1911 5478 2019 5532 Ille-

446 5586 727 5642 cebrarum
753 5583 891 5639 ﬂuxa
908 5580 1270 5642 dissolvimus,
1282 5574 1445 5629 ‘velut
1461 5590 1491 5628 a
1508 5571 1806 5629 nobilitatis
1820 5580 2018 5626 nostrae

447 5673 618 5731 titulis
668 5674 1078 5745 dcgenerantes,
1125 5665 1511 5724 monachorum
1561 5677 1754 5719 nomen
1788 5663 2018 5718 inaniter

2124 5032 2384 5087 dicarem.

2194 5121 2573 5191 Quapropter,
2625 5118 2968 5185 cbarissimi,
3016 5117 3072 5171 in
3122 5116 3265 5171 vires
3316 5129 3429 5175 vos.
3487 5111 3713 5173 Chriso

2121 5210 2433 5275 auxiliante,
2465 5209 2720 5280 colligite,
2749 5205 2970 5278 ejusque
2996 5205 3265 5270 militiam,
3292 5203 3348 5258 in
3375 5201 3527 5272 cujus
3548 5214 3710 5275 arma

2113 5300 2362 5371 jurastis,
2417 5315 2522 5355 non
2556 5299 2794 5371 segniter
2814 5339 2830 5363 ,
2876 5314 2984 5359 non
3035 5295 3308 5352 cnerviter
3331 5334 3349 5360 ,
3374 5292 3467 5348 sed
3497 5287 3715 5345 fervide

2116 5391 2296 5461 potius
2323 5405 2385 5445 ac
2421 5391 2648 5446 viriliter
2676 5390 2944 5461 bajulste,
2983 5396 3043 5444 ut
3078 5388 3382 5443 rudimenta
3416 5395 3714 5438 conversa-

2119 5482 2281 5538 tionis
2309 5491 2520 5547 vestraa,
2560 5496 2681 5552 qua:
2707 5482 2885 5535 adhuc
2922 5481 2976 5533 in
3020 5479 3252 5548 quodam
3284 5472 3579 5530 meditullio
3605 5485 3714 5540 p.0-

2117 5571 2219 5627 sita
2263 5579 2425 5637 sunt,
2468 5587 2572 5625 non
2619 5571 2687 5626 ad
2719 5569 2944 5625 nihilum
2969 5608 2984 5633 ,
3016 5566 3159 5637 quod
3190 5565 3354 5629 absit,
3383 5578 3481 5632 per
3528 5557 3709 5629 negli-

2118 5663 2352 5733 gentiam
2382 5663 2648 5729 redeant,
2678 5661 2771 5718 sed
2816 5674 2911 5731 per
2949 5658 3189 5716 continui
3221 5656 3450 5713 fervoris
3493 5652 3721 5708 instan-
