3994 6190
236 170 239 171 ί
258 190 370 246 eos

1122 168 1374 250 orasc.
1411 194 1544 249 χιιι.
1573 224 1643 237 -
1672 194 1759 250 ne
1779 194 2272 256 remanens
2312 202 2619 260 nomen.

3436 212 3545 269 295

230 311 394 362 “tiam
424 306 493 361 ad
522 305 871 375 perfectionis
901 308 1113 363 culmen
1162 319 1502 365 exerescant.
1532 310 1859 365 Mementote
1888 313 2699 385 Agloriam-perhorrescimus,
2729 322 2959 374 nitorem
3011 324 3283 379 sanctuaris
3327 325 3544 382 habitus

260 401 407 467 quod
434 398 624 467 angelo
646 396 835 452 Sardis
858 398 1111 452 Ecclesiae
1134 400 1369 454 dicitur:
1399 418 1417 451 ι
1448 400 1576 454 Esto
1606 400 1855 470 vigilans,

242 494 314 543 ίει
340 490 603 543 confirma
647 497 875 552 caetera,
915 503 1036 557 quae
1064 492 1328 544 moritura
1353 500 1675 556 erant;.non
1711 491 1856 546 enim

261 582 444 637 inveni
479 596 644 650 opera
676 589 763 634 tua
788 579 943 650 plena
965 595 1149 635 coram
1179 581 1289 636 Deo
1319 581 1801 653 meo:(dpoc..ut).
1832 600 1850 633 ι

262 674 398 740 Quia
414 673 560 726 enim
584 671 740 739 plena
757 685 943 726 coram
966 672 1077 726 Deo
1097 670 1215 740 ejus
1236 686 1402 740 opera
1425 687 1529 727 non
1554 672 1855 736 invenerat,

263 765 526 818 moritura
547 765 715 817 etiam
737 763 843 826 illa,
868 778 989 832 qua:
1006 762 1120 832 jam
1146 763 1282 817 bene
1304 772 1452 833 gesta
1476 762 1857 833 fuerant,.per-

264 858 503 912 bibebat.
526 856 583 910 Si
602 857 747 910 enim
770 856 911 925 quod
936 864 1208 909 mortuum
1234 856 1290 909 in
1319 856 1475 910 nobis
1490 866 1577 911 est
1597 857 1666 911 ad
1690 855 1855 910 vitam

264 966 371 1004 non
400 950 742 1013 accenditur,
782 950 887 1003 hoc
910 948 1074 1002 etiam
1100 948 1499 1017 exstinguitur,
1532 949 1675 1017 quod
1701 948 1856 1018 quasi

264 1042 442 1096 adhuc
464 1042 648 1095 vivum
673 1049 904 1095 tenetur.
931 1038 1116 1094 Perdit
1134 1040 1340 1108 quippe
1358 1040 1501 1108 quod
1524 1048 1733 1108 egerat,
1764 1037 1856 1107 qui

262 1134 404 1204 quod
460 1131 769 1186 faciendum
827 1139 911 1185 est
965 1145 1073 1184 non
1131 1138 1491 1185 consummat.
1527 1128 1667 1194 Quid
1705 1129 1855 1183 enim

264 1225 485 1295 pmdest
512 1224 561 1278 si
600 1223 655 1277 iu
683 1230 931 1277 materno
953 1231 1121 1274 utero
1136 1218 1358 1274 formari
1382 1233 1580 1288 corpus
1609 1218 1855 1287 incipiat,

267 1326 320 1369 et
345 1325 527 1370 tamen
558 1315 625 1367 ad
665 1311 927 1367 naturalis
966 1310 1288 1365 incrementi
1331 1307 1719 1377 plenitudinem
1750 1321 1857 1360 nou

267 1406 581 1477 pertingat?
612 1404 726 1459 Non
754 1404 899 1459 enim
924 1417 1020 1457 vos
1038 1402 1169 1456 latet
1190 1401 1258 1456 de
1282 1415 1387 1471 qua
1408 1398 1592 1453 sobole
1614 1397 1812 1453 dicitur
1839 1414 1855 1451 :

272 1517 289 1548 ι
322 1497 516 1551 Mulier
547 1511 668 1551 cum
699 1495 864 1565 parit,
889 1493 1164 1547 tristitiam
1193 1492 1377 1555 habet,
1400 1490 1527 1560 quia
1555 1490 1702 1557 venit
1724 1490 1857 1542 hora

264 1587 409 1657 eius;
439 1603 566 1643 cum
596 1595 776 1641 autem
819 1584 1031 1655 peperit
1056 1597 1305 1653 puerum,
1330 1582 1443 1653 jam
1481 1597 1586 1635 non
1613 1579 1861 1636 meminit.

1964 405 2152 459 humili
2182 417 2328 460 veste
2354 417 2643 463 mutamus.
2672 408 2862 478 Magna
2884 419 3010 463 sunt
3038 412 3173 474 luee,
3197 414 3367 465 ardua
3396 428 3555 477 sum,

1962 494 2495 566 fateor,.ntaguisque
2520 514 2770 568 superna:
2814 500 3185 554 retributionis
3229 502 3547 557 muneribus

1960 590 2391 657 compensanda;
2419 589 2516 645 sed
2547 591 2724 646 adhuc
2759 600 2930 646 restat
2968 592 3110 647 unde
3145 594 3422 662 praefixum
3452 595 3548 649 de-

1959 678 2086 733 beat
2135 680 2342 749 pondus
2384 680 2625 749 impleri,
2673 691 2733 736 ut
2779 683 2831 737 in
2893 684 3335 753 gazophylacium
3382 684 3548 754 Regis

1958 770 2147 824 aeterni
2185 778 2456 824 mereatur
2483 772 2711 827 admitti.
2744 772 2995 839 Quaeritis
3017 775 3144 843 quid
3172 777 3243 829 sit
3269 775 3370 829 hoc
3398 794 3411 828 :
3446 776 3544 829 0c-

1958 861 2132 916 currit
2158 862 2287 917 mihi
2309 863 2576 930 protinus,
2600 874 2659 917 ut
2681 865 2833 920 vobis
2861 866 2961 920 ista
2992 868 3342 935 respondeam
3369 906 3386 921 .
3412 866 3545 922 Ohe-

1960 949 2180 1013 dientia,
2222 951 2484 1015 ehanitas,
2524 954 2802 1023 gaudium,
2837 970 2965 1023 pax,
2997 956 3278 1024 patientia,
3310 964 3551 1010 caetera:-

1958 1052 2065 1107 que
2092 1040 2343 1105 virtutes,
2398 1057 2535 1111 quas
2587 1044 2835 1111 gentium
2889 1045 3209 1113 praedicator
3263 1056 3551 1102 enumerat

1960 1127 2163 1199 (Galat.
2196 1132 2273 1199 v).
2307 1130 2413 1185 Sed
2444 1131 2567 1187 volo
2594 1133 2975 1202 compendiose
3023 1136 3411 1205 perstringere,
3440 1152 3549 1205 quo

1960 1220 2129 1274 tuenti
2166 1230 2359 1275 vestra:
2386 1222 2563 1278 valeat
2589 1222 2821 1287 facilius,
2855 1239 2919 1277 ac
2946 1239 3042 1292 per
3089 1226 3192 1280 hoc
3235 1227 3442 1281 arctius
3466 1229 3550 1283 iu-

1960 1310 2188 1365 hterere.
2220 1312 2410 1382 Itaque
2436 1313 2570 1367 nihil
2595 1314 2847 1368 estaliud
2875 1315 2976 1369 nisi
3010 1315 3191 1369 fervor
3214 1317 3265 1369 in
3297 1316 3465 1370 Deum
3493 1326 3552 1371 et

1961 1403 2389 1459 mortiﬁcatioin
2422 1406 2729 1474 tentetipso.
2761 1406 2817 1459 Si
2851 1407 2996 1461 enim
3027 1408 3322 1475 apostolica
3368 1409 3419 1461 in
3448 1425 3547 1462 no-

1961 1493 2043 1548 his
2067 1495 2335 1550 sententia
2369 1497 2593 1561 viveret,
2622 1512 2730 1566 qua
2765 1498 3006 1553 dicitur:
3038 1516 3057 1550 ι
3094 1498 3325 1568 Semper
3357 1500 3547 1555 morti-

1962 1583 2270 1641 licationem
2311 1583 2439 1642 Jesu
2496 1587 2550 1641 in
2600 1601 2829 1657 corpore
2873 1598 3062 1643 nostro
3100 1588 3552 1644 circumferentes

262 1696 538 1752 pressura:
567 1688 785 1750 propter
815 1677 1069 1747 gaudium
1095 1715 1113 1743 ,
1145 1676 1274 1746 quia
1316 1685 1475 1730 natus
1497 1683 1581 1729 est
1609 1674 1771 1728 homo
1799 1673 1855 1730 in
1890 1682 1931 1739 Β
1959 1676 2290 1748 (11.6οι.ιν)
2319 1680 2517 1750 “quia
2546 1681 2781 1735 carnalis
2808 1695 2960 1735 amor
2982 1695 3087 1736 non
3116 1682 3341 1738 haberet
3371 1685 3459 1739 ubi
3492 1702 3550 1739 se

252 1772 469 1827 'mundo
491 1770 546 1842 (1
553 1788 677 1825 oan.
705 1771 840 1840 xvr).
876 1789 896 1823 ο

908 1862 1136 1920 CAPUT
1161 1863 1224 1917 ll.

252 1948 420 2027 ‘Qnod
452 1959 556 2013 nisi
576 1958 794 2029 quisque
819 1956 1021 2029 studeat
1049 1964 1210 2025 erepta
1239 1953 1509 2029 perﬁcere,
1532 1951 1602 2004 ad
1626 1964 1861 2003 antorem

731 2026 829 2081 Dei
863 2036 1086 2096 nequeat
1114 2024 1397 2094 peruenire.

330 2141 658 2196 Almrtivnm
712 2139 870 2209 plane
917 2153 1054 2208 opus
1080 2136 1229 2191 Deus
1274 2150 1381 2190 non
1422 2132 1717 2203 approbat,
1768 2128 1859 2199 qui

261 2245 625 2303 personarum
666 2239 721 2284 et
751 2228 1049 2283 ciliciorum
1073 2266 1089 2291 ,
1123 2224 1492 2280 conditionum
1535 2230 1589 2275 et
1610 2220 1859 2276 ordinum

262 2333 417 2378 actus
449 2324 503 2375 in
534 2329 739 2375 statera
779 2319 1018 2389 provida:
1070 2315 1425 2371 discussionis
1468 2312 1781 2375 exainiuat,
1808 2317 1863 2363 et

262 2415 509 2467 diversas
543 2412 703 2466 habet
746 2409 926 2469 lances
973 2421 1071 2479 per
1101 2407 1342 2477 singulos
1390 2405 1632 2459 ordines.
1668 2403 1751 2455 An
1792 2401 1861 2455 ad

264 2503 577 2556 trutinanda
607 2500 752 2571 regis
779 2514 943 2569 opera
970 2507 1227 2554 stateram
1259 2496 1497 2553 habilem
1524 2512 1632 2550 non
1658 2493 1863 2547 habue—

265 2604 371 2656 rat,
417 2607 593 2662 eaque
636 2602 789 2645 actus
819 2590 961 2644 illius
1001 2588 1371 2658 appenderat,
1420 2587 1505 2640 cui
1538 2599 1634 2655 per
1670 2596 1860 2636 manus

269 2682 557 2737 articulum
608 2682 663 2735 in
705 2680 910 2750 pariete
951 2676 1295 2732 describebat
1325 2694 1339 2729 :
1374 2674 1652 2745 «Regnum
1706 2680 1858 2725 tuum

272 2791 567 2846 appeusum
608 2783 693 2829 est
722 2775 775 2827 in
820 2782 1045 2837 statera,
1072 2779 1127 2825 et
1167 2769 1425 2826 inventus
1461 2784 1522 2823 es
1553 2767 1733 2822 minus
1759 2765 1857 2819 ha-

272 2868 436 2922 bens?
463 2865 629 2937 (Dan.
662 2864 741 2935 ν.)
781 2884 799 2916 ι
834 2865 1012 2934 Atque
1048 2861 1252 2917 idcirco
1280 2868 1478 2930 praesto
1512 2858 1859 2928 subiunctum

284 2971 351 3013 st
380 2978 396 3012 :
430 2979 447 3010 ι
476 2958 717 3011 Divisum
744 2967 829 3011 est
856 2969 1077 3026 regnum
1106 2965 1279 3017 tuum,
1319 2961 1374 3007 et
1402 2952 1586 3006 datum
1613 2949 1780 3004 Hedis
1798 2956 1860 3002 et

278 3050 449 3104 Persis
480 3048 677 3118 (ibid).
705 3066 723 3097 ι

338 3138 396 3195 Si
423 3154 556 3208 ergo
589 3152 813 3207 regnum
843 3134 1002 3190 simul
1026 3143 1083 3190 et.
1110 3134 1275 3189 vitam
1308 3133 1413 3188 illis
1443 3133 1584 3187 Deus
1607 3130 1858 3201 omnipo-

268 3244 391 3287 tens
430 3230 656 3285 abstulit
678 3272 693 3296 ,
731 3245 837 3283 non
869 3229 940 3283 ob
987 3228 1132 3283 aliud
1172 3228 1421 3291 crimen,
1456 3224 1559 3280 nisi
1590 3225 1718 3293 quia
1748 3233 1858 3276 tam

266 3322 393 3377 boui
422 3322 627 3390 operis,
654 3320 814 3389 quale
845 3334 1025 3390 regem
1049 3320 1326 3381 decuerat,
1357 3317 1409 3370 iu
1453 3330 1520 3370 eo
1570 3312 1860 3384 plenitudi-

270 3432 393 3470 nem
425 3431 533 3469 non
570 3413 804 3477 invenit;
834 3412 962 3483 quid
1019 3412 1086 3466 de
1132 3409 1293 3465 nobis
1341 3418 1423 3464 est
1472 3405 1813 3461 sentiendum
1841 3444 1857 3470 ,

270 3508 360 3577 qui
410 3508 511 3561 sub
542 3504 880 3576 professione
928 3504 1223 3559 monastica
1272 3511 1327 3557 et
1375 3500 1634 3556 scandere
1686 3497 1895 3589 perfe-I

271 3601 466 3655 ctionis
518 3599 729 3654 excelsa
788 3599 1166 3671 promisimus,
1216 3605 1272 3651 et
1319 3596 1494 3649 adlmc
1538 3604 1718 3647 tamen
1760 3590 1861 3645 sub

274 3702 490 3760 torpore
540 3690 760 3745 desidia:
813 3690 865 3742 in
906 3688 1330 3759 imperfectiouis
1373 3696 1570 3740 nostra:
1621 3682 1862 3739 convalle

268 3783 554 3853 iat'ettttlS?
599 3783 667 3839 Ut
719 3783 847 3854 quid
889 3783 1049 3836 homo
1095 3782 1222 3835 totis
1272 3779 1480 3834 nisibus
1531 3793 1637 3832 non
1665 3783 1862 3845 satagit

274 3876 500 3946 implere
568 3874 711 3946 quod
768 3873 981 3929 instat?
1036 3871 1118 3928 Oh
1186 3873 1239 3926 id
1296 3870 1487 3926 saltem
1555 3883 1623 3922 ne
1673 3866 1862 3936 perdat

272 3984 433 4022 omne
474 3968 617 4036 quod
647 3965 921 4036 praeterito
954 3964 1138 4021 labore
1165 3963 1474 4033 qumsierat.
1524 3959 1657 4013 Nam
1691 3974 1861 4027 quau-

275 4060 522 4114 tumlibet
570 4058 781 4113 itimtis
822 4058 1051 4128 quisque
1098 4057 1401 4126 perrexerit
1428 4095 1442 4116 ,
1474 4052 1624 4122 quid,
1654 4066 1860 4122 quaeso,

271 4152 487 4223 proﬁcit
513 4151 559 4205 si
590 4152 657 4205 ad
684 4151 859 4206 locum
884 4148 1217 4219 propositum
1244 4161 1351 4200 non
1376 4143 1640 4213 attingat?
1670 4142 1858 4206 Porro,

275 4245 319 4297 si
350 4244 622 4313 quispiam
656 4242 768 4311 regi
813 4241 1162 4296 vehementer
1213 4238 1498 4301 infensus,
1546 4251 1653 4290 non
1705 4233 1864 4288 aliter

279 4336 453 4388 redire
500 4334 552 4386 in
585 4332 813 4402 gratiam
840 4330 1043 4401 possit,
1078 4328 1180 4383 nisi
1212 4336 1432 4414 centnm
1458 4326 1667 4397 argenti
1699 4326 1864 4379 libras

1964 1769 2103 1822 intra
2122 1778 2319 1823 .uostra
2349 1767 2686 1835 diﬂ‘underet,
2718 1772 3029 1833 necessario
3056 1788 3114 1827 se
3144 1775 3322 1829 omnis
3365 1787 3551 1831 nostra

1963 1858 2253 1915 delectatio
2282 1860 2337 1915 in
2358 1859 2528 1916 Deum
2550 1875 2811 1931 suspensa
2835 1863 3152 1918 transferret
3176 1883 3189 1919 :
3219 1875 3273 1920 et
3318 1866 3429 1921 illic
3452 1884 3552 1921 no-

1960 1961 2075 2008 ster
2094 1953 2235 2023 ignis
2257 1954 2511 2009 exsiliens
2534 1955 2755 2023 viveret,
2783 1956 2910 2025 quia
2933 1956 3072 2011 intra
3097 1974 3197 2013 nos
3219 1957 3550 2017 dili'undendi

1960 2056 2021 2097 se
2048 2044 2281 2113 spatium
2309 2060 2421 2100 non
2448 2044 2693 2101 haberet.
2725 2046 2972 2103 Prudens
3016 2049 3215 2103 etenim
3249 2051 3351 2112 vir,
3397 2061 3452 2105 ct
3482 2054 3550 2106 ad

1961 2134 2153 2188 salutis
2194 2150 2307 2190 sua:
2346 2138 2648 2191 custodiam
2698 2140 3046 2195 vehementer
3091 2141 3348 2205 intentus,
3405 2153 3551 2197 tanta

1963 2225 2322 2293 reprimendis
2359 2228 2504 2282 vitiis
2546 2228 2907 2286 sollicitudine
2933 2233 3459 2302 semperiuvigilat,
3492 2245 3552 2290 ut

1960 2314 2215 2383 perfecta:
2246 2316 2680 2373 mortificationis
2721 2319 2937 2389 cingulo
2964 2319 3178 2376 lumbos
3221 2338 3349 2378 suos
3382 2337 3437 2379 et
3466 2342 3553 2380 re-

1959 2421 2078 2473 nes,
2108 2418 2350 2463 ventrem
2382 2424 2488 2462 una
2544 2425 2666 2464 cum
2716 2412 2980 2468 lateribus
3032 2414 3269 2484 undique
3311 2417 3549 2471 circum-

1960 2497 2212 2565 stringat.
2250 2496 2401 2563 Quod
2430 2497 2690 2552 nimirum
2723 2510 2852 2555 tunc
2887 2500 2966 2565 lit,
2996 2518 3117 2555 cum
3150 2504 3398 2572 pruriens
3428 2505 3549 2574 gula

1962 2589 2308 2658 reprimitur;
2342 2605 2463 2643 cum
2495 2590 2674 2661 lingua
2705 2607 2906 2660 procax
2940 2594 3042 2649 sub
3069 2594 3289 2650 silentio
3319 2596 3547 2652 cohibe-

1961 2690 2077 2747 tur;
2110 2696 2232 2735 cum
2257 2683 2404 2736 auris
2433 2698 2462 2735 a
2486 2681 2914 2738 detractionibus
2944 2684 3247 2751 clauditur;
3273 2703 3396 2741 cum
3421 2703 3551 2743 ocu-

1960 2771 2045 2828 lus
2073 2782 2356 2843 aspectare
2381 2789 2501 2843 qua:
2525 2782 2653 2829 sunt
2680 2773 2895 2841 illicita,
2928 2777 3278 2843 prohibetur;
3313 2794 3433 2832 cum
3467 2794 3553 2833 re-

1961 2863 2167 2919 tinetur
2194 2880 2409 2927 manus,
2436 2880 2505 2931 ne
2529 2864 2821 2921 crudeliter
2847 2866 3029 2932 feriat,
3061 2882 3159 2938 pes
3185 2886 3253 2925 ne
3278 2871 3549 2941 vagabun-

1960 2954 2059 3009 dus
2088 2955 2324 3010 inaniter
2355 2964 2575 3026 pergat;
2604 2970 2727 3010 cum
2758 2957 3035 3012 resistitur
3082 2959 3254 3023 cordi,
3307 2976 3374 3013 ne
3423 2974 3557 3037 pro-_

1878 3045 1923 3107 C
1955 3046 2130 3116 speris
2157 3047 2350 3102 aliena:
2388 3047 2667 3103 felicitatis
2694 3048 2949 3111 invideat,
2982 3064 3051 3104 ne
3079 3049 3222 3118 quod
3256 3066 3409 3105 suum
3441 3067 3552 3107 non

1963 3149 2069 3201 est,
2104 3153 2202 3207 per
2230 3139 2519 3193 avaritiam
2549 3141 2924 3209 concupiscat,
2958 3156 3025 3196 ne
3048 3156 3108 3195 se
3128 3142 3197 3195 ab
3227 3158 3412 3195 amore
3439 3142 3549 3195 fra-

1964 3240 2121 3283 terno
2157 3246 2255 3299 per
2286 3231 2625 3285 iracundiam
2656 3231 2883 3295 dividat,
2919 3248 2986 3285 ne
3015 3246 3073 3285 se
3115 3246 3279 3300 super
3321 3242 3547 3287 cancros

1964 3331 2283 3390 arroganter
2307 3321 2549 3386 extollat,
2581 3336 2649 3375 ne
2676 3321 2916 3376 titillanti
2941 3322 3169 3376 luxuriae
3211 3338 3278 3378 ex
3310 3323 3549 3378 delecta-

1964 3411 2109 3464 tione
2135 3412 2458 3475 consentiat,
2489 3425 2557 3464 ne
2580 3426 2639 3466 se
2669 3412 2749 3466 vel
2803 3412 2855 3466 in
2905 3426 3195 3467 manerem
3225 3413 3552 3468 innuodera-

1964 3502 2069 3556 tius
2114 3502 2401 3571 deprimat,
2456 3502 2540 3557 vel
2590 3503 2777 3558 lastitia
2842 3503 3243 3558 leuocinantem
3295 3507 3549 3560 resolvat.

1963 3592 2098 3660 Quia
2133 3594 2295 3664 igitur
2322 3595 2553 3649 humana
2588 3610 2742 3649 mens
2768 3596 2983 3665 penitus
3009 3611 3205 3651 vacare
3249 3611 3354 3652 non
3388 3596 3549 3660 valet,

1962 3696 2023 3741 ut
2048 3688 2339 3756 cujuslibet
2370 3689 2446 3742 rei
2475 3703 2535 3743 se
2584 3704 2770 3743 amore
2816 3705 2924 3744 non
2978 3698 3230 3759 occupet,
3278 3706 3401 3744 cum
3450 3690 3551 3745 hoc

1964 3778 2224 3832 virtutum
2256 3794 2413 3832 muro
2434 3779 2673 3846 undique
2700 3779 3172 3844 circumcluditur;
3196 3780 3286 3848 qui
3318 3795 3377 3833 se
3402 3779 3547 3834 circa

1966 3885 2027 3926 se
2056 3887 2398 3940 nequaquam
2424 3871 2651 3926 dilatare
2677 3872 3031 3940 permittitur,
3060 3886 3223 3941 supra
3248 3886 3308 3928 se
3333 3884 3552 3927 neocsse

1961 3971 2046 4018 est
2075 3963 2334 4032 rapiatur.
2486 3954 2487 3957 “

2574 4051 2803 4108 CAPUT
2844 4052 2927 4107 ΙΙΙ.

1965 4143 2118 4210 Quod
2149 4159 2355 4198 necesse
2384 4145 2447 4197 sit
2478 4153 2670 4196 terram
2705 4146 2869 4198 nostri
2901 4143 3071 4198 cordis
3119 4143 3377 4209 excolere,
3415 4145 3460 4199 si
3486 4144 3549 4200 de

2205 4220 2382 4284 ampla
2426 4214 2663 4268 volumus
2692 4217 3014 4283 possessione
3048 4216 3292 4285 gaudere.
3377 4254 3382 4259 η

1962 4362 1965 4367 ν
2040 4325 2151 4379 lloc
2181 4327 2360 4395 itaque
2389 4327 2549 4380 modo
2571 4342 2693 4382 cum
2724 4342 2876 4383 mens
2901 4336 3083 4381 nostra
3116 4328 3170 4382 iu
3201 4344 3301 4383 suo
3324 4331 3552 4399 cazperlt

273 4392 615 4497 appenderit:
636 4433 816 4479 certus
834 4392 961 4492 quia
984 4392 1106 4491 post
1130 4392 1685 4477 solutum.exaciiouis
1705 4417 1866 4489 regia:
1892 4392 1943 4452 Ῑ)
1969 4427 2193 4471 auctore
2220 4392 2532 4485 quiescere,
2563 4426 2620 4471 et
2648 4432 2715 4471 ex
2748 4417 2837 4471 illa
2863 4416 2976 4485 jam
3006 4417 3309 4474 dulcedinis
3350 4392 3553 4474 inlitum

276 4520 537 4582 debitum,
568 4530 674 4570 non
704 4515 877 4569 solum
923 4513 1174 4585 gratiam,
1203 4511 1297 4566 sed
1328 4519 1383 4566 et
1425 4525 1636 4580 magna:
1677 4507 1863 4577 cujus-

275 4610 393 4663 dam
422 4608 704 4679 dignitatis
726 4606 831 4661 erit
868 4604 1064 4659 infulas
1089 4610 1442 4673 accepturus;
1483 4600 1727 4670 nunquid
1757 4614 1863 4654 non

274 4699 456 4755 fatuus
484 4699 593 4753 erit
635 4698 681 4752 si
719 4695 1011 4765 nonaginta
1046 4709 1237 4748 novem
1271 4692 1455 4756 libras,
1484 4707 1605 4761 qua:
1635 4691 1865 4759 publicis

1966 4509 2231 4562 suavitate
2256 4516 2477 4577 gustare
2502 4524 2516 4560 :
2552 4523 2675 4560 tnox
2706 4506 2966 4577 quidquid
2994 4508 3189 4563 divinae
3213 4508 3314 4579 legi
3342 4508 3553 4576 judicat

1966 4613 2086 4652 esse
2120 4598 2476 4660 contrarium,
2510 4598 2746 4666 respuit;
2777 4598 3039 4667 quidquid
3062 4614 3092 4652 a
3125 4614 3371 4668 superna:
3393 4601 3551 4669 justi-

1968 4689 2057 4743 tia:
2094 4688 2279 4756 regula
2309 4688 2603 4756 discrepat,
2632 4689 2991 4744 abhorrescit.
3036 4689 3176 4744 Hinc
3217 4690 3377 4759 plane
3423 4708 3584 4746 vera.

1969 4777 2319 4834 mortiﬁcatio
2348 4778 2511 4846 287
2542 4777 2820 4843 nascitur;
2854 4778 2985 4832 hinc
3014 4777 3095 4842 fit,
3145 4789 3204 4833 ut
3259 4780 3423 4835 homo
3451 4763 3595 4859 Re-g,

1968 4867 2262 4937 demptoris
2287 4866 2370 4921 sui
2410 4866 2655 4934 bajulans
2688 4880 2926 4933 crucem,
2959 4868 3160 4923 mundo
3206 4880 3450 4925 mortuus
3473 4872 3592 4925 vi--'~

274 4793 480 4846 arrariis
498 4790 660 4844 illatae
679 4789 788 4858 jam
808 4786 1041 4849 fuerant,
1061 4786 1239 4854 perire
1255 4783 1480 4854 patitur,
1505 4782 1611 4837 nisi
1628 4781 1740 4836 sola
1759 4795 1866 4835 una

276 4883 440 4954 286
464 4897 587 4952 qua:
600 4881 667 4935 de
688 4879 896 4934 ratione
913 4886 1265 4941 remanserat,
1287 4874 1655 4943 persolvatur?
1674 4872 1863 4927 Nonne

277 4974 467 5027 melius
494 4982 581 5027 est
624 4979 684 5023 ut
711 4970 978 5024 modicum
1011 4966 1062 5020 id
1102 4966 1247 5036 quod
1279 4973 1445 5019 restat
1474 4965 1632 5035 plene
1680 4964 1861 5018 solva-

279 5078 382 5131 tur,
410 5076 466 5121 et
495 5065 726 5135 gratiam
768 5063 929 5118 simul
953 5079 1077 5118 cum
1106 5065 1366 5134 dignitate
1407 5064 1569 5117 homo
1614 5061 1860 5129 recipiat,

278 5174 435 5229 quam
464 5169 519 5213 et
545 5157 690 5224 quod
714 5156 899 5210 datum
929 5164 1035 5220 est,
1065 5155 1277 5223 perdat,
1307 5160 1381 5217 et,
1406 5154 1546 5223 quod
1571 5150 1864 5207 terribilius

277 5260 382 5313 est,
408 5251 463 5303 in
515 5248 664 5317 regis
694 5246 1062 5314 indignatione
1088 5245 1440 5315 permaneat?
1604 5274 1611 5279 ο
1656 5236 1659 5239 ⁷

354 5342 625 5405 Dedimus,
659 5340 878 5404 fratres,
904 5350 964 5392 ut
990 5339 1329 5392 confidenter
1374 5337 1575 5398 dicam,
1622 5334 1866 5389 dedimus

278 5434 576 5503 nonaginta
607 5431 774 5486 libras
817 5432 1027 5502 argenti
1079 5431 1192 5500 regi
1248 5437 1435 5484 nostro
1480 5427 1719 5490 Christo,
1759 5426 1866 5494 ἰιι-ο

274 5523 436 5592 cujus
455 5524 648 5576 intuitu
680 5536 929 5591 possessa
960 5521 1299 5590 reliquimus,
1324 5515 1633 5587 coniugium
1661 5516 1868 5585 sprevi-

279 5628 429 5679 tuus,
456 5630 607 5669 esmn
642 5613 886 5669 caruiqu
932 5612 1253 5677 devitamus,
1297 5610 1482 5666 tnuudi
1538 5621 1762 5678 pompas
1814 5614 1870 5662 et

1966 4960 2174 5014 deatur.
2203 4959 2391 5027 Itaque
2414 4957 2528 5027 jam
2570 4973 2679 5013 non
2717 4958 3024 5014 fabularum
3068 4961 3268 5030 gaudet
3312 4961 3553 5032 ineptiis,

1968 5069 2074 5107 non
2104 5052 2294 5107 otiosis
2324 5051 2622 5121 acquiescit
2648 5049 2891 5106 dillluere
2922 5051 3135 5118 verbis;
3188 5053 3281 5107 sed
3312 5054 3551 5122 psalmis.

1970 5147 2188 5219 hymnis
2213 5157 2269 5200 et
2319 5145 2547 5200 canticis
2578 5145 2957 5214 spiritualibus
2987 5156 3163 5211 vacat,
3197 5147 3552 5201 remotionem

1968 5241 2183 5310 ιιιιωιιὶι,
2218 5238 2495 5294 latibulum
2542 5239 2777 5308 expetit;
2823 5237 3241 5307 colloquentium
3286 5238 3554 5301 ollicinas,

1968 5332 2241 5403 publicum
2267 5331 2504 5385 claustra
2529 5331 2846 5385 monasterii
2896 5330 3073 5384 forum
3106 5332 3359 5399 deputat;
3385 5345 3555 5402 angu-

1969 5425 2035 5478 lis
2063 5424 2276 5494 gaudet,
2304 5432 2513 5477 secreta
2560 5424 2827 5477 rimatur:
2858 5431 2914 5476 et
2955 5430 3014 5475 ut
3060 5422 3283 5477 liberius
3324 5439 3553 5497 conspe-

1970 5516 2079 5570 ctui
2145 5513 2226 5567 sui
2273 5511 2549 5567 Creatoris
2582 5512 2828 5577 assistat,
2858 5513 2911 5566 in
2953 5523 3215 5582 quantum
3266 5517 3554 5588 prmvalct,

1969 5606 2132 5662 etiam
2163 5603 2429 5673 colloquia
2463 5603 2699 5658 humana
2727 5601 2986 5659 declinat.
