3996 6184
417 206 526 264 295

883 199 942 254 S.
975 199 1177 255 PETRI
1213 197 1497 254 DAMIANI
1535 196 1687 255 OPP.
1721 195 1956 254 TOMUS
1993 195 2124 252 SEU
2163 193 2342 252 PARS
2381 193 2465 250 Ill.
2501 190 2954 249 -OPUSCULA
2997 189 3228 248 VARIA.

3585 191 3693 247 296

491 315 592 372 ilic
621 309 804 382 itaque
834 311 918 365 vir
943 321 1230 377 postquam
1280 309 1445 360 urbes
1488 306 1726 360 hostium
1769 305 2000 370 subruit,
2031 318 2078 374 Α
2105 303 2358 359 sulcaret.
2389 302 2520 357 Nam
2563 301 2871 372 ubicunque
2917 300 3153 361 duriora,
3182 295 3266 353 vel
3297 298 3693 366 quantumlibet
3745 327 3774 350 ι

420 415 706 474 postquam
737 413 923 468 regum
952 400 1006 454 in
1031 398 1280 470 spelunca
1307 397 1588 451 latentium
1612 396 1752 451 colla
1777 395 2008 450 calcavit

420 503 476 549 et
535 493 799 564 perdidit;
850 501 1134 563 postquam
1201 490 1498 554 maritima,
1559 490 1885 560 campestria
1939 504 2006 542 ac

424 594 680 640 montana
721 598 886 655 regna
920 583 1208 647 subvertit,
1240 583 1369 652 quid
1391 583 1506 653 jam
1552 591 1744 646 restat,
1796 582 1898 636 nisi
1948 591 2010 636 ut

425 675 862 746 repromissionis
883 683 1084 728 terram
1108 689 1230 728 cum
1260 673 1648 742 triumphatore
1669 671 1833 727 Josue
1859 681 2010 727 tran-

421 769 585 837 quilla
637 782 767 837 pace
805 766 1118 836 possideat?
1147 765 1386 835 alioquin
1415 765 1544 833 quid
1593 765 1831 834 prodest,
1862 765 2007 833 quod

423 859 736 914 deserentes
750 857 1065 929 Egyptum,
1089 857 1260 912 diviso
1283 858 1415 910 mari
1441 856 1624 911 Rubro
1639 851 2011 919 transivimus,

424 954 470 1007 si
497 953 550 1007 in
579 951 796 1006 deserto
821 965 965 1004 nunc
989 965 1086 1020 per
1114 950 1475 1019 quadraginta
1524 963 1789 1003 annorum
1833 949 2008 1018 spatia

423 1049 789 1105 coarctamur,
813 1050 868 1095 et
898 1052 996 1094 nec
1024 1039 1090 1092 ad
1113 1039 1252 1093 ollas
1281 1039 1531 1092 camium
1558 1037 1864 1105 redirejam
1884 1052 2010 1107 pos-

410 1146 636 1194 .sumus,
669 1144 767 1186 nec
817 1137 1017 1184 terram
1071 1129 1213 1184 lacte
1244 1129 1506 1199 melleqne
1538 1140 1846 1184 manantem
1887 1130 2012 1197 jure

412 1223 785 1294 ενοεδθεείοηίε
818 1221 1120 1276 intramus?
1149 1219 1474 1285 Dormiruus,
1503 1221 1802 1286 stertimus,
1825 1229 1884 1275 et
1909 1221 2014 1276 sub

413 1314 650 1383 ignavia:
683 1322 900 1382 torpore
930 1325 1256 1367 marcemus.

491 1406 688 1460 Herito
716 1406 898 1474 itaque
939 1403 1095 1459 nobis
1126 1403 1194 1458 ad
1228 1401 1580 1471 opprobrium
1619 1400 1837 1468 dicitur,
1868 1402 2014 1471 quod

412 1511 631 1572 septem
679 1499 923 1555 tribubus
990 1496 1219 1551 necdum
1273 1497 1642 1566 possessiones
1693 1495 2016 1550 habentibus

425 1595 566 1649 idem
594 1590 758 1646 insue
784 1591 983 1646 dixisse
1010 1589 1329 1659 perhibetur
1353 1607 1368 1643 :
1403 1606 1422 1640 t
1467 1587 1782 1660 Usquequo,
1807 1585 2012 1657 inquit,

2105 395 2296 449 altiora
2343 402 2612 464 prazcepta
2639 391 3007 460 conspicimus
3027 429 3044 454 ,
3075 389 3202 444 illuc
3231 397 3473 442 aratrum
3521 389 3695 443 nostri

2105 489 2322 544 sudoris
2354 487 2649 542 immittere
2674 526 2692 551 ,
2717 486 2866 540 velut
2891 485 2944 539 in
2969 490 3294 553 praeruptum
3323 489 3584 545 montem,
3612 478 3698 536 vel

2106 581 2159 636 in
2194 581 2374 636 vivum
2429 579 2664 650 lapidem
2713 576 3084 632 formidamus.
3126 572 3385 632 Volumus
3429 571 3698 642 siquidem

2107 672 2455 730 ammmcrari
2485 673 2625 726 inter
2635 685 2837 726 cuneos
2858 668 3462 739 militum,sediusignia
3479 683 3587 722 non
3600 683 3697 723 cu-

2110 779 2294 820 ramus
2324 765 2525 819 habere
2547 765 2828 818 virtutum.
2858 761 2941 818 Ad
2968 762 3152 818 oculos
3173 761 3389 832 qaidmn
3417 760 3698 816 hominum

2107 855 2490 926 praetendimus
2516 854 2816 910 honestatis
2840 853 3161 924 imaginem,
3201 851 3294 908 sed
3323 851 3376 906 in
3409 859 3700 921 conspectu

2107 945 2303 1001 occulti
2319 944 2526 1001 iudicis
2549 945 2751 1000 habere
2772 943 3096 1014 negligimus
3109 941 3414 998 veritatem.
3445 940 3697 996 Nonnulli

2109 1050 2340 1104 namque
2371 1034 2538 1105 (quod
2580 1035 2698 1090 sine
2738 1033 2944 1104 gemitu
2992 1033 3178 1088 dicere
3227 1033 3462 1102 nequeo)
3504 1032 3584 1086 sic
3630 1031 3700 1085 ad

2108 1144 2262 1184 nova:
2288 1129 2562 1198 religionis
2585 1137 2870 1183 transeunt
2889 1127 3135 1184 ordinem
3153 1166 3169 1190 ,
3189 1134 3248 1180 ut
3273 1137 3452 1181 tamen
3477 1131 3703 1194 praater-

2112 1222 2201 1276 irae
2221 1221 2345 1275 vitae
2370 1234 2645 1289 nunquam
2679 1219 2932 1273 deserant
2969 1224 3291 1272 vetustatem
3326 1231 3339 1268 :
3369 1214 3422 1269 hi
3446 1213 3701 1268 nimirum

2110 1314 2425 1370 Gabaonitte
2468 1321 2616 1376 sunt,
2657 1326 2764 1366 non
2797 1309 3076 1366 lsraelitar.
3111 1307 3310 1362 Notum
3355 1306 3554 1376 quippe
3593 1314 3700 1370 est,

2111 1405 2257 1477 quod
2301 1402 2615 1459 Gabaoniue
2645 1400 2838 1456 mortis
2877 1399 3074 1454 timore
3103 1396 3398 1468 perterriti,
3429 1397 3497 1449 ad
3523 1395 3696 1450 lsrae-

2109 1493 2319 1548 liticum‘
2348 1491 2606 1564 populum
2645 1504 2768 1546 cum
2794 1489 2992 1546 fraude
3018 1487 3389 1544 etralliditate
3413 1494 3698 1550 venerunt,

2116 1586 2189 1640 ita
2215 1593 2276 1640 ut
2298 1598 2358 1639 se
2381 1583 2657 1638 veteribus
2673 1581 3009 1638 vestimentis
3033 1581 3338 1642 induerent,
3357 1592 3522 1647 patres
3535 1578 3700 1633 etiam

426 1683 683 1738 marcetis
733 1681 969 1752 ignavia,
1003 1688 1058 1735 et
1105 1694 1211 1735 non
1259 1680 1481 1735 intratis
1516 1680 1586 1733 ad
1628 1679 2010 1750 possidendam
2043 1679 2085 1737 Β
2115 1677 2311 1742 siccos,
2334 1686 2516 1741 utres,
2550 1689 2759 1739 neces,
2785 1673 3152 1730 calceamenta
3172 1711 3187 1738 ,
3220 1679 3383 1740 atque
3409 1670 3589 1725 omnia
3628 1669 3702 1724 si-

416 1786 648 1837 tcrram,
678 1784 839 1842 quam
874 1771 1132 1826 Dominus
1153 1769 1297 1826 Beus
1331 1781 1546 1841 patrum
1576 1781 1883 1825 vestrorum
1913 1769 2012 1824 de-

415 1862 502 1918 ;dit
531 1862 682 1919 vobis
708 1861 908 1932 (ἔοικε
940 1860 1117 1932 sunt).
1149 1875 1167 1914 t
1223 1859 1432 1916 Stultus
1459 1860 1692 1930 denique
1721 1857 1877 1914 miles
1904 1868 2011 1923 est,

425 1952 515 2023 qui
547 1951 743 2022 satagit
783 1952 1024 2015 vincere,
1070 1951 1116 2006 si
1149 1964 1258 2006 non
1287 1951 1558 2006 studuerit
1580 1958 1707 2004 ante
1731 1964 2008 2020 pugnare;

425 2042 586 2098 nimis
609 2041 872 2096 delicatus
891 2049 994 2106 est,
1017 2040 1062 2096 si
1085 2049 1212 2095 ante
1231 2040 1422 2095 nititur
1435 2039 1686 2095 obtinere
1706 2039 2012 2105 victoriam,

423 2149 588 2204 quam
613 2133 924 2203 egrediatur
955 2133 1026 2186 ad
1045 2145 1310 2201 pugnam.
1339 2126 1651 2185 Frustratur
1679 2128 1939 2200 agricola.
1965 2129 2013 2187 si

424 2231 714 2292 antequam
746 2221 1028 2277 desudavit
1053 2235 1260 2286 serere,
1315 2220 1533 2275 ambiat
1563 2220 1857 2285 triturare;
1887 2233 2012 2274 cum

424 2322 655 2378 constet,
687 2313 818 2384 quia
841 2312 1094 2382 quisquis
1125 2310 1400 2368 desiderat
1433 2308 1704 2365 frumenta
1734 2309 2010 2381 colligere,

423 2404 576 2474 prius
605 2418 826 2459 necesse
847 2405 920 2457 sit
949 2403 1174 2458 frutices
1200 2401 1362 2458 simul
1379 2415 1513 2457 cum
1544 2400 1800 2472 vepribus
1818 2400 2014 2458 exstir-

425 2511 572 2568 pare.
608 2497 673 2551 Et
705 2510 894 2552 revera
926 2497 1107 2551 divina
1138 2509 1268 2551 voce
1294 2495 1570 2566 peccaturi
1617 2495 1824 2551 homini
1873 2495 2014 2552 dici-

424 2596 547 2642 tur:
583 2604 602 2638 t
642 2585 809 2640 Terra
839 2597 928 2639 tua
959 2585 1147 2655 spinas
1167 2591 1230 2639 et
1259 2584 1488 2640 tribulos
1509 2585 1832 2655 germinabit
1853 2583 2012 2656 (Gen.

424 2677 544 2743 nt);
575 2693 593 2726 ι
630 2685 690 2729 nt
711 2683 892 2729 autem
917 2684 1062 2729 terra
1091 2675 1193 2728 ista
1215 2673 1396 2729 valeat
1420 2689 1542 2729 esse
1565 2673 1723 2728 ferax
1743 2684 2014 2744 segetum,

311 2815 316 2822 .
422 2767 636 2837 patiens
668 2765 740 2820 sit
766 2773 894 2818 ante
922 2763 1185 2835 ligonum,
1213 2771 1269 2819 et
1298 2777 1612 2831 vetuerunt;
1649 2773 1916 2834 quatenus
1939 2767 2013 2822 di.

429 2855 603 2912 versis
629 2853 1038 2920 aﬂlictionibus,
1065 2854 1428 2926 perfectaque
1479 2857 1810 2925 preuitentize
1843 2857 2012 2913 disci-

427 2949 590 3021 plinis
619 2945 853 3014 exculta,
893 2946 1041 3001 velut
1069 2947 1298 3002 uberum
1328 2960 1595 3018 proventu
1646 2947 1888 3020 frugum,
1931 2951 2011 3005 sic

424 3041 718 3096 adornetur
743 3037 983 3094 omnium
1010 3036 1343 3094 fecunditate
1363 3039 1649 3094 virtutum.

496 3132 575 3186 Ad
601 3133 743 3188 hanc
767 3129 1012 3202 profecto
1041 3129 1434 3202 agriculturam
1481 3131 1659 3204 typicc
1706 3130 2019 3202 impellebat

423 3223 586 3280 Josue
615 3223 756 3280 ﬁlios
783 3222 1004 3293 Joseph,
1027 3239 1154 3280 cum
1173 3223 1257 3280 eis
1283 3223 1347 3279 de
1368 3239 1547 3295 parvae
1577 3224 1742 3280 sortis
1769 3223 2015 3280 funiculo

425 3317 909 3386 conquerentibus,
940 3316 1187 3371 diceret:
1222 3334 1242 3369 t
1277 3315 1335 3372 Si
1364 3315 1614 3388 populus,
1644 3316 1840 3386 inquit,
1875 3316 2014 3372 mul-

427 3416 515 3461 tus
545 3422 624 3472 es,
653 3407 889 3462 ascende
921 3408 973 3460 in
1005 3406 1223 3474 silvam,
1263 3416 1319 3464 et
1354 3409 1574 3464 succide
1603 3409 1701 3464 tibi
1752 3409 1927 3477 spatia
1959 3409 2014 3464 in

429 3510 576 3554 terra
608 3499 902 3567 Phereztci,
931 3506 982 3555 et
1009 3499 1302 3570 Rapbaim,
1334 3501 1462 3572 quia
1499 3511 1729 3573 angusta
1775 3511 1865 3558 est
1908 3502 2013 3558 tibi

428 3591 700 3661 possessio
747 3591 948 3646 montis
990 3590 1248 3661 Ephraim
1280 3591 1468 3664 (Iosue
1494 3592 1652 3663 xvii).
1690 3607 1709 3646 ι
1748 3591 1907 3660 Nam,
1957 3601 2016 3649 ut

429 3696 544 3736 rem
570 3681 636 3736 ad
667 3681 719 3736 id
752 3682 897 3752 quod
922 3683 1144 3753 propius
1172 3681 1408 3751 adiacet,
1438 3697 1546 3738 non
1581 3685 1878 3754 incongrue
1923 3699 2014 3740 re-

430 3770 623 3837 feram,
652 3771 706 3826 in
737 3781 966 3842 angusta
1016 3786 1076 3828 se
1120 3773 1324 3828 montis
1373 3773 1628 3844 Ephraim
1675 3775 2018 3845 possessione

429 3862 691 3928 cohibuit,
714 3863 806 3932 qui
833 3862 948 3918 sola
978 3862 1042 3917 Β.
1064 3862 1338 3921 Benedicti
1369 3863 1554 3935 regula
1578 3873 1870 3922 contentus
1893 3880 2017 3923 esse

429 3955 696 4011 decrevit.
723 3948 828 4011 Sed
864 3956 1021 4022 audi,
1057 3958 1328 4027 quomodo
1359 3965 1412 4012 te
1457 3958 1526 4013 ad
1574 3968 1812 4014 montem
1856 3959 2019 4014 losne

430 4064 604 4106 novus
637 4050 898 4121 impellat,
940 4059 996 4105 et
1042 4051 1112 4106 ad
1148 4052 1344 4108 latiora
1393 4053 1798 4122 possessionum
1846 4053 2016 4123 spatia

432 4141 690 4197 festinare
727 4142 1045 4211 praecipiat:
1077 4159 1097 4194 ι
1152 4142 1438 4212 Regulam,
1482 4141 1678 4212 inquit,
1726 4144 1870 4198 hanc
1925 4144 2019 4198 de~

430 4231 769 4301 scripsimus,
797 4231 1021 4286 eutltanc
1047 4233 1402 4287 observantes
1431 4231 1791 4302 aliquatenus,
1819 4233 1899 4287 vel
1921 4234 2017 4290 bo-

431 4329 696 4379 nestatem
728 4336 967 4387 morum,
989 4319 1074 4376 vel
1102 4321 1311 4375 initium
1337 4321 1774 4376 conversationis
1802 4337 1902 4377 nos
1922 4323 2016 4378 de-

435 4422 796 4470 monstremus
851 4412 1072 4468 habere.
1108 4431 1127 4464 ι
1177 4412 1320 4468 Ecce
1369 4427 1524 4468 mons
1570 4414 1844 4482 Ephraim.
1905 4415 2012 4469 Sed

433 4503 688 4573 quoniam
714 4509 1006 4574 angustam
1032 4502 1122 4558 hic
1146 4502 1544 4573 possessionem
1568 4518 1690 4558 esse
1705 4505 2015 4574 perpendit,

436 4610 564 4650 mox
590 4595 655 4648 ad
679 4593 898 4660 altiora,
929 4594 1091 4650 simul
1120 4603 1177 4650 et
1202 4595 1394 4652 latiora
1443 4595 1810 4653 transmittit:
1845 4615 1867 4648 ι
1901 4595 2017 4652 (ἰω-

435 4693 612 4741 terum
641 4686 734 4756 qui
764 4685 1047 4753 festinant,
1089 4687 1284 4759 inquit,
1315 4689 1384 4744 ad
1429 4686 1838 4758 perfectionem.
1889 4697 2018 4744 sunt

435 4773 694 4830 doctrina:
717 4783 1049 4842 sanctorum,
1079 4775 1195 4830 sive
1213 4773 1530 4831 collationes
1555 4783 1614 4831 et
1640 4775 1886 4831 instituta
1915 4775 2012 4830 Pa-

437 4873 641 4928 tronus
657 4872 711 4920 et
734 4873 932 4921 caetera
959 4882 973 4918 :
999 4879 1120 4935 quae
1145 4867 1404 4937 quoniam
1429 4867 1583 4922 vobis
1603 4867 1884 4923 notissima
1915 4883 2014 4923 uo-

435 4955 640 5020 vimus,
669 4955 757 5010 hic
784 4969 1060 5026 apponere
1085 4957 1416 5026 superﬂuum
1443 4956 1772 5025 iudicamus.

920 5045 1094 5116 233
1130 5045 1360 5104 CAPUT
1399 5045 1486 5099 rv.

538 5135 617 5190 De
642 5135 722 5190 Itis
745 5137 834 5206 qui
862 5132 1276 5191 Gabaonitarutn
1301 5137 1578 5191 imitantur
1596 5137 1908 5208 exemplum.

507 5225 697 5292 Sed,o
724 5226 953 5291 utinam,
980 5226 1104 5297 quia
1129 5227 1296 5297 tepidi
1315 5236 1481 5296 atque
1498 5226 1792 5297 degeneres
1817 5243 2020 5300 nequa-

424 5331 597 5388 quam
612 5317 680 5372 ad
691 5317 882 5373 altiora
897 5319 1290 5384 contendimus,
1317 5318 1478 5390 hujus
1498 5320 1688 5375 saltem
1701 5321 1854 5390 parvi
1870 5336 2022 5377 mon-

430 5418 509 5464 ω
533 5410 810 5480 angustias
840 5411 1054 5467 naviter
1081 5412 1443 5478 sulcaremus;
1475 5421 1534 5467 ut
1555 5412 1733 5468 nullus
1757 5413 1811 5468 in
1832 5414 2021 5470 eadem

429 5497 622 5567 tegula
653 5501 1029 5558 mandatorum
1057 5504 1286 5574 angulus
1313 5505 1418 5561 sub
1443 5505 1769 5576 negligentia
1809 5506 2025 5562 delites-

429 5597 606 5656 ceret,
633 5605 794 5659 quem
823 5595 995 5650 nostri
1023 5594 1224 5654 laboris
1248 5638 1262 5663 ,
1293 5605 1353 5661 et.
1377 5599 1620 5653 exercitii
1652 5607 1890 5653 aratrum
1919 5613 2022 5652 non

2117 1769 2226 1824 mni
2260 1769 2558 1824 inveterata
2587 1775 2869 1839 portarent
2898 1784 2911 1820 :
2945 1765 3141 1836 quibus
3163 1763 3391 1828 scilicet,
3416 1773 3702 1833 postquam!

2111 1859 2403 1930 impetrato
2446 1857 2649 1914 findere
2676 1858 2785 1913 vita
2829 1857 3082 1921 donatur,
3107 1865 3504 1925 consequenter
3537 1852 3702 1908 etiam

2114 1949 2267 2005 iratis
2307 1948 2580 2021 patefacta
2609 1949 2958 2020 cognoscitur
2993 1962 3173 2018 :quos
3213 1945 3379 2002 Josue
3424 1955 3713 2016 comperto-

2115 2039 2238 2095 dolo
2266 2041 2367 2094 sub
2413 2040 2794 2094 maledictione
2838 2038 3136 2101 damnavit.
3167 2047 3224 2093 et
3271 2051 3423 2106 aqua:
3462 2044 3699 2106 gestato-

2115 2144 2228 2195 res,
2275 2129 2658 2202 lignorumque
2693 2143 2927 2186 erasures
2967 2136 3229 2200 perpetuo
3254 2127 3380 2198 jure
3418 2127 3702 2183 constituit

2109 2218 2256 2290 (Ias.
2291 2220 2390 2291 IS).

2183 2313 2284 2381 Qui
2314 2321 2440 2368 sunt
2477 2321 2662 2368 autem
2687 2311 3019 2376 Gabaonitat,
3051 2312 3143 2383 qui
3166 2311 3233 2368 ad
3256 2309 3534 2366 lsraelitas
3563 2325 3704 2365 mon-

2111 2401 2186 2459 tis
2208 2403 2500 2460 formidine
2529 2413 2833 2468 transeunt,
2863 2404 2968 2460 nisi
3007 2403 3044 2459 ii
3072 2405 3165 2475 qui
3203 2403 3273 2458 ad
3318 2401 3596 2458 servitutis
3622 2403 3704 2457 di-

2110 2494 2253 2549 vinre
2277 2494 2524 2550 militiam
2554 2511 2661 2550 non
2698 2495 3051 2566 perfectionis
3096 2511 3285 2551 arnore
3309 2534 3325 2560 ,
3353 2494 3448 2548 sed
3494 2502 3699 2548 treme-

2111 2582 2244 2640 facti
2270 2585 2535 2642 scelerum
2577 2603 2796 2642 suorum
2825 2588 3163 2644 humanitate
3199 2586 3560 2657 confugiunt?
3594 2586 3700 2642 Sed

2109 2688 2299 2730 eorum
2341 2675 2583 2729 nonnulli
2613 2684 2784 2742 veste,
2815 2692 2924 2732 non
2956 2684 3137 2732 mente
3167 2676 3380 2742 mutati,
3404 2675 3579 2730 siccos
3607 2689 3701 2744 pa-

2113 2777 2211 2818 nes
2239 2763 2306 2817 ad
2335 2779 2490 2819 esum
2518 2773 2758 2834 portant,
2782 2767 2912 2836 quia
2950 2782 3137 2839 azyma
3175 2766 3350 2822 adhuc
3374 2765 3705 2821 sinceritatis

2105 2864 2172 2910 et
2199 2857 2445 2912 veritatis
2491 2857 2746 2928 ignorant
2777 2859 2828 2931 (1
2888 2859 3012 2915 Cor.
3049 2859 3124 2929 ν).
3176 2858 3418 2916 Vetustis
3464 2857 3708 2912 vestibus

2111 2957 2492 3020 conteguntur,
2521 2951 2645 3020 quia
2673 2954 2728 3007 in
2759 2953 2930 3008 veteri
2954 2954 3133 3011 adhuc
3161 2954 3378 3009 homine
3397 2951 3708 3018 constituti,

2036 3029 2084 3092 C
2111 3055 2311 3095 novum
2347 3040 2572 3096 induere
2602 3043 2870 3108 nesciunt,
2903 3043 2993 3114 qui
3025 3044 3319 3098 secundum
3350 3044 3516 3098 Deum
3545 3056 3706 3098 crea-

2116 3135 2204 3183 tus
2232 3139 2318 3185 est
2335 3129 2395 3186 in
2431 3131 2644 3202 iustitia
2681 3143 2737 3188 et
2765 3136 3053 3190 sanctitate
3090 3134 3336 3191 veritatis
3357 3133 3570 3206 (Epiros.
3604 3135 3704 3207 tv).

2115 3217 2400 3276 Postremo
2428 3223 2612 3278 omnia
2647 3223 2900 3282 videntur
2943 3225 3242 3280 inveterata
3266 3265 3282 3291 ,
3313 3242 3434 3295 qua:
3467 3235 3708 3296 gestant.

2115 3307 2241 3380 quia
2267 3310 2322 3364 in
2342 3312 2629 3380 praeterita
2646 3313 2768 3370 vitae
2795 3313 2941 3370 vitiis
2963 3324 3338 3385 perseverant,
3365 3331 3474 3371 non
3496 3315 3712 3372 obtent—

2115 3409 2369 3468 perantes
2390 3402 2725 3472 principienti
2745 3404 3001 3474 Apostolo
3025 3423 3038 3460 :
3063 3425 3085 3457 ι
3106 3404 3488 3472 Renovamini,
3505 3407 3710 3477 inquit.

2115 3489 2308 3559 spiritu
2344 3492 2540 3547 tuentis
2575 3503 2770 3549 vestra:
2790 3493 3012 3567 (ibid.);
3037 3515 3056 3550 ι
3085 3511 3186 3553 nec
3215 3496 3303 3552 illa
3329 3497 3411 3553 eis
3437 3499 3710 3554 sententia

2117 3584 2408 3653 congruit,
2438 3598 2543 3654 qua
2575 3587 2810 3642 dicitur:
2845 3606 2865 3640 ι
2900 3589 3088 3644 Vetera
3135 3596 3419 3646 transeunt
3443 3630 3459 3655 ,
3488 3599 3546 3645 et
3579 3606 3713 3650 ecce

2115 3673 2257 3726 facta
2308 3683 2435 3729 sunt
2460 3676 2641 3731 omnia
2671 3693 2810 3733 nova
2852 3677 2938 3750 (11
2977 3677 3196 3753 Conv).
3233 3701 3253 3734 ι
3282 3682 3364 3737 Ad
3413 3683 3709 3740 novitatem

2116 3766 2314 3835 quippe
2337 3769 2782 3838 superficietenus
2804 3771 3105 3840 venientes,
3130 3787 3188 3829 re
3213 3773 3328 3844 ipsa
3357 3774 3409 3828 in
3437 3783 3713 3830 vetustate

2116 3856 2445 3924 persistunt;
2483 3859 2611 3929 quia
2640 3862 3075 3918 emendationem
3131 3873 3188 3920 et
3229 3879 3424 3920 novant
3479 3880 3712 3922 conver-

2118 3950 2381 4006 sationem
2405 3951 2462 4006 in
2489 3953 2603 4009 suis
2631 3955 2873 4010 moribus
2903 3972 3017 4012 non
3055 3959 3370 4015 ostendunt.
3414 3957 3572 4014 Tales
3609 3959 3714 4014 ita-

2118 4056 2225 4111 que
2249 4043 2626 4104 maledictione
2650 4045 2979 4116 plectuntur,
3003 4064 3105 4105 nec
3123 4048 3190 4103 ad
3219 4050 3552 4106 sortiendam
3580 4065 3708 4106 cum

2117 4130 2378 4187 lsraelitis
2410 4134 2782 4192 hmreditatem
2813 4137 3154 4208 aliquatenus
3181 4141 3558 4197 admittuntur.
3590 4139 3714 4200 Non

2116 4225 2265 4280 enim
2306 4241 2372 4281 es
2413 4228 2626 4284 illorum
2658 4244 2889 4286 umero
2914 4239 3078 4297 sunt,
3105 4233 3302 4303 quibus
3327 4234 3564 4289 dicitur;
3595 4253 3614 4286 ι
3648 4233 3711 4290 in

2118 4313 2222 4369 hoc
2259 4316 2435 4372 vocati
2461 4318 2618 4383 estis,
2655 4327 2716 4373 ut
2744 4319 3173 4376 benedictionem
3199 4322 3514 4378 haereditate
3535 4323 3715 4393 possi-

2046 4376 2094 4436 θ
2122 4403 2313 4461 dentis.
2353 4423 2373 4458 ι
2401 4405 2556 4477 Aqua
2592 4376 2773 4465 autem
2815 4409 3044 4480 insipida
3095 4420 3180 4467 est
3204 4451 3219 4477 ,
3265 4376 3335 4467 eti
3361 4376 3505 4484 ligna

2121 4494 2292 4564 Ligna
2318 4510 2450 4566 ergo
2473 4499 2683 4554 caedere
2699 4540 2714 4566 ,
2737 4510 2799 4556 et
2825 4515 2993 4573 aquas
3019 4513 3238 4559 vecaare
3259 4501 3547 4573 jubentur;
3580 4505 3716 4576 qu'a

2122 4598 2314 4658 gustus
2353 4589 2729 4660 intelligentia:
2754 4593 3058 4664 spiritualis
3104 4595 3312 4666 ignari,
3355 4595 3506 4651 duris
3546 4605 3717 4668 atque

2123 4678 2519 4737 insensibil.bus
2533 4683 2816 4739 exterioris
2839 4681 3083 4741 exercitii
3101 4686 3333 4757 negotiis
3352 4695 3714 4758 oc..upantur.

2123 4769 2215 4826 SLc
2239 4771 2413 4841 igitur
2457 4772 2693 4842 aliquam
2720 4773 2936 4846 quidem
2969 4776 3023 4831 in
3063 4777 3292 4833 exterior
3305 4776 3424 4833 ibus
3457 4777 3720 4834 videntur

2125 4862 2411 4918 utilitatem
2431 4863 2694 4922 Ecclesiae
2717 4868 3003 4925 serviendo
3022 4868 3310 4925 conferre:
3334 4869 3426 4925 sed
3443 4870 3572 4940 quia
3593 4885 3722 4926 aer-

2124 4954 2301 5012 viliter
2327 4955 2538 5024 vivunt,
2567 4955 2936 5015 beneditatem
2964 4959 3109 5016 inter
3132 4960 3405 5018 lsraelitas
3429 4970 3724 5032 nequeunt

2115 5046 2424 5116 possidere.
2626 5108 2643 5140 ᾖ

2646 5141 2816 5212 239
2852 5140 3079 5198 CAPUT
3121 5140 3182 5199 ν.

2123 5226 2203 5284 De
2221 5229 2290 5283 iis
2317 5229 2406 5300 qui
2435 5245 2624 5302 eorum
2655 5242 2829 5286 terum!
2879 5233 3132 5302 ﬁguram,
3164 5234 3257 5302 qui
3294 5235 3365 5288 ad
3395 5234 3731 5290 maledicen—

2479 5301 2609 5354 dum
2638 5301 2906 5356 constituti
2926 5301 3051 5358 sunt
3077 5304 3134 5357 in
3167 5301 3358 5359 Hebal.

2195 5413 2407 5471 Tatium
2457 5424 2635 5471 tamen
2690 5416 2934 5472 nonnulli
2983 5417 3028 5473 si
3083 5417 3395 5489 frequenter
3445 5416 3733 5474 admoniti

2126 5507 2355 5572 fuerint,
2390 5508 2434 5562 si
2479 5508 2560 5563 eis
2585 5509 2944 5566 correctionis
2991 5510 3257 5566 severitas
3311 5509 3630 5574 adhibetur,
3669 5513 3738 5568 si

2123 5611 2288 5668 pruna
2317 5596 2500 5666 gravis
2521 5600 2809 5670 irroganda
2835 5602 3183 5672 proponitur,
3211 5601 3255 5656 si
3281 5608 3455 5655 terror
3474 5597 3741 5670 denique
3793 5655 3808 5664 ,
