3996 6184
251 389 378 449 ’ὶθῗ

1143 391 1386 450 οιιυεο.
1427 391 1562 448 XIII.
1593 423 1656 432 —
1685 392 1771 446 DE
1811 389 2287 450 P-ERFECTIONE
2323 393 2626 451 MONACII.

3413 409 3528 457 ω

252 505 524 562 tremendi
567 503 770 572 judicis
819 503 1140 569 intentatur,
1181 506 1247 560 de
1295 512 1558 560 servntute
1585 505 1652 558 ad
1681 503 1846 558 liber-
1876 509 1924 565 Α
1955 503 2203 558 abducat.
2249 505 2600 561 Vindicemus
2655 513 2916 560 Virtutum
2963 507 3129 563 armis
3155 507 3530 569 ltaereditatem

249 605 419 650 tatem
469 594 715 657 veniunt,
747 602 799 648 et
831 595 896 648 ad
927 593 1260 663 capessenda
1309 609 1434 648 cum
1478 593 1694 649 caeteris
1719 591 1844 661 jura

247 687 613 743 luereditariae
643 687 1008 756 possessionis
1055 695 1371 754 assurgunt.
1429 685 1668 753 Quorum
1701 685 1846 740 scili-

249 791 334 834 cet
363 791 549 849 typum
582 779 758 832 tribus
803 777 904 831 illae
951 786 1265 842 tenuerunt,
1297 793 1418 846 qum
1449 790 1504 832 et
1534 779 1684 848 prius
1711 791 1847 846 prae-

249 873 488 940 eipiente
508 869 712 941 Moyse,
741 868 934 924 deinde
978 869 1142 924 Iosue
1173 881 1534 940 exsequente,
1564 872 1630 925 ad
1675 870 1846 924 male-

247 961 540 1016 dicendum
569 969 696 1014 sunt
725 961 1058 1014 constituta.
1080 961 1171 1015 Sic
1197 962 1342 1016 enim
1371 961 1656 1031 Scriptura
1685 969 1847 1015 testa-

249 1061 390 1104 tur:
445 1067 464 1100 ‹
501 1049 692 1104 Omnis
741 1049 1004 1120 populus,
1057 1059 1111 1105 et
1162 1067 1352 1105 omnes
1403 1053 1637 1122 majores
1692 1060 1845 1116 natu,

249 1142 532 1210 ducesque
583 1157 646 1196 ac
671 1142 882 1210 judices
909 1142 1126 1196 stabant
1157 1158 1221 1196 ex
1267 1155 1494 1212 utraque
1521 1152 1675 1214 parte
1706 1159 1847 1198 arere

251 1235 304 1287 in
339 1245 636 1304 conspectu
662 1237 1008 1290 sacerdotum
1042 1237 1131 1306 qui
1157 1239 1646 1306 portabantarcam
1681 1237 1847 1294 {mde-

251 1326 326 1380 ris
355 1325 596 1388 Domini,
615 1334 670 1379 ιιι
699 1327 929 1390 advena,
955 1327 1028 1380 ita
1058 1336 1114 1381 et
1145 1328 1394 1398 indigem
1419 1347 1430 1380 :
1457 1330 1630 1382 media
1656 1343 1844 1383 eorum

257 1433 381 1471 ears
397 1417 551 1486 juxta
583 1427 821 1471 montem
855 1417 1191 1482 Garizim,et
1219 1421 1390 1474 media
1418 1419 1573 1487 juxta
1606 1430 1841 1474 montem

251 1507 444 1562 ilebal.
477 1509 646 1564 Porro
669 1509 704 1562 ii
731 1511 822 1578 qui
846 1511 1064 1564 stabant
1084 1511 1236 1580 juxta
1265 1511 1522 1577 Garizim,
1559 1513 1842 1568 benedice-

253 1602 386 1654 bant
415 1599 650 1656 factores
685 1601 848 1672 legis;
880 1619 971 1676 qui
997 1617 1126 1655 vero
1148 1601 1304 1672 juxta
1327 1601 1518 1667 llebal,
1553 1603 1844 1660 maledice-

249 1693 386 1747 bant
419 1700 849 1764 transgressores
880 1694 1014 1765 legis
1046 1693 1222 1767 (Deut.
1337 1711 1388 1752 ιι
1425 1712 1439 1760 ;
1483 1683 1599 1750 .1οέ.
1637 1696 1774 1764 vtu).
1818 1714 1836 1746 ι

251 1783 394 1849 Quid
424 1785 568 1837 enim
599 1785 886 1856 designant
916 1787 1025 1850 isti,
1065 1788 1154 1856 qui
1185 1788 1577 1844 benedictionis
1607 1787 1842 1858 fungun-

255 1881 344 1925 tur
363 1871 564 1938 ofﬁcio,
593 1875 694 1928 nisi
723 1891 818 1930 eos
849 1877 1036 1946 procul
1067 1878 1252 1944 dubio,
1296 1879 1386 1949 qui
1417 1893 1522 1934 non
1557 1893 1842 1948 poenarum

252 1971 428 2028 metu,
459 1965 552 2018 sed
581 1979 675 2034 spe
693 1965 998 2021 caelestium
1023 1969 1392 2037 praemiorum,
1414 1981 1470 2024 et
1493 1971 1844 2040 perfectionis

253 2066 462 2119 amore,
481 2055 548 2108 ad
570 2055 789 2109 servitia
818 2057 996 2110 divina
1023 2057 1360 2130 confugiunt,
1377 2069 1432 2114 et
1446 2059 1650 2130 jugiter
1671 2063 1840 2116 Deum

255 2153 460 2198 saneta:
515 2147 944 2202 conversationis
989 2149 1242 2220 operibus
1297 2149 1660 2205 benedicunt?
1701 2151 1842 2218 Quid

253 2235 566 2300 autemilli,
615 2237 704 2306 qui
763 2239 831 2292 ad
885 2238 1310 2300 maledicendum
1366 2241 1526 2312 positi
1558 2251 1705 2308 sunt,
1739 2243 1842 2298 nisi

251 2340 350 2380 eos
377 2328 470 2396 qui
505 2343 610 2382 non
657 2343 842 2400 amore
876 2313 1226 2398 perfectionis
1254 2341 1508 2396 aestuant,
1546 2349 1651 2387 non
1695 2334 1840 2390 desi-

251 2415 410 2472 derio
457 2417 638 2488 gloria:
681 2419 922 2475 ecclesiis
956 2421 1234 2487 anhelant,
1278 2423 1370 2476 sed
1403 2424 1470 2477 ad
1501 2425 1602 2478 hoc
1633 2433 1840 2478 tantum

250 2525 376 2580 qua:
409 2510 462 2564 in
509 2510 626 2578 lege
672 2521 938 2583 praecepta
987 2524 1136 2579 sunt,
1186 2523 1425 2579 servant,
1481 2527 1538 2572 ut
1583 2517 1844 2586 gehenna:

253 2615 450 2669 pennas
477 2603 746 2660 evadant?

327 2689 412 2744 Ad
443 2691 870 2749 maledicendum
904 2695 1090 2766 itaque
1141 2697 1292 2754 missi
1317 2711 1464 2764 sunt,
1496 2709 1555 2754 ut
1581 2699 1708 2754 dum
1731 2716 1847 2756 ma-

183 2817 202 2828 ι.
252 2781 518 2852 Iedieunt,
551 2785 650 2855 ipsi
677 2785 744 2841 ad
790 2789 1176 2844 conscientiam
1227 2791 1477 2860 redeant,
1532 2801 1586 2848 et
1614 2807 1844 2864 perpen-

255 2875 446 2934 dentes
465 2893 656 2948 pcenas
685 2881 737 2934 in
767 2879 1064 2952 Seripturis
1087 2877 1464 2952 peccatoribus
1488 2885 1841 2952 constitutas,

255 2983 284 3019 a
311 2971 670 3036 perversitate
717 2973 974 3042 peccandi
1012 2989 1071 3038 se
1100 2974 1184 3042 vel
1233 2977 1426 3032 timore
1472 2986 1844 3048 compescant.

257 3055 398 3112 Hinc
427 3067 512 3112 est
539 3058 698 3130 plane
725 3061 869 3131 quod
920 3062 1023 3117 illa:
1051 3064 1247 3118 .tribus
1271 3081 1390 3135 quae
1429 3066 1496 3122 ad
1523 3067 1849 3124 benedicen-

255 3149 384 3202 dum
405 3150 716 3205 constitutae
743 3163 889 3218 sunt,
915 3153 1212 3213 nobiliores
1261 3167 1410 3224 sunt,
1456 3157 1550 3214 filii
1597 3159 1845 3216 videlicet

1950 601 2216 660 nostram,
2267 603 2326 650 ut
2379 596 2738 664 possessionis
2767 605 2967 652 nostrae
3001 599 3261 654 terminos
3296 603 3530 658 assiduae
3577 610 3584 618 '

1949 685 2174 742 culturae
2221 690 2510 745 sudoribus
2559 691 2868 745 dilatenms.
2913 690 2985 745 At
3037 691 3287 748 fortassis
3317 694 3533 752 desides

1949 781 2150 849 quique
2177 781 2556 852 rmpondeant,
2585 783 2728 852 quod
2777 783 2914 838 filios
2945 781 3144 853 Joseph
3181 793 3307 839 tunc
3334 787 3534 842 dixisse

1951 870 2231 940 Scriptura
2264 881 2650 927 commemorat
2677 891 2690 927 :
2723 894 2740 924 ‹
2774 873 2888 928 Νοιι
2917 875 3235 943 poterimus,
3261 875 3530 944 inquiunt.

1949 960 2016 1013 ad
2048 969 2301 1015 montana
2325 965 2709 1029 conscendere,
2735 979 2856 1019 cum
2889 964 3081 1020 ferreis
3107 967 3357 1022 curribus
3383 977 3533 1022 utan-

1951 1059 2040 1104 tur
2097 1051 2422 1121 Cltananmi,
2475 1055 2566 1123 qui
2623 1055 2874 1109 habitant
2935 1059 2986 1110 in
3047 1065 3190 1112 terra
3244 1059 3534 1130 campestri
3583 1101 3587 1104 -

1949 1139 2086 1210 (los.
2123 1142 2276 1211 xvn).
2315 1163 2333 1195 ι
2369 1145 2488 1197 Alta
2539 1146 2756 1214 quidem
2805 1157 3014 1214 petunt,
3059 1151 3152 1204 sed
3197 1165 3314 1218 eos,
3358 1152 3534 1220 quiin

1949 1229 2074 1285 imis
2101 1232 2368 1296 habitant,
2395 1234 2820 1302 pertimescunt;
2845 1237 2972 1306 quia
2991 1237 3055 1291 ad
3086 1253 3265 1294 arcem
3288 1241 3538 1296 nituntur

1947 1317 2210 1378 festinare
2235 1324 2519 1387 virtutum,
2549 1325 2642 1380 sed
2670 1327 2971 1382 carnalium
3013 1329 3262 1385 vitiorum
3289 1331 3536 1387 diﬂiduut

1947 1426 2206 1482 superare
2231 1430 2389 1484 posse
2415 1415 2755 1483 conﬂictum;
2787 1419 2981 1487 quibus
3013 1428 3191 1475 tamen
3225 1421 3536 1493 ignobiliter

1949 1507 2288 1574 requiescere
2307 1524 2414 1562 non
2439 1510 2778 1575 conceditur,
2807 1511 2902 1566 sed
2931 1511 3081 1567 illico
3129 1515 3488 1583 respondetur
3515 1527 3532 1570 :

1952 1611 1971 1646 ι
2013 1595 2248 1666 Populus
2277 1597 2478 1654 multus
2507 1615 2585 1665 es,
2609 1608 2664 1656 et
2685 1615 2895 1670 magnae
2925 1601 3277 1670 fortitudinis,
3307 1621 3414 1660 non
3441 1608 3539 1662 ha-

1948 1688 2102 1744 bebis
2153 1699 2356 1744 sortem
2413 1707 2596 1756 unam,
2654 1693 2749 1748 sed
2779 1694 3037 1750 transibis
3068 1695 3136 1750 ad
3185 1707 3446 1760 tuentem,
3482 1708 3539 1755 et

1948 1781 2195 1837 succides
2231 1782 2347 1847 tibi,
2380 1791 2542 1854 atque
2565 1784 2822 1855 purgabis
2847 1785 2914 1839 ad
2947 1785 3302 1842 habitandum
3337 1791 3539 1860 spatia,

1879 1855 1920 1914 Β
1948 1878 2002 1922 et
2030 1870 2233 1938 poteris
2263 1869 2405 1925 ultra
2429 1873 2727 1942 procedere
2755 1873 2890 1945 (los.
2909 1873 3066 1946 xv").
3099 1895 3118 1928 ι
3147 1875 3260 1932 lmo
3288 1884 3350 1934 ttt
3366 1855 3540 1935 nuda;

1947 1959 2086 2014 ciam
2117 1960 2322 2016 timidis
2347 1963 2608 2031 praebeat,
2627 1964 2742 2033 ipse
2764 1965 2906 2020 Deus
2930 1966 3276 2036 omnipotens
3295 1966 3535 2024 clamat:

1953 2065 1972 2098 ι
2001 2046 2115 2116 Ego
2145 2063 2286 2114 sum,
2320 2050 2516 2120 inquit,
2549 2054 2640 2121 qui
2692 2053 2882 2109 delebo
2906 2069 3000 2109 eos
3047 2069 3078 2109 a
3121 2055 3261 2112 facie
3287 2057 3474 2113 Israel.
3511 2079 3530 2112 ι

1946 2136 2013 2190 Ει
2055 2136 2219 2194 Josue
2265 2141 2504 2197 caelestis
2551 2142 2760 2199 militiae
2803 2144 3102 2200 bellatores
3156 2147 3427 2214 hortatur,
3464 2163 3531 2205 ac

1946 2227 2160 2286 facilem
2191 2231 2258 2286 de
2285 2232 2532 2289 hostibus
2581 2237 2866 2291 victoriam
2913 2238 3198 2307 pollice-tur
3231 2255 3244 2292 :
3283 2257 3302 2290 ι
3339 2237 3538 2307 Nolite,

1945 2320 2146 2392 inquit,
2173 2322 2386 2390 timere,
2419 2340 2522 2379 nec
2543 2327 2783 2395 paventis
2809 2345 2823 2381 :
2850 2329 3254 2395 confortamini,
3287 2339 3539 2388 ctestotie

1947 2411 2190 2478 robusti;
2243 2413 2519 2483 disperdet
2572 2417 2718 2470 enim
2775 2417 3034 2472 Dominus
3078 2428 3308 2477 cunctos
3352 2421 3537 2478 hostes

1946 2509 2175 2568 vestros,
2201 2501 2488 2558 adversum
2517 2521 2656 2574 quos
2677 2492 2951 2560 dimicatis
2979 2505 3116 2576 (los.
3150 2510 3229 2579 ι).
3264 2529 3285 2562 ›

2551 2615 2780 2672 CAPUT
2839 2617 2925 2674 Vl.

1943 2699 2024 2755 De
2045 2701 2124 2756 his
2148 2703 2236 2774 qui
2263 2704 2386 2758 dum
2409 2705 2773 2786 perfectionem
2795 2709 2850 2786 in
2872 2708 2985 2762 sola
3001 2710 3332 2786 conuersione
3345 2715 3538 2768 consti-

2089 2781 2264 2839 tuunt,
2293 2779 2554 2830 conversis
2580 2779 2939 2846 paenitentiam
2963 2795 3065 2832 non
3097 2781 3392 2850 imponunt.

2015 2861 2306 2929 Pratterea,
2333 2864 2696 2930 dilectissimi,
2749 2877 2808 2921 ut
2838 2867 2991 2922 vobis
3022 2876 3282 2940 tanquam
3311 2869 3538 2942 compli-

1948 2953 2124 3021 cibus,
2151 2965 2205 3011 et
2233 2958 2580 3018 unanimibus
2609 2959 2660 3014 in
2693 2958 2912 3015 Christo
2944 2959 3291 3017 familiariter
3319 2960 3534 3034 loquar,

1947 3049 2240 3117 quamdam
2275 3052 2324 3106 in
2357 3051 2628 3122 plerisque
2657 3055 3010 3110 monasteriis
3051 3056 3224 3112 teneri
3247 3067 3545 3114 consuetu-

1947 3139 2128 3196 dinem
2174 3145 2446 3210 novimus,
2495 3162 2658 3216 quam
2690 3156 2750 3201 ut
2791 3164 2888 3204 vos
2935 3148 3543 3216 abdicetis,-humiliter

253 3254 519 3306 uxorum;
560 3255 679 3308 qua:
733 3253 914 3298 autem
944 3245 1012 3300 ad
1061 3246 1510 3316 maledicendum,
1557 3249 1841 3322 ignobiles,
1871 3226 1918 3291 C
1951 3235 2262 3291 suademus.
2297 3236 2549 3293 Nonnulli
2600 3255 2834 3309 namque
2871 3249 3112 3297 rectores
3157 3243 3388 3302 fratrum
3419 3245 3543 3322 plus

255 3337 448 3398 ntputa
502 3331 848 3398 ancillarum,
899 3333 952 3388 id
998 3344 1100 3402 est,
1156 3335 1272 3392 Gad
1323 3348 1376 3392 et
1423 3339 1582 3404 Aser,
1631 3340 1744 3394 Dan
1796 3350 1850 3395 et

253 3417 589 3489 Nephtalim,
617 3421 760 3478 inter
788 3439 925 3492 quos
967 3435 1084 3480 erat
1125 3425 1342 3494 Ruben,
1369 3430 1460 3498 qui
1483 3430 1852 3486 maculaverat

257 3518 436 3563 torum
469 3511 666 3580 patris,
691 3519 747 3566 et
776 3513 1016 3569 Zabulon
1039 3515 1150 3570 Lia:
1175 3517 1415 3572 ultimus.

327 3599 636 3656 Notandum
658 3611 863 3670 autem,
886 3607 1012 3676 quia
1034 3623 1224 3663 omnes
1247 3609 1464 3664 stetisse
1487 3612 1634 3666 circa
1661 3627 1844 3667 arcam

257 3691 480 3748 foederis
511 3695 844 3760 referuntur,
874 3684 999 3766 quia
1034 3712 1225 3752 omnes
1282 3707 1388 3753 tam
1421 3699 1630 3755 nobiles
1681 3717 1848 3772 quam

256 3783 554 3853 ignobiles,
585 3800 650 3840 ac
675 3801 773 3855 per
811 3787 914 3841 hoc
945 3787 1064 3842 sive
1108 3787 1291 3857 tepidi,
1319 3789 1432 3842 sive
1464 3789 1517 3842 in
1545 3791 1637 3843 Dei
1665 3805 1850 3846 amore

255 3875 558 3940 ferventes,
591 3893 622 3931 a
649 3887 834 3932 saneta
876 3878 1119 3934 Ecclesia
1155 3894 1260 3933 non
1293 3879 1568 3934 recedunt.
1601 3879 1714 3935 Hoc
1747 3895 1842 3934 an.

256 3978 366 4022 tem
389 3984 421 4022 a
447 3967 630 4040 Moyse
645 3970 858 4038 quidem
883 3978 1239 4040 praeceptum,
1258 3971 1352 4024 sed
1376 3970 1534 4040 longe
1550 3980 1671 4038 post
1685 3969 1849 4027 Josue

251 4071 342 4114 est
383 4061 736 4116 exsecutione
779 4061 1129 4131 completum.
1183 4061 1320 4128 Quid
1351 4079 1450 4132 per
1489 4063 1710 4136 Moysen
1744 4052 1846 4118 nisi

252 4153 342 4208 lex
365 4171 379 4220 ;
403 4153 532 4222 quid
553 4169 654 4223 per
671 4152 835 4212 Josue
865 4153 970 4210 nisi
1022 4154 1376 4224 Evangelium
1421 4156 1718 4225 figuratur?
1747 4155 1850 4210 Be-

251 4244 624 4302 nediCIionctn
673 4260 803 4316 ergo
844 4245 1008 4315 justis
1036 4244 1290 4310 debitam,
1317 4255 1372 4300 et
1413 4245 1846 4300 maledictionem

251 4335 640 4406 peccatoribus
697 4335 1070 4406 irrogandum,
1127 4351 1234 4392 non
1282 4336 1458 4392 solum
1502 4336 1589 4390 lex
1633 4345 1845 4392 vetusta

251 4427 612 4496 praedixerat,
641 4428 738 4484 sed
769 4427 1096 4498 evangelicae
1145 4427 1399 4488 novitatis
1448 4428 1620 4498 gratia
1673 4428 1846 4482 mani—

249 4521 447 4576 festat.
472 4520 578 4576 Sed
603 4536 912 4592 quanquam
940 4522 1026 4576 isti
1053 4521 1162 4576 sint
1184 4521 1414 4598 nobiles,
1431 4521 1656 4590 ideoque
1683 4520 1848 4582 bene-

247 4613 516 4674 dictionis
565 4614 844 4684 poliantur
891 4612 1070 4669 ollicio
1100 4629 1116 4667 :
1152 4613 1500 4682 ignobiliores
1553 4613 1626 4666 illi
1656 4627 1720 4666 ac
1751 4627 1849 4682 per

249 4703 662 4758 maledic-tionis
693 4704 1036 4759 formidinem
1085 4712 1430 4770 terreantur;
1489 4703 1616 4774 quia
1667 4711 1846 4758 tamen

247 4795 524 4847 adversus
551 4793 746 4850 hostes
763 4794 1094 4848 unanimiter
1116 4794 1394 4857 dimicant,
1424 4795 1550 4862 quia
1573 4793 1848 4848 communi

247 4885 464 4942 laboris
507 4885 769 4948 instantia
797 4886 1121 4958 promissam
1168 4895 1368 4940 terram
1422 4884 1526 4939 sibi
1574 4883 1850 4938 vindicare

247 4978 552 5044 desudant,
578 4993 770 5034 omnes
791 4978 952 5034 simul
975 4979 1338 5046 admittuntur
1363 4979 1431 5032 ad
1457 4986 1655 5040 sortes,
1672 4984 1850 5030 etnon

243 5071 476 5124 diverso
517 5059 644 5137 jure
691 5067 826 5121 fiunt
874 5068 1091 5122 sibimet
1115 5067 1348 5122 invicem
1390 5066 1720 5120 culi-«credes.
1748 5064 1848 5120 Ve-

245 5169 572 5216 rumtamen
625 5160 782 5214 valde
829 5159 1032 5229 ctarius
1089 5167 1191 5224 est,
1246 5167 1307 5213 ut
1361 5159 1635 5214 ferventes
1689 5167 1850 5228 atque

245 5251 490 5306 robusti.
550 5252 816 5318 nobilium
890 5251 1234 5312 inveniamur
1309 5251 1480 5304 titulis
1555 5249 1844 5320 insigniri,

239 5343 616 5415 mquam
649 5342 838 5396 molles
875 5342 934 5398 in
962 5343 1146 5412 aliquo
1175 5343 1432 5414 degeneri
1467 5340 1853 5410 compellamur

241 5440 604 5512 ignobilitate
635 5439 838 5492 notari.

321 5532 630 5601 Fugiatnus
659 5547 790 5603 ergo
817 5531 1010 5596 IIebal,
1045 5541 1456 5586 contemnamus
1485 5528 1652 5584 multo
1683 5530 1854 5598 magis

239 5637 300 5680 et
331 5624 706 5687 Gabaonitas,
731 5635 790 5677 ut
815 5639 994 5692 neque
1024 5623 1387 5678 exterioribus
1414 5621 1716 5691 implicatos
1739 5635 1854 5674 ser-

242 5719 386 5772 vilis
443 5731 539 5769 nos
590 5715 834 5770 conditio
881 5715 1164 5781 deprimat,
1229 5727 1404 5782 neque
1435 5711 1547 5766 solo
1596 5711 1854 5781 gehennae

236 5815 464 5869 timore
477 5808 808 5862 constrictos
831 5807 970 5860 inter
991 5807 1252 5876 ignobiles
1278 5803 1645 5861 Iiliosdesiditc
1669 5811 1855 5873 torpor

712 5901 1000 5958 Parum.»
1035 5911 1250 5969 t1.\'t.\’

1956 3327 2254 3384 tribuentes
2283 3332 2595 3387 monasticae
2649 3331 2846 3403 regulae
2894 3347 3058 3402 quam
3105 3335 3386 3405 expediat,
3413 3337 3542 3408 qni—

1951 3417 2187 3474 buslibet
2214 3435 2242 3474 a
2263 3421 2464 3476 saeculo
2497 3421 2860 3487 venientibus,
2880 3423 3044 3478 etiam
3070 3423 3116 3478 si
3143 3425 3542 3500 graviterlapsi

1953 3518 2100 3572 sunt,
2123 3509 2282 3564 aliam
2305 3511 2680 3581 paenitentiam
2712 3527 2818 3567 non
2853 3513 3162 3584 imponunt,
3193 3514 3296 3570 nisi
3323 3523 3536 3574 tantum

1953 3613 2296 3654 communem
2319 3603 2634 3657 monasterii
2663 3603 2911 3659 ordinem
2935 3618 3157 3666 servare
3177 3606 3498 3684 prtecipiunt
3523 3625 3539 3640 ο

1954 3691 2097 3758 quod
2150 3693 2398 3761 profecto
2449 3711 2612 3766 quam
2676 3696 2749 3751 sit
2822 3696 3320 3766 inconsideratum,
3373 3715 3538 3772 quam

1953 3781 2332 3847 inhumanum,
2377 3799 2538 3854 quam
2589 3785 2808 3855 penitus
2857 3787 3240 3856 indiscretum,
3281 3791 3540 3860 quisquis

1953 3873 2119 3942 sapit,
2147 3873 2416 3945 intelligit.
2453 3875 2516 3930 Hi
2543 3876 2802 3932 nimirum
2823 3878 3106 3938 auditores
3135 3893 3265 3936 suos
3285 3880 3341 3935 in
3364 3879 3544 3936 ﬂeba-

1953 3962 2170 4018 litartun
2226 3965 2563 4036 ignobilitate
2612 3968 2974 4034 constituunt,
3029 3969 3157 4028 dum
3205 3971 3542 4040 poenitentia

1953 4053 2223 4109 fervorem
2279 4056 2493 4122 tollunt,
2543 4058 2668 4112 dum
2735 4075 2840 4114 tton
2879 4068 3000 4128 post
3029 4059 3268 4116 solutum
3298 4061 3540 4118 debitum

1953 4161 2136 4200 amore
2159 4147 2510 4216 perfectionis
2535 4149 2602 4204 ad
2632 4149 2747 4208 altar
2764 4151 3164 4218 conscendere;
3211 4155 3307 4208 sed
3349 4169 3542 4224 poena-

1951 4254 2070 4292 rum
2098 4255 2312 4310 semper
2335 4250 2542 4298 terrore
2571 4245 2919 4309 constrictos,
2955 4253 3011 4304 et
3053 4246 3310 4300 cautione
3336 4247 3543 4303 fenoris

1949 4330 2216 4401 obligatos
2247 4333 2446 4388 docent
2473 4334 2574 4390 sub
2612 4334 2898 4404 degeneris
2927 4335 3159 4406 ignavia:
3187 4344 3404 4408 torpore
3424 4336 3544 4392 lan-

1950 4436 2147 4489 gnere;
2172 4431 2232 4476 ut
2255 4439 2363 4476 non
2393 4439 2518 4478 eum
2542 4424 2740 4500 bisqui
2757 4423 2918 4494 juxta
2931 4425 3172 4494 Garizitn
3187 4435 3334 4493 sunt,
3351 4441 3545 4484 secure

1955 4515 2241 4570 Dominum
2276 4517 2618 4581 benedieant,
2673 4519 2767 4572 sed
2813 4519 2960 4574 circa
3009 4519 3180 4576 Hebal
3209 4519 3389 4591 potius
3416 4535 3542 4576 cum

1953 4605 2276 4666 ancillarum
2301 4605 2424 4662 ﬁliis
2455 4608 2891 4664 maledictionum
2910 4609 3092 4680 jacula
3123 4611 3536 4680 pertimescant.

1953 4697 2056 4766 Qui
2089 4699 2204 4752 ha'e
2234 4699 2378 4753 enim
2403 4699 2538 4770 agit,
2563 4699 2691 4770 quid
2730 4699 2894 4754 distet
2937 4699 3080 4754 inter
3130 4701 3319 4754 decem
3373 4699 3544 4758 millia

1955 4789 2160 4844 talenta
2185 4798 2239 4844 et
2263 4798 2480 4844 centum
2505 4789 2779 4852 denarios,
2815 4803 2922 4842 non
2948 4787 3200 4842 attendit;
3225 4788 3358 4844 Nam
3385 4788 3428 4844 si
3447 4790 3544 4859 jtts

1955 4879 2296 4936 discretionis
2327 4879 2628 4950 inspicitur,
2661 4878 3034 4950 unusquisque
3061 4893 3170 4950 quo
3219 4878 3390 4950 magis
3415 4897 3544 4952 gra-

1957 4979 2112 5023 vatur
2141 4967 2382 5034 offensis,
2413 4985 2480 5026 eo
2523 4969 2713 5038 majori
2745 4970 3055 5044 gravandus
3085 4981 3168 5026 est
3187 4971 3428 5043 pondere
3451 4987 3546 5032 sa—.

1956 5064 2294 5120 tisfactionis.
2339 5064 2576 5121 Facilius
2625 5065 2822 5138 quippe
2874 5064 3084 5120 debitor
3139 5063 3393 5126 solvitur.
3452 5063 3547 5135 qui

1957 5166 2232 5211 mutuatus
2253 5165 2337 5212 est
2363 5157 2599 5222 unciam,
2626 5172 2786 5228 quam
2810 5155 2900 5212 ille
2923 5156 3016 5226 qui
3046 5155 3240 5212 libram
3261 5171 3277 5222 ;
3297 5169 3398 5210 nec
3423 5155 3546 5226 pari

1957 5249 2114 5322 291
2145 5247 2520 5306 emendaum‘e
2547 5248 2862 5320 Plectendus
2908 5254 2994 5304 est
3019 5246 3114 5318 qui
3140 5261 3297 5302 ovem
3343 5245 3548 5316 rapuit,

1955 5355 2010 5398 et
2037 5345 2126 5399 ille
2154 5343 2245 5414 qui
2272 5343 2484 5399 bovem.

2029 5435 2165 5490 Nam
2195 5435 2240 5490 si
2271 5435 2561 5506 diligenter
2587 5433 2938 5499 attendimus,
2982 5433 3127 5503 ipsos
3171 5445 3387 5502 quoque
3407 5446 3547 5502 apo-

1958 5525 2125 5580 stolos
2167 5524 2466 5595 disciplina:
2515 5535 2715 5580 nostrai
2761 5525 3070 5595 principes,
3134 5521 3542 5586 et,CItristiani

1958 5619 2225 5689 dogmatis
2279 5618 2468 5682 duces,
2507 5615 2658 5684 juxta
2689 5615 2886 5685 prioris
2929 5617 3053 5670 vita:
3087 5614 3270 5686 culpas
3300 5614 3542 5669 laborum

1961 5709 2264 5763 invenimus
2281 5710 2421 5762 inter
2446 5725 2502 5762 se
2521 5705 3036 5762 invicemlnabuiSse
3051 5706 3380 5762 distantiam.
3407 5705 3540 5758 Nam

1961 5799 2160 5854 Paulus
2215 5801 2338 5870 quia
2386 5815 2442 5854 se
2469 5798 2518 5852 in
2547 5813 2678 5853 nece
2707 5797 2968 5869 Stephani
2995 5797 3228 5852 crudelis
3258 5794 3536 5850 admiscuit
