3996 6184
518 436 624 483 ιω

971 423 1029 479 s.
1060 417 1264 480 PETRI
1297 423 1577 477 DAMIANI
1611 422 1760 479 opp,
1786 422 2022 480 TOMUS
2062 412 2192 470 SEU
2232 409 2407 467 PARS
2444 412 2528 467 lll.
2555 442 2623 453 —
2651 411 3013 469 OPUSCULA
3054 410 3282 466 \‘AltlA.

3641 414 3748 469 3th

510 517 653 588 (Act.
702 514 823 586 vn),
864 512 1021 583 plura
1068 529 1229 580 quam
1261 513 1465 578 caueri,
1493 510 1802 580 passionum
1826 504 2069 599 supplici:

2183 527 2491 582 necessario
2513 531 2788 592 contitere,
2814 528 2939 597 quia
2970 536 3191 583 sanctus
3220 529 3301 580 vir
3332 541 3438 582 non
3469 528 3585 582 sola
3631 545 3755 599 quae

510 608 757 664 toleravit
776 607 825 676 (1
835 606 864 660 Ι
878 607 1002 662 Cor.
1028 605 1133 675 ιι).
1150 607 1348 661 Petrus
1371 614 1551 659 autem
1575 601 1885 673 nuptiarum
1905 596 2096 654 sordes

510 704 689 757 abluit
706 716 905 757 cruore
935 703 1205 771 martyrii.
1248 701 1375 754 Vide
1405 698 1605 753 scholia
1633 697 1701 751 ad
1718 694 1913 750 calcem
1939 708 2095 763 opus-

508 793 651 852 culi;
685 801 740 847 at
789 792 1050 859 Joannes,
1083 793 1212 861 quia
1265 793 1420 862 virgo
1449 789 1673 859 eligitur
1717 788 1905 859 (Joan.
1955 787 2092 855 ut),

507 885 723 940 ceteris
768 886 1021 940 omnibus
1056 886 1177 956 plus
1204 894 1460 949 amatur;
1496 890 1550 936 et
1582 882 1839 951 quoniam
1871 879 1926 935 in
1958 893 2094 950 pue-

505 976 591 1032 rili
616 986 774 1031 mtate
809 978 1014 1031 mundo
1072 977 1390 1032 subtractus
1425 977 1665 1044 graviter
1695 990 1805 1029 non
1837 973 2090 1042 deliquit,

504 1084 613 1124 non
644 1085 838 1139 poenas
862 1070 1105 1140 martyrii
1136 1069 1411 1137 patiendo,
1442 1068 1535 1122 sed
1563 1069 1807 1122 suaviter
1831 1076 1888 1120 et
1912 1066 2092 1133 quiete

502 1162 661 1232 quasi
696 1162 1010 1217 dormienda
1063 1161 1337 1231 migravit.
1376 1161 1443 1216 Et
1474 1177 1598 1216 cum
1644 1160 1971 1231 praedicator
2002 1157 2092 1211 ille

503 1253 754 1324 egregius
799 1254 945 1309 dicat
969 1246 997 1308 τ’
1025 1272 1044 1305 ι
1085 1254 1196 1322 Ego
1230 1270 1347 1310 sum
1381 1255 1639 1307 minimus
1688 1252 2089 1322 apostolorum,

501 1347 597 1417 qui
627 1361 735 1401 non
759 1360 877 1400 sum
910 1346 1111 1417 dignus
1139 1347 1322 1401 vocari
1356 1347 1653 1415 apostolus,
1681 1344 1938 1414 quoniam
1970 1357 2091 1412 per-

500 1447 730 1494 secutus
783 1454 902 1495 sum
962 1438 1264 1495 Ecclesium
1327 1440 1424 1494 Dei
1484 1438 1533 1507 (1
1561 1438 1687 1495 Cor.
1720 1440 1844 1504 xv);
1903 1455 1922 1489 ›
1963 1450 2087 1489 cum

502 1546 699 1600 corpus
725 1548 884 1587 suum
917 1535 1168 1602 castiget,
1204 1532 1568 1601 servitutique
1599 1530 1851 1596 subiiciat
1880 1527 1931 1598 (I
1957 1527 2088 1581 Cor.

502 1623 615 1691 Ix),-
645 1637 765 1680 cum
799 1626 947 1696 quod
983 1624 1106 1679 aliis
1139 1624 1257 1694 ipse
1286 1624 1541 1681 concedit
1578 1623 1755 1695 (ibid),
1786 1622 1855 1677 de
1905 1620 2053 1673 Evan

507 1707 648 1774 gelio
674 1702 807 1757 nihil
834 1700 1083 1770 accipiat,
1107 1700 1202 1755 sed
1225 1700 1293 1754 de
1341 1713 1597 1752 manuum
1628 1713 1847 1751 suarum
1877 1696 2074 1751 labori-

504 1797 606 1848 bus
634 1794 805 1857 vivat;
852 1806 973 1844 cum
1004 1789 1092 1844 ille
1132 1788 1250 1859 plus
1278 1788 1527 1843 omnibus
1556 1788 1778 1852 laboret,
1814 1798 1869 1841 et
1897 1797 2074 1841 tamen

2187 617 2403 685 scripsit
2434 618 2721 670 observare
2744 632 2840 671 nos
2878 616 3061 680 voluit,
3107 625 3163 670 et
3207 617 3333 670 dum
3362 632 3460 669 sua
3489 621 3751 683 conlidit,

2185 705 2360 759 edicta
2406 703 2623 758 Patrum
2665 703 3083 774 praecedentium
3133 718 3241 757 non
3274 704 3528 759 cassavit.
3555 706 3657 760 Sed
3684 724 3756 761 ne

2185 810 2272 850 me
2292 797 2414 865 quis
2442 796 2760 850 temeritatis
2810 795 3068 859 incessat,
3119 803 3375 865 tanquam
3407 797 3499 865 qui
3541 812 3755 853 sacrum

2183 886 2428 939 ordinem
2461 884 2770 953 derogando
2794 884 3104 953 dijudicem,
3131 892 3292 953 atque
3321 885 3631 952 depretiem,
3658 903 3758 941 nos
3798 938 3802 942 .

2184 986 2382 1031 sancta:
2424 975 2745 1045 professioni
2773 985 2979 1029 tantum
3015 975 3325 1039 tribuimus,
3357 984 3416 1028 ut
3457 984 3513 1030 et
3554 992 3757 1031 secun-

2182 1063 2441 1117 diceriutn
2465 1063 2742 1131 apostolici
2768 1063 2993 1127 ordinis,
3013 1071 3066 1117 et
3086 1062 3379 1116 secundum
3408 1063 3758 1119 nihilominus

2180 1152 2447 1206 fateamur
2484 1167 2603 1206 esse
2650 1152 2996 1221 baptismum.
3047 1151 3152 1206 Sed
3192 1152 3313 1206 dico
3356 1152 3499 1220 quod
3552 1154 3755 1208 dictum

2180 1252 2279 1309 est,
2312 1258 2433 1297 eum
2477 1244 2731 1312 princeps
2781 1244 3151 1311 apostolorum
3180 1244 3499 1313 quibusdam
3530 1243 3598 1297 ad
3626 1260 3759 1299 con-

2180 1332 2483 1386 versionem
2526 1332 2712 1385 venire
2752 1332 3053 1387 volentibus
3084 1332 3229 1386 dicat
3260 1351 3273 1385 :
3305 1350 3324 1383 ι
3373 1333 3755 1389 Paenitentiam

2178 1422 2319 1492 agite
2344 1437 2358 1475 :
2382 1431 2437 1476 et
2460 1421 2761 1489 baptizetur
2785 1422 3156 1490 unusquisque
3175 1430 3414 1476 vestrum
3433 1423 3570 1491 (Act.
3602 1424 3699 1491 u);
3727 1442 3749 1476 ι

2179 1527 2283 1581 qua
2316 1511 2476 1580 igitur
2503 1518 2683 1564 mente
2729 1525 2952 1565 securus
2980 1519 3085 1575 est,
3117 1511 3209 1579 qui
3241 1519 3540 1565 transactas
3568 1512 3760 1581 culpas

2178 1597 2308 1652 ﬂere
2335 1597 2578 1667 negligit,
2603 1598 2819 1665 quando
2866 1598 2980 1667 ipse
3007 1612 3252 1654 summus
3280 1609 3468 1668 pastor
3494 1600 3753 1656 Ecclesia:

2177 1689 2305 1743 huic
2327 1690 2494 1744 etiam
2537 1680 2881 1744 sacramento
2925 1689 3227 1744 addendam
3259 1703 3471 1758 poenam
3495 1692 3751 1758 credidit,

2176 1778 2318 1846 quod
2363 1776 2736 1847 principaliter
2789 1786 3012 1846 peccata
3064 1778 3323 1832 dimittit?
3373 1780 3754 1835 sanctanimi-

504 1898 611 1936 non
636 1898 692 1936 se
717 1880 1189 1950 comprehendisse
1227 1878 1479 1933 formidet
1503 1878 1721 1949 (Philip.
1750 1880 1863 1946 in):
1898 1879 1941 1933 si
1967 1878 2073 1942 ille,
2110 1883 2151 1942 Β
2179 1886 2298 1923 rum
2330 1869 2512 1937 regula
2542 1869 2645 1924 illis
2669 1879 2750 1924 est
2774 1871 2874 1925 sub
2903 1879 3049 1925 tanta
3072 1871 3410 1926 discretionis
3431 1882 3549 1927 arte
3571 1872 3755 1943 dispo-

504 1974 747 2042 inquam,
797 1972 935 2025 inter
982 1979 1090 2023 tam
1139 1968 1421 2039 magnifica
1452 1970 1710 2023 virtutum
1757 1984 1918 2038 opera
1967 1985 2072 2022 non

503 2062 730 2117 confidit
757 2061 931 2115 adhuc
961 2060 1013 2113 in
1046 2058 1344 2129 apostolatu
1367 2098 1382 2122 ,
1435 2057 1565 2128 quid
1612 2073 1711 2112 nos
1753 2058 1992 2113 infelices
2019 2067 2076 2113 et

503 2152 686 2207 miseri
720 2160 923 2205 tantum
947 2149 1320 2220 praesumimus
1341 2148 1407 2202 de
1428 2157 1625 2202 nostrae
1646 2148 1864 2201 desidia:
1888 2161 2075 2201 mona-

502 2222 982 2310 clnatuiQuisqqis
1013 2254 1146 2294 sane
1174 2239 1241 2292 ad
1292 2237 1564 2307 religionis
1618 2235 1776 2306 hujus
1826 2237 2072 2291 ordinem

499 2330 760 2400 confugit,
792 2330 949 2383 linem
979 2328 1132 2382 malis
1155 2327 1400 2396 imponit.

570 2416 678 2471 Sed
707 2417 836 2486 quid
863 2417 1082 2485 prodest
1110 2430 1140 2467 a
1185 2424 1525 2484 peccatorum
1549 2414 1945 2484 perpetratione
1973 2413 2068 2468 de-

498 2509 711 2572 sistere,
742 2507 843 2561 nisi
874 2516 927 2561 et
954 2507 1067 2560 haec
1115 2505 1226 2574 ipsa
1273 2520 1392 2574 qua:
1436 2514 1745 2575 perpetrata
1776 2513 1917 2568 sunt,
1954 2513 2070 2559 stu-

497 2600 625 2653 deat
645 2600 765 2668 quis
790 2598 1048 2653 districta:
1068 2596 1395 2666 poenitentia:
1440 2596 1813 2652 satisfactione
1855 2598 2071 2652 delere?

501 2689 608 2745 Sed
639 2690 764 2759 quia
797 2688 928 2742 mihi
954 2688 1183 2742 fortasse
1211 2701 1317 2741 non
1349 2688 1606 2751 creditur,
1644 2687 1770 2755 quid
1793 2704 1859 2741 ex
1892 2687 1995 2741 hoc
2015 2689 2069 2743 in

496 2776 761 2832 Pastorali
788 2776 923 2830 libro
952 2775 1229 2843 perhibent
1254 2773 1445 2828 beatus
1482 2774 1957 2844 papa‘Gregorius,
1991 2776 2073 2829 in-

497 2866 766 2934 quiratur,
794 2864 886 2917 ubi
916 2866 1028 2916 ait:
1067 2881 1085 2914 ι
1117 2862 1498 2917 Admonendos
1547 2878 1666 2918 esse
1711 2864 1802 2933 qui
1848 2873 2069 2933 peccata

495 2957 770 3019 deserunt,
796 2968 895 3008 nec
923 2963 1100 3008 tamen
1122 2952 1396 3023 plangunt,
1422 2951 1612 3021 nejam
1638 2955 1909 3009 relaxatas
1928 2957 2071 3010 acsti-

495 3055 646 3099 mcnt
695 3044 901 3113 culpas,
935 3058 1069 3113 quas
1122 3043 1226 3097 etsi
1276 3043 1482 3113 agendo
1527 3058 1631 3098 non
1685 3046 2065 3115 multiplicant,

495 3137 655 3193 nullis
701 3148 878 3191 tamen
908 3135 1120 3190 fletibus
1159 3135 1439 3189 mundam.
1476 3154 1495 3188 ι
1527 3136 1656 3203 Quae
1682 3137 1928 3192 videlicet
1957 3148 2066 3192 tam

2175 1963 2295 2026 sita,
2327 1963 2431 2017 illis
2460 1963 2761 2029 specialiter
2802 1964 2901 2018 sub
2956 1972 3119 2017 tantae
3173 1963 3556 2019 moderationis
3587 1964 3759 2020 libra-

2172 2053 2318 2107 mine
2355 2061 2670 2121 temperata,
2720 2053 2813 2121 qui
2871 2061 3166 2122 spontaneo
3216 2053 3503 2120 desiderio,
3544 2063 3600 2109 et
3626 2070 3755 2125 per-

2175 2142 2425 2198 fectionis
2446 2158 2631 2199 amore
2653 2144 2824 2214 gratis
2846 2143 3099 2199 sacculum
3116 2144 3390 2209 deserunt,
3406 2161 3510 2200 non
3533 2156 3755 2216 propter

2170 2247 2284 2296 eos,
2313 2234 2403 2305 qui
2454 2235 2718 2290 scelerum
2767 2236 3101 2291 immanitate
3138 2236 3406 2303 deterriti,
3435 2237 3620 2309 fugere
3650 2255 3754 2294 ne-

2170 2324 2408 2378 cessatio
2437 2323 2849 2393 compelluntur.
2879 2323 2994 2389 His,
3040 2325 3279 2395 inquam,
3312 2326 3405 2396 qui
3428 2341 3613 2381 amore
3655 2341 3755 2381 ve-

2171 2413 2329 2467 niunt
2378 2414 2721 2479 obedientire,
2767 2429 2874 2468 non
2923 2415 3009 2470 his
3064 2417 3157 2485 qui
3216 2417 3503 2471 trahuntur
3554 2416 3756 2472 timore

2171 2504 2460 2573 gehennae:
2487 2503 2916 2559 desiderantibus
2936 2504 3358 2575 scilicetaugere
3380 2506 3626 2576 gratiam,
3648 2520 3754 2561 nec

2170 2593 2593 2663 praecaventibus
2622 2594 2795 2648 vitare
2819 2594 3134 2648 vindictam.
3189 2593 3345 2660 Quod
3402 2594 3454 2648 in
3481 2595 3598 2663 ipso
3624 2594 3753 2649 libri

2169 2683 2442 2752 principio
2506 2682 2790 2737 manifeste
2848 2669 3137 2754 colligitur,
3194 2684 3239 2738 si
3302 2684 3371 2738 ad
3424 2698 3587 2753 quem
3646 2697 3750 2736 sua

2171 2773 2336 2828 verba
2391 2772 2625 2843 Spiritus
2678 2782 2899 2830 sanctus
2957 2775 3175 2845 dirigat,
3242 2774 3511 2831 subtiliter
3564 2783 3750 2831 atten-

2171 2863 2348 2918 datur.

2242 2953 2502 3025 Spiritum
2556 2963 2802 3009 sanctum
2855 2955 2996 3009 dico.
3056 2954 3242 3026 Neque
3279 2955 3424 3009 enim
3478 2954 3564 3007 vir
3616 2969 3750 3009 san-

2170 3054 2331 3112 ctus,
2384 3056 2650 3116 tantaeque
2697 3047 2873 3102 cultor
2923 3047 3245 3103 humilitatis
3301 3046 3548 3116 protinus
3594 3055 3654 3099 ut
3694 3045 3752 3099 in

2170 3136 2333 3192 verba
2365 3146 2755 3207 prorumperet,
2791 3137 3085 3208 magisterii
3115 3135 3449 3200 cathedram,
3478 3143 3533 3189 ct
3559 3137 3750 3204 prmci-

495 3228 673 3298 plena,
730 3237 838 3282 tam
888 3226 1121 3295 evidenti
1174 3225 1283 3281 illic
1329 3235 1454 3281 sunt
1485 3229 1695 3283 ratione
1741 3230 1982 3317 digesta,
2010 3230 2138 3291 utC
2172 3242 2276 3298 pue
2326 3228 2398 3297 pii
2441 3228 2612 3297 patris
2662 3227 2763 3281 sibi
2818 3226 3167 3297 privilegium
3216 3234 3522 3294 usurparet,
3562 3226 3751 3280 dicens

493 3319 738 3389 quisqms
767 3318 1051 3387 diligenter
1074 3318 1160 3371 illa
1187 3318 1499 3388 perlegerit,
1528 3333 1593 3374 ex
1622 3320 1723 3374 hac
1770 3336 1831 3375 re
1864 3322 1930 3376 de
1959 3337 2064 3377 cae-

495 3421 611 3464 tero
639 3409 885 3463 dubitare
911 3424 1015 3461 non
1040 3409 1238 3477 possit;
1273 3422 1371 3463 nos
1402 3417 1580 3463 autem
1620 3410 1709 3465 hic
1750 3412 2066 3480 apponenda

496 3516 601 3553 non
634 3499 900 3562 ducimus,
931 3498 1055 3566 quia
1083 3498 1412 3567 prolixitatis
1440 3498 1711 3554 fastidium
1743 3501 2066 3556 devitamus.

493 3589 563 3643 Et
588 3602 772 3642 revera
794 3587 1063 3656 quomodo
1087 3586 1154 3641 de
1184 3596 1365 3643 reatus
1386 3588 1466 3642 sui
1491 3588 1823 3644 relaxatione
1845 3606 2068 3646 securus

491 3687 596 3743 est,
627 3678 716 3746 qui
748 3677 813 3729 ad
844 3676 1019 3731 locum
1048 3676 1379 3746 paenitentiae
1408 3678 1651 3746 veniens,
1683 3681 2063 3750 pmnitentiam

493 3784 599 3822 non
630 3767 917 3823 observat?

488 3881 498 3888 -
560 3859 629 3911 At
658 3857 904 3912 fortassis
930 3855 1202 3925 objicitur,
1228 3858 1353 3927 quia
1382 3868 1580 3930 praeter
1630 3860 1682 3915 id
1732 3862 1877 3931 quod
1922 3877 2067 3917 com-

490 3963 652 4003 mune
674 3958 776 4012 est,
801 3948 1032 4018 speciale
1062 3949 1314 4018 cuiquam
1348 3950 1587 4006 venienti
1616 3950 1682 4005 de
1705 3953 1901 4007 saeculo
1922 3952 2065 4023 jeju-

489 4038 637 4091 nium
665 4038 718 4091 in
751 4037 932 4107 regula
961 4052 1066 4093 non
1090 4038 1328 4105 jubetur.
1366 4040 1448 4096 Ad
1478 4043 1620 4111 quod
1653 4042 1813 4098 facile
1841 4059 2067 4114 respou-

489 4127 871 4196 demus:quia
925 4126 985 4180 Β.
1040 4126 1363 4184 Benedictus
1416 4145 1513 4186 sua
1557 4132 1773 4200 quidem
1794 4143 2061 4204 praecepta

488 4215 767 4269 monachis
797 4215 982 4280 edidit,
1014 4215 1105 4269 sed
1122 4216 1428 4285 iudicantes
1469 4219 1535 4273 de
1573 4222 1949 4288 peccatoribus
1978 4238 2065 4276 sa-

491 4317 613 4358 cros
654 4315 887 4358 canones
944 4318 1051 4356 non
1095 4305 1380 4371 destruxit,
1410 4307 1519 4362 imo
1567 4311 1747 4363 omnia
1798 4311 2059 4371 catholica

488 4393 686 4461 scripta
734 4392 969 4445 firmavit
1011 4411 1023 4445 :
1066 4396 1341 4451 conversis
1402 4397 1562 4466 plane
1599 4399 1747 4454 dedit
1796 4411 2059 4471 praecepta

487 4482 735 4550 vivendi;
762 4484 1135 4551 peccatoribus
1164 4496 1342 4541 autem
1356 4489 1733 4558 pmuitentiam
1764 4508 1870 4547 non
1890 4493 2059 4548 dona-

2169 3319 2250 3391 (S.
2279 3320 2476 3374 Besso.
2504 3320 2652 3389 Reg.,
2686 3335 2805 3390 cap.
2835 3322 2921 3390 l):
2951 3338 2969 3371 ί
2994 3320 3273 3383 Ausculta,
3299 3334 3332 3373 o
3362 3318 3455 3383 fili,
3482 3329 3752 3389 pracepta

2169 3410 2432 3479 magistri,
2469 3418 2522 3464 et
2547 3409 2745 3464 inclina
2780 3424 2964 3465 aurem
2995 3410 3176 3464 cordis
3210 3409 3310 3473 tui,
3339 3416 3393 3462 et
3421 3408 3750 3462 admonitio-

2168 3516 2291 3555 nem
2336 3500 2410 3569 pii
2462 3501 2630 3570 patris
2674 3500 2903 3555 libenter
2948 3500 3191 3570 excipe.»
3244 3498 3349 3554 Sed
3399 3499 3486 3552 ille
3526 3512 3747 3553 servum

2168 3604 2323 3643 suum
2352 3589 2581 3657 propria:
2610 3590 2756 3643 vocis
2788 3604 3051 3659 organum
3096 3588 3245 3653 fecit,
3286 3588 3377 3657 qui
3408 3588 3659 3641 similiter
3687 3588 3747 3642 in

2167 3678 2284 3748 ipso
2312 3680 2552 3734 vaticinii
2583 3679 2894 3749 incipientis
2916 3680 3136 3734 exordio
3167 3679 3403 3733 clamare
3426 3693 3522 3748 per
3547 3678 3749 3733 Isaiam

2166 3768 2377 3836 cmpit:
2454 3786 2472 3820 ‹
2509 3768 2712 3834 Filios,
2771 3769 2987 3838 inquit,
3051 3768 3323 3834 enutrivi,
3392 3775 3447 3821 et
3506 3766 3749 3822 exaltavi

2166 3859 2301 3929 (Isa.
2337 3859 2432 3928 1).»

2236 3952 2527 4007 Videamus
2551 3966 2679 4021 ergo
2706 3966 2826 4006 cum
2854 3952 3091 4007 scribere
3118 3951 3326 4021 incipit,
3350 3951 3547 4021 quibus
3573 3951 3745 4006 verba

2164 4043 2368 4113 dirigit,
2405 4043 2472 4097 ad
2499 4042 2641 4111 quod
2672 4042 2948 4097 hominum
2989 4058 3160 4113 genus
3203 4058 3417 4097 omnem
3448 4044 3556 4096 vim
3587 4057 3749 4097 secu-

2165 4145 2297 4189 tura:
2324 4134 2640 4189 elocutionis
2675 4134 2902 4188 intendit
2927 4151 2941 4195 ;
2969 4136 3044 4187 ait
3068 4134 3210 4189 enim
3237 4134 3318 4203 (S.
3350 4133 3548 4187 Besso.
3582 4132 3748 4204 Περ..

2163 4241 2281 4294 cap.
2313 4225 2403 4292 l):
2450 4242 2469 4275 ‹
2501 4225 2581 4277 Ad
2631 4232 2683 4277 te
2729 4238 2858 4293 ergo
2886 4239 3028 4277 nunc
3062 4238 3215 4277 meus
3243 4238 3421 4277 sermo
3468 4222 3745 4291 dirigitur,

2164 4313 2406 4382 quisquis
2429 4313 2814 4367 abrenuntiatis
2836 4312 3066 4381 pmpriis
3093 4311 3473 4374 voluntatibus,
3511 4310 3749 4365 Domino

2161 4402 2376 4457 Christo
2396 4417 2525 4456 vero
2547 4402 2656 4471 regi
2703 4402 3050 4466 militaturus,
3091 4401 3406 4455 obedientiae
3442 4399 3749 4455 fortissima

2162 4503 2325 4562 atque
2362 4492 2618 4562 praeclara
2662 4506 2810 4544 arma
2858 4491 3141 4545 assumisa
3184 4490 3453 4556 Quantum
3498 4503 3630 4560 ergo
3667 4504 3746 4545 ex

487 4575 584 4640 vit,
618 4573 853 4644 alioquin
888 4589 1232 4631 mumiurare
1270 4588 1517 4646 possunt,
1545 4589 1600 4634 et
1631 4581 1777 4651 jnste
1800 4586 2056 4653 conqueri
2088 4567 2135 4624 Β
2162 4582 2333 4664 sancti
2392 4581 2494 4635 viri
2541 4582 2719 4636 verbis
2771 4581 3021 4651 colligere
3078 4596 3362 4651 possumus
3385 4622 3400 4645 ,
3450 4582 3624 4651 magis
3669 4580 3747 4635 ad

488 4671 597 4716 tam
628 4662 662 4716 ii
709 4664 797 4731 qui
830 4662 883 4717 in
932 4663 1122 4733 puerili
1165 4672 1344 4731 aetate,
1392 4682 1552 4736 quam
1596 4670 1688 4739 qui
1727 4686 1755 4724 a
1807 4674 2059 4743 gravibus

486 4754 739 4808 custoditi
797 4755 862 4808 ad
907 4756 1371 4811 conversationem
1426 4759 1673 4826 veniunt,
1723 4761 1768 4815 si
1809 4763 2057 4817 eumdem

487 4847 696 4900 vivendi
729 4847 945 4909 modum
977 4856 1162 4902 tenere
1189 4863 1311 4903 cum
1362 4848 1445 4903 his
1475 4851 1567 4918 qui
1599 4851 1913 4907 criminibus
1938 4867 2057 4922 gra-

416 4966 435 4986 μ
484 4938 594 4991 vati
625 4947 765 5001 sunt,
800 4938 1213 5009 compelluntur.
1244 4939 1375 4994 Nam
1402 4941 1447 4995 si
1476 4941 1633 4997 aliter
1651 4941 1899 5010 jejunare
1921 4960 2056 4998 nun-

484 5045 645 5099 quam
668 5030 944 5093 debemus,
975 5045 1075 5084 nec
1118 5031 1278 5084 aliam
1324 5046 1485 5101 agere
1528 5032 1924 5101 paenitentiam,
1953 5034 2056 5087 nisi

483 5139 603 5192 qua:
642 5122 694 5176 in
739 5121 924 5175 eadem
975 5122 1155 5192 regula
1201 5132 1387 5177 sancta
1437 5125 1785 5193 praecipitur,
1838 5139 1939 5177 cur
1982 5124 2053 5176 ibi

476 5214 684 5285 jussum
712 5219 792 5267 est
819 5210 898 5281 (S.
932 5210 1058 5265 Ben.
1097 5211 1246 5282 Reg.,
1275 5229 1393 5282 cap.
1440 5213 1532 5281 55)
1575 5230 1588 5265 :
1633 5232 1651 5264 ι
1700 5212 1769 5269 Ut
1788 5211 2053 5280 jejunium

479 5325 510 5361 a
541 5307 719 5376 priore
745 5304 1033 5374 frangatur
1057 5313 1281 5375 propter
1305 5304 1567 5375 hospites,
1607 5305 1711 5360 nisi
1751 5304 2054 5375 praecipuus

474 5398 662 5469 jejnnii
695 5396 807 5453 dies
834 5396 939 5452 sit?
973 5415 991 5448 ι

552 5488 664 5557 Age
691 5502 856 5552 nunc,
903 5485 1041 5556 lege,
1070 5499 1345 5558 percurre,
1396 5485 1610 5539 revolve
1654 5484 1799 5546 folia,
1823 5484 2053 5540 solerter

480 5578 761 5647 investiga,
810 5587 864 5632 et
890 5578 1002 5631 dies
1035 5576 1121 5630 ille
1167 5575 1442 5645 jejunandi
1493 5576 1819 5644 przecipuus,
1847 5577 1933 5644 qui
1964 5576 2051 5632 hic

481 5670 535 5722 in
560 5668 787 5720 transitu
817 5667 1037 5730 dicitur,
1067 5666 1293 5720 ostende
1317 5666 1404 5720 ubi
1434 5666 1592 5736 292
1616 5668 1787 5722 sancti
1812 5668 2050 5722 doctoris

480 5757 1070 5827 auctoritatejnbetur;
1099 5767 1175 5828 et_
1207 5774 1329 5817 cum
1380 5758 1627 5817 invenire
1670 5774 1774 5814 non
1825 5758 2047 5828 poteris,

2161 4673 2473 4728 discendam
2499 4671 2883 4736 obedientiam,
2930 4686 3091 4741 quam
3122 4672 3188 4725 ad
3234 4671 3587 4739 peragendam
3620 4685 3750 4739 pm-

2162 4764 2441 4818 nitentiam
2463 4762 2659 4831 regulae
2688 4760 2846 4828 hujus
2878 4754 3059 4815 schola
3091 4761 3429 4829 cognoscitur
3456 4760 3746 4823 instituta;

2160 4870 2267 4908 non
2308 4864 2364 4907 ut.
2402 4855 2513 4908 sive
2553 4861 2884 4920 peccatores,
2935 4853 3048 4906 sive
3090 4851 3266 4921 justos
3317 4851 3606 4914 excludat,
3648 4851 3748 4905 vel

2159 4960 2323 4997 unum
2373 4958 2539 5012 genus
2593 4943 2866 4995 hominum
2909 4952 3155 5011 respuat;
3197 4943 3290 4997 sed
3338 4942 3461 5010 quia
3514 4955 3746 4995 omnem

2164 5034 2274 5086 vim
2303 5043 2357 5087 et
2395 5033 2748 5086 intentionem
2794 5032 2859 5085 ad
2907 5032 3177 5086 edocenda
3231 5030 3548 5086 obedientiaa
3595 5044 3751 5097 pre-

2163 5132 2317 5193 cepta
2347 5122 2656 5177 constituat.

2232 5214 2429 5268 Verum
2468 5213 2594 5266 dum
2632 5212 2747 5266 hazc
2774 5211 3082 5279 scribimus,
3122 5226 3228 5267 non
3267 5210 3580 5280 ignoramus
3628 5222 3749 5263 nos

2158 5303 2421 5373 quosdam
2452 5302 2648 5358 fratres
2674 5301 2963 5367 offendere,
2997 5318 3092 5359 eos
3137 5302 3405 5365 videlicet,
3445 5298 3537 5367 qui
3584 5297 3750 5352 arbi-

2160 5404 2371 5450 trantur
2418 5404 2472 5450 et
2529 5396 2917 5451 absolutionem
2973 5396 3298 5460 criminum,
3357 5402 3410 5449 et
3464 5393 3751 5448 virtutum

2157 5485 2451 5540 clausulam
2492 5485 2545 5539 in
2574 5486 2689 5540 sola
2722 5487 2982 5540 duntaxat
3026 5486 3378 5541 conversione
3432 5492 3697 5538 constare
3727 5501 3750 5549 ;

2154 5574 2310 5628 nobis
2335 5581 2511 5629 autem
2541 5574 2769 5630 sufﬁciat
2795 5576 3137 5645 respondere,
3164 5575 3287 5643 quia
3315 5575 3440 5629 dum
3471 5574 3577 5626 ista
3602 5587 3745 5641 pro-

2156 5663 2398 5730 ferimus,
2432 5666 2558 5719 nulli
2579 5667 2733 5736 juxta
2760 5666 3097 5736 Apostolum,
3129 5666 3347 5735 laqueos
3376 5665 3595 5735 injicere
3626 5678 3751 5716 vo-

2154 5752 2347 5819 lumus,
2380 5755 2474 5811 sed
2521 5756 2588 5813 ad
2629 5756 2729 5811 hoc
2761 5763 2967 5810 tantum
2993 5758 3135 5825 quod
3164 5754 3364 5812 bonum
3392 5764 3497 5817 est,
3536 5765 3730 5819 pravo
