3996 6184
325 473 420 530 501

1151 467 1391 525 Ol‘USC.
1423 469 1553 524 Xlll.
1585 495 1652 506 --
1685 467 1769 520 DL
1809 457 2284 517 I’EBFECTIONE
2323 451 2627 512 MONACII.

3375 425 3382 430 ’
3449 435 3580 511 ἐᾱῑ

323 607 512 648 camus
539 589 592 662 (Ι
615 586 736 644 Cor.
761 591 880 659 vn).
908 587 1017 642 Cur
1043 597 1220 642 autem
1244 590 1356 644 haec
1385 589 1546 643 tantis
1563 589 1895 657 protraham,
1928 591 1974 644 Α
2005 596 2099 635 nes
2119 594 2239 636 esse
2262 580 2402 634 sicut
2429 579 2727 646 meipsum;
2775 576 2868 630 sed
2898 575 3266 644 unusquisque
3292 569 3576 646 proprium

321 689 452 752 quia
475 700 582 738 non
609 682 842 736 alienum
877 680 1107 744 videtur,
1144 695 1426 750 exponam.
1458 681 1683 748 Quidam
1713 694 1902 748 nempe

317 773 494 831 frater
509 773 576 826 ad
603 787 706 826 nos
725 771 794 824 de
814 778 1150 824 monasterio
1173 761 1461 837 venit,“qui
1488 769 1618 838 quid
1647 769 1701 823 in
1733 770 1912 826 laitali

315 867 428 922 vita
442 865 782 921 commiserit
795 863 958 932 293
983 860 1272 919 confessus
1290 870 1391 916 est.
1413 859 1594 916 Porro
1611 861 1912 918 debebatur

319 961 394 1013 illi
417 959 786 1022 septuaginta,
815 958 862 1009 si
890 969 1036 1010 recte
1061 964 1240 1018 teneo,
1265 968 1537 1009 annorum
1560 957 1911 1026 poenitentia,

323 1046 467 1100 sicut
503 1044 659 1098 nobis
685 1058 751 1096 ex
784 1057 1068 1098 sacrorum
1097 1057 1362 1096 canomun
1389 1043 1658 1096 sententia
1685 1041 1901 1095 videba-

323 1145 436 1188 tur.
483 1133 613 1186 Erat
644 1141 825 1186 autem
859 1131 970 1186 fere
1002 1133 1114 1202 jam
1148 1132 1424 1200 scptennis
1469 1133 1521 1186 in
1565 1131 1748 1186 habitu
1775 1130 1900 1184 reli-

323 1227 536 1297 gionis;
581 1240 812 1294 cumque
841 1241 1206 1294 quaereremus
1233 1241 1330 1294 pro
1356 1225 1440 1278 his
1471 1225 1708 1293 peccatis
1733 1239 1904 1294 quan-

323 1327 439 1369 tum
465 1315 578 1382 jam
610 1314 941 1382 pmnitentia:
969 1315 1294 1383 peregisset,
1327 1314 1601 1382 respondit
1635 1331 1648 1364 :
1676 1311 1903 1366 Domino

323 1405 546 1474 quidem
575 1403 752 1456 abbati
782 1417 839 1456 se
865 1411 1057 1456 cuncta
1099 1402 1265 1455 fuisse
1293 1403 1622 1462 confessum.
1656 1403 1748 1456 sed
1779 1417 1904 1455 eum

322 1504 524 1566 praeter
547 1509 888 1558 communem
917 1494 1228 1547 monasterii
1258 1494 1679 1558 observantiam,
1701 1493 1902 1547 nullam

321 1589 428 1644 sibi
477 1587 848 1656 pmnitentiam
901 1587 1186 1650 indidisse;
1239 1587 1363 1656 quia
1395 1586 1672 1655 perhibuit
1728 1583 1901 1638 solam

322 1680 735 1735 conversionem
801 1693 900 1746 pro
958 1678 1200 1731 omnium
1261 1687 1607 1746 peccatorum
1683 1692 1904 1731 suorum

323 1767 661 1838 absolutione
685 1767 842 1835 plene
875 1765 1143 1820 snliicere.
1176 1765 1312 1832 Quid
1335 1766 1546 1819 dicam?
1573 1763 1786 1829 Fateor,
1819 1780 1906 1820 res

321 1859 458 1913 mihi
485 1858 642 1912 valde
679 1856 986 1925 displicuit;
1040 1856 1282 1925 despexi,
1307 1855 1516 1920 horrui,
1556 1863 1611 1909 et
1633 1855 1906 1910 hominem

2002 670 2199 724 donum
2230 668 2392 722 habet
2429 680 2497 721 ex
2549 665 2680 730 Deo,
2713 664 2851 720 alius
2883 665 3102 735 quidem
3129 664 3229 730 sic,
3274 665 3416 721 alius
3443 681 3579 724 vero

2001 762 2080 815 sic
2111 759 2320 828 (llud).
2359 779 2377 811 ι

2070 850 2234 922 294
2291 850 2446 903 Aliud
2491 851 2674 918 itaque
2721 847 2934 902 volebat
2979 846 3286 917 Apostolus,
3325 857 3380 902 et
3433 847 3578 905 aliud

2000 941 2372 1011 permittebat.
2411 939 2636 994 Volebat
2667 935 2930 1007 siquidem
2957 952 3146 992 omnes
3183 933 3431 994 homines
3459 953 3582 994 esse

2001 1033 2142 1088 sicut
2183 1032 2556 1100 semetipsum,
2611 1032 2715 1086 hoc
2776 1039 2882 1095 est,
2946 1023 3313 1100 conijugalihus
3350 1023 3584 1102 negotiis

2003 1121 2206 1175 alienos
2237 1140 2248 1174 :
2284 1122 2376 1176 sed
2407 1123 2530 1190 quia
2562 1120 2614 1174 id
2653 1122 2902 1174 erunibus
2932 1120 3256 1189 persuadere
3291 1136 3400 1174 non
3429 1130 3586 1190 pote-

2003 1219 2104 1272 rat,
2132 1211 2447 1266 necessitate
2475 1218 2709 1273 coactus,
2735 1209 2948 1278 nuptias
2973 1209 3356 1280 permittebat;
3387 1209 3582 1266 melius

2003 1299 2420 1372 essejudicans,
2464 1310 2522 1354 ut
2560 1295 2870 1369 nuptiarum
2903 1298 3064 1363 lecto,
3099 1299 3244 1353 velut
3269 1299 3470 1353 infirmi
3495 1298 3581 1368 ja-

2003 1401 2210 1456 cercnt,
2260 1407 2419 1460 quam
2451 1401 2510 1444 ut
2555 1389 2608 1443 in
2642 1391 2864 1443 luxuriae
2891 1388 3201 1460 voraginem
3242 1388 3579 1455 decidentes,

2004 1484 2241 1538 cervices
2269 1481 2636 1552 effringerent.
2665 1475 2770 1534 Sed
2813 1481 3004 1535 beatus
3044 1480 3134 1549 qui
3165 1479 3315 1534 audit
3342 1481 3578 1550 Aposto—

2007 1575 2116 1629 lum
2149 1575 2290 1644 quod
2335 1573 2448 1628 vult
2499 1573 2924 1642 praecipientem,
2975 1581 3083 1626 non
3131 1573 3275 1640 quod
3329 1585 3435 1626 non
3469 1570 3585 1626 vult

2005 1666 2390 1734 ignoscentem.
2425 1663 2515 1718 Sic
2538 1664 2718 1732 itaque
2750 1670 2940 1717 auctor
2969 1672 3170 1718 sanctae
3193 1662 3389 1733 regula:
3415 1661 3585 1717 libra-

2009 1766 2062 1812 to
2111 1756 2452 1812 discretionis
2499 1755 2772 1816 examine,
2809 1754 2912 1808 alia
2944 1768 3011 1808 ex
3041 1755 3367 1810 auctoritate
3397 1754 3586 1824 prteci-

2008 1850 2106 1918 pit,
2140 1849 2244 1903 alia
2271 1857 2492 1918 propter
2516 1847 2940 1902 imbecillitatem
2965 1845 3234 1916 fragilium
3263 1845 3588 1908 necessitate

323 1947 608 2014 deceptum
656 1959 777 2000 esse
803 1944 1027 1999 clamavi
1063 1959 1076 1998 :
1109 1945 1362 1998 nimirum
1410 1944 1499 2012 qui
1533 1943 1902 2014 paenitentiam
1937 1930 1976 1986 Β
2005 1937 2292 2007 permittit.
2326 1936 2460 1990 Nam
2488 1951 2612 1991 cum
2642 1936 2774 1991 dicit
2802 1935 2882 2007 (S.
2913 1934 3116 1988 Busan.
3166 1933 3324 2004 Reg.,
3361 1950 3411 1990 e.
3441 1933 3534 2006 48)
3565 1953 3582 1989 :

323 2037 556 2092 necdum
602 2037 828 2092 haberet
881 2036 1169 2106 inceptam,
1198 2053 1359 2105 quam
1402 2037 1633 2091 diversis
1663 2036 1905 2092 alllictio-

325 2143 456 2182 num
495 2128 670 2182 modis
695 2128 808 2198 jam
836 2127 1036 2182 habere
1063 2128 1300 2196 potuerit
1328 2137 1778 2182 consummatam.

925 2215 1152 2271 CAPUT
1190 2215 1298 2270 νη.

329 2309 486 2375 Quod
505 2309 692 2363 melius
717 2319 790 2362 est
812 2323 962 2376 agere
987 2309 1124 2376 quod
1161 2325 1226 2361 ex
1252 2309 1560 2378 auctoritate
1584 2309 1903 2378 pra’cipitur,

559 2395 716 2449 quam
743 2379 882 2447 quod
914 2378 1320 2431 misericorditer
1345 2377 1666 2446 indulgetur.

403 2485 565 2545 Vobis
611 2499 815 2554 autem,
872 2489 1200 2555 charissimi,
1253 2499 1305 2543 et
1349 2489 1463 2544 lucc
1503 2499 1558 2543 et
1604 2489 1707 2544 alia
1740 2489 1903 2544 multa

327 2579 668 2650 displiceant,
707 2595 826 2649 quae
877 2580 1086 2648 decepti
1147 2579 1411 2644 homines,
1462 2579 1589 2632 dum
1645 2595 1704 2634 se
1757 2589 1906 2634 recte

327 2687 490 2742 agere
540 2671 890 2732 arbitrantur,
952 2671 1204 2740 ignorant
1261 2687 1275 2722 :
1328 2679 1511 2737 atque,
1563 2677 1624 2723 ut
1674 2669 1726 2723 in
1762 2669 1902 2735 aliis,

327 2779 448 2833 qua:
469 2779 576 2816 non
605 2762 808 2832 agenda
833 2769 979 2824 sunt,
1015 2760 1184 2814 libera
1207 2761 1424 2830 possitis
1441 2761 1762 2816 auctoritate
1785 2776 1905 2817 cor-

327 2853 526 2920 rigere,
581 2852 683 2920 ipsi
735 2853 948 2906 cautius
1001 2852 1273 2906 evitantes
1334 2851 1691 2908 abominanda
1753 2869 1906 2908 mon-

325 2953 512 2996 strate.
567 2941 638 2997 Ut
663 2953 842 2998 autem
897 2943 966 2996 ad
999 2941 1126 2996 illud
1176 2943 1421 3006 redeam,
1481 2955 1668 2998 sancta
1719 2944 1904 3014 regula

325 3033 479 3103 quasi
509 3032 686 3101 ampla
709 3031 974 3102 quaedam,
999 3047 1169 3102 capax
1201 3041 1255 3086 et
1283 3032 1519 3099 spatiosa
1542 3031 1734 3088 domus
1763 3032 1904 3088 facta

325 3135 410 3180 est
433 3130 500 3180 ad
523 3127 704 3180 omnia
729 3141 924 3197 genera
953 3127 1230 3182 hominum
1255 3127 1535 3195 capienda,
1552 3143 1747 3196 pueros
1761 3128 1907 3183 vide-

325 3215 450 3272 licet
472 3226 528 3272 et
551 3234 730 3284 senes,
773 3217 938 3274 fortes
967 3228 1020 3272 et
1049 3218 1275 3282 debiles,
1300 3213 1604 3284 deliciosos,
1633 3218 1905 3272 multimo-

2015 2042 2035 2076 ι
2085 2023 2238 2078 Licet
2277 2023 2516 2092 legamus
2557 2024 2742 2077 vinum
2793 2022 3177 2078 monachorum
3227 2023 3449 2078 omnino
3478 2035 3586 2078 non

2007 2128 2155 2179 esse;
2197 2132 2214 2164 ι
2250 2122 2302 2168 et
2326 2113 2453 2167 alibi
2483 2112 2618 2184 (cap.
2648 2112 2740 2182 49)
2768 2131 2782 2166 :
2819 2133 2838 2164 ε
2859 2112 3010 2168 Licet
3035 2112 3181 2168 omni
3209 2123 3451 2183 tempore
3477 2113 3586 2168 vita

2007 2202 2256 2257 monachi
2299 2201 2736 2272 Quadragesima:
2780 2201 2975 2257 debeat
3000 2201 3448 2259 observationem
3489 2204 3587 2258 ha-

2006 2295 2156 2358 bere,
2185 2306 2364 2350 tamen
2385 2295 2511 2364 quia
2540 2310 2834 2364 paucorum
2860 2305 2944 2350 est
2969 2295 3072 2351 ista
3101 2297 3293 2362 virtus,
3323 2315 3342 2348 ι
3367 2305 3421 2352 et
3442 2295 3585 2352 mul-

2008 2395 2060 2439 ta
2085 2384 2314 2450 similia;
2347 2386 2474 2454 quid
2505 2393 2589 2439 est
2638 2384 2782 2438 aliud
2821 2399 2984 2454 quam
3009 2387 3055 2440 si
3102 2387 3248 2441 dicat
3280 2403 3294 2440 :
3321 2385 3436 2441 Alta
3465 2387 3587 2455 qui-

2007 2473 2128 2526 dem
2162 2475 2410 2539 ostendo,
2446 2473 2540 2528 sed
2571 2473 2862 2542 poplitibus
2891 2473 3093 2528 teneris
3114 2476 3292 2530 adhuc
3320 2488 3415 2529 vos
3437 2473 3588 2528 clau-

2007 2563 2189 2618 dicare
2236 2563 2598 2634 conspiciens,
2628 2579 2725 2633 per
2748 2563 2905 2632 plana
2941 2564 3185 2631 deduco;
3218 2565 3263 2619 si
3289 2565 3375 2620 cui
3403 2574 3586 2620 autem

2004 2654 2376 2722 possibilitatis
2411 2656 2560 2725 vigor
2589 2655 2883 2711 accesserit
2906 2695 2921 2722 ,
2959 2655 3174 2711 deserat
3224 2657 3332 2712 ima
3357 2673 3476 2726 qua:
3503 2658 3588 2714 in-

2005 2747 2150 2801 vitus
2182 2746 2449 2818 indulgeo,
2489 2757 2670 2803 teneat
2710 2748 2816 2803 alta
2841 2765 2962 2820 quae
2983 2749 3141 2805 volo?
3185 2749 3444 2806 Nimirum
3475 2759 3588 2806 me-

2006 2837 2108 2893 lius
2131 2848 2212 2894 est
2237 2841 2454 2908 quidem
2481 2841 2680 2896 salvari
2711 2842 2951 2898 animam
2979 2842 3033 2896 in
3065 2841 3258 2914 Segor,
3285 2858 3449 2914 quam
3473 2841 3590 2898 sul-

2005 2930 2211 2996 phureo
2241 2930 2294 2984 in
2323 2929 2574 2986 Sodomis
2612 2931 2737 3002 igne
2775 2934 3047 2988 consumi.
3082 2933 3272 2989 Melius
3307 2942 3394 2990 est
3441 2935 3588 2989 enim

2007 3023 2207 3077 nubere
2240 3039 2402 3094 quam
2456 3025 2538 3078 uri
2573 3023 2622 3095 (1
2654 3023 2777 3079 Cor.
2809 3025 2928 3097 vn).
2953 3025 3066 3082 Sed
3101 3041 3266 3096 quam
3296 3025 3589 3098 gloriosius

2006 3122 2086 3165 est
2109 3113 2176 3166 ad
2206 3123 2460 3168 montana
2489 3115 2876 3181 conscendere,
2923 3131 3087 3186 quam
3115 3117 3168 3170 in
3206 3116 3445 3187 parvula:
3491 3115 3590 3174 Se-

2009 3217 2106 3272 gor
2131 3203 2360 3259 obscura
2395 3205 2732 3274 ignobilitate
2755 3204 2945 3274 jacere
2969 3203 2988 3258 l

327 3307 394 3363 da
421 3325 632 3364 morum
669 3308 1030 3380 inrequalitate
1050 3309 1311 3364 diversos.
1341 3308 1457 3364 Non
1487 3324 1617 3380 ergo
1647 3309 1904 3364 debetnns

2077 3295 2145 3349 Et
2193 3305 2251 3351 ut
2306 3297 2372 3352 ad
2409 3297 2461 3351 id
2509 3298 2653 3367 quod
2700 3309 2942 3353 nostrum
2991 3307 3076 3354 est
3102 3299 3340 3365 redeam,
3389 3298 3582 3356 melius

327 3413 464 3452 vana
506 3401 874 3470 nosmetipsos
922 3401 1214 3458 securitate
1241 3401 1517 3471 decipere,
1559 3417 1658 3456 nec
1688 3417 1903 3456 omnem

327 3489 670 3546 clementiam
728 3493 925 3562 regulae
975 3493 1176 3548 nostris
1231 3493 1387 3562 quasi
1443 3493 1670 3548 licenter
1716 3493 1906 3548 usibus

327 3595 605 3646 arrogare.
633 3579 786 3635 Licet
806 3581 952 3635 enim
995 3581 1079 3635 via
1119 3581 1332 3650 publica
1361 3583 1571 3636 cunctis
1599 3581 1907 3637 itineranti-

327 3669 428 3723 bus
453 3677 661 3738 pateat,
693 3669 1018 3726 indiscretus
1058 3669 1147 3725 ille
1173 3671 1349 3724 viator
1384 3679 1467 3725 est
1510 3672 1598 3739 qui
1627 3679 1790 3725 totam
1818 3686 1908 3726 oc-

327 3771 530 3826 cupare
557 3759 876 3814 divaricatis
902 3761 1177 3830 gressibus
1227 3768 1413 3814 tentat.
1449 3759 1792 3831 Singulorum
1827 3771 1908 3815 ton

329 3855 416 3902 tus
445 3855 530 3902 est
559 3846 703 3912 fons,
749 3847 845 3919 qui
893 3849 946 3903 in
977 3849 1156 3904 medio
1197 3847 1446 3920 proﬂuit;
1493 3849 1586 3903 sed
1616 3849 1909 3904 insolenter

327 3937 444 4006 agit
503 3937 598 4006 qui
647 3947 818 3992 totum
873 3938 1148 3994 vindicare
1196 3939 1431 4009 propriis
1479 3939 1666 3994 usibus
1713 3954 1910 3994 concu-

325 4026 510 4096 piscit.
536 4027 612 4081 Ita
637 4029 894 4082 nimirum
941 4039 995 4084 et
1039 4029 1108 4084 de
1135 4031 1451 4086 remissione
1477 4041 1678 4086 sancta:
1715 4031 1910 4102 regula:

327 4117 586 4180 dicimus,
615 4126 670 4170 et
699 4117 1000 4182 hortamur,
1031 4128 1088 4172 ut
1118 4120 1490 4189 unusquisque
1513 4119 1699 4182 frater,
1729 4119 1820 4187 qui
1844 4120 1910 4174 de

323 4223 424 4262 sua
473 4215 560 4262 est
593 4208 768 4264 salute
787 4209 1073 4272 sollicitus,
1115 4209 1184 4264 ad
1228 4211 1604 4280 possibilitatis
1633 4226 1744 4266 sua:
1774 4225 1908 4266 con-

323 4297 620 4354 scientiam
687 4300 918 4367 redeat,
967 4310 1023 4356 et
1070 4303 1136 4356 de
1187 4303 1506 4356 remissione
1555 4301 1752 4372 regulae
1803 4319 1908 4356 non

329 4397 440 4441 tam
475 4390 624 4457 quod
673 4389 816 4452 licet,
868 4407 1030 4460 quam
1059 4391 1199 4461 quod
1231 4393 1532 4447 necessitas
1563 4377 1815 4460 postulat,
1855 4392 1906 4446 in

321 4479 584 4546 proprios
621 4495 750 4534 usus
802 4491 1062 4534 assumat.
1099 4482 1256 4536 Aliud
1288 4483 1487 4550 quippe
1523 4481 1666 4550 quod
1705 4497 1771 4534 ex
1809 4496 1908 4534 au-

323 4568 584 4622 ctoritate
625 4569 956 4638 praecipitur,
1007 4570 1150 4630 aliud
1194 4571 1337 4639 quod
1369 4569 1792 4626 misericorditer
1829 4571 1908 4622 in-

319 4657 604 4727 dulgetur.
643 4659 750 4714 Sed
793 4661 934 4730 quod
997 4662 1328 4730 praccipitur,
1377 4677 1480 4715 non
1535 4661 1651 4715 sine
1687 4669 1908 4730 peccato

321 4747 662 4817 negligitur;
707 4752 848 4817 quod
881 4759 1062 4803 autem
1103 4751 1368 4804 indultum
1407 4760 1512 4814 est,
1536 4751 1736 4804 bonum
1767 4746 1908 4805 estsi

319 4839 647 4904 dimittitur,
679 4857 783 4895 non
829 4842 1030 4896 malum
1061 4851 1144 4896 est
1183 4843 1238 4897 si
1271 4843 1591 4910 completur.
1632 4841 1737 4894 Sed
1764 4842 1808 4894 si
1833 4842 1911 4908 ip-

315 4929 444 4983 sius
493 4931 694 5001 regula:
741 4933 904 4987 verba
934 4933 1219 5002 diligenter
1271 4934 1612 5002 inspicimus,
1651 4934 1793 5000 quod
1827 4934 1910 4987 di-

313 5034 456 5074 cere
477 5021 750 5084 volumns,
799 5021 1010 5078 faetlius
1039 5025 1418 5093 approbemus.
1453 5023 1587 5076 Nam
1619 5039 1742 5077 cum
1781 5023 1912 5077 dicit

313 5109 527 5176 alicubi
559 5111 642 5182 (S.
673 5113 874 5167 Busan.
909 5114 1061 5184 Reg.,
1090 5131 1138 5170 c.
1169 5114 1259 5182 41)
1295 5133 1306 5166 ;
1341 5132 1360 5165 ε
1415 5113 1754 5168 lntirmornm
1779 5132 1909 5168 con-

315 5201 1145 5267 descendentesimbecillitati,
1210 5205 1480 5257 credimus
1537 5205 1736 5256 minam
1799 5203 1909 5256 'vini

311 5291 557 5360 singulis
587 5292 832 5348 sufficere
859 5309 956 5362 per
978 5295 1091 5348 dies
1115 5311 1128 5358 ;
1160 5295 1356 5363 quibus
1380 5303 1556 5346 autem
1581 5294 1746 5347 donat
1771 5295 1912 5348 Deus

311 5381 678 5438 tolerantiam
751 5385 1113 5446 ahstinentim,
1169 5386 1440 5454 propriam
1503 5399 1559 5438 se
1633 5386 1913 5439 habituros

307 5474 638 5528 mercedem
686 5475 882 5530 sciant.
927 5495 944 5526 ι
978 5475 1116 5541 Quid
1145 5475 1287 5530 aliud
1335 5476 1402 5528 de
1440 5475 1566 5527 vino
1607 5475 1908 5537 monachis,

303 5577 498 5634 quam
544 5565 688 5631 quod
731 5565 1026 5632 Apostolus
1055 5565 1120 5618 de
1149 5564 1421 5618 communi
1467 5563 1714 5631 amplexu
1739 5562 1921 5630 conju-

303 5654 491 5724 gibus
541 5655 710 5708 dicit?
741 5674 758 5705 ι
789 5655 904 5708 lloc
953 5667 1156 5719 autem,
1209 5655 1404 5722 inquit,
1451 5655 1571 5708 dico
1625 5655 1918 5709 secundum

303 5741 760 5810 indulgentiam,
815 5761 919 5797 non
963 5745 1263 5798 secundum
1341 5743 1624 5811 imperium
1699 5741 1748 5810 (I
1795 5741 1916 5795 Cor.

303 5832 472 5896 tu);
513 5853 530 5884 ι
567 5833 654 5888 ubi
689 5849 810 5887 mox
863 5835 1011 5889 addit
1041 5852 1051 5886 :
1085 5853 1102 5886 ‹
1143 5831 1275 5889 Volo
1319 5844 1498 5910 autem
1527 5849 1716 5889 onincs
1749 5833 1920 5888 homi-

2008 3397 2156 3442 ccrte
2213 3398 2296 3443 est
2351 3389 2402 3442 in
2459 3389 2689 3459 spiritali
2753 3389 2944 3445 ordine
2999 3390 3084 3445 vel
3143 3389 3385 3460 segniter
3433 3391 3586 3445 vive-

2009 3493 2088 3544 re,
2122 3495 2283 3549 quam
2328 3479 2569 3536 funditus
2606 3479 2658 3534 in
2689 3480 2960 3534 mundana
3009 3479 3424 3536 conversatione
3465 3495 3590 3551 per-

2009 3576 2108 3630 ire.
2143 3575 2249 3629 Sed
2286 3590 2448 3644 quam
2492 3575 2791 3646 elegantius
2829 3584 2911 3631 est.
2940 3575 3122 3631 omnia
3170 3577 3430 3632 vitiorum
3458 3591 3591 3648 por-

2009 3675 2154 3720 tenta
2207 3667 2525 3722 festinanter
2581 3667 2808 3734 elidere,
2862 3677 2918 3723 et
2959 3669 3026 3724 ad
3069 3669 3330 3724 virtutum
3371 3668 3587 3726 culmen

2009 3759 2254 3812 testnanti
2286 3758 2555 3813 desiderio
2580 3759 2860 3824 festinare,
2904 3775 3067 3830 quam
3100 3761 3200 3816 sub
3229 3771 3471 3832 tempore
3499 3759 3591 3818 de-

2010 3851 2161 3905 sidiae
2205 3851 2255 3904 in
2289 3849 2400 3904 sola
2445 3852 2680 3919 suscepti
2726 3850 2932 3906 ordinis
2987 3852 3283 3907 securitate
3330 3853 3587 3912 dormire!

2009 3943 2087 3997 Ac
2132 3942 2176 3996 si
2223 3941 2594 4010 promulgator
2638 3949 2838 3997 sanctae
2879 3941 3076 4011 regula:
3106 3942 3219 3998 suis
3253 3942 3591 3998 auditoribus

2013 4031 2158 4085 dicat
2213 4048 2226 4083 :
2285 4030 2656 4098 Suscipienles
2694 4030 2910 4100 quidem
2948 4031 3092 4101 quod
3149 4031 3419 4104 indulgeo,
3477 4047 3588 4090 non

2011 4121 2265 4188 peccatis,
2315 4119 2406 4174 sed
2440 4135 2544 4174 non
2571 4121 2926 4189 suscipientes
2946 4160 2962 4186 ,
2993 4123 3296 4177 mercedem
3331 4121 3542 4177 habetis
3573 4138 3588 4176 :

2013 4209 2247 4264 admissa
2277 4209 2542 4277 siquidem
2582 4209 2958 4265 misericordia
3004 4223 3112 4266 non
3143 4209 3424 4266 incurritis
3467 4226 3589 4282 pte-

2013 4314 2159 4361 nam,
2192 4299 2286 4353 sed
2313 4309 2534 4370 prepter
2565 4299 2733 4354 Deum
2757 4301 2980 4356 dimissa
3011 4302 3322 4372 pertingitis
3344 4303 3410 4357 ad
3436 4317 3594 4362 coro-

2013 4407 2135 4444 nam
2163 4409 2176 4444 :
2208 4401 2262 4447 et
2282 4393 2396 4448 haec
2427 4393 2644 4462 quidem
2676 4393 2898 4462 speciali
2929 4393 3158 4448 crimine
3175 4409 3282 4449 non
3312 4395 3590 4466 depressi;

2013 4481 2251 4550 alioquin
2300 4482 2544 4552 quisquis
2589 4497 2646 4537 se
2703 4482 2950 4536 meminit
2989 4483 3174 4537 illicita
3225 4495 3592 4554 perpetrasse,

2013 4587 2170 4626 versa
2219 4587 2364 4626 nunc
2399 4573 2514 4626 vice
2565 4573 2722 4627 debet
2776 4587 2806 4625 a
2859 4572 3021 4626 licitis
3067 4573 3383 4629 abstinere:
3417 4583 3470 4629 et
3499 4575 3594 4644 qui

2017 4659 2285 4712 commisit
2324 4661 2554 4726 superbe
2589 4660 2885 4730 prohibita,
2923 4659 3083 4714 debet
3131 4677 3275 4715 nunc
3314 4662 3592 4718 humiliter

2019 4751 2272 4804 abdicare
2319 4767 2597 4805 concessa.
2652 4750 2902 4820 Plerique
2948 4752 3091 4805 enim
3138 4752 3373 4807 molliter
3417 4756 3595 4808 suavi-

2020 4855 2208 4910 ter-que
2254 4844 2498 4897 viventes
2543 4843 2586 4896 si
2635 4843 2926 4910 aliquando
2974 4845 3291 4910 suadentur,
3321 4855 3380 4901 ut
3423 4862 3594 4916 quan-

2023 4932 2264 4984 tmnlibet
2290 4931 2372 4984 vel
2405 4947 2592 4999 parum
2642 4931 2833 4985 saltem
2878 4933 3144 5006 arctioris
3179 4934 3280 4988 via:
3327 4935 3595 5004 arripiant

2021 5019 2346 5084 institutum,
2381 5035 2502 5072 mox
2531 5019 2874 5073 ratiocinium
2906 5020 3007 5075 sibi
3039 5021 3370 5077 defensionis
3398 5023 3592 5076 oblen-

2021 5111 2173 5173 duut,
2207 5111 2331 5163 dum
2383 5111 2650 5179 quispiam
2691 5125 2878 5165 eorum
2915 5113 2994 5166 sic
3035 5113 3110 5166 ait
3145 5131 3156 5165 :
3193 5112 3357 5178 Vivo,
3398 5112 3591 5180 inquit,

2021 5211 2077 5253 ut
2105 5199 2317 5266 iubeor,
2375 5201 2498 5254 dum
2551 5204 2712 5256 rebus
2757 5204 3026 5258 concessis
3065 5213 3219 5266 utor,
3279 5203 3412 5270 legis
3461 5217 3595 5256 mete

2023 5293 2268 5346 mandata
2319 5309 2580 5346 conservo
2613 5312 2624 5346 :
2655 5296 2846 5348 deinde
2905 5303 2964 5346 ut
3015 5303 3267 5360 tanquam
3298 5293 3474 5346 victor
3515 5281 3594 5347 'de
3677 5293 3684 5300 ’

2020 5383 2282 5450 saperiori
2313 5385 2638 5438 contendere
2669 5386 2931 5448 videatur,
2973 5383 3022 5436 in
3055 5383 3331 5436 audaciam
3361 5381 3589 5452 prosilit.

2023 5472 2295 5541 Nunquid,
2329 5474 2597 5542 inquiens,
2631 5475 2812 5544 regula
2863 5475 2928 5527 ab
2959 5473 3062 5536 his,
3085 5481 3139 5528 et
3174 5473 3502 5541 huiusmodi,
3535 5474 3594 5529 li-

2021 5567 2258 5618 centiam
2305 5565 2478 5619 tollit?
2506 5563 2756 5634 Nunquid
2812 5581 2918 5619 non
2950 5565 3082 5619 mihi
3125 5565 3238 5620 lucc
3262 5575 3315 5621 et
3343 5565 3430 5620 illa
3457 5581 3592 5622 con-

2023 5653 2202 5716 cedit?
2233 5655 2432 5708 Verum
2463 5655 2708 5722 quisquis
2753 5655 2850 5708 ista
2899 5657 3196 5721 contendit,
3242 5657 3383 5712 inter
3409 5657 3594 5713 volun-

2025 5750 2208 5802 tatem,
2261 5745 2749 5812 necessitatemque
2789 5744 3070 5814 scriptoris
3117 5745 3425 5801 discernere
3463 5759 3593 5799 nec-

2026 5829 2150 5884 dum
2180 5833 2365 5886 didicit
2395 5848 2407 5884 :
2435 5841 2488 5885 ct
2536 5832 2640 5886 alia
2687 5833 2981 5912 secundum
3039 5835 3420 5912 itgiulgcntiam
3463 5845 3593 5904 ρει·-
