3996 6184
413 385 512 433 505
874 369 933 431 S.
960 369 1167 432 T‘ETRI
1201 369 1490 432 DAillANl
1521 377 1670 433 OPP.
1703 378 1936 436 TOMUS
1969 383 2097 437 SEU
2142 381 2316 437 PARS
2358 382 2442 436 Ill.
2475 410 2541 425 -—
2578 381 2941 438 Ol‘USCUlA
2989 380 3210 434 VAlilA.

2753 219 2783 230 ρ

3576 383 3681 439 501

417 491 551 547 mmi
584 531 597 554 ,
630 489 731 542 alia
780 488 1074 543 secundum
1124 487 1408 556 imperium
1466 488 1682 558 prmcip‘i
1737 505 1840 542 non
1906 505 1994 544 co-
2027 503 2070 558 Α
2102 493 2258 546 videli
2295 502 2350 544 et
2388 504 2445 546 ut
2473 507 2567 560 per
2600 493 2820 546 verbum
2871 493 3010 561 quod
3039 495 3206 557 audit,
3251 493 3474 546 scamlat
3507 495 3573 549 ad
3605 495 3684 548 vi-

447 585 618 641 novit.

447 609 618 641 ιιυγιι.

417 609 441 659 Β
485 677 584 732 llic
627 675 811 744 itaque
843 673 893 727 in
921 674 1137 730 deserto
1169 674 1462 728 moriturus
1504 683 1602 732 est.
1636 674 1760 742 quia
1792 674 1916 728 dum
1943 673 1994 727 in

415 767 594 822 carnis
623 781 734 820 suae
756 764 1122 834 voluptatibus
1151 765 1461 834 ignobiliter
1485 765 1713 827 habitat,
1749 764 1815 817 ad
1857 763 2000 818 obti-

415 859 642 914 oendam
674 857 752 913 sui
773 855 913 923 juris
945 866 1144 911 terram
1171 871 1266 924 per
1291 853 1540 908 laborum
1565 855 1862 910 certamina
1891 871 1994 908 non

413 949 674 1012 desudat;
734 947 846 1002 sive
894 931 1034 1001 cum
1074 946 1359 1000 Rubeuitis
1409 954 1462 999 et
1508 944 1808 1000 Galaaditis
1846 958 1998 998 ante-

413 1058 573 1113 quam
605 1039 901 1096 Iordanem
952 1047 1212 1103 transeat,
1260 1038 1459 1107 figitur,
1514 1047 1675 1109 atque
1715 1039 1834 1093 ideo
1888 1049 1998 1092 ter-

414 1148 526 1186 ram
553 1131 709 1186 lactis
740 1138 793 1185 et
825 1130 1000 1185 mellis
1025 1129 1186 1200 295
1219 1129 1496 1199 possidere
1521 1138 1638 1199 post
1664 1130 1993 1196 triumphum

413 1240 534 1278 cum
590 1222 712 1276 aliis
759 1222 1008 1277 tribubus
1042 1237 1145 1275 non
1189 1230 1450 1284 meretur,
1504 1219 1822 1273 intentionis
1886 1233 1997 1272 suae

384 1298 706 1366 [terminum
733 1311 914 1380 posuit
945 1329 956 1362 :
998 1318 1051 1363 et
1084 1309 1210 1377 quia
1244 1309 1421 1362 adlme
1455 1309 1504 1362 in
1539 1307 1882 1377 expeditione
1909 1323 2000 1376 po-

387 1405 568 1470 'situs,
616 1405 729 1474 jam
761 1405 903 1458 dumi
940 1420 997 1458 se
1047 1403 1294 1456 habitare
1334 1403 1526 1466 credit,
1569 1402 1633 1455 ad
1665 1401 2000 1455 luercditatis

411 1511 520 1550 suae
563 1495 890 1559 funiculum,
934 1495 1028 1548 ubi
1077 1509 1221 1548 .vera
1267 1503 1348 1549 est
1404 1496 1652 1563 requies,
1707 1505 1760 1548 et
1807 1507 1998 1547 secura

413 1588 804 1659 tranquillitas,
855 1604 962 1643 non
995 1587 1235 1657 attingit.

967 1749 974 1758 .
1007 1694 1236 1752 CAPUT
1276 1695 1407 1750 Vlll.

409 1787 489 1850 De
511 1763 623 1843 vita.
665 1787 834 1842 activa
869 1796 917 1841 et
967 1786 1386 1910 contﬁmp’laltiva,
1424 1786 1518 1840 sub
1561 1786 1735 1856 ﬁgura
1787 1785 1898 1840 Liaz
1948 1796 1993 1840 et

1125 1875 1184 1910 ac
1205 1873 1251 1909 te
1276 1873 1340 1909 ts.

1125 1873 1340 1910 autem.

481 1947 671 2006 Omnis
700 1949 931 2018 denique
961 1957 1144 2004 nostra
1174 1947 1479 2012 conversio,
1521 1957 1574 2002 ct
1598 1946 1995 2003 abrenuntiatio

413 2041 593 2100 saeculi
626 2042 692 2096 ad
723 2039 794 2095 nil
827 2040 993 2105 aliud,
1029 2038 1130 2094 nisi
1160 2037 1226 2093 ad
1253 2038 1494 2106 requiem
1525 2037 1726 2103 tendit;
1759 2038 1852 2092 sed
1883 2038 1997 2092 lucc

412 2135 627 2205 requies
671 2133 750 2188 sic
793 2130 1114 2201 acquiritur,
1145 2129 1188 2183 si
1237 2129 1388 2199 prius
1427 2130 1590 2184 homo
1621 2129 1850 2183 diversis
1877 2142 1999 2182 cer-

415 2226 676 2280 taminum
709 2223 985 2278 laboribus
1017 2229 1326 2283 exercetur,
1358 2227 1438 2284 ut,
1477 2226 1724 2274 cessante
1755 2226 1994 2288 postmo-

413 2317 540 2370 dum
591 2315 738 2371 omni
789 2312 1257 2382 perturbationum
1309 2302 1562 2380 strepitu,
1617 2325 1717 2380 per
1763 2310 1995 2380 gratiam

411 2405 884 2478 contemplationis
916 2402 1280 2459 transferatur
1311 2403 1526 2459 animus
1548 2403 1612 2456 ad
1636 2401 1995 2472 indagandum

411 2498 649 2568 speciem
681 2494 950 2568 veritatis.
985 2493 1090 2548 Sed
1121 2508 1243 2548 cum
1287 2493 1356 2548 ad
1384 2493 1527 2548 hanc
1567 2493 1832 2564 requiem,
1859 2493 2000 2548 sicut

411 2589 615 2644 dictum
638 2595 739 2650 est,
766 2579 872 2641 non
915 2585 1018 2640 nisi
1049 2600 1147 2654 per
1191 2583 1408 2640 labores
1437 2593 1490 2639 et
1535 2585 1836 2639 certamina
1870 2600 1994 2654 per-

409 2680 648 2742 venitur,
706 2664 978 2746 quomodo
1026 2663 1148 2744 quis
1196 2675 1263 2729 ad
1312 2676 1551 2743 requiem
1604 2675 1872 2744 pervenit,
1904 2674 1998 2744 qui

413 2770 644 2825 necdum
677 2767 744 2820 ad
774 2765 1072 2822 certamina
1107 2765 1243 2834 ipsa,
1283 2780 1404 2834 quze
1435 2767 1487 2818 in
1517 2758 1695 2820 medio
1721 2776 1847 2820 sunt
1877 2781 1999 2820 con-

412 2856 624 2925 stituta,
655 2857 969 2913 descendit?
1011 2855 1130 2923 Quo
1179 2856 1322 2910 enim
1356 2866 1513 2926 pacto
1544 2859 1665 2928 quis
1697 2859 1874 2912 valeat
1904 2873 1999 2912 auo

417 2948 524 3004 lam
565 2949 770 3020 ingredi
811 2949 1036 3016 regiam,
1073 2948 1116 3003 si
1159 2962 1302 3010 eam,
1349 2963 1469 3016 quae.
1513 2964 1622 3018 pra:
1666 2949 1871 3004 foribus
1894 2958 1996 3014 est,

413 3042 650 3098 nondum
674 3041 927 3096 transivit
962 3025 1222 3096 arenam?
1260 3039 1361 3107 Qui
1393 3043 1750 3112 propaginare
1777 3058 1882 3097 non
1913 3042 1996 3097 di-

416 3135 567 3201 dicit,
610 3133 700 3203 qui
743 3132 1025 3202 palmitum
1055 3142 1332 3187 sarmenta
1376 3146 1482 3186 non
1528 3133 1721 3197 secuit,
1755 3132 1845 3202 qui
1895 3132 2001 3203 gle-

2103 584 2334 638 dcudum
2371 583 2692 654 principium
2722 584 2861 652 quod
2892 583 3157 652 qu:esivit.

2174 675 2278 728 Sed
2303 689 2523 730 necesse
2554 685 2724 730 estut
2766 676 2909 728 hunc
2951 675 3290 728 diversorum
3325 677 3684 733 certaminum

2101 763 2256 818 labor
2286 773 2560 829 exerceat,
2595 773 2882 834 antequam
2934 767 2999 817 ad
3046 765 3244 834 quietis
3276 767 3475 820 intima:
3503 769 3684 822 suavi—

2103 867 2473 927 tatem,quam
2525 858 2874 926 concupiscit,
2929 857 3184 927 attingat.
3214 841 3372 912 Prius
3424 859 3687 914 servitute

2101 952 2438 1021 deprimitur,
2468 962 2524 1005 ut
2549 952 2670 1022 jure
2719 952 3060 1022 postmodum
3089 951 3155 1005 ad
3181 951 3432 1020 perfecta;
3468 952 3686 1007 liberta-

2102 1042 2168 1095 tis
2201 1041 2384 1095 titulos
2413 1042 2756 1110 provehatur.
2795 1039 3012 1108 Septem
3047 1055 3174 1094 vero
3199 1041 3358 1095 annis
3390 1041 3491 1095 sub
3537 1041 3686 1098 deat-

2099 1130 2335 1185 batiouis
2390 1130 2563 1200 gratia
2623 1131 2811 1196 servit,
2876 1148 2996 1184 cum
3065 1141 3269 1200 septem
3323 1147 3384 1186 ea
3435 1149 3556 1202 qua:
3616 1134 3686 1188 ad

2099 1221 2328 1290 proximi
2411 1221 2749 1276 dilectionem
2828 1221 2992 1292 296
3060 1224 3354 1292 pertinent,
3433 1223 3686 1295 Decalogi

2101 1313 2352 1365 mandata
2404 1312 2639 1365 custodit
2683 1328 2696 1362 :
2748 1311 2994 1366 videlicet
3023 1320 3080 1365 ut
3125 1314 3300 1380 primo
3335 1312 3528 1368 timore
3557 1331 3687 1368 con-

2101 1402 2342 1462 strictus,
2368 1411 2531 1470 atque
2558 1401 2676 1456 ideo
2693 1402 2972 1456 servitutis
2995 1403 3125 1473 jugu
3148 1404 3459 1474 depressus,
3487 1404 3682 1459 saltem

2099 1508 2127 1544 a
2156 1501 2376 1545 vetustte
2423 1492 2557 1560 legis
2589 1492 2808 1561 incipiat
2829 1491 3087 1546 institutis
3117 1490 3315 1562 (Exod.
3343 1499 3459 1563 xx),
3505 1502 3566 1550 ut
3595 1494 3684 1548 ni-

2104 1580 2302 1634 mirum
2355 1589 2612 1650 parentes
2658 1581 2906 1646 honoret,
2950 1591 3162 1655 utnon
3206 1584 3526 1650 nitechetur,
3575 1600 3684 1641 non

2099 1669 2331 1735 occidat,
2379 1686 2484 1725 non
2513 1670 2742 1735 furetur,
2776 1685 2882 1724 non
2918 1671 3113 1727 falsum
3161 1673 3525 1728 testimonium
3555 1689 3689 1743 pro—

2101 1766 2260 1828 ferat,
2311 1781 2416 1819 non
2450 1780 2674 1820 uxorem
2704 1766 2950 1830 alterius,
2984 1781 3091 1822 non
3120 1784 3232 1822 rem
3275 1759 3509 1837 proximi
3549 1783 3681 1823 con-

2035 1851 2076 1910 B
2105 1856 2365 1925 eupiscat.
2408 1854 2612 1920 Quibus
2661 1854 2763 1909 rite
2790 1856 3043 1919 servatis,
3094 1870 3201 1909 non
3233 1871 3378 1920 mox,
3415 1864 3473 1910 ut
3497 1871 3688 1926 spera-

2099 1949 2214 2013 bat,
2239 1949 2304 2002 ad
2334 1947 2805 2016 contemplationis
2829 1947 3224 2002 oblectamenta
3255 1947 3592 2017 perducitur,
3625 1957 3686 2001 ut

2101 2039 2248 2093 velut
2283 2047 2595 2108 exspectata
2643 2037 2732 2092 diu
2763 2037 2961 2094 Rachel
3000 2038 3401 2108 pulchritudine
3431 2039 3682 2108 perfrua-

2101 2139 2218 2196 tur;
2261 2131 2355 2186 sed
2385 2130 2479 2184 Lia
2509 2130 2610 2185 sibi
2652 2146 2750 2200 per
2775 2139 2988 2185 noctem
3017 2131 3294 2200 inopinata
3334 2134 3679 2202 supponitur,

2099 2223 2224 2292 quia
2266 2223 2406 2277 inter
2439 2223 2686 2276 humanae
2714 2219 2876 2290 hujus
2917 2221 3236 2292 ignorantia:
3269 2223 3520 2278 tenebras
3549 2222 3685 2277 tole-

2099 2313 2274 2367 rautia
2324 2312 2423 2367 sibi
2471 2310 2673 2366 laboris
2732 2310 3048 2381 injuugitur.
3088 2311 3166 2364 Ex
3197 2326 3303 2380 qua
3338 2319 3516 2367 tamen
3565 2311 3682 2380 j.:m

2100 2417 2442 2457 numerosam
2466 2400 2703 2456 sobolem
2740 2401 2987 2470 suscipit,
3013 2401 3139 2470 quia
3173 2402 3367 2457 uberes
3386 2401 3683 2472 spiritualis

2099 2495 2235 2549 lucri
2269 2510 2364 2564 per
2395 2495 2540 2548 hunc
2566 2493 2809 2548 laborem
2848 2493 3058 2548 fructus
3088 2494 3340 2564 acquirit.

2170 2584 2319 2639 llanc
2362 2584 2546 2653 itaque
2590 2582 2802 2648 tolerat,
2832 2591 2890 2636 ut
2915 2583 2982 2636 ad
3021 2583 3161 2636 illam
3191 2583 3517 2654 quandoque
3560 2599 3685 2653 per-

2100 2677 2297 2738 veniat,
2331 2690 2489 2744 quam
2519 2684 2933 2744 perseveranter
2961 2685 3128 2729 amat.
3178 2673 3447 2730 Suadetur
3474 2690 3603 2746 ergo
3625 2684 3685 2730 ut

2099 2765 2233 2820 alios
2289 2775 2494 2834 septem
2525 2779 2697 2818 annos
2747 2765 2951 2819 servire
2981 2765 3225 2828 desudet,
3253 2765 3378 2837 quia
3440 2767 3685 2836 profecto

2101 2868 2320 2908 necesse
2354 2861 2437 2908 est
2472 2862 2530 2907 ut
2567 2854 2745 2910 adhuc
2775 2854 2879 2908 alia
2930 2865 3136 2924 septem
3167 2841 3437 2927 praecepta
3463 2870 3688 2911 conser-
3722 2866 3732 2872 ‘

2100 2953 2207 3009 vet,
2240 2945 2333 2999 sed
2356 2944 2470 3014 jam
2501 2944 2779 3014 aliquanto
2809 2945 3051 3010 liberior,
3078 2961 3182 3000 non
3204 2946 3396 3017 legalia
3429 2955 3686 3016 tanquam

2100 3050 2308 3102 servus,
2342 3037 2435 3091 sed
2480 3037 2793 3108 evangelica
2817 3038 2960 3092 sicut
2999 3055 3204 3110 gener:
3240 3039 3490 3095 videlicet
3527 3049 3586 3094 ut
3613 3042 3687 3095 sit

2104 3144 2307 3198 pauper
2353 3129 2566 3200 Spiritu,
2597 3131 2667 3185 sit
2718 3131 2883 3198 mitis,
2913 3131 3115 3203 lugeat,
3151 3134 3376 3199 esuriat,
3428 3135 3688 3204 sitiatque

418 3233 514 3286 has
536 3228 764 3286 sarculis
789 3243 1062 3298 nunquam
1103 3225 1286 3296 fregit,
1320 3226 1410 3296 qui
1449 3226 1758 3280 vomeribus
1787 3225 1998 3279 novalia
2028 3224 2070 3284 C
2097 3219 2364 3288 justitiam
2417 3219 2634 3291 (Matth.
2670 3224 2757 3291 v);
2818 3223 2889 3277 sit
2926 3223 3259 3290 misericors,
3290 3227 3549 3279 mundum
3590 3242 3687 3282 cor

415 3337 524 3377 non
570 3319 824 3384 suleavit,
874 3317 1146 3389 quomodo
1187 3317 1432 3372 excussis
1486 3316 1651 3386 paleis
1700 3317 1754 3371 iu
1806 3317 2000 3372 horreo

417 3415 688 3469 frumenta
730 3411 1045 3474 recondere,
1078 3418 1172 3463 aut
1193 3409 1371 3480 plenis
1411 3417 1588 3464 musto
1615 3407 1894 3464 canalibus
1916 3407 2000 3463 vi-

415 3506 570 3561 naria
597 3503 796 3575 poterit
826 3501 1115 3558 amovere?
1211 3493 1225 3507 '

485 3595 660 3651 Porro
709 3608 815 3648 non
855 3594 1148 3649 obscurum
1197 3599 1280 3647 est
1304 3591 1448 3662 quod
1485 3590 1668 3649 Laban
1702 3590 1835 3644 duas
1867 3589 2002 3644 tilias

417 3687 628 3754 habuit,
669 3697 900 3757 quarum
941 3683 1217 3754 juniorem
1243 3683 1409 3740 Jacob
1441 3684 1494 3738 in
1522 3684 1831 3754 conjugium
1871 3699 2002 3738 con-

415 3775 767 3848 cupivittad
818 3774 973 3846 cujus
1014 3783 1194 3830 tamen
1247 3773 1526 3844 amplexus
1564 3773 1850 3844 pervenire
1897 3789 2001 3828 non

415 3871 612 3942 potuit,
643 3869 815 3925 donec
843 3868 1104 3946 majorem
1141 3867 1386 3938 ignarus,
1430 3875 1595 3938 atque
1644 3867 1765 3921 ideo
1803 3866 2004 3922 invitus

417 3963 652 4033 accepit.
684 3959 790 4016 Sed
832 3961 962 4031 quia
1019 3975 1130 4016 rem
1163 3960 1466 4015 scientibus
1491 3958 1704 4028 loquor,
1734 3973 1838 4012 non
1872 3957 2002 4013 mihi

419 4055 607 4110 multis
631 4054 1018 4112 elaborandum
1046 4061 1129 4109 est
1159 4054 1364 4108 verbis.
1403 4051 1586 4106 Laban
1631 4053 1830 4124 quippe
1859 4051 2004 4104 deal-

411 4136 560 4198 tmtio
612 4145 1021 4214 interpretatur.
1065 4141 1198 4209 Quis
1233 4151 1413 4196 autem
1441 4141 1508 4195 ad
1533 4141 1702 4196 Deum
1734 4143 2004 4196 converti-

421 4243 532 4298 tur,
585 4233 686 4288 nisi
720 4242 779 4287 ut
831 4231 1076 4301 deposita
1104 4240 1448 4301 peccatorum
1474 4229 1757 4298 nigredine
1799 4245 1894 4299 per
1924 4247 2005 4286 re-

420 4323 696 4380 missionis
722 4322 954 4394 gratiam
1009 4322 1328 4377 dealhetur?
1369 4320 1522 4376 Sicut
1573 4320 1688 4389 ipse
1725 4319 2005 4390 pollicetur

418 4415 607 4469 dicens
658 4431 673 4468 :
713 4431 732 4465 ι
767 4411 825 4467 Si
851 4411 1050 4467 fuerint
1075 4421 1298 4480 peccata
1331 4419 1510 4466 vestra
1539 4411 1694 4480 quasi
1738 4412 2004 4467 vermicu-

419 4505 522 4568 lus,
555 4513 812 4574 tanquam
839 4503 931 4557 nix
956 4502 1348 4558 dealbabuutur
1372 4501 1506 4572 (Isa.
1540 4503 1602 4574 ι).
1636 4522 1654 4556 i
1690 4502 1842 4570 Quod
1873 4503 1998 4558 felix

2100 3313 2323 3380 habeat,
2358 3315 2428 3369 sit
2458 3324 2730 3384 postremo
2763 3317 3044 3386 pacificus.
3081 3317 3370 3373 Enimvero
3399 3318 3561 3375 vellet
3592 3320 3689 3374 ho-

2103 3406 2266 3472 mo,si
2294 3407 2406 3462 fieri
2447 3415 2650 3477 posset,
2687 3407 2860 3463 nullas
2885 3409 3102 3478 quidem
3134 3409 3380 3464 laborum
3413 3410 3690 3467 molestias

2102 3499 2330 3570 agendo,
2363 3499 2443 3554 vel
2474 3500 2728 3570 patiendo
2756 3501 3018 3572 perferre,
3063 3503 3157 3558 sed
3187 3506 3433 3572 protinus
3468 3505 3519 3558 in
3554 3505 3689 3575 ipsis

2104 3590 2184 3642 sui
2218 3589 2454 3644 tirocinii
2504 3592 2826 3646 rudimentis
2849 3593 2916 3647 ad
2946 3594 3187 3663 pulchra:
3210 3595 3685 3665 contemplationis

2104 3681 2326 3737 delicias
2371 3683 2690 3752 pervenire;
2726 3692 3099 3740 verumtamen
3153 3686 3254 3742 hoc
3305 3702 3408 3742 non
3459 3687 3510 3740 in
3544 3696 3690 3742 terra

2105 3774 2449 3828 morientium
2491 3774 2569 3842 fit,
2627 3776 2720 3829 sed
2759 3776 2812 3830 iu
2849 3785 2992 3830 terra
3051 3777 3377 3844 viventium;
3433 3778 3578 3847 quod
3615 3779 3691 3832 si-

2105 3866 2363 3936 gnificare
2396 3865 2605 3920 videtur
2626 3865 2754 3920 illud
2805 3869 2946 3936 quod
2977 3883 3006 3922 a
3034 3867 3203 3923 Jacob
3231 3869 3428 3924 dicitur
3460 3885 3474 3924 :
3513 3886 3533 3919 ι
3568 3867 3688 3931 Non

2105 3965 2208 4020 est,
2244 3957 2414 4026 inquit
2464 3956 2670 4022 Laban,
2723 3958 2776 4012 in
2802 3957 2920 4013 loco
2944 3968 3132 4014 nostro
3171 3960 3599 4025 consuetudinis,
3630 3968 3692 4014 ut

2107 4048 2342 4102 minores
2374 4057 2501 4102 ante
2532 4047 2808 4104 tradamus
2824 4049 2892 4103 ad
2918 4050 3132 4118 nuptias
3159 4049 3311 4119 (Gen.
3338 4051 3510 4119 uix).
3539 4069 3558 4102 ι
3579 4049 3693 4106 Nec

2105 4137 2336 4192 absurde
2388 4140 2560 4210 major
2588 4140 2911 4209 appellatur,
2939 4156 3059 4211 quas
3103 4142 3250 4211 prior
3294 4151 3376 4197 est
3425 4152 3689 4207 tempore.

2105 4229 2260 4284 Prior
2291 4240 2373 4284 est
2428 4232 2571 4285 enim
2625 4233 2680 4286 in
2739 4232 2975 4288 hominis
3023 4234 3328 4290 eruditione
3361 4236 3514 4290 labor
3560 4237 3692 4291 boni

2104 4324 2303 4391 operis,
2332 4339 2493 4393 quam
2521 4326 2736 4395 requies
2775 4326 3273 4396 contemplationis.
3313 4325 3556 4396 Expletis
3587 4327 3693 4382 ita-

2105 4427 2210 4482 que
2237 4414 2442 4468 duahus
2472 4416 2918 4482 hebdomadibus,
2945 4417 3117 4472 altera
3153 4415 3404 4472 videlicet
3429 4416 3566 4486 legis
3593 4431 3693 4472 an-

2109 4508 2290 4576 liquat,
2315 4507 2478 4562 altera
2507 4509 2833 4581 evangelica
2855 4511 3062 4580 gratiae,
3093 4526 3218 4566 mox
3257 4511 3323 4565 ad
3353 4511 3444 4565 diu
3468 4510 3688 4566 deside-

422 4595 510 4651 ille
533 4573 784 4666 peccator
827 4593 1158 4666 postulabat,
1181 4609 1303 4648 cum
1331 4593 1536 4648 diceret
1564 4573 1581 4648 ξ
1607 4613 1632 4668 _¢
1681 4593 1998 4661 Mundabor,
2036 4573 2082 4632 ί)
2110 4573 2241 4653 ratae
2290 4597 2540 4654 Rachelis
2585 4573 2897 4669 pervenitur
2949 4573 3255 4670 amplexus;
3286 4601 3411 4670 quia
3441 4601 3692 4671 quisquis

422 4688 626 4743 lavahis
671 4703 776 4752 me,
804 4697 860 4742 et
886 4703 1047 4758 super
1097 4689 1275 4742 nivem
1313 4686 1799 4758 dealbah0r(Psnl.
1852 4687 1927 4747 ι).
1977 4708 1995 4738 ι

421 4779 514 4834 Lia
566 4779 957 4848 interpretatur
1002 4776 1292 4841 laborans;
1349 4776 1569 4842 Rachel,
1625 4778 1854 4843 verbum,
1888 4779 2003 4833 sive

421 4874 586 4926 risum
631 4871 964 4940 principium.
1009 4869 1114 4923 Sed
1148 4869 1192 4922 si
1234 4868 1569 4938 Scripturatn
1607 4869 1894 4941 diligenter
1925 4880 2006 4924 at-

349 5008 354 5014 .
425 4963 715 5024 tendimus,
741 4975 840 5016 nec
863 4975 969 5014 uno
991 4958 1204 5028 quidem
1228 4958 1311 5012 die
1335 4959 1567 5013 servisse
1594 4959 1760 5014 Jacob
1784 4970 2004 5030 propter

424 5053 532 5106 Lia:
569 5051 895 5106 desiderium
927 5048 1248 5119 reperimus,
1285 5048 1378 5102 sed
1406 5063 1501 5117 per
1522 5057 1663 5102 totas
1688 5048 1805 5104 illas
1833 5065 2000 5104 anuo-

427 5161 543 5198 rum
575 5141 944 5197 hebdomadas
991 5154 1090 5209 pro
1138 5137 1251 5193 sola
1307 5138 1509 5193 Rachel
1548 5138 1796 5192 servituti
1829 5137 2006 5206 subja-

422 5236 566 5300 cuit;
621 5235 843 5304 insuper
885 5241 941 5287 et
969 5233 1138 5303 ipsam
1170 5230 1320 5285 Liam
1367 5230 1432 5284 ad
1475 5230 1615 5286 illius
1647 5230 1896 5284 intuitum
1913 5241 2005 5285 to-

425 5326 640 5380 leravit.
663 5324 795 5392 Quis
824 5324 967 5378 enim
1011 5323 1078 5377 ad
1122 5322 1286 5377 Deum
1335 5322 1535 5376 idcirco
1564 5323 1914 5385 convertitur,
1947 5331 2004 5376 ut

427 5416 641 5470 labores
671 5425 726 5470 et
769 5430 1057 5480 mrumnas,
1099 5429 1160 5467 ac
1192 5415 1544 5468 tcntationum
1574 5415 1870 5467 certamina
1913 5429 2005 5484 pa-

427 5507 632 5561 tiatur?
666 5507 853 5562 Omnis
914 5507 1056 5560 cnim
1112 5509 1276 5562 Deum
1312 5506 1600 5572 quaerentis
1629 5505 1856 5558 intentio
1893 5501 2008 5561 'hoc

428 5608 630 5668 sperat,
666 5601 732 5653 ad
761 5600 862 5655 hoc
917 5607 1147 5668 Spectat,
1199 5608 1257 5652 ut
1289 5599 1354 5652 ad
1394 5599 1631 5668 requiem
1687 5599 2011 5668 quandoque

429 5692 752 5760 perveniat;
813 5700 867 5744 ct
921 5692 973 5744 in
1023 5707 1244 5745 summa"
1295 5692 1764 5760 contemplationis
1793 5694 2011 5759 gaudio,

439 5780 581 5838 velut
631 5780 681 5832 iu
739 5779 972 5848 pulchrae
1022 5779 1220 5833 Rachel
1270 5781 1605 5852 amplexibus
1661 5783 2006 5853 requiescat;

2110 4690 2416 4759 pertingere
2445 4689 2512 4743 ad
2547 4690 2742 4744 divinae
2787 4691 3255 4761 contemplationis
3293 4689 3691 4749 oblectamenta

2097 4781 2404 4845 desiderat,
2431 4781 2584 4849 prius
2607 4796 2828 4838 necesse
2851 4790 2935 4837 est
2962 4792 3016 4837 ut
3046 4782 3329 4854 utriusque
3354 4781 3690 4838 Testamenti

2108 4889 2365 4944 peragere
2386 4876 2640 4930 mandata
2665 4878 2978 4933 contendat.

2707 4967 2935 5023 CAPUT
2973 4968 3065 5024 ιχ.

2600 5056 2680 5112 De
2705 5055 2907 5127 Zelpha
2950 5069 3000 5112 et
3027 5057 3184 5113 Bala.

2177 5144 2282 5200 Sed
2315 5146 2439 5215 quia
2467 5147 2673 5202 electus
2702 5149 2935 5219 quisque
2977 5149 3329 5220 perfectionis
3360 5163 3473 5204 sua:
3512 5147 3694 5202 limite

2105 5250 2209 5289 non
2257 5245 2562 5302 contentus,
2613 5237 2751 5294 ﬁlios
2784 5239 2947 5294 etiam
2989 5241 3099 5295 Deo
3153 5239 3374 5310 gignere
3417 5238 3692 5307 spirituali

2101 5324 2432 5388 fecunditate
2483 5329 2773 5393 desiderat,
2826 5340 3116 5400 postquam
3172 5329 3457 5401 conjugale
3510 5329 3692 5385 foedus

2107 5415 2274 5471 Jacob
2311 5433 2431 5472 cum
2459 5418 2668 5475 duabus
2695 5423 2978 5476 sororibus
3008 5422 3150 5486 iniit,
3184 5421 3251 5475 ad
3280 5421 3694 5491 propagandum

2112 5508 2378 5562 uberioris
2391 5523 2610 5578 germen
2627 5511 2844 5575 sobolis,
2863 5513 3089 5566 ancillas
3106 5526 3320 5581 quoque
3335 5511 3401 5564 ad
3419 5525 3686 5581 generan-

2113 5599 2162 5653 di
2204 5613 2357 5652 usmn
2389 5600 2665 5671 suscipere
2694 5618 2799 5657 non
2830 5603 3026 5671 refugit
3068 5601 3222 5671 (Gen.
3259 5605 3406 5668 xx-x).
3438 5614 3602 5670 atque
3636 5610 3697 5654 ut

2115 5694 2296 5746 omnia
2337 5695 2707 5763 Spirilualibus
2742 5697 3107 5767 intelligantur
3144 5697 3448 5750 redundare
3493 5701 3696 5763 myste-

2116 5784 2230 5848 riis,
2261 5782 2373 5854 ipsa
2415 5800 2629 5854 quoque
2677 5786 2990 5840 ancillarum
3047 5787 3260 5840 nomina
3305 5787 3404 5839 sub
3452 5783 3696 5854 mysticis
