3996 6184
346 179 452 236 δίιό

1164 184 1407 245 OPCSC.
1447 187 1576 243 Xlll.
1613 218 1678 228 --
1705 187 1792 241 DE
1829 184 2304 244 l‘liRFtSCTiONE
2339 189 2642 248 MONACH.

3515 189 3618 247 5C6

347 308 476 354 sunt
523 299 806 354 enuntiata
865 299 1071 372 ﬁguris.
1135 303 1269 358 Nam
1346 305 1470 358 Bala
1544 303 1933 372 interpretatur
1960 305 2006 361 A
2035 306 2246 370 plativze
2277 313 2401 358 Vita)
2424 309 2697 374 perferant
2725 301 2982 368 fructum,
3012 301 3102 357 sed
3131 303 3196 358 ad
3228 305 3330 358 hoc
3357 305 3536 373 potius
3559 317 3620 359 ut

347 391 658 444 inveterata.
729 389 874 444 Sane
922 393 1048 460 quia
1097 393 1430 449 intellectum
1481 393 1777 464 spiritualis
1809 393 1936 446 sub-

347 481 565 535 stantiae
603 482 764 534 nudis
802 483 978 538 verbis
1018 485 1252 538 humana
1305 485 1486 556 lingua
1527 483 1712 552 nequit
1758 482 1936 551 expri-

347 591 520 640 mere,
565 579 892 646 quandoque
944 579 1188 632 doctrina
1241 580 1518 648 sapientiae
1547 593 1642 647 per
1673 577 1935 646 quasdam

346 681 645 736 corporeas
690 667 1078 722 similitudines
1159 669 1466 723 audientem
1525 668 1715 721 nititur
1771 666 1938 721 infor-

345 775 520 814 mare.
583 761 658 814 De
699 761 868 815 veteri
923 769 1102 815 autem
1155 763 1266 816 vita
1298 802 1311 826 ,
1369 770 1424 815 et
1482 761 1791 814 carnalibus
1816 773 1938 813 sen-

345 851 500 907 sibus
550 851 750 916 dedita,
801 867 1076 921 corporeae
1103 854 1416 924 cogitantur
1460 853 1728 923 imagines
1761 869 1774 904 :
1804 867 1938 922 qua-

349 957 470 995 rum
517 943 765 998 videlicet
819 943 888 996 ad
941 944 1239 998 docendum
1273 958 1405 998 usus
1463 941 1780 1004 assumitur,
1813 955 1936 995 cum

347 1032 552 1101 aliquid
639 1049 702 1085 ex
775 1033 1308 1103 iucomprebensibili
1387 1042 1442 1086 et
1512 1031 1934 1086 incomumtabili

345 1124 589 1176 essentia
659 1123 961 1178 divinitatis
1023 1125 1261 1179 auditur.
1331 1123 1533 1178 Rachel
1583 1125 1764 1192 itaque
1817 1123 1933 1176 iba-

349 1213 450 1266 luit
479 1214 642 1284 297
667 1225 940 1285 utcunque
971 1215 1110 1270 ﬁlios
1132 1232 1196 1270 ex
1227 1217 1421 1271 ancilla
1454 1217 1747 1286 suscipere,
1773 1230 1935 1284 quam

347 1307 576 1358 oninino
600 1305 804 1359 sterilis
832 1321 1184 1374 permanere;
1209 1307 1333 1374 quia
1364 1305 1608 1360 doctrina
1635 1304 1934 1374 sapientiae,

347 1395 470 1448 sive
513 1397 688 1466 gratia
741 1397 1250 1466 contemplationis,
1278 1413 1374 1466 per
1400 1397 1728 1452 exteriorum
1763 1396 1938 1450 scien-

353 1484 514 1548 tiam,
547 1485 632 1538 vel
663 1483 958 1539 visibilium
985 1501 1164 1540 rerum
1195 1486 1418 1551 formas,
1448 1485 1785 1540 auditoribus
1811 1484 1934 1537 inti-

355 1585 470 1628 mat
519 1575 783 1646 quidquid
825 1576 892 1629 de
933 1575 1292 1631 invisibilibus
1337 1577 1478 1630 intra
1517 1591 1716 1630 arcana
1741 1573 1936 1629 mentis

2038 395 2240 464 proprii
2277 395 2509 460 arbitrii,
2554 409 2772 462 sumque
2817 393 3109 449 voluntatis
3153 394 3408 464 expleant
3457 410 3620 466 appe-

2038 485 2216 539 titum.

2113 576 2174 630 lli
2223 587 2350 632 sunt
2387 577 2641 650 denique,
2676 578 2764 646 qui
2800 578 2866 632 ad
2896 577 3146 646 quaelibet
3189 577 3492 648 peragenda
3530 592 3622 632 ne—

2039 668 2182 738 gotia
2225 670 2331 723 huc
2373 669 2497 723 illuc
2527 671 2702 723 votiva
2726 668 2929 740 jugiter
2955 671 3238 738 vagatione
3267 671 3572 724 discurrunt
3601 687 3616 731 ;

2039 766 2094 810 et
2131 758 2256 811 dum
2295 759 2584 828 quie:.cere
2625 761 2900 826 nesciunt,
2933 760 3104 814 videri
3139 759 3281 813 velut
3309 759 3622 815 obedientes

2039 848 2268 903 volunt:
2299 850 2484 919 sicque
2531 851 2775 906 morbum
2820 852 2934 906 vitii
2975 867 3084 922 quo
3129 851 3394 915 laborant,
3434 867 3620 924 super-

2039 939 2200 996 ducto
2221 941 2489 996 velamine
2521 942 2736 998 virtutis
2759 943 3103 999 obumbrant.
3135 942 3196 996 lli
3224 943 3477 998 nimirum
3511 957 3620 1000 non

2041 1033 2240 1088 idcirco
2267 1035 2540 1093 laboribus
2566 1045 2893 1101 atteruntur,
2937 1044 2997 1090 ut
3039 1037 3315 1102 obediant,
3359 1037 3472 1096 sed.
3499 1037 3620 1092 ideo

2039 1125 2151 1178 suis
2177 1127 2479 1194 prmpositis
2505 1127 2724 1183 obedire
2760 1127 3078 1192 deliberant,
3113 1137 3172 1182 ut
3203 1129 3476 1184 laborandi
3506 1143 3620 1182 ma-

2043 1216 2234 1269 teriam
2265 1233 2368 1270 non
2397 1219 2670 1284 amittant,
2719 1219 2890 1274 otium
2933 1220 3187 1275 videlicet
3239 1209 3489 1286 tolerant,
3535 1221 3618 1275 la-
3709 1255 3714 1260 -

2039 1307 2170 1362 bore
2215 1309 2497 1376 fruuntur;
2543 1311 2670 1380 quia
2705 1312 3060 1381 vagatiouem,
3102 1313 3360 1383 quietem,
3392 1312 3618 1367 molam-

2039 1415 2143 1469 que
2194 1403 2530 1472 negotiorum
2581 1404 2829 1469 volvere,
2890 1421 3111 1462 suavem
3171 1409 3432 1476 deputant
3469 1406 3619 1461 volu-

2037 1501 2263 1560 ptatem.
2331 1493 2471 1549 Sunt
2538 1495 2679 1549 enim
2747 1497 2994 1565 qumdam
3060 1497 3254 1550 animae
3309 1497 3619 1567 paralyticm

2041 1582 2206 1653 298
2227 1598 2347 1653 qua:
2376 1598 2434 1638 se
2447 1585 2684 1654 gaudent
2713 1585 2916 1641 crebris
2941 1585 3367 1641 discursionibus
3392 1587 3618 1658 agitare.

349 1667 630 1730 occultat;
689 1677 744 1721 et
795 1668 876 1722 sic
920 1668 1317 1737 quodammodo
1366 1683 1462 1736 per
1506 1667 1758 1722 ancillam
1798 1665 1936 1720 ﬁlios
1967 1666 2012 1726 B
2040 1671 2294 1742 Quisquis
2349 1673 2493 1729 enim
2541 1689 2816 1746 corporea:
2861 1677 3128 1748 paralysis
3180 1677 3435 1748 languore
3489 1691 3619 1731 con-

349 1759 572 1828 aceipit,
622 1759 748 1811 dum
791 1773 889 1826 per
923 1773 1066 1822 eam,
1115 1773 1234 1826 qua:
1266 1759 1364 1812 sub
1400 1773 1457 1812 se
1488 1767 1592 1822 est,
1625 1756 1932 1822 scientiam,

349 1849 661 1920 spirituales
697 1849 806 1902 Deo
837 1848 975 1902 tilios
1013 1850 1185 1916 parit;
1221 1847 1419 1917 Zelpha
1457 1863 1588 1902 vero
1616 1847 1936 1916 interpreta—

265 1983 278 1988 -
351 1953 443 1995 tur
469 1959 526 1996 os
555 1943 730 1994 hians.

421 2033 548 2088 llaec
576 2033 742 2103 igitur
763 2032 956 2088 ancilla
1005 2032 1126 2087 illos
1165 2031 1380 2102 ﬁgurat,
1407 2047 1636 2102 quorum
1664 2032 1717 2086 in
1741 2029 1936 2101 pradi-

349 2123 568 2177 catione
593 2123 920 2189 evangelica:
942 2122 1064 2178 ﬁdei
1086 2137 1150 2177 os
1169 2122 1386 2192 quidem
1413 2123 1548 2186 hiat,
1585 2124 1679 2178 sed
1702 2137 1799 2177 cor
1825 2135 1932 2176 non

351 2215 486 2269 hiat.
539 2215 616 2269 De
664 2216 860 2284 quibus
905 2214 1156 2270 videlicet
1200 2205 1462 2283 scriptum
1493 2223 1614 2269 est:
1644 2233 1662 2267 ι
1697 2213 1934 2283 Populus

351 2307 440 2361 hic
454 2306 610 2362 labiis
635 2321 722 2361 me
739 2307 990 2372 honorat,
1007 2321 1102 2361 cor
1123 2315 1302 2361 autem
1323 2321 1508 2361 eorum
1533 2308 1688 2377 longe
1707 2316 1788 2361 est
1804 2320 1832 2360 a
1849 2321 1934 2361 me

349 2397 567 2471 (Matth.
594 2399 708 2468 xv).
733 2417 750 2448 ι
779 2397 844 2452 Et
870 2398 936 2452 de
956 2399 1152 2467 quibus
1185 2398 1476 2466 Apostolus
1503 2415 1514 2450 :
1547 2415 1566 2448 ι
1611 2396 1710 2464 Qui
1737 2397 1932 2467 prtedi-

351 2505 466 2556 otts,
509 2489 704 2560 inquit,
734 2505 837 2542 non
864 2488 1172 2554 furandum,
1209 2487 1409 2544 l‘uraris
1449 2489 1626 2564 (Rom.
1663 2489 1745 2559 ιι).
1777 2509 1794 2540 ›
1831 2489 1937 2544 Ve-

351 2588 658 2633 rumtamen
684 2594 748 2633 ex
783 2579 886 2632 hac
920 2577 1119 2633 ancilla
1154 2577 1401 2632 han-edes
1441 2577 1652 2632 futuros
1688 2577 1824 2631 alios
1839 2577 1932 2630 Lia

311 2731 314 2734 ,
352 2670 494 2725 ﬁlios
539 2671 770 2740 accipit;
815 2670 939 2738 quia
981 2685 1122 2739 stepc
1151 2685 1248 2738 per
1276 2669 1408 2723 tales
1433 2669 1596 2723 etiam
1621 2669 1936 2737 praedicato-

351 2777 442 2817 res
470 2763 643 2815 activa
674 2763 783 2814 vita
811 2760 1010 2815 multos
1041 2761 1188 2832 regni
1219 2761 1355 2816 ﬁlios
1385 2760 1678 2830 adoptavit.
1719 2761 1795 2815 De
1820 2761 1937 2829 qni-

353 2855 454 2910 bus
485 2854 742 2910 Veritas:
781 2871 800 2906 ι
829 2853 960 2920 Qum
987 2852 1198 2918 dicunt,
1233 2854 1426 2922 inquit,
1469 2853 1667 2918 facite;
1703 2868 1822 2922 qua:
1846 2869 1936 2906 au-

353 2954 462 3000 tem
513 2945 740 3010 faciunt,
786 2944 968 2999 facere
995 2945 1160 2998 nolite
1184 2943 1396 3016 (Matth.
1425 2945 1610 3010 xvtn).
1645 2963 1662 2995 ι
1703 2944 1764 2996 Et
1792 2941 1934 3013 Apo-

2038 1761 2342 1834 stringitur,
2372 1779 2514 1834 saepe
2548 1766 2918 1822 ministrorum
2965 1768 3252 1823 vexatione
3293 1767 3618 1832 concutitur,

2037 1863 2092 1909 et
2137 1856 2216 1910 sic
2249 1856 2636 1926 agitationibus
2661 1857 2948 1913 rcfovetur.
2993 1858 3057 1912 lli
3097 1867 3263 1924 certe,
3315 1857 3621 1927 spirituales

2040 1947 2289 2003 videlicet
2338 1947 2643 2020 paralytici,
2685 1950 2768 2004 vel
2798 1951 2928 2005 solis
2971 1950 3183 2006 ancillis
3231 1951 3456 2006 dicendi
3496 1961 3620 2006 sunt

2036 2052 2157 2093 esse
2181 2037 2478 2108 conjuncti,
2519 2047 2682 2110 atque
2719 2039 2840 2096 ideo
2866 2055 3052 2095 eorum
3100 2039 3192 2094 lilii
3227 2039 3529 2094 nullatenus
3553 2039 3620 2093 ad

2038 2132 2372 2189 haereditatis
2400 2133 2744 2204 capessendae
2763 2133 2886 2204 jura
2917 2133 3278 2204 perveniunt;
3303 2133 3389 2191 vel
3417 2133 3459 2188 si
3484 2132 3618 2188 libe—

2039 2239 2127 2278 ras
2178 2224 2379 2278 habere
2407 2239 2468 2278 se
2495 2233 2703 2293 putant,
2737 2239 2842 2278 non
2899 2224 3144 2289 ancillas,
3180 2235 3236 2278 ut
3267 2221 3337 2278 ita
3367 2223 3618 2290 dixerim,

2035 2321 2258 2384 propter
2286 2311 2425 2366 ﬁlias
2455 2313 2661 2377 Laban,
2691 2313 2782 2368 sed
2810 2327 3070 2381 perverso
3099 2313 3288 2368 ordine
3331 2312 3470 2367 ﬁlias
3490 2312 3621 2368 sibi-

2037 2411 2148 2458 met
2205 2401 2474 2457 findet-are
2498 2403 2683 2457 volunt
2714 2411 2935 2474 propter
2959 2403 3180 2458 ancillas
3211 2419 3224 2469 ;
3252 2403 3378 2472 quia
3411 2417 3518 2458 non
3551 2401 3619 2456 ad

2035 2494 2139 2549 hoc
2167 2493 2433 2558 laborant,
2479 2503 2537 2547 ut
2584 2493 2856 2559 obediant,
2889 2494 2984 2548 sed
3023 2493 3088 2548 ad
3133 2493 3236 2548 hoc
3269 2492 3447 2563 potius
3485 2493 3618 2547 obe-

2036 2583 2204 2646 diunt,
2236 2591 2292 2636 ut
2315 2582 2579 2636 laborent.
2602 2580 2712 2637 Nec
2745 2597 2896 2637 more
2927 2581 3114 2646 Iacob,
3152 2582 3218 2636 ad
3252 2581 3508 2648 activam,
3533 2579 3621 2636 vel

2035 2674 2508 2744 contemplativam
2543 2673 2708 2728 vitam
2742 2659 2945 2729 li'uctus
2985 2689 3205 2728 suorum
3235 2688 3457 2743 operum
3483 2673 3622 2728 refe-

2039 2775 2162 2817 runt
2192 2781 2206 2829 ;
2235 2765 2329 2818 sed
2350 2764 2462 2818 sive
2490 2766 2554 2819 de
2597 2765 2769 2818 activa
2803 2765 2933 2834 quid
2957 2765 3010 2818 in
3064 2780 3159 2819 sua
3191 2763 3506 2834 operatione
3529 2765 3622 2818 de-

2037 2862 2359 2918 monstrent,
2405 2855 2516 2908 sive
2584 2854 2650 2909 de
2699 2855 3118 2926 contemplativa
3185 2854 3385 2924 aliquid
3443 2855 3622 2909 verbis

2037 2943 2339 3006 enuntient,
2371 2959 2476 2997 non
2517 2944 2568 2997 in
2603 2943 2686 2998 bis
2727 2944 3026 3014 spiritualis
3078 2944 3327 2998 utilitatis
3361 2953 3623 3012 expetunt

351 3035 562 3090 stoius:
601 3052 618 3086 ι
651 3035 798 3097 Sive,
829 3033 1027 3103 inquit,
1072 3033 1382 3096 occasione,
1412 3034 1526 3086 sive
1555 3033 1804 3086 Christus
1839 3048 1930 3084 ve-
1964 3034 2008 3096 C
2042 3029 2293 3095 fructum,
2325 3032 2416 3085 sed
2453 3032 2682 3101 proprim
2714 3033 3088 3110 tantummodo
3133 3033 3425 3088 voluntatis
3453 3049 3622 3087 aucu-

349 3127 514 3182 ritate
538 3125 912 3191 annuntictur,
941 3135 994 3179 et
1023 3125 1076 3180 in
1109 3127 1209 3180 hoc
1237 3126 1465 3196 gaudeo,
1497 3125 1589 3178 sed
1617 3133 1668 3176 et
1696 3125 1936 3193 gaudebo

353 3215 618 3290 (Philipp.
647 3218 708 3284 I).
741 3237 758 3268 ι

422 3309 530 3364 Sed
553 3310 668 3380 jam
694 3307 946 3373 suﬁiciat,
980 3308 1121 3378 quod
1150 3323 1318 3363 sacrae
1343 3307 1666 3361 mentionem
1701 3307 1937 3362 historia:

350 3399 634 3468 hucusque
671 3399 1054 3468 protraximus,
1094 3399 1184 3468 qui
1223 3399 1462 3453 seriatim
1504 3395 1814 3467 Scripturas
1839 3415 1933 3452 ex-

347 3507 554 3561 ponere
607 3491 944 3560 pmpositum
995 3506 1099 3545 non
1153 3492 1434 3545 habemus.
1484 3490 1846 3545 lloc‘tantum
1881 3491 1935 3545 in

349 3583 434 3638 bis
485 3583 944 3638 co::siderandum
995 3595 1114 3636 esse
1162 3581 1576 3652 perpendimus,
1621 3581 1747 3650 quia
1798 3581 1938 3635 sicut

344 3671 516 3729 Jacob
563 3674 819 3728 Ratbelis
867 3672 1033 3726 solius
1082 3673 1278 3726 intuitu
1318 3687 1509 3727 omnes
1539 3671 1655 3726 illas
1683 3671 1938 3726 mulieres

349 3765 585 3834 accepit,
618 3779 683 3818 ex
714 3762 909 3832 quibus
961 3757 1099 3816 ﬁlios’
1147 3761 1356 3830 genuit,
1413 3761 1490 3816 sic
1541 3761 1786 3830 quisquis
1837 3761 1937 3814 sub

349 3853 716 3909 dealbationis
747 3854 920 3923 gratia
951 3853 1296 3917 constitutus,
1333 3851 1661 3906 fructiﬁcare
1693 3851 1802 3906 Deo
1827 3851 1937 3922 spi-

349 3943 532 3998 rituali
557 3943 886 3998 fecunditate
906 3943 1195 4006 desiderat,
1223 3957 1440 3997 necesse
1465 3952 1548 3998 est
1573 3952 1630 3997 ut
1657 3957 1752 4012 per
1775 3957 1938 3998 omne

349 4038 494 4107 quod
560 4037 714 4108 agit,
779 4037 846 4090 ad
903 4035 1372 4106 contemplationis
1433 4051 1648 4106 semper
1709 4035 1936 4107 gratiam

351 4127 562 4181 tendat.

977 4215 1205 4272 CAPUT
1244 4217 1312 4272 Χ.

347 4307 426 4363 De
473 4309 554 4362 Itis
605 4309 694 4379 qui
737 4310 1099 4390 rogationibus
1146 4310 1341 4390 dediti,
1385 4310 1624 4379 ignorant
1664 4308 1936 4379 spirituale

980 4395 1300 4448 conjugmm.

421 4493 527 4550 Sed
555 4492 684 4562 quid
715 4493 779 4546 ad
815 4493 926 4546 haec
956 4493 1204 4560 dicionis,
1240 4509 1360 4548 cum
1391 4494 1670 4547 videamus
1695 4495 1745 4546 in
1778 4493 1937 4547 domo

341 4583 534 4639 Laban
588 4583 876 4638 uonmdlos
915 4584 1014 4636 sub
1063 4583 1192 4636 tanti
1243 4583 1473 4651 torporis
1514 4594 1678 4651 atque
1719 4582 1937 4636 desidize

339 4675 679 4745 negligentia
725 4675 928 4738 vivere,
961 4681 1018 4724 ut
1051 4689 1223 4742 neque
1257 4673 1505 4726 liacbelis
1540 4673 1781 4725 ambiant
1819 4671 1937 4741 pul-

338 4767 739 4830 chritudinem,
790 4779 966 4836 neque
1014 4766 1178 4818 etiam
1229 4766 1371 4819 circa
1415 4763 1524 4818 Lim
1560 4781 1618 4818 se
1646 4763 1934 4817 videantur

333 4871 606 4912 exercere
653 4856 939 4912 laborem?
977 4853 1041 4910 lli
1071 4854 1312 4925 profecto
1349 4865 1495 4920 sunt,
1538 4855 1628 4923 qui
1661 4856 1713 4908 in
1741 4869 1932 4908 mona-

333 4947 532 5004 steriis
549 4947 856 5014 constituti,
887 4962 1062 5016 neque
1091 4963 1186 5016 per
1217 4947 1564 5001 remotiorem
1596 4946 1784 5010 vitam,
1820 4945 1934 4999 sive

331 5055 454 5111 per
499 5041 728 5096 assiduae
777 5041 1040 5095 orationis
1085 5040 1398 5095 instantiam
1443 5040 1509 5093 ad
1549 5039 1775 5110 gratiam
1805 5053 1935 5092 cou-

331 5134 722 5202 templatiouis
769 5133 1060 5197 anhelant,
1116 5149 1290 5203 neque
1337 5133 1436 5187 sub
1475 5131 1802 5203 jejuniorum
1853 5146 1933 5195 se,

327 5226 802 5296 diversorumque
831 5226 1075 5280 laborum
1104 5225 1444 5280 districtione
1489 5225 1780 5290 castigant.
1824 5221 1931 5274 llu-

315 5315 580 5386 jusmodi
629 5317 791 5386 plane
835 5315 920 5370 vel
967 5315 1232 5387 C(mjugiis
1275 5315 1494 5370 omnino
1521 5313 1698 5377 liberi,
1731 5312 1810 5366 vel
1845 5328 1936 5366 an-

322 5407 598 5464 cillarum
653 5411 1026 5465 tantummodo
1077 5409 1448 5479 complexibus
1494 5417 1618 5462 sunt
1669 5407 1933 5470 contenti,

321 5496 482 5568 quia
526 5498 608 5552 vel
661 5499 852 5554 inertis
883 5501 1106 5571 ignavite
1139 5501 1416 5571 potiuntur
1446 5500 1592 5564 otiis,
1619 5498 1700 5552 vel
1732 5499 1775 5551 si
1809 5498 1933 5567 quid

323 5597 541 5661 agunt,
575 5607 680 5645 non
707 5594 774 5648 ad
805 5593 904 5648 hoc
947 5594 1192 5660 tendunt,
1243 5603 1298 5646 ut
1340 5593 1526 5647 activae
1571 5592 1653 5646 vel
1695 5601 1934 5646 contem-

2037 3129 2236 3188 pautur
2261 3119 2568 3174 arbitrium.

2651 3211 2882 3268 CAPUT
2924 3209 3010 3264 ΧΙ.

2125 3297 2200 3352 De
2227 3300 2496 3353 monachis
2530 3301 2618 3369 qui
2641 3303 3039 3371 grammaticam
3065 3301 3262 3355 discere
3286 3303 3528 3370 gestiunt.

2107 3389 2176 3444 Ut
2209 3397 2388 3444 autem
2419 3405 2539 3444 ctnn
2594 3391 2872 3447 stomacho
2898 3390 3106 3460 loquar,
3138 3407 3204 3445 ex
3253 3391 3477 3445 istorum
3521 3405 3620 3444 uu-

2037 3501 2188 3540 mero
2224 3493 2348 3540 sunt
2405 3487 2463 3552 ii,
2510 3486 2600 3556 qui
2643 3487 3120 3555 grammaticorum
3162 3485 3352 3555 vulgus
3395 3487 3618 3550 adeunt,

2036 3577 2150 3646 qui,
2191 3577 2396 3632 relictis
2427 3577 2800 3646 spiritualibus
2840 3578 3054 3642 studiis,
3090 3577 3370 3632 addiscere
3395 3587 3620 3632 terrena:

2037 3670 2171 3724 artis
2188 3669 2414 3738 ineptias
2435 3670 2852 3738 concupismm‘t:
2878 3685 2940 3739 pa
2952 3670 3328 3739 rvipendentes
3350 3669 3616 3737 siquidem

2039 3761 2598 3833 regulamBeuedicti,
2653 3761 2848 3831 regulis
2891 3763 3126 3830 gaudent
3173 3775 3370 3814 vacare
3399 3761 3616 3814 Donati.

2037 3855 2100 3910 lli
2126 3869 2288 3924 porro
2334 3853 2670 3908 fastidientes
2719 3853 3104 3908 ecclesiastica:
3153 3853 3447 3921 disciplima
3469 3853 3616 3921 peri—

2041 3945 2192 4012 tiam,
2242 3955 2296 4000 et
2331 3944 2680 4000 saecularibus
2722 3943 2916 3998 studiis
2967 3943 3255 4006 inhiantes,
3310 3942 3438 4010 quid
3475 3939 3621 3994 aliud

2037 4051 2198 4106 quam
2222 4035 2274 4088 in
2310 4034 2430 4088 ﬁdei
2455 4033 2690 4087 thalamo
2740 4032 3019 4101 coniugem
3055 4031 3358 4101 relinquere
3387 4023 3617 4092 caStam,

2037 4135 2091 4182 et
2113 4127 2179 4180 ad
2211 4126 2455 4181 scenicas
2505 4123 2757 4179 videntur
2785 4123 3114 4178 descendere
3151 4119 3506 4190 prostitutas?
3529 4119 3617 4186 Et,

2039 4224 2097 4270 ut
2127 4217 2198 4270 ita
2245 4216 2434 4279 fatear,
2481 4213 2830 4268 meretricum
2873 4211 3155 4266 lenociniis
3183 4211 3434 4266 Oblectati
3493 4211 3620 4264 dant

2041 4307 2320 4376 repudium
2354 4305 2558 4369 liberis,
2590 4315 2667 4369 ut,
2695 4303 2889 4357 violato
2915 4303 3138 4370 nuptiali
3164 4301 3388 4366 findere,
3413 4301 3622 4356 socien-

1961 4379 2014 4438 D
2037 4409 2130 4476 tur
2157 4399 2385 4453 ancillis.
2415 4399 2681 4453 Dcseruut
2719 4411 2916 4450 uxores
2951 4395 3157 4461 Laban,
3193 4395 3438 4450 videlicet
3463 4395 3618 4459 tilias,

2041 4503 2096 4548 et
2135 4492 2202 4545 ad
2238 4493 2521 4560 lupanares
2571 4497 2854 4543 transeunt
2893 4489 3260 4553 concubinas;
3322 4499 3379 4540 ιιι
3428 4487 3622 4540 merito

2039 4597 2162 4636 cmn
2193 4581 2318 4634 Bala
2351 4589 2582 4643 veteres,
2613 4589 2662 4633 et
2691 4595 2812 4632 cum
2844 4579 3041 4646 Zelpha
3069 4579 3374 4646 vaniloquia
3400 4577 3622 4630 videan-

2041 4681 2129 4724 tur
2157 4671 2466 4726 urbanitate
2488 4671 2723 4724 dicaces.
2766 4669 2871 4722 Sed
2905 4668 3154 4722 l'ortassis
3181 4667 3460 4733 objiciunt,
3493 4667 3620 4735 quia

2039 4753 2237 4817 adhoc
2263 4759 2611 4816 citeriorum.
2635 4761 2833 4814 artiqu
2882 4759 3052 4829 ungis-
3087 4759 3360 4822 insudant,
3389 4769 3444 4810 ut
3477 4759 3620 4812 locu-

2039 4855 2235 4924 pletius
2257 4855 2322 4908 ad
2352 4854 2528 4907 studia
2559 4853 2740 4907 divina
2769 4853 3072 4922 proﬁciant.
3119 4851 3284 4908 Jacob
3311 4862 3458 4906 certe
3486 4853 3620 4921 peti-

2039 4945 2273 5000 tionibus
2322 4960 2575 5008 uxornm,
2637 4944 3060 4999 concubinarum
3123 4945 3370 5000 toleravit
3421 4943 3620 5013 amplc-

2040 5051 2166 5089 xum
2195 5052 2206 5086 :
2239 5034 2478 5104 alioquin
2512 5035 2601 5104 qui
2642 5049 2708 5089 ex
2738 5033 2817 5089 eis
2843 5033 2953 5088 nati
2982 5041 3128 5098 sunt,
3159 5034 3466 5088 nullatenus
3499 5048 3620 5086 cum

2039 5130 2249 5185 caneris
2281 5131 2346 5184 ad
2375 5129 2703 5186 ba‘reditatis
2727 5128 2852 5196 jura
2896 5139 3302 5192 concurrerent,
3333 5129 3376 5181 si
3415 5125 3620 5179 adulte-

2039 5222 2170 5276 riua:
2217 5223 2584 5293 conceptiouis
2647 5220 2883 5275 infamia:
2933 5220 3291 5290 subjacercnt.
3363 5218 3620 5282 Oumruut

2038 5328 2187 5383 ergo,
2218 5323 2271 5367 et
2299 5314 2680 5368 auctoritatem
2732 5313 2952 5366 Patrum
2995 5311 3262 5365 subtiliter
3310 5309 3617 5364 consulunt.

2111 5405 2261 5470 Quod
2286 5407 2329 5460 si
2357 5407 2440 5460 bis
2471 5407 2682 5460 artibus
2713 5419 2930 5473 operam
2959 5403 3087 5456 dare
3117 5402 3440 5456 monachum
3466 5417 3619 5456 sacra

2040 5493 2320 5564 Scriptura
2359 5497 2640 5564 permittit,
2678 5495 2890 5547 dicatur
2909 5491 3019 5561 jam
3075 5491 3198 5560 quia
3225 5507 3363 5544 uxor
3389 5492 3502 5546 tiro
3528 5509 3618 5544 au-

2039 5589 2218 5641 cillaiu
2253 5587 2304 5640 in
2338 5603 2492 5641 usum
2527 5585 2724 5639 solmlis
2753 5583 2930 5638 tradit.
2967 5583 3032 5636 At
3073 5583 3116 5636 si
3147 5581 3460 5653 Gregorius,
3493 5583 3618 5638 llic-
