3996 6184
411 169 516 226 307

877 169 936 227 s.
968 170 1171 227 rem
1211 170 1494 229 manu!
1522 172 1674 231 opp.
1704 171 1941 230 TOMUS
1981 173 2112 230 seu
2155 173 2332 230 rans
2369 174 2452 230 ιιι.
2493 205 2546 215 -
2571 175 2935 257 ODUSCULA
2975 137 3204 231 vanu;

3547 182 3652 237 5ης

406 299 681 353 ronymus,
714 282 912 353 aliique
939 287 1184 338 doctores
1215 294 1386 340 sancti
1411 289 1523 340 hare
1554 289 1791 339 funditus
1814 275 1972 340 abne-
2001 291 2050 349 Α
2076 303 2133 341 se
2183 305 2408 341 censum
2463 298 2818 358 constringat,
2879 295 2945 343 ab
2997 296 3248 344 exteriori
3318 308 3375 348 se
3438 298 3654 354 negotio

401 382 563 441 gant;
593 373 840 430 noverint
869 372 981 435 isti,
1020 374 1142 441 quia
1185 373 1490 428 adulterino
1517 375 1762 443 pellieum
1796 390 1978 428 amore

402 463 637 532 decepti,
676 463 819 516 velut
864 472 1056 516 contra
1105 463 1383 532 eonjngale
1433 462 1605 517 foedus
1626 464 1745 518 sine
1777 463 1978 518 {uadere

402 551 756 619 pertinaciter
794 562 1052 620 pugnant.
1093 552 1227 604 Nam
1281 568 1385 606 non
1426 553 1596 607 solum
1626 554 1975 623 prohibenmr

403 651 524 711 post
545 651 825 710 acceptum
853 657 1066 696 sacrum
1094 644 1338 697 ordinem
1367 645 1519 698 vanis
1552 644 1851 711 hujusmodi
1877 647 1976 698 do-

403 733 596 788 ctrinis
619 734 898 787 intendere
921 750 935 798 ;
961 734 1054 788 sed
1085 750 1148 789 ex
1184 735 1248 788 iis
1293 750 1507 804 quoque
1537 750 1656 804 qua:
1693 743 1816 786 ante
1839 735 1979 788 didi-

402 824 595 888 cimus,
659 823 927 893 superflua
975 840 1201 894 qumque
1247 825 1590 894 praecipimur
1631 825 1975 878 detruncare.

403 911 565 970 Unde
605 930 703 985 per
745 915 962 986 Moysen
999 915 1117 986 lege
1169 916 1502 980 decernitur,
1559 924 1615 969 ut
1670 915 1878 970 mulieri
1925 915 1977 969 in

402 1006 545 1062 bello
565 1016 758 1077 captaa,
779 1017 834 1062 et
856 1023 906 1061 in
933 1007 1236 1077 coniugium
1262 1007 1481 1062 victoris
1508 1007 1714 1070 electze,
1739 1006 1979 1075 corporis

402 1096 746 1167 superﬂuitas
774 1098 1157 1154 abscindatur:
1195 1116 1212 1148 ι
1235 1097 1362 1163 Qua:
1392 1097 1562 1159 radet,
1597 1097 1786 1165 inquit.
1817 1111 1978 1149 caesa-

403 1188 561 1252 riem,
590 1196 648 1242 et
669 1187 1022 1242 circumcidet
1069 1203 1296 1257 ungues.
1345 1194 1400 1241 et
1427 1187 1657 1254 deponet
1698 1195 1899 1240 vestem
1925 1185 1978 1238 in

403 1294 510 1349 qua
541 1289 696 1348 capta
726 1288 829 1343 est,
861 1280 1160 1348 sedensque
1191 1280 1243 1332 in
1270 1280 1427 1333 domo
1458 1286 1547 1331 tua
1592 1277 1740 1332 ﬂebit
1770 1287 1976 1348 patrem

403 1376 458 1422 et
486 1377 713 1422 matrem
759 1384 864 1428 uno
895 1383 1116 1433 mense;
1147 1377 1202 1422 et
1247 1378 1431 1436 postea
1457 1368 1685 1422 intrabis
1713 1368 1780 1421 ad
1811 1367 1976 1433 illam,

404 1461 569 1533 299
618 1461 960 1530 dormiesque
1027 1476 1153 1514 cum
1198 1459 1319 1523 illa,
1390 1468 1446 1513 et
1505 1460 1611 1513 erit
1686 1475 1820 1514 uxor
1888 1469 1978 1511 tua

404 1549 582 1617 (Deut.
625 1550 760 1618 xxi).
811 1568 830 1600 ι
894 1549 1105 1602 Mulieri
1155 1548 1352 1617 quippe
1391 1548 1670 1602 caesariem
1718 1548 1976 1611 radimus,

402 1654 528 1695 cum
556 1641 803 1695 rationali
835 1640 1131 1710 disciplina:
1179 1656 1370 1695 sensus
1411 1639 1707 1710 superﬂuos
1735 1650 1977 1710 amputa-

406 1745 530 1785 mus
561 1748 576 1796 ;
604 1749 812 1803 ungues
840 1732 1004 1790 etiam
1031 1732 1487 1791 circumcidiiuus.
1513 1746 1633 1785 cum
1656 1729 1724 1783 ab
1747 1745 1810 1785 ea
1839 1745 1981 1783 mor-

405 1830 498 1878 tua
529 1837 755 1893 qumque
797 1822 1236 1891 superstitionum
1284 1837 1445 1890 opera
1486 1821 1822 1875 desecamus.
1855 1821 1982 1885 Qua:

407 1915 572 1973 etiam
597 1924 798 1969 vestem
845 1915 1138 1984 deponere,
1193 1914 1244 1966 in
1277 1929 1378 1981 qua
1406 1923 1488 1965 cst
1515 1920 1693 1982 capta,
1734 1911 1982 1981 praecipi-

409 2013 538 2068 ωε,
596 2013 654 2058 ιιι
709 2005 1090 2073 superductam
1150 2003 1450 2056 fabularum
1506 2010 1562 2054 et
1623 1998 1984 2070 quorumlibet

406 2096 786 2167 ligmentornm
822 2106 983 2151 exuat
1039 2095 1400 2165 superficiem,
1448 2109 1512 2148 ac
1554 2093 1780 2148 solidam
1841 2106 1984 2146 verte

371 2171 388 2184 ’
406 2188 634 2242 rationis
661 2188 914 2244 exhibeat
943 2188 1243 2243 veritatem.

479 2277 696 2333 Patrem
733 2293 862 2332 vero
911 2287 967 2332 et
1005 2288 1231 2333 matrem
1265 2275 1447 2343 deﬂet,
1500 2277 1627 2346 quia
1681 2275 1980 2330 liberalium

408 2379 664 2427 auctores
694 2370 890 2429 artium
936 2385 1089 2423 mens
1140 2377 1320 2424 nostra
1357 2378 1601 2422 mortuos
1652 2369 1897 2436 deputat,
1928 2377 1984 2421 et

406 2475 504 2520 eos
542 2461 603 2523 in,
625 2475 811 2515 errore
853 2459 1078 2528 periisse
1131 2459 1506 2529 compatiendo
1553 2459 1813 2527 deplorat.
1846 2459 1983 2511 Con-

407 2553 636 2611 suetudo
664 2562 842 2606 autem
899 2550 1220 2604 feminarum
1261 2558 1366 2613 est,
1403 2565 1499 2618 per
1548 2562 1984 2616 unumquemque

409 2660 649 2702 mensem
689 2644 772 2704 sui
797 2643 1074 2712 sanguinis
1116 2639 1377 2696 effusione
1406 2640 1655 2709 purgari:
1687 2647 1805 2708 post
1836 2654 1984 2691 meu-

409 2750 524 2789 sem
553 2735 732 2803 itaque
760 2733 826 2786 ad
861 2733 999 2786 hanc
1057 2730 1334 2784 mulierem
1389 2731 1591 2786 intrare
1619 2730 1978 2799 prmcipimur,

410 2835 471 2880 ut
490 2835 660 2880 artem
701 2822 982 2888 cujuslibet
1031 2822 1326 2891 disciplina:
1351 2822 1495 2878 omni
1538 2822 1982 2890 superstitiomnn

409 2915 661 2985 contagio
689 2914 1022 2977 defaecatam,
1051 2912 1197 2966 velut
1231 2913 1284 2978 in
1311 2912 1622 2982 conjugium
1647 2911 1978 2976 sortiantur;

410 3015 682 3076 quatenus
727 3004 842 3072 jam
906 3002 1199 3058 Israelitica
1258 3001 1422 3064 facta,
1482 3009 1878 3069 consequenter
1926 2999 1980 3052 in

408 3095 671 3151 Israelita:
709 3094 1015 3164 conjuginm
1072 3102 1331 3158 transeat,
1386 3099 1443 3146 et
1522 3091 1658 3145 bene
1701 3089 1986 3143 fecundam

411 3187 769 3259 spiritualium
802 3202 1026 3256 operum
1057 3184 1297 3240 sobolem
1335 3183 1538 3238 reddat.
1574 3181 1642 3235 Et
1665 3181 1779 3235 haec
1805 3180 1987 3233 omnia

411 3279 519 3333 illis
548 3278 734 3347 procul
762 3277 922 3332 dubio
947 3286 1270 3346 congruunt,
1306 3275 1396 3346 qui
1428 3275 1480 3328 in
1525 3272 1769 3329 saeculari
1798 3271 1988 3325 mil‘tia

410 3371 716 3427 liberalium
743 3371 1042 3428 studiorum
1074 3369 1280 3428 artibus
1324 3369 1696 3424 instruuntur:
1733 3373 1988 3419 caeterum

413 3464 612 3533 quibus
633 3478 737 3517 non
767 3463 896 3519 Licet
921 3463 1084 3516 etiam
1113 3477 1235 3516 cum
1269 3460 1570 3529 hospitibus
1594 3458 1736 3527 loqui
1769 3455 1854 3525 (S.
1882 3454 1987 3517 Be-

412 3567 537 3608 ιιιι).
572 3551 733 3621 Reg.,
754 3567 805 3606 c.
843 3550 956 3616 55),
990 3551 1040 3610 in
1079 3550 1273 3619 quibus
1305 3547 1554 3603 videlicet
1594 3546 1708 3616 ipse
1739 3545 1989 3600 Christus
2022 3576 2027 3582 -

415 3643 733 3712 alloquitur,
764 3651 819 3700 et
863 3643 1154 3710 suscipitur
1189 3657 1202 3695 :
1242 3639 1333 3709 qui
1370 3654 1476 3693 non
1514 3637 1618 3693 nisi
1655 3635 1723 3690 ad
1755 3635 1989 3689 interro-

417 3737 692 3808 gationem
723 3749 786 3790 os
819 3735 1030 3806 aperire
1053 3733 1331 3796 debemus,
1355 3740 1553 3789 etcum
1604 3727 1895 3790 reﬁcimur,
1923 3739 1986 3778 ex

418 3822 534 3892 ipsa
565 3821 729 3876 etiam
766 3836 921 3877 sacra
949 3820 1179 3876 lectione
1218 3816 1504 3874 consulere
1549 3830 1654 3870 non
1687 3812 1987 3875 audemus;

415 3914 687 3984 quomodo
715 3913 874 3969 liceat
902 3909 1186 3966 theatralia
1215 3905 1688 3978 grammaticorum
1711 3900 1989 3974 gymnasia

414 4004 711 4063 insolenter
737 4005 1058 4072 irrumpere,
1083 4012 1139 4056 ct
1159 4000 1318 4067 velut
1347 3999 1488 4053 inter
1513 3994 1832 4050 nundinales
1855 4005 1992 4049 stre-

414 4094 560 4164 pitus
599 4111 737 4148 vana
778 4110 906 4152 cum
947 4093 1294 4150 smcularlbus
1331 4091 1495 4145 verba
1527 4087 1821 4144 conferre?
1867 4087 1992 4141 Hzec

417 4193 598 4243 autem
626 4187 886 4238 adversus
917 4183 1208 4238 monachos
1236 4180 1391 4249 nugis
1433 4179 1763 4232 exteriorum
1790 4177 1990 4234 artium

417 4275 720 4346 implicatos
749 4275 1076 4337 diximus,ut
1101 4289 1286 4332 eorum
1318 4273 1527 4325 vanitas
1567 4285 1727 4338 quam
1752 4269 1989 4338 procula

419 4367 560 4427 linea
584 4365 922 4424 rectitudinis
951 4365 1240 4427 exorbitet,
1264 4372 1710 4421 monstraremus.

1009 4453 1234 4507 CAPUT
1274 4451 1385 4509 ΧΙΙ.

877 4544 953 4602 De
976 4544 1129 4596 laude
1153 4542 1526 4612 lacrymarum.

491 4639 645 4699 Ultro
677 4639 1092 4707 etiamexpedit,
1124 4646 1179 4688 ut
1208 4637 1514 4706 quicunque
1542 4633 1711 4688 frater
1737 4632 1988 4687 smenlum

418 4731 660 4802 perfecto
688 4731 848 4786 corde
883 4728 1142 4793 deseruit,
1197 4743 1260 4783 ea
1303 4728 1416 4796 ipsa
1443 4741 1563 4796 quae
1606 4725 1706 4779 sibi
1726 4723 1834 4791 jam
1865 4731 1991 4776 nota

418 4831 563 4886 sunt,
585 4822 630 4876 si
669 4821 828 4876 noxia
857 4821 1154 4889 probantur
1176 4835 1314 4884 esse,
1351 4818 1610 4879 dediscat,
1641 4827 1694 4868 et
1737 4813 1987 4867 oblivioni

417 4923 709 4984 perpetu-'52.
735 4916 788 4968 in
818 4923 1078 4982 quantum
1109 4913 1374 4981 praevalet,
1431 4911 1626 4964 tradat.
1658 4907 1873 4962 Nesciat
1897 4907 1991 4960 ita-

416 5021 522 5074 que
541 5003 656 5070 jam
698 5004 973 5073 disputare
1020 5005 1083 5058 de
1114 5003 1319 5072 Canis,
1354 5002 1568 5069 ignoret
1608 4997 1991 5052 esculentiores

416 5093 672 5163 przefcrre
721 5094 1040 5147 lautioribus
1070 5093 1224 5155 ciliis,
1276 5106 1378 5144 non
1401 5090 1512 5159 jam
1541 5088 1736 5141 callent
1761 5085 1985 5146 urbana,

415 5183 500 5238 vel
525 5185 765 5254 captiosa
796 5184 956 5238 verba
1004 5181 1264 5250 proferre,
1321 5196 1424 5233 non
1455 5177 1754 5233 rhetoricos
1781 5176 1990 5230 colores

415 5271 473 5327 in
503 5289 632 5329 usus
658 5273 876 5327 tinnula:
916 5270 1320 5328 declamationis
1351 5284 1649 5330 assumere,
1698 5281 1803 5320 non
1836 5264 1987 5318 deni-

416 5377 524 5433 que
562 5382 659 5435 per
702 5367 843 5421 sales
893 5375 1052 5436 atque
1096 5363 1320 5417 facetias
1350 5362 1515 5415 risum
1560 5359 1777 5412 cuilibet
1806 5363 1988 5410 extor-

418 5470 602 5524 quere.
633 5455 900 5523 Jejnniuin
949 5466 1114 5520 amet,
1148 5452 1573 5509 neceSSariarnm
1619 5466 1799 5503 rerum
1823 5463 1990 5522 penu-

419 5548 555 5606 riam
585 5546 783 5617 diligat,
816 5556 1061 5617 aspectus
1100 5547 1376 5600 hominum
1413 5541 1600 5612 fugiat,
1645 5539 1746 5597 sub
1789 5539 1987 5596 silentii

2078 378 2380 440 subtrahat,
2410 393 2472 430 os
2493 395 2646 430 suum
2685 380 2753 430 ab
2803 380 2976 432 otiosa
3011 381 3440 436 cuiifabulatione
3469 395 3650 437 custo-

2077 469 2212 529 diat,
2241 466 2435 518 mentis
2461 481 2571 518 sua:
2618 467 2896 520 latibulum
2929 478 3097 536 petat,
3151 470 3236 523 ubi
3272 473 3338 524 ad
3369 473 3653 526 videndam

2077 555 2349 608 Creatoris
2374 557 2453 608 sui
2495 555 2686 609 faciem
2713 557 2839 609 totis
2883 559 3088 612 nisibus
3116 560 3418 615 inardescat
3442 580 3453 613 :
3486 563 3549 616 ad
3578 563 3655 616 la-

2077 658 2290 712 crymas
2333 642 2569 706 anhelet,
2612 648 2877 713 lacrynms
2943 662 2970 698 a
3006 648 3114 700 Deo
3163 651 3492 716 quotidianis
3533 668 3654 720 pre-

2077 735 2228 787 cibus
2265 732 2484 801 ﬂagitet.
2535 735 2917 804 Lacrymarum
2963 739 3160 807 quippe
3204 741 3390 794 mador
3417 745 3652 798 animam

2076 823 2222 876 omni
2255 823 2374 876 labe
2399 823 2669 892 puritieat,
2703 835 2756 878 et
2807 827 2871 879 ad
2905 828 3223 896 proferenda
3259 833 3512 887 virtutum
3535 851 3655 904 ger-

2081 915 2222 967 mina
2271 915 2438 968 nostri
2492 915 2674 969 cordis
2723 932 2847 968 arva
2908 918 3174 973 fecundat.
3225 919 3379 990 Saepe
3425 940 3655 994 namque

2080 1005 2401 1058 miserabilis
2446 1005 2625 1058 anima
2663 1006 2808 1060 velut
2855 1009 2955 1061 sub
2999 1011 3227 1077 prninali
3259 1013 3428 1081 glacie
3451 1031 3654 1080 comas,

2079 1102 2134 1145 et
2165 1092 2411 1146 foliorum
2452 1106 2768 1150 ornamenta
2797 1099 3038 1167 deponit,
3062 1110 3115 1155 et
3151 1107 3434 1159 recedente
3459 1108 3656 1174 gratia,

2081 1185 2193 1254 ipsa
2221 1186 2438 1241 sibimet
2466 1187 2748 1253 derelicta,
2781 1199 2887 1243 tota
2914 1174 3179 1247 'remanet
3215 1195 3387 1257 arida,
3418 1206 3472 1250 et
3500 1199 3654 1266 quasi

2081 1276 2442 1331 decidentium
2464 1277 2655 1332 ﬂorum
2684 1281 2896 1334 videtur
2927 1283 3121 1336 decore
3149 1284 3367 1338 nudata.
3397 1285 3502 1341 Sed
3534 1303 3656 1341 mox

2083 1376 2140 1419 ut
2173 1366 2429 1436 lacryma:
2453 1383 2518 1422 ex
2543 1384 2766 1424 munere
2812 1371 2987 1424 intimi
3015 1373 3334 1441 inspectoris
3357 1379 3656 1446 eruperint,

2083 1457 2326 1525 protinus
2349 1458 2460 1512 hac
2480 1458 2668 1512 eadem
2697 1460 2874 1513 anima
2903 1465 3195 1528 revirescit,
3227 1467 3457 1534 torporis
3481 1467 3657 1537 ignavi

2081 1546 2454 1618 frigore300
2469 1548 2722 1616 solvitur,
2740 1560 2794 1604 et
2819 1559 3068 1622 tanquam
3094 1555 3256 1608 arbor
3271 1559 3656 1622 verna,Austri

2083 1638 2266 1692 fomite
2296 1640 2651 1705 recalescens,
2687 1642 2925 1697 redivivo
2977 1645 3235 1699 virtutum
3280 1662 3500 1702 suarum
3526 1647 3660 1704 ﬂore

2082 1731 2331 1784 vestitur.

2155 1822 2432 1892 Lacrymze
2470 1839 2632 1893 porro
2669 1842 2787 1896 qnm
2820 1843 2849 1881 a
2889 1829 3002 1884 Deo
3032 1840 3172 1892 sunt,
3207 1832 3402 1889 divina:
3435 1836 3661 1890 exaudi-

2085 1915 2248 1968 tionis
2299 1917 2532 1969 tribunal
2584 1918 2909 1974 [iducialiter
2959 1923 3178 1988 adeunt,
3224 1933 3278 1978 et
3309 1926 3663 1995 impetrantes

2084 2015 2278 2075 prtesto
2306 2009 2448 2076 quod
2479 2019 2688 2078 petunt,
2713 2013 2779 2065 de
2801 2025 3148 2079 peccatorum
3178 2027 3484 2071 nostrorum
3510 2028 3660 2074 certa

2085 2097 2401 2152 remissione
2452 2101 2750 2156 confidunt.
2795 2101 3075 2173 Lacrymw
3115 2106 3314 2160 suntin
3343 2106 3660 2162 foederanda

2084 2187 2226 2242 inter
2268 2189 2432 2243 Deum
2475 2198 2529 2242 et
2563 2191 2808 2246 homines
2835 2207 2970 2260 pace
3000 2205 3327 2264 sequestres,
3359 2209 3413 2251 et
3441 2213 3664 2253 veraces

2083 2288 2208 2332 sunt
2237 2289 2400 2350 atque
2423 2281 2750 2336 doctissima:
2781 2283 2832 2336 in
2862 2284 3102 2353 qualibet.
3137 2287 3384 2341 humana:
3409 2289 3665 2358 ignoran-

2087 2371 2172 2426 tia:
2210 2372 2486 2427 dubietate
2531 2375 2822 2444 magistrae.
2871 2375 3005 2429 Nam
3057 2378 3366 2434 dubitantes
3387 2395 3452 2433 ex
3478 2381 3662 2450 aliqua

2084 2470 2262 2513 utrum
2288 2461 2399 2514 Deo
2428 2462 2660 2530 placeat,
2695 2479 2885 2527 necne,
2917 2483 3188 2536 nunquam
3221 2470 3412 2542 melius
3435 2471 3660 2527 certitu-

2084 2551 2261 2604 dinem
2310 2553 2574 2620 capimus,
2620 2569 2782 2623 quam
2825 2569 2947 2609 cum
2993 2558 3259 2612 veraciter
3298 2557 3662 2628 lacrymantes

2082 2654 2322 2694 oramus.
2354 2641 2504 2694 Tunc
2531 2642 2675 2695 enim
2707 2643 2966 2712 quidquid
2995 2646 3260 2714 agendum
3293 2660 3443 2698 mens
3473 2653 3660 2701 nostra

2085 2731 2406 2794 decreverit,
2443 2747 2605 2800 super
2631 2733 2733 2788 hoc
2770 2749 2958 2789 rursus
2994 2736 3266 2805 ambigere
3297 2736 3660 2789 necessarium

2077 2822 2188 2890 jam
2236 2839 2341 2877 non
2384 2825 2506 2878 erit.
2537 2823 2812 2895 Lacrymm
2840 2842 3002 2895 porro
3031 2827 3239 2880 dilnnat
3265 2843 3424 2880 omne
3455 2827 3665 2895 spurci-

2089 2913 2283 2966 tiarum
2314 2914 2366 2966 in
2392 2914 2676 2969 meretrice
2697 2917 3005 2986 contagium
3032 2915 3183 2984 (Luc.
3208 2915 3326 2982 vn),
3357 2925 3408 2969 el
3431 2916 3664 2973 immun-

2010 3015 2054 3073 ο
2087 3002 2166 3056 dis
2212 3002 2461 3056 manibus
2503 3003 2745 3056 tribuunt
2789 3004 3004 3074 (Matth.
3036 3021 3159 3059 xxv:
3186 3005 3226 3074 ),
3262 3014 3320 3059 ut
3356 3021 3462 3059 non
3487 3005 3660 3060 solum

2088 3090 2302 3159 pedum,
2333 3090 2423 3144 sed
2451 3100 2505 3144 et
2537 3091 2801 3146 Dominici
2823 3095 3016 3160 capitis
3043 3102 3352 3147 mereantur
3377 3101 3660 3148 attactum.

2087 3183 2363 3253 Lacryma:
2395 3184 2658 3248 tribuunt,
2701 3193 2760 3237 ut
2809 3193 3032 3253 negator
3064 3183 3338 3252 apostolus
3370 3199 3473 3237 non
3500 3185 3664 3238 modo

2089 3288 2192 3326 non
2221 3283 2410 3342 pereat
2439 3276 2660 3328 omnino
2690 3283 2811 3343 post
2837 3273 3042 3343 lapsum
3066 3315 3080 3338 ,
3121 3274 3213 3328 sed
3245 3274 3384 3329 ultro
3412 3275 3573 3328 etiam
3603 3284 3666 3328 ut

2089 3379 2252 3434 super
2307 3377 2533 3420 cancros
2592 3365 2829 3420 caelestis
2881 3367 3045 3420 curia:
3093 3376 3370 3421 senatores
3421 3367 3666 3421 obtineat

2090 3455 2468 3524 principatum.
2524 3456 2803 3530 Lacryma:
2846 3455 3211 3521 contulerunt,
3257 3468 3314 3510 ut
3341 3455 3508 3510 David
3539 3466 3667 3526 post

2089 3546 2338 3601 adulterii
2369 3546 2527 3600 simul
2555 3556 2609 3600 et
2644 3546 2916 3602 homicidii
2956 3545 3042 3616 (ΙΙ
3074 3546 3201 3615 Reg.
3231 3559 3328 3617 xu)
3353 3546 3665 3615 profundis-

2091 3635 2283 3689 simum
2333 3635 2648 3690 barathrum
2678 3650 2783 3690 non
2808 3637 2967 3689 modo
3009 3651 3232 3705 regnum
3263 3651 3383 3689 cum
3411 3635 3518 3689 vita
3549 3649 3662 3687 non

2089 3725 2360 3793 perderet,
2387 3725 2480 3778 sed
2511 3725 2652 3781 ultro
2691 3725 2855 3780 etiam
2887 3726 3298 3798 promissionem
3342 3726 3566 3780 haeredis
3589 3740 3664 3780 ex

2091 3831 2149 3870 se
2191 3817 2456 3874 nascituri
2488 3833 2608 3872 cum
2633 3815 2942 3884 iuramento
2975 3826 3278 3885 susceptam
3312 3816 3668 3870 immobiliter

2091 3908 2376 3970 obtineret,
2405 3907 2495 3976 qui
2525 3917 2579 3960 et
2612 3907 2758 3978 regni
2791 3907 2871 3960 sui
2902 3907 3117 3970 solium,
3149 3915 3204 3960 et
3226 3907 3462 3960 omnium
3493 3920 3661 3974 regna

2095 4011 2364 4055 terrarum
2416 4008 2675 4070 perpetuo
2719 3998 3039 4068 possideret,
3084 3997 3363 4068 Lacrymis
3403 4005 3489 4051 est
3523 4012 3666 4049 con-

2093 4107 2333 4155 cessum,
2373 4101 2432 4144 ut
2461 4090 2724 4143 morituro
2772 4105 2896 4142 mox
2951 4088 3196 4141 Ezechia:
3241 4086 3346 4140 tria
3395 4100 3664 4140 annorum

2094 4185 2262 4237 lustra
2289 4183 2355 4235 ad
2380 4181 2542 4234 vitam
2573 4181 2713 4234 Deus
2735 4180 3072 4247 omnipotens
3094 4179 3333 4239 adderet,
3365 4185 3420 4229 et
3444 4177 3672 4243 insuper

2095 4287 2152 4326 se
2179 4281 2234 4326 et
2281 4269 2469 4326 urbem
2505 4269 2838 4323 Hierusalem
2865 4268 2930 4321 de
2957 4267 3101 4337 regis
3125 4266 3465 4335 Assyriorum
3494 4264 3673 4318 mani-

2018 4351 2070 4409 Ῑ)
2096 4365 2198 4417 bus
2221 4361 2475 4414 liberaret
2508 4359 2612 4429 (IV
2643 4358 2768 4426 Reg.
2809 4357 2923 4427 xx).
2967 4358 3244 4425 Lacrymis
3283 4363 3432 4408 certe
3481 4353 3671 4408 divina

2092 4453 2267 4522 pietas
2310 4449 2559 4513 contulit,
2591 4456 2650 4501 ut
2683 4448 2873 4501 Saram
2913 4446 3166 4516 Raguelis
3214 4444 3376 4496 tiliam
3425 4443 3492 4496 de
3541 4442 3675 4495 vin-

2093 4542 2212 4597 culo
2240 4543 2412 4612 turpis
2449 4537 2759 4610 improperii
2797 4537 3095 4594 clementer
3135 4534 3455 4597 absolveret,
3500 4542 3554 4585 et
3593 4535 3676 4586 ad

2091 4633 2236 4702 (ligni
2271 4632 2372 4684 viri
2421 4629 2685 4683 thalamos
2738 4626 2960 4695 nuptiali
3012 4641 3106 4694 per
3163 4625 3410 4694 angelum
3462 4621 3681 4674 {cedere

2094 4722 2391 4777 destinaret
2420 4719 2570 4790 (Tob.
2604 4719 2723 4788 vn).
2758 4715 3036 4786 Lacrymis
3086 4714 3394 4783 impetravit
3445 4713 3680 4774 Esther,

2096 4822 2152 4866 ut
2182 4804 2532 4866 lsra'eliticum
2566 4808 2816 4878 populum
2847 4807 2987 4860 Deus
3016 4806 3081 4860 de
3112 4803 3384 4858 communi
3419 4801 3677 4869 periculo

2091 4905 2410 4976 perditionis
2449 4903 2706 4971 eriperet,
2745 4909 2800 4954 et
2831 4899 2884 4952 in
2913 4899 3108 4961 Aman,
3161 4895 3302 4964 quod
3351 4895 3464 4961 ipse
3507 4907 3686 4960 para-

2092 5001 2272 5054 verat,
2320 4988 2578 5058 propositi
2627 4986 2900 5056 suspendii
2951 4983 3276 5040 sententiam
3330 4989 3684 5045 retorquere!

2093 5085 2304 5153 (ΙίδιΙιιη-
2355 5085 2484 5147 xvr).
2526 5079 2800 5146 Lacryma:
2843 5075 3194 5129 nihilominus
3247 5071 3525 5126 contulere
3565 5068 3684 5120 Ju-

2095 5175 2231 5237 dith,
2278 5183 2338 5226 ut
2383 5181 2437 5224 et
2487 5180 2647 5238 caput
2693 5153 3032 5222 abseiuderbt
3073 5163 3430 5232 llolophernis
3459 5158 3687 5228 (Iudith

2090 5265 2249 5330 xm),
2386 5271 2442 5314 ct
2489 5261 2631 5312 intra
2684 5258 2990 5313 cubiculum
3034 5254 3361 5308 luxuriantis
3401 5247 3690 5304 illecebra:

2091 5353 2275 5406 florem
2307 5367 2412 5404 non
2450 5352 2726 5403 amitteret
2747 5347 3109 5417 pudicissima:
3143 5343 3450 5398 castitatis.“

2164 5445 2302 5508 Quid
2348 5444 2414 5496 de
2461 5443 2780 5497 centurione
2831 5439 3086 5494 Cornelio
3135 5437 3365 5490 referam
3415 5431 3552 5502 (Act.
3585 5429 3691 5496 χ),

2093 5538 2182 5606 qui
2224 5549 2445 5591 munere
2484 5533 2846 5604 lacrymarum
2895 5529 3203 5600 apostolica!
3245 5523 3436 5579 meruit
3476 5520 3692 5572 visita-
