3996 6184
289 189 402 247 309

1127 187 1370 246 OPUSC.
1411 187 1544 246 XIII.
1572 189 1752 244 -DE
1791 186 2264 246 PERFECTIONE
2303 187 2605 246 MONACH.

3437 190 3543 244 3l0

291 303 461 358 tionis
487 315 766 356 accessum
797 314 812 355 ε
843 315 1078 370 moxque
1099 301 1702 371 desercusgentilitatis
1727 317 1877 356 erro-
1905 311 1950 363 Α
1983 305 2138 359 tutati
2170 315 2297 359 sunt
2321 320 2469 367 eum,
2502 307 2574 358 ita
2605 312 2662 358 ut
2691 304 2942 360 onmibus
2970 304 3183 376 ignotus
3207 316 3344 361 esset
3371 307 3542 364 locus.

293 410 430 456 rem,
485 393 552 446 ad
597 392 919 447 Cbristianm
975 395 1399 462 regenerationis
1449 395 1739 449 translatus
1789 404 1872 449 est

297 483 641 536 novitatem?
667 481 803 547 Quid
847 482 1151 535 Susannam
1206 498 1496 538 memorem
1529 484 1689 553 (Dan.
1725 485 1868 550 xm),

293 588 416 640 quae
459 587 582 626 mox
631 581 689 625 ut
730 573 796 625 ad
833 572 1192 642 lacrymarum
1225 575 1582 641 patrocinium
1610 576 1870 646 confugit,

291 662 540 733 protinus
577 663 644 717 de
683 663 932 723 manibus
973 663 1040 716 ad
1082 673 1310 718 mortem
1341 679 1400 718 se
1424 665 1749 718 trahentium
1780 681 1871 718 ra-

293 753 460 822 pitur,
512 752 564 806 in
611 752 867 808 falsorum
906 761 1069 821 caput
1103 753 1320 808 testium
1354 752 1716 809 damnationis
1749 771 1876 809 sen-

292 842 465 898 tentia
518 842 772 904 vertitur,
819 852 875 897 et
923 843 1002 897 sic
1051 858 1147 912 per
1186 842 1433 910 spiritum
1461 843 1692 912 junioris
1720 843 1872 912 pueri

291 935 512 1005 sanguis
553 933 805 988 innoxius
846 933 1144 988 liberatur?
1183 932 1355 988 Porro
1391 942 1573 988 autem
1601 935 1644 988 si
1677 943 1871 989 cuncta

291 1023 656 1095 lacrymarum
699 1040 1018 1094 percurrere
1067 1025 1205 1080 dona
1250 1025 1494 1089 voluero,
1545 1027 1694 1095 prius
1737 1027 1874 1083 forte

293 1113 410 1167 dies
454 1113 739 1167 claudetur
787 1129 948 1183 quam
996 1114 1365 1184 exemplorum
1396 1117 1548 1184 copia
1581 1117 1870 1170 subtraha—

294 1211 403 1254 tur.
456 1201 584 1256 Haec
630 1211 758 1256 sunt
805 1203 976 1268 enim,
1025 1219 1146 1272 qua:
1180 1212 1234 1258 et
1262 1205 1498 1259 animam
1525 1215 1871 1273 peccatorum

292 1290 413 1346 labe
434 1291 743 1360 purificant,
768 1302 822 1347 et
841 1309 938 1348 cor
958 1310 1148 1364 vagum
1178 1295 1232 1349 in
1253 1297 1500 1350 oratione
1522 1295 1865 1351 c0nfirmant.

292 1378 419 1434 Haec
439 1389 587 1446 sunt,
611 1397 729 1450 quae
757 1383 825 1437 de
851 1397 1084 1438 mmrore
1110 1385 1324 1454 pariunt
1351 1386 1639 1454 gaudium;
1669 1394 1723 1438 et
1743 1385 1871 1437 dum

289 1485 390 1540 per
432 1461 621 1524 oculos
657 1471 838 1525 carnis
882 1483 1189 1540 erumpunt,
1226 1474 1292 1528 ad
1323 1489 1470 1542 spem
1500 1489 1597 1529 nos
1627 1490 1872 1544 superum

289 1561 641 1617 beatitudinis
656 1563 890 1633 erigunt.
909 1563 1022 1618 Non
1035 1565 1179 1618 enim
1195 1576 1419 1633 possunt
1437 1567 1488 1619 in
1503 1581 1597 1620 sua
1618 1569 1872 1635 petitione

1973 393 2105 453 (gum
2136 395 2504 462 praeterissent
2539 403 2718 448 autem
2748 395 2899 449 multi
2930 396 3077 461 anni,
3111 395 3309 464 placuit
3340 397 3447 450 Deo
3488 407 3548 452 ut

1976 486 2280 538 mitteretur
2332 484 2616 538 Nehemias
2663 499 2692 538 a
2748 499 2876 555 rege
2929 485 3214 540 Persidis:
3273 486 3360 540 hic
3401 488 3548 541 misit

1974 583 2222 644 nepotem
2249 576 2588 630 sacerdotum
2619 573 2830 628 illorum
2858 591 2872 638 ;
2899 576 2989 644 qui
3029 576 3441 639 absconderant,
3476 575 3546 629 ad

1973 664 2354 732 requirendum
2381 664 2577 732 ignem,
2608 673 2664 719 et
2693 663 2831 718 sicut
2857 665 3416 728 narraverunt'nohis,
3440 679 3546 719 non

1973 755 2292 808 invenerunt
2313 755 2512 825 ignem,
2533 754 2625 808 sed
2649 769 2843 823 aquam
2865 769 3099 808 crassam
3125 754 3208 822 (Π
3235 755 3409 808 Much.
3438 759 3498 812 ι).
3523 773 3543 806 ι

1971 843 2027 897 In
2076 843 2272 912 quibus
2309 843 2559 897 omnibus
2595 842 2777 897 verbis
2815 843 2943 897 illud
2992 859 3156 896 unum
3195 844 3548 913 spiritualitar

1972 934 2358 988 attendendum
2391 941 2474 986 est
2503 950 2514 984 :
2545 933 2690 1002 quod
2723 933 2774 986 in
2803 932 2912 987 alto
2939 942 2994 988 et
3023 935 3168 988 sicco
3197 933 3352 988 vallis
3385 941 3548 1002 puteo

1970 1025 2120 1095 prius
2172 1024 2309 1093 ignis
2359 1023 2731 1087 absconditur,
2771 1031 2825 1077 et
2854 1023 3192 1091 postmodum
3236 1038 3341 1075 non
3385 1022 3548 1088 ignis,

1971 1118 2066 1172 sed
2109 1131 2248 1185 aqua
2293 1129 2478 1170 crassa
2520 1129 2550 1168 a
2603 1114 3004 1184 requirentibus
3061 1113 3348 1167 invenitur.
3398 1111 3548 1167 Meus

1971 1209 2166 1277 quippe
2221 1207 2431 1261 sincera
2499 1213 2662 1273 atque
2722 1203 2964 1274 perfecta
3028 1203 3192 1257 Deum
3249 1203 3548 1258 intentione

1972 1300 2263 1370 quazrentis
2302 1313 2406 1352 non
2448 1298 2741 1366 incongrue
2769 1311 2865 1365 per
2889 1305 3107 1365 puteum
3153 1294 3309 1348 vallis
3355 1294 3545 1354 altum.

1972 1397 2027 1442 et
2053 1389 2254 1443 siccum
2283 1387 2596 1455 designatur
2623 1399 2637 1438 :
2670 1399 2788 1452 qua:
2817 1385 3068 1437 nimirum
3097 1391 3152 1437 et
3177 1397 3206 1436 a
3232 1382 3409 1436 fluidis
3435 1381 3546 1436 illc-

1972 1475 2256 1530 cebrarum
2283 1473 2578 1528 carnalium
2621 1470 2982 1540 voluptatibus
3023 1471 3194 1533 arida,
3227 1478 3283 1524 et
3319 1479 3547 1524 terrena:

1973 1563 2422 1633 concupiscentiae
2465 1561 2752 1616 ruderibus
2795 1561 2901 1613 alte
2945 1560 3178 1623 defossa,
3213 1568 3269 1613 et
3308 1559 3359 1612 in
3405 1573 3548 1612 verte

290 1652 586 1716 contemni,
619 1667 739 1722 qua:
769 1664 826 1708 et
856 1671 1080 1725 magnas
1116 1671 1275 1712 voces
1305 1657 1504 1712 habent
1548 1658 1600 1712 in
1649 1659 1872 1712 auribus
1903 1659 1945 1715 Β
1973 1655 2294 1710 humilitatis
2326 1663 2411 1708 cst
2439 1652 2680 1707 convalle
2716 1651 2955 1705 fundata.
2989 1650 3126 1705 Huic
3173 1650 3353 1720 itaque
3388 1659 3548 1718 puteo

288 1741 570 1798 Creatoris
589 1760 604 1797 :
623 1758 760 1812 quas
786 1744 1030 1814 profecto
1052 1762 1214 1802 voces
1236 1747 1323 1800 ille
1339 1748 1406 1801 ad
1429 1747 1597 1802 Deum
1618 1748 1870 1817 frequen-

292 1843 377 1886 ter
387 1834 668 1900 emiserat,
684 1835 875 1904 etquid
891 1837 958 1892 ad
979 1836 1330 1892 obtinendum
1345 1847 1584 1906 possent,
1602 1839 1871 1893 subtiliter

287 1922 446 1992 301
492 1933 751 1988 noverat,
808 1925 898 1994 qui
949 1925 1202 1980 dicebat:
1255 1943 1272 1976 ι
1308 1925 1514 1980 Exaudi
1565 1928 1866 1980 orationem

291 2029 491 2078 meam,
535 2014 784 2079 Domine,
825 2024 881 2069 et
917 2016 1355 2088 deprecationem
1395 2029 1602 2078 meam;
1648 2018 1870 2070 auribus

289 2102 510 2170 percipe
545 2102 812 2173 lacrymas
846 2118 992 2158 meas
1027 2103 1200 2173 (Psal.
1231 2105 1482 2173 xxxvut).
1517 2123 1535 2155 ι
1586 2104 1686 2171 Qui
1722 2105 1868 2160 enim

289 2206 401 2246 non
429 2191 604 2246 oculis
628 2192 852 2256 attendi,
887 2193 981 2247 sed
1008 2193 1230 2246 auribus
1257 2193 1457 2261 percipi
1486 2193 1752 2263 lacrymas
1781 2209 1870 2262 po-

286 2281 492 2347 stulat,
535 2297 695 2337 voces
737 2284 913 2340 inesse
964 2284 1215 2356 lacrymis
1262 2284 1548 2339 manifeste
1602 2285 1864 2349 designat.

283 2369 572 2444 μοι-μηδι
606 2387 799 2442 nempe
834 2388 956 2428 cum
988 2374 1041 2428 in
1079 2385 1369 2445 conspectu
1398 2376 1469 2445 pii
1506 2375 1708 2443 judicis
1737 2391 1868 2444 snp-

282 2461 515 2533 plicant,
549 2462 682 2516 nihil
718 2463 989 2528 haesitant,
1028 2464 1120 2518 sed
1162 2465 1243 2518 sic
1283 2465 1708 2519 misericordiam
1746 2473 1868 2517 latt-

285 2565 457 2620 quam
515 2566 631 2606 rem
675 2551 970 2620 quamlibet
1009 2553 1212 2621 proprii
1253 2551 1393 2620 juris
1437 2553 1655 2608 sibimet
1695 2553 1870 2606 vindi-

285 2651 442 2705 cant,
487 2651 541 2696 et
583 2642 902 2713 impetrasse
945 2657 1004 2698 se
1041 2642 1184 2711 quod
1228 2643 1497 2713 petierant
1536 2643 1869 2698 confidenter

286 2735 590 2791 exsultant.

364 2828 407 2883 0
432 2827 684 2898 lacryma:
705 2827 909 2883 deliciae
938 2827 1266 2898 spirituales,
1295 2841 1460 2897 super
1489 2827 1596 2884 mel
1621 2827 1869 2884 videlicet

283 2924 350 2970 et
376 2915 578 2981 favum,
605 2925 769 2986 atque
797 2917 943 2971 omni
975 2925 1194 2971 nectare
1223 2916 1523 2974 dulciores!
1553 2933 1673 2988 quae
1706 2909 1865 2972 meu-

1972 1743 2223 1800 sacrificii
2268 1743 2409 1811 ignis
2449 1741 2782 1804 immittitur,
2828 1755 2949 1795 cum
2985 1741 3037 1792 in
3075 1739 3230 1793 electi
3261 1738 3548 1810 cujuslibet

1971 1842 2152 1889 mente
2199 1833 2366 1888 divini
2410 1831 2614 1885 amoris
2651 1829 2866 1884 flamma
2906 1829 3224 1898 concipitur,
3271 1837 3433 1897 atque
3481 1828 3550 1880 ad

1970 1925 2197 1978 caeleste
2227 1922 2553 1978 desiderium
2582 1921 2703 1990 pius
2729 1920 2942 1975 animus
2970 1919 3131 1988 302
3162 1917 3551 1974 inflammatur.

1970 2013 2077 2069 Sed
2101 2014 2190 2068 hic
2213 2015 2353 2085 ignis
2383 2012 2435 2066 in
2463 2027 2660 2081 aquam
2688 2010 2938 2071 vertitur,
2967 2009 3093 2078 quia
3121 1995 3189 2062 e'x
3218 2022 3356 2078 aqua
3379 2005 3548 2062 divini

1969 2104 2170 2158 amoris
2200 2102 2562 2173 lacrymarum
2589 2099 2929 2170 compunctio
2955 2105 3261 2170 generatur.

2041 2197 2107 2250 Et
2130 2196 2454 2258 notandum,
2479 2193 2620 2263 quod
2656 2208 2762 2247 non
2796 2207 2932 2262 pura
2967 2193 3230 2246 duntaxat
3254 2204 3392 2258 aqua
3411 2230 3425 2255 ,
3453 2185 3554 2244 sed

1968 2302 2153 2342 crassa
2179 2302 2316 2355 aqua
2343 2293 2595 2358 narratur
2625 2283 2736 2338 illic
2762 2283 2928 2338 fuisse
2971 2291 3207 2352 reperta.
3233 2281 3373 2348 Quid
3401 2281 3550 2335 enim

1969 2390 2152 2430 crassa
2177 2385 2262 2429 est
2291 2389 2452 2443 aqua,
2489 2372 2592 2426 nisi
2635 2371 2998 2441 lacrymarum
3042 2369 3389 2440 compunctio
3411 2409 3428 2433 ,
3467 2368 3550 2421 di-

1967 2468 2107 2521 vinae
2133 2465 2316 2535 procul
2351 2465 2515 2520 dubio
2541 2464 2730 2534 gratiae
2757 2463 3083 2534 pinguedine
3117 2461 3404 2534 saginata?
3431 2461 3549 2527 Qua

1968 2557 2221 2611 videlicet
2263 2553 2582 2624 pinguedine
2628 2553 2866 2624 saginari
2925 2552 3193 2621 Propheta
3243 2551 3547 2614 :estuabat,

1969 2662 2091 2702 cum
2123 2647 2366 2701 diceret:
2403 2662 2421 2694 ι
2459 2642 2610 2698 Sicut
2638 2642 2795 2711 adipe
2834 2651 2891 2696 et
2917 2641 3242 2711 pinguedine
3277 2638 3550 2709 repleatur

1971 2739 2149 2792 anima
2201 2751 2319 2790 mea
2356 2733 2528 2806 (Psal.
2568 2735 2719 2803 LXII).
2758 2753 2776 2786 ι
2807 2733 2886 2806 Et
2910 2747 3008 2802 per
3039 2732 3200 2786 alium
3231 2731 3552 2802 prophetam

1969 2827 2087 2883 haec
2113 2828 2297 2881 eadem
2326 2826 2659 2896 promittitur
2681 2824 2986 2879 crassitudo
3012 2862 3028 2888 ,
3059 2838 3190 2890 cum,
3215 2822 3293 2876 ait
3330 2839 3344 2876 :
3385 2839 3404 2873 ι
3445 2821 3549 2875 De-

1971 2915 2256 2971 lc'ctabitur
2283 2915 2336 2970 in
2368 2912 2731 2970 crassitudine
2773 2914 2952 2966 anima
2990 2921 3168 2966 vestra
3196 2910 3354 2981 (lsai.
3379 2913 3488 2980 ιιι).
3516 2927 3546 2962 ·›

285 3017 377 3062 tes
402 3008 470 3061 ad
499 3009 666 3063 Deum
690 3008 1153 3078 ercctasjucunda
1179 3009 1388 3078 saporis
1408 2987 1582 3064 intimi
1603 3011 1867 3065 suavitate
1894 2987 1939 3048 Ο
1971 3007 2108 3064 Hinc
2136 3008 2328 3062 iterum
2356 3006 2555 3061 dicitur
2585 3023 2598 3058 :
2637 3022 2655 3056 ι
2693 3004 2898 3059 Memor
2926 3003 3032 3067 sit,
3065 3002 3262 3072 inquit,
3294 3000 3554 3055 Dominus

282 3096 538 3161 reficitis,
584 3109 640 3152 et
684 3097 835 3152 arida
883 3112 948 3152 ac
989 3097 1318 3154 tabescentia
1354 3100 1519 3153 corda
1555 3099 1750 3153 haustu
1779 3115 1870 3153 su-

283 3201 477 3254 pernae
498 3185 685 3256 gratiae
708 3173 1014 3242 medullitus
1041 3186 1300 3257 irrigatis.
1326 3187 1688 3242 Terrenarum
1716 3203 1873 3242 nam-

281 3291 398 3346 que
429 3274 626 3345 dapum
657 3290 881 3346 sapores
907 3285 1071 3345 atque
1100 3277 1408 3332 dulcedines
1437 3276 1724 3346 superficie
1753 3279 1872 3346 qui-

282 3367 415 3420 dem
447 3365 611 3436 palati
659 3375 942 3438 gustantes
968 3367 1264 3433 oblectant,
1289 3368 1501 3424 viscera
1518 3376 1696 3422 autem
1726 3367 1868 3422 inte-

280 3457 439 3512 riora
477 3472 586 3513 non
626 3467 947 3528 penetrant;
976 3473 1138 3529 sapor
1167 3474 1295 3514 vero
1323 3459 1517 3514 divina:
1543 3457 1875 3528 contempla-

282 3547 458 3602 tionis
485 3549 666 3603 omnia
713 3549 974 3604 interiora
1013 3560 1192 3606 nostra
1267 3551 1460 3621 replet,
1499 3558 1734 3620 vegetat,
1773 3551 1872 3606 ob-

282 3636 497 3691 dulcat.
539 3637 928 3710 Lacrymantes
969 3641 1218 3709 equidem
1268 3641 1408 3696 oculi
1448 3641 1723 3698 diabolum
1763 3650 1871 3697 ter-

282 3736 449 3796 rent,
504 3739 560 3783 et
613 3731 693 3785 sic
752 3730 1117 3801 lacrymarum
1177 3735 1574 3801 erumpentium
1640 3742 1870 3804 expavet

281 3821 577 3890 impetum,
609 3837 673 3877 ac
714 3823 759 3878 si
790 3822 1078 3892 procellosi
1112 3823 1280 3877 nimbi
1308 3825 1644 3893 grandinem,
1672 3825 1757 3879 vel
1787 3823 1870 3879 fu-

278 3911 529 3966 rentium
581 3912 816 3982 undique
863 3920 1151 3968 ventorum
1202 3913 1426 3984 efiugiat
1475 3924 1866 3984 tempestatem.

281 3999 430 4054 Nam
463 4000 602 4055 sicut
627 4002 865 4070 spumosi
903 4003 1159 4058 torrentis
1184 4003 1434 4060 cumulus
1459 4005 1869 4074 superveniens,

278 4091 511 4148 cunctis
560 4092 769 4148 alveum
817 4094 1070 4150 sordibus
1110 4105 1328 4166 purgat;
1378 4095 1458 4150 sic
1505 4095 1867 4167 lacrymarum

277 4181 674 4252 proﬂuentium
715 4200 906 4240 cursus
946 4201 1014 4240 ex
1055 4194 1238 4242 mente
1280 4186 1460 4242 flentis
1496 4197 1552 4242 et
1594 4188 1871 4243 diabolica:

275 4273 546 4326 versutia:
589 4275 829 4341 semina,
878 4283 935 4331 et
986 4291 1176 4332 omnes
1233 4277 1564 4332 sordentium
1615 4278 1867 4333 vitiorum

274 4371 477 4435 pestes
497 4363 757 4419 eliminat.

878 4455 1105 4512 CAPUT
1143 4456 1278 4511 XIII.

278 4540 455 4610 Quod
493 4558 559 4596 ea:
588 4559 764 4597 amore
793 4542 891 4599 Dei
933 4548 1261 4614 compunctio
1296 4549 1550 4615 nascitur,
1579 4558 1627 4603 et
1657 4565 1868 4604 rursum

501 4629 564 4665 ex
593 4615 984 4683 compunctione
1012 4617 1219 4671 dicina:
1249 4634 1400 4671 amor
1425 4629 1667 4689 augetur.

354 4721 473 4777 Sed
499 4723 613 4778 haec
636 4739 774 4793 aqua
799 4741 866 4780 ex
891 4727 1013 4796 igne
1037 4726 1274 4798 profluit,
1302 4739 1360 4783 ut
1381 4731 1625 4800 quisquis
1651 4731 1868 4789 afﬂuere

269 4812 486 4867 imbris
526 4813 876 4870 inundatione
909 4816 1200 4881 desiderat,
1237 4819 1404 4874 divini
1452 4821 1653 4877 amoris
1690 4824 1868 4892 ignem

270 4904 448 4974 prius
476 4917 692 4958 necesse
737 4915 822 4959 est
857 4905 910 4960 in
942 4907 1158 4962 camino
1193 4924 1303 4964 sua:
1350 4911 1548 4965 mentis
1584 4914 1868 4970 accendat.

272 4992 451 5061 Quod
494 4991 704 5048 facilius
736 4996 1039 5065 exprimere
1069 5013 1378 5068 possumus,
1422 5001 1466 5055 si
1510 5003 1652 5070 quod
1698 5003 1752 5056 in
1785 5018 1870 5058 se-

269 5084 472 5140 cundo
506 5083 929 5141 Machabaaorum
983 5089 1123 5144 libro
1169 5092 1487 5161 perhibetur
1517 5093 1869 5150 historialiter

269 5184 522 5245 gestum,
559 5175 623 5228 ad
670 5179 993 5244 memoriam,
1025 5181 1372 5240 deducamus.
1415 5184 1506 5239 Ait
1545 5201 1674 5257 ergo
1721 5187 1868 5242 Scri.

269 5274 494 5336 plura:
547 5283 567 5316 ι
599 5264 732 5320 Cum
773 5268 827 5320 in
857 5267 1153 5336 Persidem,
1185 5273 1382 5343 inquit,
1414 5277 1741 5332 ducerentur
1771 5294 1864 5347 pa-

267 5366 395 5409 tres
429 5355 623 5421 nostri,
655 5358 986 5424 sacerdotes,
1016 5363 1108 5430 qui
1142 5371 1268 5419 tunc
1295 5365 1386 5420 Dei
1424 5366 1659 5422 cultores
1687 5377 1864 5436 erant,

263 5453 574 5515 acceptum
622 5447 798 5517 ignem
839 5449 906 5504 de
934 5451 1088 5506 altari
1119 5455 1328 5512 occulte
1375 5457 1773 5516 absconderant
1809 5461 1864 5515 in

261 5539 444 5606 valle,
481 5538 571 5594 ubi
597 5547 716 5594 erat
756 5549 948 5610 puteus
974 5543 1114 5601 altus
1144 5553 1200 5604 et
1224 5547 1422 5617 siccus,
1457 5559 1511 5606 et
1540 5550 1595 5606 in
1624 5565 1690 5607 eo
1729 5566 1861 5608 con-

787 5710 804 5736 Ι

1900 4329 1948 4388 D

1971 3101 2149 3157 omnis
2176 3098 2426 3154 sacrificii
2447 3099 2546 3161 tui,
2574 3106 2630 3152 et
2655 3097 3030 3152 holocaustum
3063 3103 3211 3150 tuum
3239 3095 3433 3164 pingue
3458 3092 3552 3145 fiat

1971 3191 2144 3266 (Paul.
2171 3193 2308 3260 XIX).
2343 3211 2362 3243 ι

2038 3281 2148 3337 Nec
2159 3280 2589 3351 praetereundum
2599 3278 2774 3350 "quod
2788 3278 3178 3334 abscondentes
3189 3277 3331 3330 hunc
3345 3275 3550 3344 ignem,

1971 3371 2234 3427 contutati
2265 3371 2480 3439 quidem
2514 3370 2699 3435 fuisse,
2726 3384 2831 3424 non
2863 3377 3044 3423 autem
3075 3366 3315 3422 funditus
3343 3364 3550 3420 exstin-

1972 3462 2116 3518 xisse
2148 3461 2458 3518 referuntur
2483 3479 2498 3527 ;
2523 3462 2648 3530 quia
2670 3461 2923 3515 nimirum
2956 3460 3097 3531 ignis
3127 3459 3298 3514 divini
3320 3457 3548 3523 ameris,

1971 3569 2131 3623 quem
2167 3554 2221 3608 in
2261 3569 2356 3608 ara
2392 3553 2560 3608 nostri
2593 3552 2774 3608 cordis
2805 3553 3194 3616 accendimus,
3217 3561 3276 3604 ut
3314 3564 3384 3606 ex
3428 3564 3552 3603 aro-

1970 3644 2207 3699 matibus
2229 3645 2492 3699 bonorum
2513 3658 2735 3712 operum
2757 3657 2921 3698 suave
2946 3643 3054 3696 Deo
3076 3641 3399 3698 sacrificium
3421 3637 3552 3695 οσο-

1971 3750 2156 3790 ramus
2188 3735 2240 3788 in
2275 3735 2389 3803 ipso
2421 3745 2618 3788 nostra:
2651 3734 3022 3789 conversionis
3054 3733 3228 3796 initio,
3256 3732 3400 3786 intus
3431 3729 3551 3799 qui-

1971 3827 2092 3882 dem
2122 3828 2280 3882 debet
2317 3826 2528 3881 occulte
2560 3841 2776 3896 semper
2800 3826 3028 3888 ardere,
3059 3841 3164 3879 non
3197 3835 3375 3878 autem
3406 3821 3551 3876 foras

1971 3933 2031 3973 se
2055 3933 2151 3986 per
2173 3933 2324 3972 vanze
2367 3917 2551 3987 gloriae
2581 3916 2828 3970 ﬂammas
2869 3921 3195 3984 expandere.
3227 3915 3552 3968 Contutatur

1971 4024 2102 4078 ergo
2132 4009 2323 4078 sopitis
2351 4007 2600 4072 flammis,
2635 4023 2742 4061 non
2766 4014 2945 4060 autem
2970 4005 3021 4059 vi
3050 4005 3291 4074 privatur
3316 4000 3546 4064 ardoris,

1971 4109 2031 4153 ut
2057 4115 2161 4153 non
2193 4113 2416 4168 prorsus
2444 4098 2699 4163 intereat,
2739 4097 2832 4152 sed
2857 4110 2976 4150 sese
2999 4093 3342 4166 postmodum
3381 4091 3548 4145 mira-

1971 4191 2151 4247 biliter
2183 4191 2323 4261 ignis
2358 4191 2413 4244 in
2440 4205 2636 4261 aquam
2659 4196 2854 4244 vertat.
2885 4187 3010 4242 Haec
3033 4201 3193 4256 porro
3216 4199 3375 4254 aqua,
3399 4198 3548 4238 com-

1973 4280 2193 4349 punctio
2238 4279 2494 4335 videlicet
2538 4281 2941 4351 lacrymarum,
2999 4293 3104 4332 non
3152 4276 3324 4331 solum
3374 4289 3472 4329 nos
3518 4289 3550 4328 a

1972 4380 2314 4441 peccatorum
2348 4372 2671 4440 contagione
2713 4370 2988 4441 purificat,
3021 4370 3114 4424 sed
3145 4369 3328 4430 etiam,
3361 4377 3417 4421 ut
3445 4365 3553 4436 pla-

1973 4471 2130 4517 ceant
2183 4463 2296 4533 ipsa
2342 4461 2456 4518 Deo
2503 4465 2644 4518 bona
2691 4473 2916 4528 nostra,
2962 4461 3330 4517 commendat.
3380 4459 3553 4515 Omne

1973 4569 2206 4622 namque
2241 4555 2505 4609 bonorum
2547 4568 2769 4627 operum
2801 4552 3126 4607 sacrificium
3165 4551 3218 4604 iu
3257 4557 3548 4617 conspectu

1973 4643 2190 4712 superni
2219 4640 2418 4710 iudicis
2445 4642 2668 4696 suavius
2695 4641 2938 4696 redditur
2958 4679 2973 4704 ,
3004 4639 3050 4693 si
3078 4638 3327 4692 contrita:
3355 4635 3551 4690 mentis

1973 4731 2230 4804 lacrymis
2265 4741 2605 4801 aspergatur.
2646 4729 2798 4784 Unde
2842 4729 2950 4782 illic
2997 4736 3120 4796 apte
3166 4724 3546 4792 subiungitur:

1978 4841 1997 4874 ι
2033 4825 2099 4878 Ει
2136 4822 2436 4884 sacrificia,
2484 4822 2688 4890 inquit,
2718 4835 2838 4890 qua:
2866 4817 3116 4888 imposita
3157 4827 3354 4896 erant,
3388 4814 3552 4885 jussit

1971 4915 2224 4970 sacerdos
2248 4913 2539 4968 Ncbemias
2568 4912 2779 4982 aspergi
2811 4926 2951 4980 aqua
2993 4911 3134 4979 ipsa,
3159 4918 3214 4963 et
3256 4907 3400 4977 ligna
3431 4919 3551 4975 qua:

1973 5016 2130 5062 erant
2156 5006 2494 5076 superposita
2526 5003 2610 5075 (Il
2643 5003 2823 5058 Much.
2858 5002 2921 5076 1).
2961 5022 2980 5056 ι

2042 5097 2147 5152 Sed
2169 5112 2292 5151 cum
2315 5111 2537 5165 operum
2565 5103 2872 5151 nostrorum
2896 5092 3226 5148 sacrificium
3246 5104 3387 5146 verte
3401 5101 3550 5142 com.

1970 5187 2280 5258 puuctionis
2311 5201 2450 5256 aqua
2482 5187 2880 5256 perfundimus,
2929 5200 3051 5239 mox
3100 5193 3306 5237 mentes
3335 5186 3550 5233 nostras

1969 5280 2226 5350 Splendor
2255 5279 2509 5343 irradiat,
2532 5288 2586 5334 et
2630 5278 2889 5349 quidquid
2934 5278 3258 5339 obscurum,
3289 5269 3548 5342 quidquid

1968 5371 2022 5426 in
2057 5373 2138 5426 eis
2168 5373 2511 5427 tenebrosum
2541 5380 2766 5426 eatenus
2786 5369 3010 5433 latebat,
3042 5368 3292 5422 illustrat.
3319 5363 3546 5430 Quidam

1969 5479 2201 5535 namque
2227 5479 2285 5520 se
2311 5464 2469 5520 nobis
2500 5472 2629 5519 tunc
2658 5463 2862 5518 intimae
2890 5460 3026 5515 lucis
3057 5459 3239 5514 radius
3268 5455 3460 5527 aperit,
3491 5461 3548 5509 et

1970 5569 2161 5614 omnes
2189 5556 2388 5613 animae
2409 5565 2610 5612 nostra:
2635 5553 2892 5622 latebras,
2913 5566 3052 5609 nova
3081 5549 3308 5624 fulgoris
3321 5545 3546 5620 iucundi
