3996 6184
489 230 587 288 5i!

952 233 1008 288 S.
1037 233 1239 289 PETRI
1279 233 1564 291 DAMIANI
1601 235 1754 294 OPP.
1779 237 2016 296 TOMUS
2055 237 2184 296 SEU
2226 240 2403 294 PARS
2441 240 2526 294 lll.
2556 271 2624 280 ——
2665 237 3026 298 OPUSCULA
3065 242 3291 298 VARIA.

3652 253 3757 309 5ίὲ

487 348 779 405 setcnitate
805 345 1097 416 perfundit.
1130 348 1469 420 Quapmptor
1490 353 1599 406 illic
1624 367 1746 408 cum
1779 356 2064 425 pragmitti-
2094 361 2140 414 Α
2170 370 2355 420 vinum
2387 366 2568 408 autem
2593 371 2816 410 ommno
2843 358 3046 410 dinnsu
3071 397 3084 421 ,
3114 360 3236 412 cibo
3265 374 3480 431 quoque
3510 379 3568 418 se
3589 372 3761 421 conti“

489 449 622 492 tur:
650 456 676 492 t-
708 437 843 504 Quia
874 437 1040 506 jussit
1081 439 1332 505 haurire,
1359 450 1417 495 et
1442 441 1636 499 afferre
1663 445 1788 511 sibi,
1815 456 1872 502 et
1900 448 2068 502 sacri-

489 528 609 582 Iicia
636 541 756 596 quze
796 527 1046 598 imposita
1077 535 1269 594 erant,
1304 529 1465 600 jussit
1499 533 1753 588 sacerdos
1782 533 2069 590 Nebemias

488 619 710 687 aspergi
733 633 874 688 aqua
904 619 1015 688 ipsa
1037 659 1050 684 ,
1080 627 1136 674 et
1171 619 1312 691 ligna
1341 635 1465 689 quae
1491 633 1648 676 erant
1689 627 1996 694 supposita;
2044 647 2062 678 ›

489 708 736 777 protinus
774 707 1014 762 historia:
1039 709 1210 764 series
1245 709 1478 765 addidit:
1519 729 1537 762 ε
1577 711 1689 766 Hoc
1719 715 1918 768 factum
1962 723 2067 777 est,

486 806 544 852 et
573 807 786 868 tempus
814 799 1018 864 adfuit,
1058 809 1114 856 et
1157 801 1237 856 sol
1284 801 1526 865 refulsit,
1560 803 1648 872 qui
1682 804 1834 872 prius
1860 814 1976 858 erat
2017 805 2069 858 iu

487 888 678 947 nubilo
708 909 720 944 :
753 900 809 946 et
830 906 1093 947 accensus
1121 901 1204 947 est
1234 892 1378 964 ignis
1398 909 1625 965 ntagnus
1644 934 1662 959 ,
1699 895 1773 948 ita
1799 903 1856 948 ut
1885 909 2073 950 omnes

489 981 824 1037 mirarentur
849 980 1065 1054 (Ibid.).
1094 1002 1114 1032 ι

557 1073 884 1129 Audivimus
906 1085 1070 1138 ante,
1111 1076 1235 1144 quia
1267 1090 1404 1144 aqua
1449 1090 1550 1145 pro
1579 1075 1698 1146 igne
1728 1089 1936 1147 reperta
1957 1089 2070 1140 est,

493 1180 638 1219 nunc
667 1181 698 1219 e
722 1166 1002 1221 contrario
1029 1166 1377 1236 dicitr,quia
1409 1182 1506 1237 per
1529 1169 1897 1238 aspersionem
1922 1186 2075 1240 aqua:

490 1253 632 1324 ignis
658 1270 886 1325 magnus
911 1269 1175 1311 accensus
1195 1267 1296 1316 est.
1323 1258 1464 1328 Ergo
1489 1267 1544 1314 ct
1565 1274 1629 1313 ex
1657 1259 1780 1330 igne
1807 1276 1946 1330 aqtta
1980 1278 2075 1316 rra-

472 1345 684 1411 scitur,
705 1355 756 1399 et
774 1361 838 1399 ex
863 1363 998 1417 aqua
1016 1348 1154 1418 ignis
1172 1349 1403 1404 invicem
1420 1360 1754 1419 procreatur.
1777 1351 1912 1417 Quia
1931 1352 2077 1407 vide-

491 1431 617 1487 licet
643 1447 692 1488 e:
709 1449 773 1488 ex
796 1436 918 1505 igne
932 1437 1097 1490 divini
1111 1438 1312 1491 amoris
1325 1438 1498 1507 gratia
1519 1440 1952 1509 compunctionis
1969 1441 2077 1494 ori-

491 1531 602 1589 tur,
624 1531 688 1578 et’
706 1539 893 1579 rursus
915 1539 980 1580 ex
995 1526 1411 1595 compunctione
1441 1527 1804 1598 lacrymarum
1823 1528 2078 1584 desiderii

490 1612 734 1669 caelestis
757 1615 922 1669 ardor
951 1627 1198 1686 augetur.
1220 1617 1466 1673 Alterum
1489 1620 1754 1689 siquidem
1787 1621 1980 1692 pendet
2011 1636 2080 1676 ex

2170 445 2511 510 nentissimo,
2536 461 2598 501 ac
2624 448 2936 516 permodico
2962 451 3327 516 sustentabat;
3372 469 3562 509 somno
3591 459 3759 512 etiam

2171 544 2540 590 summotenus
2571 535 2898 604 indulgebat.
2927 537 3137 592 Interea
3188 542 3512 610 suggerebat
3543 546 3614 597 illi
3645 547 3762 598 dia-

2172 623 2358 686 bolus,
2393 635 2451 679 ut
2503 627 2812 680 remotioris
2852 628 3021 680 eremi
3053 625 3328 682 secessmn
3374 641 3614 700 peteret,
3669 637 3759 688 ubi

2174 713 2424 768 videlicet
2471 715 2554 769 vel
2602 731 2762 780 raro,
2815 717 2898 770 vel
2935 733 3209 785 nunquam
3246 720 3515 774 hominem
3541 723 3650 791 jam
3683 726 3763 778 vi-

2173 805 2369 858 deret:
2405 821 2637 875 cumque
2680 807 2780 860 sibi
2825 807 3187 864 conclusionis
3234 811 3448 877 cupiam
3490 815 3764 882 prteber'e-

2174 909 2326 958 mus,
2359 895 2538 948 aiebat
2570 911 2628 949 se
2672 895 2918 950 concludi
2967 899 3183 966 quidem
3236 901 3540 956 nullatenus
3585 905 3762 971 velle,

2177 979 2334 1035 talem
2359 993 2536 1036 autem
2559 983 2865 1037 desiderare
2890 984 3085 1050 locum,
3117 987 3208 1039 ubi
3229 989 3353 1040 dum
3387 989 3764 1057 ingrederetur

2175 1080 2231 1124 et
2255 1072 2623 1141 egrederetur,
2660 1071 2848 1135 libere,
2880 1082 2937 1128 et
2966 1074 3245 1129 solitarius
3290 1091 3319 1129 a
3354 1079 3566 1132 nemine
3613 1081 3766 1134 vide-

2178 1171 2348 1218 retur.
2390 1163 2738 1218 Obsistebant
2779 1174 2960 1218 autem
3008 1166 3133 1219 huic
3181 1166 3530 1222 obstinationi
3575 1185 3767 1225 omnes

2177 1254 2508 1308 unanimiter
2534 1254 2750 1319 fratres,
2785 1263 2841 1309 et
2870 1257 3120 1309 technam
3164 1256 3322 1320 hanc,
3357 1259 3766 1329 versutiamque

2178 1345 2377 1400 diaboli
2420 1346 2772 1416 probabiliter
2797 1348 3129 1403 asserebant.
3181 1350 3249 1403 At
3292 1350 3381 1404 ille
3424 1353 3675 1420 pervicax
3711 1364 3767 1408 et

2179 1435 2503 1499 obstinatus,
2536 1438 2662 1491 dum
2692 1437 2946 1509 lacrymis
2973 1439 3394 1496 exuberantibus
3432 1442 3589 1496 fidem
3625 1457 3768 1513 pra:-

2179 1525 2291 1589 bet,
2325 1526 2378 1579 in
2419 1535 2548 1580 voto
2573 1539 2704 1590 suo,
2735 1527 2876 1594 quod
2920 1527 3154 1596 maligno
3193 1529 3387 1596 Spiritu
3439 1544 3768 1601 suggerente

2184 1625 2538 1684 conceperat,
2566 1612 2937 1671 irrevocabilis
2967 1626 3265 1686 permanet.
3293 1618 3430 1673 Poto
3457 1622 3597 1688 quod
3625 1623 3770 1676 auti-

491 1703 666 1759 aitero
697 1717 752 1760 et
781 1706 997 1763 sibimet
1023 1717 1313 1779 utrumque
1336 1711 1572 1767 invicem
1597 1723 1845 1783 praestat,
1876 1715 2001 1770 dum
2026 1726 2083 1772 et
2112 1694 2156 1752 Β
2182 1723 2321 1777 quas
2346 1709 2516 1763 hostis
2537 1719 2716 1778 aptum
2743 1709 3074 1776 deceptionis
3101 1725 3213 1764 suae
3241 1721 3429 1765 nactus
3454 1713 3772 1782 articulum,

489 1810 562 1850 ex
595 1811 781 1852 amore
823 1797 917 1852 Dei
951 1797 1312 1869 lacrymarum
1352 1805 1700 1872 compunctio
1730 1803 1980 1874 proﬂuit,-
2020 1815 2077 1862 et

493 1903 682 1948 rursus
707 1903 804 1958 per
824 1889 1090 1960 lacrytnas
1113 1891 1178 1943 ad
1201 1906 1440 1961 amorem
1473 1894 1570 1948 Dei
1590 1909 1743 1949 mens
1766 1904 1948 1950 nostra
1970 1896 2078 1951 fer-

493 1978 710 2034 ventius
732 1979 1048 2035 inardescit.
1079 1980 1137 2035 ln
1163 1997 1266 2050 qua
1306 1991 1488 2038 autem
1521 1995 1703 2040 mente
1734 1987 1892 2056 hujus
1917 1986 2078 2040 alter.

495 2066 684 2123 uitat-is
699 2068 979 2138 reciproca
994 2071 1231 2126 varietas
1250 2074 1455 2144 agitur,
1472 2073 1540 2127 ab
1559 2074 1706 2128 omni
1717 2075 1902 2143 procul
1915 2075 2078 2130 dubio

495 2165 683 2214 reatus
724 2160 806 2214 sui
833 2159 1088 2230 squalore
1115 2172 1396 2232 purgatur.
1430 2164 1581 2220 Unde
1613 2165 1860 2222 illic'non
1892 2167 2078 2224 incon-

489 2263 624 2317 grue
644 2259 918 2321 postremo
938 2251 1184 2325 subiungi
1195 2264 1308 2310 tur:
1341 2272 1364 2307 ο
1390 2255 1692 2327 Appellavit
1713 2269 1892 2314 autem
1916 2260 2075 2331 303

491 2337 778 2398 Nohen‘ias
799 2342 943 2398 hunc
965 2343 1146 2399 locum
1169 2343 1448 2416 Nepbthar
1471 2387 1485 2411 ,
1511 2349 1654 2417 quo]
1692 2350 2080 2419 interpretatur

488 2431 817 2500 puri/Sentio.
852 2452 874 2485 ι
922 2433 1100 2490 Lom
1147 2434 1558 2505 itaque-noster
1608 2438 1696 2492 ubi
1745 2440 2076 2496 sacriﬁcium
2105 2443 2119 2466 ’

486 2526 715 2584 nitntur
740 2546 764 2583 τ·
788 2529 879 2583 ubi
908 2543 1067 2599 aqua)
1093 2538 1149 2584 et
1183 2529 1354 2600 ignis,
1380 2541 1440 2584 ut
1465 2532 1666 2586 dictum
1697 2541 1814 2596 est,
1837 2533 2077 2589 varietas

485 2619 822 2685 alternatur,
847 2619 1024 2674 ﬁdelis
1046 2630 1129 2676 est
1173 2620 1375 2675 anima.
1420 2621 1549 2688 Quae
1577 2622 1821 2692 profecto
1865 2628 1968 2678 non
1997 2624 2076 2678 in-

449 2771 453 2774 ,
489 2717 732 2781 congrue
757 2711 1068 2780 puriﬁcatio
1093 2713 1322 2776 dicitur;
1357 2714 1483 2782 quia
1507 2716 1633 2768 dum
1683 2729 1825 2768 nunc
1854 2716 2074 2785 superni

491 2803 697 2858 amris
734 2802 859 2871 igne
904 2801 1268 2872 decoquitur,
1308 2819 1452 2859 nnc
1496 2805 1719 2859 contriti
1758 2806 1939 2860 cordis
1984 2805 2082 2858 lle-

492 2891 646 2948 tibus
681 2892 1018 2958 mandatur,
1063 2893 1213 2947 velut
1271 2895 1497 2949 secundi
1541 2895 1797 2964 baptismi
1853 2895 2074 2950 ﬂuentis

494 2981 755 3035 abluitur.

567 3069 676 3126 Has
703 3080 887 3127 autem
927 3072 1336 3128 successionum
1383 3071 1769 3128 alternantium-
1803 3074 2071 3130 vicissitu-

491 3161 666 3228 dines,
695 3172 753 3220 et-
779 3165 1138 3220 mutationum
1169 3164 1537 3235 spiritualium
1580 3165 1872 3220 varietates
1907 3165 2080 3220 Isaias

493 3252 762 3324 profunde
791 3256 1142 3326 inspexerat,
1169 3271 1292 3310 cum
1337 3256 1588 3310 dicebat:
1642 3275 1660 3308 t
1707 3255 1962 3321 Orietur,
1997 3258 2076 3312 in-

490 3343 633 3413 quit,
665 3343 718 3399 in
750 3346 990 3402 tenebris
1020 3345 1109 3400 lux
1136 3356 1246 3410 tua,
1279 3355 1335 3402 et
1361 3347 1597 3400 tenebrae
1626 3356 1730 3402 nne
1759 3357 1919 3402 erunt
1939 3349 2081 3404 sicut

493 3433 778 3502 meridies;
813 3446 867 3491 et
915 3439 1154 3506 requiem
1206 3436 1355 3490 dabit
1389 3436 1482 3490 tibi
1532 3437 1792 3492 Dominus
1829 3453 2078 3506 semper,

492 3533 549 3578 et
575 3525 820 3594 implebit
859 3526 1237 3595 splendoribus
1265 3527 1504 3578 animam
1542 3535 1709 3590 tuam,
1739 3537 1794 3579 et
1833 3537 1957 3582 ossa
1990 3537 2078 3581 tua

497 3616 752 3671 liberabit
783 3615 940 3686 (luti.
973 3616 1144 3684 unt).
1189 3635 1207 3668 ›
1240 3615 1381 3670 Ecce
1405 3615 1542 3685 ignis
1572 3617 1623 3668 in
1654 3625 1814 3684 puteo
1842 3618 2079 3672 abscon-

493 3707 664 3764 ditus.
707 3706 816 3763 Sed
851 3707 975 3762 audi
1022 3709 1291 3776 quomodo
1341 3708 1483 3776 ignis
1525 3708 1614 3761 hic
1647 3717 1995 3762 convertatur
2023 3708 2077 3762 in

494 3813 726 3871 aquam;
757 3815 882 3854 nam
906 3801 1153 3870 protinus
1172 3799 1388 3852 subdit:
1422 3817 1440 3849 ι
1475 3799 1540 3850 Et
1567 3801 1678 3852 eris
1700 3799 1855 3866 quasi
1889 3799 2081 3852 hortus

494 3890 755 3962 irriguus,
770 3888 832 3946 et
853 3881 994 3944 sicut
1027 3888 1147 3943 fons
1181 3903 1464 3956 aquarum,
1499 3886 1654 3955 cujus
1683 3897 1788 3940 non
1827 3887 2081 3942 deficient

497 3995 654 4050 aqua:
672 3979 916 4052 (Ibid.).t
936 3978 1241 4042 Postremo,
1267 3989 1325 4032 ut
1353 3979 1589 4041 noveris,
1614 3978 1739 4047 quia
1763 3979 1876 4032 lucc
1896 3992 2082 4032 rursus

492 4085 634 4140 aqua
661 4071 714 4124 in
743 4070 919 4140 ignem
958 4071 1326 4135 convertitur,
1358 4079 1412 4124 et
1444 4086 1540 4139 per
1567 4069 1932 4141 lacrymarurn
1955 4085 2080 4139 gras

494 4159 628 4212 tiam
691 4159 858 4212 divini
915 4161 1119 4213 amoris
1171 4159 1337 4212 ardor
1397 4159 1700 4213 ferventius
1763 4161 2077 4222 excitatur,

494 4249 656 4318 paulo
706 4250 932 4305 inferius
960 4253 1204 4307 addidit:
1260 4271 1283 4303 r—
1326 4253 1477 4306 Tunc
1519 4253 1877 4308 delectaberis
1921 4269 2084 4322 super

2102 3033 2151 3096 ο

2183 1798 2288 1853 hoc
2338 1797 2454 1866 ejus
2498 1799 2675 1854 oculis
2716 1800 3024 1868 ingerebat,
3075 1801 3216 1869 qttod
3262 1802 3315 1854 in
3359 1803 3460 1858 hoc
3506 1805 3775 1873 opuseuio

2180 1890 2341 1961 paulo
2388 1891 2637 1958 superius
2681 1889 2958 1961 Sylvester
3009 1892 3123 1962 ipse
3171 1877 3564 1964 conscripserat
3607 1914 3620 1950 :
3675 1898 3772 1952 ubi

2179 1985 2377 2040 dicitur
2397 2025 2410 2049 ,
2443 1984 2568 2052 quia
2601 1983 2909 2038 dubitantes
2936 1997 3000 2039 ex
3044 1985 3258 2054 aliquo,
3292 1996 3469 2042 utrum
3511 1989 3622 2042 Deo
3649 1989 3772 2058 pla-

2180 2085 2300 2131 ceat
2330 2090 2502 2130 necne
2522 2116 2536 2140 ,
2586 2091 2856 2144 nunquam
2887 2076 3083 2131 melius
3107 2079 3483 2132 certitudincm
3520 2081 3774 2148 capimus

2179 2180 2343 2234 quam
2377 2181 2500 2219 cunt
2523 2167 2791 2220 veraciter
2815 2167 3176 2238 laerymantes
3208 2184 3450 2224 oramus.
3474 2169 3588 2223 Non
3616 2173 3768 2224 enim

2181 2255 2432 2320 attendit,
2463 2257 2604 2325 quod
2638 2257 2762 2311 huic
2802 2258 3065 2312 versiculo
3097 2259 3254 2327 paulo
3277 2271 3400 2314 ante
3427 2262 3768 2330 praemissum

2179 2353 2294 2406 est;
2327 2345 2449 2412 quia
2482 2344 2584 2397 illae
2616 2346 2875 2398 duntaxat
2917 2346 3192 2414 lacrynne,
3225 2362 3344 2416 qua}
3375 2365 3403 2401 a
3446 2349 3554 2403 Deo
3603 2357 3762 2411 sunt.

2180 2436 2539 2491 exauditionis
2583 2435 2745 2508 θοή
2775 2438 3010 2492 tribunal
3052 2439 3280 2502 adeunt;
3318 2453 3422 2493 non
3471 2440 3574 2494 illa:
3616 2449 3774 2496 certe

2178 2543 2298 2598 qute
2327 2542 2356 2580 a
2383 2527 2560 2582 callidi
2589 2529 2918 2582 insidiatoris
2954 2528 3236 2598 prtcstigiis
3262 2539 3648 2599 suggeruntur.

2252 2619 2362 2675 lloc
2392 2621 2556 2674 etiam
2595 2622 2875 2675 oscitando
2907 2622 3186 2690 przcteriit,
3228 2623 3370 2689 quod
3417 2622 3620 2676 dictum
3654 2631 3766 2688 est,

2180 2713 2451 2766 veraciter
2485 2711 2868 2782 lacrymantes.
2903 2712 3016 2765 Non
3053 2714 3195 2767 enim
3223 2713 3509 2776 veraciter,
3542 2715 3644 2768 sed
3668 2705 3768 2767 fai-

2183 2801 2376 2856 laciter
2403 2801 2755 2872 lacrymatur,
2787 2803 2870 2856 cui
2901 2817 2996 2871 per
3019 2805 3330 2857 mendacem
3361 2803 3430 2856 ab
3459 2803 3614 2858 initio
3647 2807 3767 2872 spi—

2182 2893 2346 2946 ritum
2385 2892 2551 2947 faisus
2595 2891 2752 2948 ﬂetus
2797 2893 3138 2947 immittitur:
3193 2905 3314 2947 nam
3356 2907 3457 2947 nec
3499 2894 3770 2950 dissimile

2181 2983 2323 3052 quod
2369 2993 2425 3036 et
2465 2982 2658 3038 beatus
2702 2997 2836 3053 papa
2881 2983 3172 3053 Gregorius
3214 2983 3266 3037 in
3315 2984 3425 3037 suis
3473 2981 3769 3037 Moralibus

2181 3074 2391 3138 scribit,
2422 3075 2647 3130 dicens:
2685 3093 2703 3126 ‹
2740 3074 2846 3129 Sed
2877 3075 3010 3138 hare,
3061 3075 3255 3144 inquit,
3300 3075 3448 3139 vitia,
3494 3088 3612 3144 qum
3661 3075 3770 3130 sub

2180 3165 2445 3219 virtutum
2485 3166 2665 3235 specie
2694 3166 2946 3233 antiquus
2973 3166 3142 3219 hostis
3168 3166 3420 3230 occultat,
3456 3164 3606 3218 valde
3636 3165 3772 3219 sub-

2180 3255 2348 3309 tiliter
2396 3272 2590 3310 manus
2635 3255 3064 3323 comp-unctionis
3117 3255 3406 3308 examinat.
3461 3253 3562 3319 Qui
3613 3253 3770 3306 enim

2179 3345 2448 3398 veraciter
2494 3345 2637 3397 intus
2686 3345 2827 3398 dolet
2871 3353 2999 3412 qum“
3036 3344 3240 3412 agenda
3290 3342 3460 3405 foris,
3504 3356 3623 3409 quae
3655 3355 3770 3394 non

2183 3436 2388 3505 agenda
2417 3435 2525 3489 sint
2574 3433 2786 3489 fortiter
2809 3434 3084 3504 praevidet.
3118 3432 3173 3487 Si
3205 3433 3348 3486 enim
3379 3445 3475 3486 nos
3505 3432 3584 3485 vis
3606 3444 3770 3485 com-

2181 3526 2490 3595 punctionis
2539 3525 2595 3577 in
2637 3525 2840 3578 intimis
2885 3523 3069 3586 afﬁcit,
3117 3523 3292 3576 omnis
3333 3537 3454 3575 mox
3503 3521 3774 3589 strepitus

2175 3629 2360 3684 pravm
2389 3615 2752 3684 suggestionis
2782 3614 3120 3668 obmutescit.
3168 3612 3232 3665 Et
3277 3613 3320 3666 si
3362 3625 3457 3666 cor
3495 3611 3773 3664 veraciter

2182 3705 2330 3759 intus
2355 3706 2456 3759 dolo
2481 3715 2518 3769 t,
2557 3704 2792 3772 linguam
2827 3716 3014 3757 contra
3043 3717 3140 3756 nos
3184 3689 3310 3754 vitia
3342 3717 3446 3754 non
3487 3701 3712 3753 habent.
3747 3717 3768 3750 ι

2181 3796 2321 3850 Ecce
2358 3796 2443 3849 hic
2477 3795 2795 3864 magnificus
2821 3796 3031 3854 doctor.
3055 3793 3140 3845 cui
3172 3801 3225 3846 et
3258 3791 3522 3844 fatuitatis
3561 3801 3775 3844 nostra:

2182 3889 2478 3943 concordat
2507 3887 2725 3956 ineptia,
2761 3902 2865 3939 non
2895 3886 2989 3947 ait,
3035 3884 3077 3939 si
3109 3900 3204 3938 cor
3230 3884 3375 3937 intus
3399 3881 3560 3945 dolet,
3592 3882 3691 3935 scd
3726 3882 3776 3936 si

2184 3994 2276 4033 cor
2303 3978 2571 4033 veraciter
2595 3979 2738 4030 intus
2769 3976 2930 4030 dolet.
2965 3974 3033 4030 Ut
3065 3984 3311 4043 patenter
3339 3973 3572 4026 insinuet
3599 3971 3776 4024 alium

2184 4083 2304 4124 esse
2328 4068 2590 4130 dolorem,
2625 4083 2734 4136 quo
2777 4082 2927 4119 meus
2955 4065 3212 4118 divinitus
3245 4062 3418 4117 afﬂatu
3449 4061 3778 4130 compungi—

2186 4171 2308 4225 tur;
2342 4161 2505 4213 alium
2533 4174 2645 4226 quo
2674 4174 2770 4226 per
2804 4155 3136 4209 insidiatoris
3167 4155 3404 4207 fraudem
3433 4152 3586 4220 quasi
3631 4166 3778 4204 con-

2186 4251 2295 4303 triti
2327 4250 2508 4304 cordis
2537 4249 2803 4317 lacrymas
2831 4246 3072 4298 imi-tatur
3100 4261 3113 4309 ;
3141 4245 3276 4297 alias
3314 4257 3434 4296 esse
3474 4241 3775 4311 lacrymas,

497 4340 728 4394 Domino
751 4379 768 4403 ,
817 4349 873 4394 et
911 4341 1188 4394 sustollam
1237 4352 1289 4395 te
1331 4357 1495 4410 super
1533 4341 1872 4394 altitudinem
1925 4350 2082 4395 terra:
2113 4384 2158 4442 ο
2187 4357 2323 4410 quas
2354 4340 2640 4426 rnendacli,
2671 4351 2726 4393 et
2760 4339 2962 4393 erroris
2994 4338 3214 4406 spiritus
3238 4335 3486 4400 simulat;
3517 4334 3651 4387 alias
3683 4349 3781 4387 au-

487 4427 707 4500 um).
745 4448 768 4481 ι

1080 4520 1307 4575 CAPUT
1345 4521 1484 4576 XIV.

602 4613 685 4670 De
707 4611 972 4684 Sylvratra
999 4613 1351 4685 lacrymarum
1379 4613 1720 4684 inundatione
1747 4615 1974 4681 decepto.

573 4707 692 4764 ﬂic'
717 4717 902 4762 autem
941 4707 1066 4777 quid
1097 4706 1252 4762 nobis
1288 4696 1820 4770 acciderit,'silentio
1856 4714 2079 4774 pra:ter-

497 4802 732 4858 eundum
759 4814 880 4855 esse
909 4813 1015 4854 non
1047 4800 1133 4852 dm
1153 4799 1309 4852 iuius.
1348 4781 1482 4853 Nam
1527 4799 1805 4866 hucusque
1834 4798 2080 4850 scriben-

497 4893 643 4948 tiius
668 4891 948 4946 Dominica
979 4891 1242 4946 festivitas
1285 4891 1597 4960 supervenit
1615 4931 1628 4954 ,
1653 4889 2081 4957 etztergentibuse

503 4993 609 5052 que
659 4983 894 5052 negotiis
938 4995 969 5036 a
1013 4984 1306 5052 scriptione
1353 4984 1558 5037 diutius
1605 4982 1937 5036 exteriorum
1983 4991 2082 5032 nos

504 5074 812 5130 sollicitudo
859 5060 1209 5143 compescuit:
1247 5071 1398 5128 Tunc
1440 5071 1762 5140 juvcnculus
1813 5069 2034 5138 quidam
2065 5107 2080 5130 ,

501 5161 782 5235 Sylvcster
807 5164 1042 5230 nomine,
1073 5164 1169 5233 qui
1197 5165 1311 5217 haec
1340 5177 1444 5217 non
1475 5161 1696 5230 quidem
1737 5174 1821 5212 me
1844 5160 2084 5213 dictante

495 5257 778 5312 scribebat
803 5296 822 5320 ,
865 5258 960 5310 sed
990 5265 1047 5308 ut
1086 5255 1248 5322 digne
1288 5269 1373 5306 me
1403 5254 1719 5322 praedicem,
1753 5249 1947 5304 tabulis
1985 5248 2084 5301 de-

505 5349 706 5418 scripta
757 5351 815 5404 in
864 5345 1150 5404 schedulas
1207 5345 1602 5408 transferebat,
1660 5352 1804 5398 tanta
1860 5341 2082 5411 maligni

505 5439 674 5496 hostis
703 5453 820 5497 arte
855 5441 1074 5500 delusus
1103 5447 1206 5506 est,
1248 5447 1305 5492 at
1335 5438 1386 5492 in
1415 5437 1684 5506 lacrymas
1717 5443 1936 5502 repente
1958 5446 2086 5503 pro-

512 5535 804 5599 rumperet,
829 5543 886 5587 et
909 5534 996 5587 vix
1026 5540 1183 5586 nocte
1219 5531 1300 5585 vel
1332 5530 1416 5584 die
1439 5539 1636 5598 prteter
1670 5527 1830 5581 horas
1852 5523 2085 5592 soporis,

510 5629 567 5674 et
597 5622 882 5690 cibi,scse
929 5643 958 5680 a
1003 5627 1360 5694 lacrymarum
1413 5618 1730 5677 inundantia
1779 5616 2083 5680 cohiberet;

2189 4442 2320 4494 tem,
2352 4415 2548 4498 quibus
2578 4430 2820 4482 veritatis
2867 4427 3099 4496 Spiritus
3131 4427 3431 4479 animarum
3461 4424 3780 4493 squalorem

2186 4532 2242 4578 et
2273 4523 2570 4591 rubiginem
2595 4530 2805 4590 purgat.

2263 4612 2330 4667 Ut
2376 4612 2540 4681 igitur
2577 4610 2644 4664 ad
2684 4611 2962 4665 relationis
3007 4609 3256 4664 ordinem
3300 4607 3609 4667 redeamus,
3643 4606 3780 4674 quia

2189 4703 2390 4758 dudum
2419 4703 2468 4756 in
2505 4701 2608 4754 alia
2634 4702 2919 4755 solitudine
2948 4701 3189 4754 habitare
3222 4699 3535 4768 permissus,
3569 4707 3783 4750 semet-

2188 4795 2362 4862 ipsum
2397 4793 2717 4845 temerarius
2755 4791 3006 4853 abscidit,
3038 4804 3135 4843 nec
3180 4804 3284 4842 non
3315 4797 3370 4841 et
3422 4787 3488 4840 ad
3516 4786 3619 4838 alia
3654 4785 3778 4839 loca

2186 4887 2534 4958 vagabundus
2561 4885 2760 4939 erravit
2789 4903 2800 4937 :
2839 4885 2925 4938 ille
2958 4885 3220 4937 duntaxat
3245 4881 3480 4935 conlisus
3510 4879 3561 4931 in
3596 4878 3778 4949 lacry-

2186 4978 2308 5039 mis,
2341 4976 2508 5046 :nquis
2537 4975 2779 5030 consiliis
2802 4974 3106 5028 nullatenus
3131 4971 3510 5040 acquiescehat
3529 4969 3786 5038 przebere

2188 5083 2511 5123 consensum
2546 5086 2557 5119 :
2599 5083 2697 5122 nec
2729 5082 2785 5121 se
2821 5066 3162 5134 aliquatenus
3192 5062 3363 5130 decipi
3397 5077 3553 5130 posse
3584 5059 3790 5114 crede--

2186 5159 2302 5224 bat,
2337 5174 2497 5227 quem
2531 5157 2841 5225 quotidiana
2873 5156 3215 5226 compunctio
3253 5153 3459 5207 crebris
3506 5151 3790 5221 lacrytna-

2191 5267 2310 5304 rum
2346 5249 2622 5318 prolluviis
2665 5249 2978 5302 inundabat.
3010 5249 3146 5313 Quid
3193 5243 3382 5316 plura?
3409 5257 3568 5297 ovum
3601 5252 3790 5304 certe,

2193 5344 2334 5410 quod
2357 5342 2500 5410 aspis
2523 5343 2574 5395 in
2601 5343 2832 5411 pectoris
2854 5343 2967 5409 ejus
2989 5342 3168 5394 nidulo
3190 5338 3526 5400 conferebat,
3553 5337 3789 5389 tandem

2194 5433 2514 5487 familiarem
2559 5435 2800 5502 prorupit
2853 5433 2903 5485 in
2957 5433 3141 5485 fctum.
3192 5430 3321 5483 Nam
3370 5428 3567 5482 librum
3615 5426 3794 5480 nobis

2197 5526 2482 5581 admodum
2509 5525 2752 5590 charum,
2797 5525 2979 5580 videre
3008 5524 3072 5577 ad
3108 5522 3376 5576 modicum
3406 5519 3577 5589 petiit,
3617 5516 3795 5583 cujus

2199 5625 2432 5686 quatuor
2459 5616 2523 5671 de
2564 5618 2739 5672 medio
2774 5616 2953 5670 furtim
3003 5614 3386 5684 (ptatcrnioncs
3429 5608 3691 5672 abscidit,
3728 5623 3798 5661 ac
