3996 6184
401 153 507 209 515

1233 159 1474 216 OPUSC.
1517 160 1652 218 Xlll.
1674 189 1746 202 —-
1777 159 1862 214 DE
1901 159 2377 220 PERFECTIONE
2411 163 2722 223 'MONACIL

3567 169 3670 224 διε

407 273 594 330 fibulas
623 273 690 327 ad
719 285 1036 328 mensuram
1056 277 1353 346 stringendi
1381 277 1606 342 codicis,
1633 291 1700 332 ne
1725 276 1829 332 tale
1855 276 1982 346 quid
2013 279 2066 335 Α
2091 289 2334 346 augetur,
2371 280 2478 334 noli
2511 281 2616 336 tuis
2653 283 2882 344 meritis,
2915 283 3032 336 sive
3063 283 3254 337 studiis
3275 299 3548 352 arrogare.
3579 291 3670 341 sed

401 365 841 431 suspicarentur,
899 365 1308 418 accuratissime
1364 367 1740 421 detruncat-it:
1794 367 1987 420 deinde

403 457 622 511 stimulo
665 457 1010 510 conscientiae
1053 459 1290 520 territus,
1323 473 1390 514 ne
1435 461 1784 528 compedibus
1812 461 1982 514 vinci-

403 556 572 608 retur,
603 561 716 616 prae
745 537 950 598 foribus
995 546 1199 600 cellulae
1230 557 1402 612 stans,
1446 549 1658 604 cultello
1686 549 1878 603 vulnus
1907 550 1986 602 in-

403 635 584 706 ﬂigere
615 635 698 690 vel
741 635 862 696 sibi,
911 637 994 706 vel
1023 637 1166 701 aliis,
1206 639 1250 691 si
1295 640 1416 706 quis
1459 654 1578 692 eum
1626 640 1982 708 contingeret,

405 725 734 778 minabatur.
771 724 922 778 Tunc
947 725 1147 794 liquido
1175 729 1350 796 patuit
1378 729 1680 799 hujusmodi
1713 730 1985 798 lacrymas

403 829 507 868 non
536 815 601 867 de
627 814 834 868 cmlesti
869 831 992 868 rore
1034 817 1508 884 descendere,,sed
1543 835 1605 874 ex
1644 821 1834 876 tartari
1867 837 1986 876 sen-

403 905 510 960 tina
559 903 681 960 sine
714 906 876 960 dubio
919 908 1207 978 scaturire.
1249 909 1360 964 Hoc
1391 922 1594 976 autem,
1630 913 1822 966 fratres
1857 911 1983 977 mei,

403 995 554 1049 vobis
581 1011 806 1050 narrare
827 997 1158 1063 curavimus,
1191 1015 1296 1054 non
1322 1011 1384 1054 ut
1411 1001 1774 1070 delinquentis
1799 1002 1986 1056 fratris

403 1099 794 1154 exaggeremus
821 1084 1118 1149 infamiam,
1147 1087 1238 1141 sed
1271 1096 1323 1141 ut
1368 1104 1463 1143 vos
1508 1100 1812 1159 suspectam
1845 1106 1985 1144 sem-

404 1185 501 1240 per
543 1171 596 1224 in
631 1172 764 1240 ipsis
793 1172 956 1226 etiam
987 1173 1142 1228 bonis
1173 1176 1439 1232 studentis
1466 1178 1667 1232 habere
1696 1180 1982 1234 cautelam.

1006 1263 1234 1328 CAPUT
1275 1267 1388 1322 XV.

474 1351 552 1405 De
579 1351 799 1406 diuersis
825 1353 1004 1423 ofﬁciis
1041 1341 1345 1410 monasterii
1361 1374 1381 1421 ;
1415 1360 1582 1426 primo
1609 1359 1674 1412 de
1709 1359 1912 1414 abbate.

475 1441 632 1499 Libet
661 1445 746 1500 hic
771 1446 984 1501 diversa
1018 1449 1332 1502 monasterii
1363 1449 1536 1504 cilicia
1563 1452 1840 1505 succincte
1863 1465 1986 1520 per-

408 1535 704 1608 stringere,
759 1546 813 1592 et
859 1539 988 1607 quid
1042 1539 1572 1596 administratoribus
1623 1556 1811 1596 eorum
1863 1542 1986 1610 qui-

2087 369 2366 424 bencliciis
2391 371 2654 426 duntaxat
2701 373 2900 426 divinis
2946 373 3176 427 ascribe.
3231 375 3439 428 Revoca
3492 377 3673 446 itaque

2073 467 2208 510 ante
2229 460 2414 514 oculos
2439 472 2698 530 tempora,
2731 465 2946 531 quando
2971 464 3210 532 privatus
3237 481 3380 530 eras,
3398 475 3452 520 ct
3476 469 3670 532 recole,

2087 550 2210 616 quia
2251 551 2343 602 tibi
2377 551 2688 606 nullatenus
2719 552 2822 606 ista
2851 565 3235 621 provenerant.

2155 642 2376 694 Constat
2423 657 2554 710 ergo
2592 645 2716 711 quia
2751 659 2854 696 non
2889 645 3006 708 tibi,
3042 647 3134 698 sed
3163 645 3364 704 Christi
3396 648 3668 703 confertur

2086 731 2356 794 Ecclesim,
2387 735 2528 801 quod
2561 743 2614 786 tu
2665 734 2783 787 sine
2825 735 2916 788 illo
2965 736 3178 805 assequi
3207 739 3519 806 nequivisti.
3555 739 3670 793 Non

2087 837 2330 876 mensam
2363 822 2592 876 fratrum
2623 831 2940 879 cmnaturus
2963 827 3280 891 exhorreas,
3325 843 3433 903 non
3461 838 3510 882 te
3541 845 3674 884 con-

2087 914 2226 966 vivia
2266 914 2474 982 privata
2510 915 2819 970 delectent:
2859 925 3060 970 etcum
3099 918 3293 986 quibus
3339 919 3430 972 tibi
3465 927 3549 973 est
3589 917 3673 973 al-

2090 1007 2221 1060 taris
2267 1023 2452 1061 mensa
2497 1009 2823 1074 communis,
2869 1025 2974 1064 non
3015 995 3264 1080 indignos
3307 1011 3536 1080 judiccs.
3580 1010 3672 1078 qui

2091 1095 2182 1149 tibi
2207 1097 2532 1166 participem
2560 1099 2722 1152 etiam
2751 1099 2803 1152 in
2841 1099 3212 1169 corporalibus
3239 1099 3526 1154 alimentis.
3553 1098 3670 1153 Non

2089 1187 2252 1254 igitur
2278 1187 2638 1256 suspicionem
2671 1189 2879 1258 private
2922 1191 3195 1246 vescentis
3227 1191 3472 1246 absentia
3509 1205 3670 1262 gene-

2091 1285 2192 1338 ret,
2227 1275 2367 1330 uude
2393 1277 2458 1328 ad
2507 1277 2804 1344 perniciem
2837 1280 3326 1346 murmurantium,
3357 1281 3470 1334 sive
3496 1281 3675 1334 detra-

2089 1369 2332 1422 hentium
2375 1378 2462 1423 tua
2491 1384 2708 1439 quoque
2751 1369 2893 1423 fama
2947 1371 3174 1426 laboret.
3205 1371 3314 1426 Nec
3347 1385 3674 1441 magnopere

2089 1473 2246 1512 cures
2275 1473 2436 1527 quam
2462 1459 2760 1527 pretiosum
2807 1461 2878 1514 sit
2913 1461 3054 1528 quod
3099 1461 3350 1515 latrinam
3381 1459 3672 1529 compleat,

2088 1549 2182 1600 sed
2221 1548 2272 1601 id
2307 1548 2486 1616 potius
2515 1549 2658 1602 unde
2701 1547 2939 1602 fraterna
2969 1549 3209 1603 charitas
3251 1550 3303 1602 in
3340 1548 3556 1602 Christo
3579 1562 3676 1616 per

409 1625 612 1696 bus‘que
657 1642 876 1682 servare
927 1629 1234 1693 conveniat,
1285 1641 1659 1686 summotenus
1709 1633 1982 1701 expedire.
2017 1617 2062 1676 Β
2090 1637 2292 1691 amoris
2322 1637 2492 1690 mutui
2525 1637 2792 1704 glutinum
2825 1636 3109 1692 coalescat.

407 1719 462 1773 In
491 1721 681 1790 primis
714 1721 896 1791 igitur,
932 1737 964 1776 ο
1001 1723 1330 1777 venerabilis
1376 1725 1537 1789 abba,
1587 1723 1672 1778 fac
1705 1725 1816 1793 ipse
1845 1725 1987 1792 quod

406 1809 676 1879 praecipis,
698 1825 892 1865 exerce
914 1811 1052 1879 quod
1075 1812 1354 1880 prtedicas,
1381 1813 1540 1881 imple
1562 1814 1703 1882 quod
1730 1813 1980 1878 mandas;

405 1915 510 1954 non
539 1899 652 1953 vita
687 1901 957 1955 discordet
999 1917 1028 1956 a
1063 1902 1264 1973 lingua,
1297 1919 1403 1958 non
1432 1919 1594 1971 opera
1638 1904 1925 1958 videantur
1953 1919 1984 1957 a

405 2004 656 2045 scrmone
725 1991 996 2056 discreta,
1057 2009 1158 2048 nec
1224 1993 1368 2048 aliud
1435 1995 1625 2048 doceat
1692 1993 1985 2048 auctoritas

403 2081 774 2151 prasidenlis,
841 2083 986 2138 aliud
1050 2086 1303 2140 exhibeat
1357 2087 1602 2156 operatio
1662 2101 1987 2142 conversan-

404 2171 493 2225 tis.
537 2169 686 2226 Raro
725 2183 900 2226 autem
946 2189 1330 2243 progressurus
1367 2177 1644 2245 egredere,
1693 2185 1753 2230 ut
1800 2193 1984 2232 semen

403 2260 575 2326 verbi,
603 2261 762 2332 305
791 2263 932 2331 quod
964 2279 1258 2334 sparseras,
1286 2263 1488 2335 jugiter
1528 2267 1710 2321 valeas
1738 2265 1986 2322 excolen-

403 2351 472 2406 do
499 2351 701 2423 rigare.
731 2351 844 2407 Non
873 2355 1058 2424 itaque
1087 2356 1351 2426 hospitem
1413 2369 1464 2411 te
1510 2359 1822 2413 monasterii
1877 2357 1988 2413 fre-

403 2456 580 2511 quens
621 2443 900 2498 discursus
938 2445 1222 2509 exhibeat,
1254 2447 1344 2501 sed
1389 2448 1744 2502 habitatorem
1785 2449 1982 2517 potius,

403 2548 566 2608 atque
627 2541 983 2596 domesticum
1048 2544 1374 2598 diuturnitas
1427 2561 1656 2600 morosae
1703 2548 1986 2615 gravitatis

403 2629 672 2682 ostendat.
699 2629 1052 2686 Commendet
1099 2632 1276 2688 inedia
1320 2633 1523 2704 jejunia
1569 2635 1984 2704 prmdicantem,

399 2715 506 2772 nec
560 2719 828 2789 loquentis
883 2724 1178 2778 sententias
1236 2725 1572 2782 comedentis
1636 2728 1818 2781 fauces
1887 2727 1990 2780 im-

405 2817 660 2878 pugnent.
695 2811 883 2866 Melius
937 2827 1128 2883 nempe
1182 2816 1532 2870 sobrietatem
1581 2817 1738 2872 docet
1764 2831 1984 2880 manus,

408 2915 526 2952 cum
560 2901 628 2954 ad
652 2917 714 2956 os
739 2903 839 2958 sub
861 2905 1228 2962 moderamine
1257 2909 1490 2972 ducitur,
1509 2921 1670 2977 quam
1701 2910 1744 2963 si
1771 2923 1988 2964 vescen—
2016 2954 2056 2977 ,η

409 2988 475 3044 tis
519 2991 700 3060 lingua
733 2993 1000 3062 loquatur.
1033 2995 1202 3050 Porro
1231 2997 1404 3052 vivida
1429 2997 1590 3061 satis,
1627 3008 1681 3052 et
1717 2997 1904 3054 eiiicax
1931 2999 1984 3052 in

407 3082 796 3152 discipulorum
843 3087 1112 3142 mentibus
1159 3090 1470 3157 praedicatio
1500 3097 1626 3144 est:
1679 3089 1768 3143 alii
1817 3105 1877 3144 os
1921 3090 1988 3143 ad

407 3180 626 3228 mensas
651 3173 944 3242 impellere,
973 3177 1332 3246 impellentem
1366 3195 1494 3234 vero
1521 3181 1570 3234 in
1611 3182 1786 3250 rigore
1798 3181 1988 3250 ieiunii

407 3280 747 3334 permanere.
789 3267 882 3324 Sic
914 3270 1120 3326 intenta
1166 3273 1602 3342 delinquentibus
1641 3275 1896 3340 ferulam,
1931 3286 1991 3332 ut

409 3358 462 3412 in
511 3367 567 3414 te
611 3367 821 3415 notum
852 3361 1144 3418 iracundia:
1191 3364 1290 3418 sub
1335 3365 1504 3434 rigida
1539 3367 1794 3421 cohibens
1824 3367 1988 3421 disci-

407 3447 576 3518 plina.

477 3545 700 3600 Interim
731 3563 862 3602 vero
894 3549 1018 3603 dum
1051 3549 1294 3614 minaris,
1325 3549 1450 3603 dum
1478 3549 1780 3604 terroribus
1810 3549 1992 3619 culpa-

409 3635 567 3691 bilem
607 3638 878 3703 concutis,
907 3639 958 3693 in
1003 3640 1342 3709 temetipsum
1387 3639 1572 3694 oculos
1614 3653 1828 3704 revoca,
1881 3655 1993 3692 mo-

413 3725 538 3779 dum
585 3725 836 3782 hnmana:
891 3727 1203 3797 fragilitatis
1250 3730 1499 3795 attende,
1545 3740 1600 3783 et
1649 3729 1988 3797 temetipsum

411 3815 608 3885 corripi
638 3831 816 3885 posse,
845 3818 889 3872 si
917 3833 1114 3874 censor
1134 3821 1366 3884 adesset,
1395 3819 1666 3874 subtiliter
1687 3820 1988 3872 meditare:

415 3919 513 3959 nec
562 3906 798 3970 mireris,
831 3908 874 3962 si
928 3908 1202 3978 subjectus
1249 3909 1516 3978 quispiam
1549 3907 1686 3964 forte
1723 3917 1992 3978 transgre-

415 3995 566 4049 diens
587 4005 782 4050 cuncta
808 3995 1070 4064 jussionis
1093 4007 1196 4051 tuae
1221 3999 1474 4052 mandata
1491 4015 1594 4052 non
1613 3999 1847 4068 impleat,
1869 4013 1990 4053 cum

419 4092 563 4139 tanta
586 4085 658 4140 sit
687 4087 1014 4142 conditionis
1037 4089 1284 4142 humana:
1315 4087 1670 4158 fragilitas,ut
1696 4089 1804 4157 ipsa
1828 4089 1989 4142 etiam

416 4178 658 4246 corporis
712 4179 786 4232 tui
842 4183 1082 4235 membra
1134 4196 1358 4250 prorsus
1405 4180 1458 4234 in
1504 4181 1754 4236 omnibus
1786 4181 1994 4236 timibet

2157 1729 2274 1783 Noli
2325 1729 2636 1783 monasterii
2696 1731 2836 1784 bona
2897 1729 3202 1799 prodigere,
3258 1741 3357 1780 nec
3397 1725 3673 1796 popularis

2086 1834 2230 1872 θυι-ξιξ
2258 1817 2500 1872 favorem
2541 1819 2820 1888 proprium
2855 1819 2922 1873 de
2972 1817 3244 1872 communi
3277 1816 3410 1870 velis
3439 1815 3676 1870 utilitate

2085 1921 2322 1978 captare.
2354 1909 2410 1964 Si
2433 1911 2576 1964 enim
2607 1909 3058 1978 credimus,quod
3090 1908 3375 1963 ditanlium
3405 1907 3675 1962 Ecclesias

2085 2011 2308 2072 peccata
2343 2002 2998 2072 solvunturkcredendum
3029 2011 3111 2056 est
3134 2001 3296 2055 etiam
3337 1999 3520 2069 procul
3572 1999 3672 2051 du-

2084 2096 2194 2162 bio,
2219 2096 2350 2164 quia
2368 2096 2690 2160 minuentes,
2713 2103 2769 2150 et
2788 2093 3150 2162 dilapidantes
3176 2105 3269 2146 eas
3295 2091 3474 2160 gravis
3499 2089 3672 2144 sacri-

2087 2186 2208 2257 legii
2241 2186 2471 2242 vinculis
2513 2187 2893 2248 innectuntur;
2927 2191 2980 2237 et
3005 2183 3130 2238 inde
3155 2190 3284 2237 sunt
3309 2183 3396 2236 isti
3429 2179 3670 2250 peccatis

2083 2279 2327 2342 obnoxii,
2359 2279 2502 2332 unde
2547 2277 2890 2347 reperiuntur
2940 2275 3015 2329 illi
3061 2284 3402 2345 peccatorum
3445 2271 3674 2326 nexibus

2087 2371 2338 2424 absoluti.
2369 2369 2514 2424 Cave
2564 2370 2686 2438 dum
2735 2367 3038 2438 parentium
3095 2366 3315 2435 stipat-is
3373 2364 3670 2432 obsequiis,

2085 2459 2249 2529 306
2277 2460 2402 2512 dum
2454 2435 2631 2511 verbis
2678 2457 3068 2512 assentantium
3117 2455 3356 2509 suaviter
3391 2453 3668 2516 deliniris,

2087 2565 2184 2616 ne,
2215 2549 2357 2618 quod
2389 2547 2559 2612 absit,
2595 2548 2708 2616 ipsa
2751 2547 2804 2600 in
2831 2555 3010 2600 mente
3041 2554 3124 2598 tua
3158 2541 3429 2614 praelatio,
3461 2541 3544 2595 vel
3579 2541 3672 2597 im-

2085 2651 2251 2707 pensa
2305 2635 2608 2689 reverentia
2654 2635 3009 2698 lenocinetur,
3057 2643 3111 2687 et
3145 2632 3300 2701 quasi
3352 2632 3543 2701 dignus
3573 2631 3670 2696 sis,

2086 2727 2176 2796 qui
2229 2726 2296 2779 ad
2343 2726 2444 2779 ista
2503 2724 2851 2791 perveneris,
2886 2723 3024 2776 male
3063 2721 3372 2776 demulcens
3419 2719 3674 2790 cogitatio

2086 2816 2414 2871 blandiatur.
2447 2815 2892 2884 Villicus-quippe
2921 2821 3123 2884 quanto
3157 2811 3210 2865 in
3245 2812 3531 2866 commissa
3561 2811 3672 2863 lar-

2090 2907 2224 2975 giori
2255 2907 2598 2976 possessione
2624 2905 2855 2968 beatior,
2887 2911 3035 2957 tanto
3065 2913 3150 2956 cst
3199 2901 3253 2955 in
3279 2899 3549 2956 reddenda
3587 2915 3675 2952 ra-

2095 3001 2238 3054 tione
2271 3000 2548 3063 miserior;
2585 3005 2840 3066 tantoque
2893 2996 3050 3050 debet
3091 2993 3242 3064 plura
3287 3007 3410 3047 cum
3465 2991 3673 3055 reddit,

2089 3101 2294 3162 quanto
2323 3092 2586 3162 gloriatur
2614 3088 2874 3158 ampliora
2900 3103 3022 3141 cum
3048 3087 3262 3155 accipit.
3286 3083 3454 3138 Planc
3477 3084 3675 3136 timen-

2089 3183 2213 3236 dum
2236 3189 2319 3252 est
2357 3181 2512 3234 valde
2556 3177 2697 3248 quod
2739 3177 2936 3232 dicitur
2959 3176 3038 3244 (S.
3071 3175 3199 3230 Ben.
3231 3174 3444 3244 Regul.,
3474 3189 3522 3227 c.
3559 3173 3594 3226 2
3623 3180 3678 3226 et

2089 3271 2182 3338 64)
2208 3289 2222 3323 :
2250 3289 2266 3321 ι
2303 3270 2438 3337 Quia
2491 3270 2558 3324 de
2607 3267 2856 3322 omnibus
2891 3265 2992 3318 sibi
3049 3263 3354 3319 commissis
3393 3261 3678 3314 animabus

2093 3363 2354 3416 rationem
2389 3359 2697 3414 redditurus
2721 3365 2803 3410 est
2833 3356 3022 3421 abbas,
3055 3355 3234 3410 addita
3269 3361 3324 3407 et
3347 3367 3458 3406 suae
3483 3350 3679 3404 animae

2089 3457 2318 3511 ratione.
2351 3473 2370 3506 ι
2394 3432 2904 3518 Ρθηεειιιιιςῖιιιιιιιθ
2938 3456 3142 3518 quanto
3170 3461 3316 3500 nunc
3341 3442 3587 3512 expedit,
3617 3449 3679 3494 ut

2091 3547 2160 3600 sit
2203 3547 2397 3599 timore
2435 3543 2788 3613 perterritus,
2817 3540 2907 3610 qui
2939 3539 2991 3592 in
3025 3536 3302 3593 tremendo
3331 3536 3581 3590 examine
3611 3530 3678 3585 ad

2091 3637 2172 3691 sui
2204 3636 2594 3690 discussionem
2645 3635 2787 3686 venit
2819 3632 3010 3686 alienis
3039 3632 3148 3703 jam
3195 3628 3496 3684 ratiociniis
3549 3625 3678 3679 fati-

2091 3735 2276 3797 gatus;
2312 3725 2404 3780 sed
2435 3725 2556 3794 quia
2597 3725 2802 3778 doctori
2837 3724 3008 3793 magis
3056 3723 3356 3776 docendum
3383 3727 3484 3783 est,
3513 3730 3678 3786 quam

2091 3815 2428 3877 discendum,
2470 3815 2583 3867 haec
2617 3813 2692 3866 illi
2735 3828 2902 3880 pauca
2948 3811 3252 3874 sufﬁciant,
3290 3809 3380 3878 qui
3411 3810 3535 3862 dum
3579 3819 3678 3860 sua

2093 3907 2419 3964 constitutus
2448 3906 2519 3960 sit
2547 3905 2753 3967 dicere,
2785 3903 2962 3957 aliena
2991 3904 3132 3956 forte
3167 3901 3372 3956 fastidit
3397 3899 3602 3952 audire.

2680 3993 2906 4048 CAPUT
2945 3993 3078 4047 XVI.

2563 4083 2640 4137 De
2667 4084 2842 4153 priore
2875 4083 3198 4137 monasterii.

2161 4177 2320 4232 Prior
2357 4186 2536 4231 autem
2571 4176 2886 4229 monasterii
2937 4177 3038 4229 hoc
3078 4175 3236 4229 modo
3273 4172 3356 4228 sui
3404 4172 3678 4242 prioratus

411 4267 788 4338 Dblcm‘perare
816 4285 920 4324 non
951 4247 1178 4340 possint.
1214 4269 1284 4323 Ut
1325 4277 1502 4323 autem
1535 4271 1678 4336 quod
1725 4269 1984 4334 dicimus,
2017 4297 2065 4355 ο
2093 4270 2324 4326 officium
2350 4271 2560 4322 naviter
2589 4266 2957 4332 administrat,
2983 4267 3027 4334 si
3059 4269 3124 4320 ab
3156 4266 3367 4320 abbatis
3389 4265 3472 4318 sui
3493 4247 3680 4318 volun-

412 4360 692 4415 evidenter
725 4361 929 4416 eluceat
961 4401 976 4426 ,
1007 4363 1236 4431 praecipe
1263 4360 1434 4416 oculis
1459 4362 1583 4426 tuis,
1607 4371 1666 4416 ut
1693 4362 1773 4416 eis
1804 4363 1989 4415 acedia

415 4465 518 4504 non
563 4451 818 4520 obrepat;
871 4454 1052 4517 cordi,
1102 4463 1162 4506 ut
1194 4453 1582 4522 cegitationum
1613 4453 1989 4519 phantasmata

413 4555 518 4598 non
542 4543 796 4608 amittat;
851 4543 1026 4598 indica
1059 4543 1382 4614 genitalibus
1413 4543 1726 4612 pudicitiam
1756 4583 1770 4606 ,
1801 4551 1854 4595 ut
1898 4543 1994 4594 ali-

413 4631 628 4698 quando
653 4631 924 4686 incentiva
951 4633 1176 4687 luxuriae
1205 4648 1312 4686 non
1353 4633 1600 4698 titillent;
1631 4631 1769 4702 gulae
1788 4632 1994 4686 sobrie-

414 4729 598 4783 tatem,
629 4729 689 4775 ut
714 4721 966 4776 alimenta
989 4723 1346 4778 esculentiora
1377 4739 1482 4778 non
1515 4725 1753 4792 pruriat;
1787 4731 1992 4790 postre-

416 4825 502 4864 mo
537 4811 638 4866 toti
677 4811 840 4866 simul
874 4812 1130 4880 corpori,
1169 4821 1228 4866 u-t
1275 4812 1478 4889 morbis
1512 4811 1846 4866 irruentibus
1886 4825 1990 4865 non

415 4910 678 4972 patescat.
702 4904 908 4959 Etcum
938 4905 1140 4974 liquido
1168 4905 1480 4975 probaveris
1519 4906 1633 4959 haec
1656 4919 1687 4959 a
1713 4905 1992 4973 temetipso

413 4993 627 5063 exigere
649 4993 828 5056 ﬁdem,
854 4995 950 5050 sed
974 4995 1188 5065 penitus
1217 4996 1508 5066 impetrare
1534 5011 1638 5050 non
1669 5009 1846 5064 posse,
1865 4993 1992 5064 quid

417 5084 608 5138 mirum
639 5085 688 5138 si
711 5085 762 5138 in
787 5085 892 5152 his,
917 5087 1006 5154 qui
1040 5102 1070 5139 a
1099 5097 1149 5141 te
1183 5088 1430 5156 personis
1449 5095 1502 5139 et
1529 5087 1768 5140 moribus
1791 5087 1995 5155 disjun-

417 5181 482 5234 cti
511 5189 658 5242 sunt,
699 5181 990 5250 perfectam
1016 5184 1068 5236 in
1097 5183 1347 5244 omnibus
1371 5198 1604 5250 nequeas
1631 5183 1992 5237 obedientiam

419 5272 692 5341 reperire?
743 5271 910 5326 Plane
962 5272 1006 5326 si
1051 5272 1162 5326 haec
1212 5273 1265 5326 in
1319 5281 1370 5326 te
1411 5274 1596 5328 solerti
1649 5274 1994 5328 meditatione

417 5363 744 5428 consideres,
773 5364 1022 5418 fraterna:
1055 5379 1268 5432 quoque
1303 5365 1683 5420 imbecillitatis
1712 5379 1992 5420 excessum

417 5451 794 5518 aquanimiter
852 5450 1012 5506 feres.
1043 5451 1099 5506 Si
1130 5453 1256 5520 quid
1287 5452 1426 5508 forte
1454 5455 1760 5523 patrimonii
1791 5457 1994 5510 latioris

424 5544 733 5607 accesserit,
758 5543 800 5599 si
827 5553 1110 5615 suppetere
1139 5547 1293 5614 copia
1326 5549 1587 5616 cernitur,
1613 5549 1653 5603 si
1683 5549 1774 5605 Dei
1805 5551 1994 5606 domus

2091 4372 2202 4417 tate
2255 4379 2358 4415 non
2412 4362 2711 4428 discrepat,
2759 4359 2804 4413 si
2860 4359 3100 4413 omnium
3156 4357 3384 4411 fratrum
3446 4357 3678 4420 animos,

2091 4461 2352 4520 quantum
2381 4451 2434 4504 in
2467 4465 2524 4504 se
2559 4459 2661 4512 est,
2698 4450 2750 4501 in
2778 4448 3020 4516 ejusdem
3052 4448 3266 4501 abbatis
3305 4447 3515 4501 sincera
3546 4445 3682 4500 dile-

2093 4544 2272 4596 ctione
2322 4542 2624 4595 conlirmat.
2662 4540 2860 4609 Joseph
2910 4555 3101 4607 nempe
3151 4539 3304 4593 herili
3363 4539 3688 4608 praepositus

2094 4632 2274 4686 domui
2301 4631 2455 4700 (Gen.
2494 4630 2705 4700 xxxrx),
2757 4631 2931 4685 noluit
2966 4631 3034 4682 ad
3063 4629 3310 4682 ultimum
3342 4629 3530 4682 aiiente
3553 4643 3680 4682 con-

2089 4727 2234 4798 jugis
2265 4726 2318 4778 in
2360 4741 2419 4779 se
2447 4723 2772 4779 desiderium
2803 4723 3056 4785 trahere,
3090 4723 3182 4774 sed
3235 4721 3288 4772 in
3336 4735 3520 4774 amore
3573 4719 3678 4774 viri

2095 4817 2297 4887 proprii
2325 4815 2506 4869 docuit
2529 4827 2861 4883 permanere.
2893 4809 3098 4865 Nobilis
3121 4819 3171 4865 et
3193 4809 3278 4863 ille
3305 4825 3494 4864 servus
3515 4809 3682 4865 Abra-

2095 4911 2242 4972 ham,
2291 4913 2350 4960 ut
2406 4920 2627 4959 uxorem
2685 4903 2904 4975 domino
2954 4918 3052 4958 suo
3103 4905 3316 4956 sincera
3358 4900 3460 4956 ﬁde
3499 4900 3680 4971 provi-

2097 5001 2222 5055 deat
2245 4998 2396 5070 (Gen.
2431 4999 2601 5070 xxiv),
2633 5012 2793 5053 omne
2825 4989 2902 5050 vir
2925 5005 3178 5051 strenuus
3204 4996 3458 5064 impensa:
3487 4993 3679 5046 huma-

2097 5092 2282 5146 nitatis
2333 5089 2563 5146 ollicitun
2597 5089 2771 5144 calcat
2800 5107 2812 5143 :
2847 5088 3048 5143 laboris
3083 5089 3162 5142 sui
3195 5086 3420 5150 scilicet,
3453 5101 3517 5137 ac
3546 5083 3678 5137 tanti

2097 5183 2307 5238 itineris
2353 5182 2710 5246 obliviscitur,
2764 5191 2822 5235 ut
2875 5181 2974 5236 soli
3041 5180 3258 5235 domino
3315 5192 3413 5242 suo
3453 5174 3678 5241 militet,

2098 5275 2358 5345 quidquid
2383 5275 2797 5343 iuexpeditionc
2819 5275 3024 5341 positus
3055 5279 3326 5340 operatur.
3361 5267 3512 5322 Sicut
3533 5266 3678 5321 enim

2098 5369 2263 5423 abbas
2301 5383 2396 5438 per
2425 5382 2583 5422 omne
2612 5367 2751 5436 quod
2791 5367 2901 5437 agit
2930 5365 2996 5420 ad
3025 5379 3262 5418 amorem
3289 5361 3488 5417 Christi
3520 5353 3677 5414 debet

2100 5462 2236 5516 ﬁlios
2261 5477 2590 5532 provocare;
2621 5460 2690 5514 ita
2718 5460 2880 5514 ctiam
2904 5458 3051 5525 prior
3079 5471 3144 5510 ne
3173 5472 3276 5526 qua
3295 5495 3308 5518 ,
3339 5456 3482 5526 quod
3513 5455 3676 5517 absit,

2100 5553 2360 5626 zt‘lotypia
2389 5559 2693 5623 generetur,
2733 5549 2784 5602 in
2816 5547 3103 5602 dilectione
3129 5545 3342 5601 abbatis
3372 5544 3454 5600 sui
3481 5541 3680 5599 fratres
