3996 6184
282 232 388 287 315

747 230 805 287 S.
836 232 1038 288 PETRI
1068 229 1350 285 DAMIANI
1388 228 1538 286 OPP.
1570 227 1806 285 TOMUS
1846 227 1974 283 SEU
2016 226 2193 282 PARS
2232 226 2313 280 III.
2342 256 2410 265 --
2437 224 2803 281 OPUSCULA
2842 224 3071 281 VARIA.

3427 225 3531 281 3I6

281 342 843 399 studentunanimiter
871 342 1176 395 confovere.
1202 339 1318 395 Non
1364 340 1544 408 itaque
1589 340 1734 393 circa
1764 339 1854 391 de-
1889 347 1936 402 Α
1964 337 2099 399 veri,
2149 350 2270 389 cum
2310 334 2562 389 videlicet
2608 342 2789 388 castra
2829 334 2896 386 ad
2937 333 3198 405 bellorum
3241 347 3537 388 noscantur

280 432 632 500 linquendum
665 432 848 498 culpas
893 446 950 485 se
995 431 1249 484 exhibeat
1288 430 1494 490 mitem,
1526 438 1583 483 ut
1608 431 1856 484 abbatem

283 523 445 574 faciat
468 536 723 589 apparere
753 520 1057 582 crudelem;
1089 519 1181 573 sed
1213 520 1291 572 sic
1324 518 1413 572 illo
1438 521 1663 573 absente
1693 534 1858 587 prava

283 625 507 677 qumque
538 609 844 678 redarguat,
874 618 930 660 ιιι
960 608 1002 659 is
1028 607 1366 676 postmodum
1398 607 1609 661 rediens
1638 606 1781 659 velut
1807 607 1859 660 in

286 698 559 765 tranquilli
604 708 790 765 portus
836 699 978 759 sitm,
1030 696 1190 749 sicin
1230 695 1589 765 spiritualium
1634 694 1861 748 fratrum

278 787 685 855 jucundantium
722 789 903 841 laetitia
929 789 1251 855 requiescat.

357 874 557 927 Teneat
585 875 742 943 igitur
772 876 995 942 rigidam
1029 875 1080 926 in
1106 874 1480 928 excedentium
1526 874 1866 943 correptione

284 980 585 1026 censuram,
620 980 716 1017 nec
740 965 974 1031 patiatur
1008 965 1146 1031 apud
1177 977 1233 1016 se
1263 972 1576 1017 consuetam
1608 964 1869 1034 regularis

282 1054 542 1123 propositi
576 1062 847 1121 tepescere
877 1053 1235 1122 disciplinam.
1269 1053 1360 1106 Ille
1402 1054 1472 1107 sit
1502 1053 1567 1107 ad
1600 1052 1867 1120 justitiam

284 1145 507 1213 rigidus,
536 1154 593 1197 ut
616 1145 780 1198 abbas
801 1143 968 1197 videri
995 1143 1166 1196 valeat
1194 1143 1244 1195 in
1272 1143 1683 1197 mansuetudine
1712 1144 1865 1212 pius;

286 1233 377 1285 illc
408 1233 570 1287 instet
605 1235 841 1300 exigere,
871 1242 930 1284 ut
965 1232 1035 1286 sit
1068 1234 1207 1300 quod
1241 1231 1407 1285 abbas
1444 1243 1667 1300 paterna
1704 1234 1872 1301 possit

286 1322 488 1392 pietate
535 1325 755 1377 donare.
804 1323 1017 1393 Moyses
1070 1324 1267 1392 quippe
1322 1332 1379 1377 ut
1431 1323 1602 1376 fidelis
1642 1321 1873 1377 famulus

285 1414 443 1469 nudae
480 1413 704 1481 justitim
728 1421 998 1482 praecepta
1028 1413 1281 1477 tradidit;
1325 1412 1573 1467 Christus
1608 1420 1785 1465 autem
1819 1420 1876 1466 ut

284 1519 413 1558 vere
441 1504 561 1574 pius
592 1503 869 1568 Dominus,
902 1512 1131 1558 austera:
1165 1503 1296 1573 legis
1318 1504 1573 1557 duritiam
1612 1512 1877 1571 tempera-

286 1596 383 1649 vit.
431 1596 612 1648 Aaron
638 1610 789 1657 vero,
841 1595 931 1662 qui
965 1596 1341 1663 praevaricanti
1385 1596 1581 1664 populo
1627 1610 1684 1649 se
1721 1595 1874 1663 quasi

1958 427 2235 495 pertinere
2272 425 2630 494 procinctum.
2671 423 2818 479 Unde
2850 433 2905 478 et
2949 424 3106 492 paulo
3136 434 3253 493 post
3289 426 3487 479 dicitur
3517 442 3532 479 :

1966 532 1984 564 ‹
2024 514 2077 567 Si
2106 512 2346 567 exieritis
2366 515 2432 566 de
2462 520 2601 565 terra
2630 521 2805 565 vestra
2834 521 3019 565 contra
3065 513 3248 566 hostes
3268 513 3358 582 qui
3387 514 3540 567 diml-

1962 619 2087 663 cant
2141 595 2561 672 adversus'vos,
2611 606 2871 674 clangetis
2922 604 3252 660 ululantibus
3284 607 3445 672 tubis,
3484 617 3541 663 et

1961 699 2067 753 erit
2095 698 2397 752 recordatio
2427 698 2592 752 vestri
2622 712 2803 751 coram
2836 696 3069 751 Domino
3098 699 3207 753 Deo
3236 708 3419 753 vestro
3437 739 3454 763 ,
3482 710 3543 755 nt

1963 788 2226 843 eruamini
2254 786 2321 841 de
2335 787 2582 841 manibus
2610 786 2952 839 inimicorum
2969 797 3270 841 vestrorum
3293 787 3535 859 (lbid.).r

1964 879 2042 932 Ad
2075 892 2307 947 pugnam
2343 877 2540 944 quippe
2564 876 2716 943 quasi
2758 884 2932 929 castra
2961 877 3370 942 contendimus,
3396 893 3540 943 cum,

1968 976 2024 1021 ut
2060 968 2130 1020 ita
2156 967 2353 1029 dicam,
2392 965 2616 1033 psalturi
2638 1004 2651 1028 ,
2692 964 2775 1018 vel
2818 967 3023 1019 oraturi
3061 952 3125 1018 ad
3156 966 3437 1021 ecclesiam
3464 968 3541 1023 fe-

1967 1057 2251 1111 stinanms.
2282 1054 2393 1107 Illic
2414 1054 2557 1106 enim
2588 1052 2927 1107 tenebrarum
2959 1053 3229 1123 principes
3258 1056 3543 1110 adversum

1969 1163 2067 1201 nos
2112 1146 2354 1200 feraliter
2377 1146 2657 1210 dimicant,
2700 1154 2758 1197 ut
2789 1160 2883 1214 per
2905 1145 3181 1200 illusioues
3204 1149 3546 1215 phantasma-

1972 1247 2082 1291 tum
2129 1237 2197 1290 ab
2245 1236 2331 1290 bis
2369 1250 2489 1303 quae
2544 1250 2641 1303 per
2700 1234 2840 1288 labia
2893 1235 3150 1297 deﬂuunt,
3206 1241 3545 1308 vagahundas

1972 1335 2181 1381 mentes
2212 1334 2486 1378 avertant.
2540 1325 2603 1377 Et
2650 1340 2708 1378 re
2739 1340 2866 1379 vera
2897 1342 3059 1394 quam
3092 1328 3311 1396 pulchra
3342 1330 3546 1385 militia:

1974 1418 2200 1486 species,
2242 1416 2510 1485 praecipue
2540 1416 3008 1480 nocturnisboris,
3038 1434 3158 1472 cum
3179 1419 3376 1474 fratres
3393 1422 3547 1491 quasi

1980 1507 2230 1561 tubarum
2279 1506 2623 1576 clangoribus
2674 1509 2891 1562 excitati
2934 1524 3161 1563 cuneum
3213 1510 3451 1577 faciunt,
3492 1522 3551 1569 et

1982 1606 2237 1665 tanquam
2275 1596 2478 1650 directa
2516 1597 2630 1651 acie
2654 1608 3025 1667 properantes,
3072 1602 3285 1655 attoniti
3318 1603 3383 1655 ad
3424 1618 3551 1671 pro-

288 1685 628 1740 tractahilem
655 1686 882 1761 praebuit
911 1725 925 1748 ,
958 1702 1077 1739 cum
1110 1700 1174 1739 eo
1201 1686 1356 1739 simul
1388 1687 1452 1740 ad
1481 1687 1770 1755 sacrilegos
1798 1687 1875 1740 ri-
1906 1688 1951 1745 B
1979 1690 2214 1743 cinctura
2258 1688 2425 1742 divini
2467 1690 2783 1744 certaminis
2831 1691 3172 1746 concorditer
3210 1694 3550 1763 gradiuntur.

289 1783 377 1828 tus
407 1774 542 1826 idola
575 1773 872 1827 fabricavit.
908 1772 1058 1827 Sicut
1084 1776 1485 1842 appendcbatur
1519 1775 1694 1829 velum
1740 1785 1868 1830 ante

290 1880 470 1919 arcam
500 1864 737 1928 fmderis,
772 1866 850 1919 sic
875 1866 1025 1934 prior
1054 1866 1121 1919 ad
1150 1866 1420 1919 exteriora
1447 1882 1671 1935 quaeque
1701 1881 1867 1934 nego-

289 1957 364 2009 tia
392 1956 543 2025 quasi
574 1955 839 2023 quoddam
885 1958 954 2008 sit
985 1964 1195 2025 tegmen
1225 1955 1455 2009 abbatis.
1488 1956 1578 2009 Ille
1604 1957 1869 2025 siquidem

288 2044 600 2114 pulveri'uus
627 2044 692 2097 de
715 2044 895 2098 saeculi
929 2045 1011 2097 via
1042 2045 1390 2113 surgentibus
1426 2059 1638 2112 semper
1659 2044 1872 2113 exposi-

289 2142 379 2187 tus
403 2133 613 2197 obviet;
660 2134 761 2187 iste
796 2132 942 2187 velut
978 2148 1102 2188 arca
1146 2119 1353 2187 Domini
1417 2135 1469 2187 in
1527 2134 1608 2188 sui
1653 2132 1873 2204 fulgoris

293 2224 554 2279 munditia
578 2223 780 2294 jugiter
810 2233 1140 2292 perseveret.
1176 2224 1265 2277 Ille
1314 2233 1563 2292 tanquam
1608 2223 1785 2277 Aaron
1813 2238 1874 2277 os

295 2314 510 2369 abbatis
555 2314 728 2368 factus
761 2353 775 2378 ,
836 2314 1086 2381 loquatur
1130 2315 1194 2367 ad
1236 2315 1518 2383 pupulum;
1574 2316 1674 2370 iste
1737 2316 1876 2370 sicut

293 2405 525 2477 Moyses,
552 2406 603 2460 in
630 2406 715 2459 his
742 2421 859 2475 quae
890 2405 957 2457 ad
984 2405 1149 2458 Deum
1182 2406 1471 2474 pertinent,
1507 2406 1704 2461 divinis
1741 2405 1876 2459 allo-

295 2495 438 2565 quiis
490 2496 817 2564 perfruatur.
870 2495 1106 2564 Uterque
1152 2494 1313 2564 igitur
1358 2491 1411 2548 i'n
1467 2494 1626 2564 307
1671 2495 1876 2549 unitate

294 2588 515 2657 spiritus
534 2588 850 2642 alterutrum
881 2598 1288 2653 concurrentes,
1322 2587 1501 2653 talem,
1543 2588 1587 2641 si
1624 2586 1877 2657 possibile

293 2686 398 2743 est,
430 2677 539 2731 Deo
582 2677 819 2732 sobolem
848 2678 1111 2740 nutriant,
1139 2676 1223 2729 cui
1252 2677 1304 2729 in
1333 2675 1422 2743 jus
1447 2675 1683 2731 cmlestis
1706 2676 1877 2731 hatre-

296 2765 479 2824 ditatis
504 2768 752 2836 ascripta:
773 2766 1063 2835 posteritas
1084 2765 1226 2817 nulla
1256 2765 1528 2819 succedat.

864 2854 1091 2909 CAPUT
1132 2853 1290 2907 XVII.

712 2946 786 3000 De
812 2945 1165 3014 signiﬁcatore
1190 2945 1460 2997 horarum.

1971 1777 2104 1832 Cum
2131 1778 2381 1832 videlicet
2411 1792 2699 1846 puerorum
2727 1778 2805 1832 ala
2833 1780 3109 1848 przecedit,
3137 1780 3395 1849 juvenum
3419 1796 3552 1838 vero

1974 1881 2228 1940 tanquam
2284 1870 2683 1940 manipulorum
2746 1881 2922 1925 turma
2984 1873 3365 1941 subsequitur;
3402 1882 3552 1943 post-

1975 1974 2123 2014 rema
2179 1969 2358 2014 autem
2415 1960 2657 2030 legentes
2702 1962 2927 2032 vestigia
2990 1977 3170 2028 senes,
3222 1963 3345 2017 belli
3405 1965 3553 2019 scili-

1974 2060 2062 2102 cet
2120 2049 2327 2113 robur,
2384 2065 2451 2102 ne
2500 2050 2745 2104 subsidat
2800 2052 3031 2120 aliquis,
3100 2068 3167 2107 ne
3231 2053 3312 2106 vel
3381 2052 3599 2109 hostis

1976 2136 2209 2191 furtivus
2265 2140 2586 2209 immergat,
2639 2141 2803 2195 totius
2856 2142 3128 2197 exercitus
3174 2138 3557 2214 terga'custo-

1975 2230 2146 2284 diunt.

2047 2320 2220 2386 Adde,
2244 2321 2385 2390 quod
2435 2322 2636 2377 laterna
2696 2323 2749 2377 in
2809 2323 2985 2393 prima
3022 2323 3147 2379 belli
3191 2322 3368 2379 fronte
3417 2339 3557 2394 pra-

1978 2408 2185 2476 l'ertur,
2224 2421 2285 2465 ut
2320 2411 2569 2466 columna
2620 2413 2765 2483 ignis
2802 2428 2900 2482 per
2938 2415 3210 2468 desertum
3249 2414 3557 2482 prmccdere

1979 2500 2233 2569 populum
2291 2503 2571 2572 aptissima
2628 2503 2977 2558 similitudine
3034 2504 3299 2558 videatur.
3353 2502 3445 2559 Sic
3479 2503 3559 2558 ni-

1980 2594 2227 2659 mirum,
2295 2595 2373 2648 sic
2442 2595 2699 2649 centuria:
2750 2594 2953 2650 Christi
3025 2595 3093 2649 ad
3166 2596 3555 2651 comedendum

1980 2682 2202 2737 cmleste
2251 2698 2477 2749 manna;
2530 2685 2611 2739 sic
2660 2685 2725 2739 ad
2775 2685 3119 2739 obtinendam
3163 2694 3360 2740 terram
3393 2685 3560 2756 308

1980 2769 2120 2825 lacte
2147 2772 2409 2841 melleqne
2432 2782 2737 2828 manantem
2759 2789 2899 2829 verte
2928 2774 3234 2829 Israeliticae
3260 2785 3555 2845 properant

1980 2859 2237 2930 legiones.
2267 2861 2651 2934 Clangentibus
2678 2880 2910 2933 namque
2949 2866 3093 2920 tubis
3121 2864 3189 2919 ad
3237 2868 3556 2921 tabernacu-

1982 2951 2091 3005 lum
2126 2951 2347 3009 foederis
2374 2964 2684 3024 properant,
2714 2964 2773 3010 ut
2800 2958 2949 3012 verbi
2979 2956 3216 3013 caelestis
3244 2958 3351 3012 illic
3373 2957 3560 3027 epulas

363 3036 582 3091 Noverit
608 3045 784 3089 autem
813 3034 1145 3103 significator
1167 3034 1442 3096 horarum,
1470 3034 1592 3102 quia
1617 3034 1744 3088 nulli
1770 3048 1882 3087 ma-
1908 3033 1953 3094 C
1986 3044 2292 3109 comedam,
2318 3053 2373 3098 ει
2398 3044 2726 3099 sacriﬁcium
2755 3045 2927 3101 laudis
2953 3045 3083 3113 Deo,
3112 3062 3178 3101 ac
3199 3047 3352 3101 bona,
3372 3046 3561 3102 γοιιιη.

294 3129 378 3199 gis
405 3128 458 3181 in
488 3126 814 3180 monasterio
846 3133 928 3178 est
956 3124 1156 3177 oblivio
1184 3122 1457 3193 fugienda,
1480 3139 1641 3192 quam
1665 3125 1785 3179 sibi.
1816 3123 1874 3178 Si

293 3222 440 3276 enim
481 3220 766 3273 articulum
814 3232 967 3271 suum
1008 3216 1297 3286 cujuslibet
1324 3216 1545 3285 synaxis
1584 3216 1737 3281 hora,
1789 3216 1875 3269 vel

295 3322 594 3383 praeventa,
624 3310 705 3364 vel
740 3310 903 3363 dilata
935 3324 1039 3361 non
1076 3315 1272 3370 teneat,
1301 3322 1516 3361 omnem
1561 3307 1749 3375 procul
1778 3307 1876 3365 du-

295 3401 385 3455 bio
412 3401 662 3456 horarum
695 3399 1353 3454 succedentiumordinem
1381 3398 1579 3452 turbat.
1604 3397 1720 3455 Non
1747 3414 1877 3468 ergo

297 3488 493 3543 fabulis
534 3498 708 3553 vacet,
742 3504 845 3541 nou
894 3488 1050 3556 longa
1090 3502 1213 3539 cum
1249 3488 1433 3555 'aliquo
1471 3486 1733 3554 colloquia
1778 3488 1880 3540 mi-

298 3590 469 3648 sceat,
497 3597 601 3635 non
639 3581 871 3649 denique
901 3580 1028 3648 quid
1063 3594 1093 3632 a
1115 3577 1460 3632 saecularibus
1488 3585 1680 3645 agatur
1703 3576 1881 3644 inqui-

301 3680 416 3736 rat;
442 3671 533 3723 sed
555 3671 857 3723 commissae
872 3668 971 3721 sibi
995 3682 1139 3721 cura:
1163 3681 1376 3733 semper
1401 3666 1655 3729 intentus,
1670 3679 1882 3734 semper

300 3761 911 3831 providus,semperque
939 3758 1213 3820 sollicitus,
1242 3757 1492 3810 volubilis
1518 3758 1741 3825 Sphaerus
1782 3768 1879 3809 ne-

302 3852 607 3907 cessitatem
632 3850 914 3920 quiescere
936 3847 1284 3910 nescientem,
1310 3846 1546 3900 siderum
1577 3846 1878 3910 transitum,

300 3950 356 3996 et
382 3940 648 3996 elabentis
679 3940 937 4008 temporis
977 3938 1267 3992 meditetur
1314 3951 1528 4005 semper
1568 3950 1878 3991 excursum.

302 4034 473 4090 Porro
503 4034 764 4104 psallendi
790 4034 891 4087 sibi
919 4033 1081 4086 faciat
1108 4032 1573 4093 consuetudinem,
1608 4030 1651 4084 si
1678 4030 1876 4084 discer-

304 4127 466 4180 nendi
495 4127 656 4180 horas
676 4124 1042 4193 quotidianam
1061 4124 1259 4177 habere
1281 4122 1552 4176 desiderat
1575 4123 1879 4176 notionem:

302 4228 362 4273 ut
391 4217 822 4287 quandocunque
872 4215 999 4267 solis
1043 4213 1278 4275 claritas,
1325 4214 1439 4265 sive
1486 4211 1763 4264 stellarum
1791 4226 1883 4263 va-

302 4307 469 4360 rietas
505 4304 722 4357 nubium
751 4303 1017 4356 densitate
1048 4317 1152 4355 nou
1187 4302 1445 4363 cernitur,
1476 4300 1583 4353 illic
1615 4301 1665 4351 in
1706 4314 1880 4367 quan-

305 4399 459 4451 titate
483 4396 811 4466 psnlmodiae,
836 4409 996 4462 quam
1030 4393 1281 4457 tenuerit,
1310 4393 1576 4458 quoddam
1605 4391 1704 4444 sibi
1741 4391 1885 4444 velut

309 4494 645 4563 horologium
672 4490 943 4543 metiatur.
976 4490 1261 4542 Enimvero
1289 4501 1403 4539 mos
1426 4527 1439 4549 ,
1464 4496 1522 4538 ut
1549 4485 1791 4539 homines
1817 4485 1884 4537 ad

304 4582 606 4643 ecclesiam,
658 4580 782 4632 dum
823 4578 1104 4648 pulsantur
1142 4575 1535 4638 tintinnabula,
1559 4589 1886 4643 congregen-

309 4681 419 4736 tur,
446 4687 511 4725 ex
537 4671 771 4738 antiqum
800 4669 932 4736 legis
964 4668 1191 4737 mystica
1234 4666 1523 4723 traditione
1559 4664 1840 4718 descendit
1868 4702 1881 4726 ,

301 4760 521 4837 jubente
552 4761 776 4814 Domino
814 4759 982 4831 Moysi
1014 4773 1027 4810 :
1063 4778 1079 4809 ι
1117 4758 1225 4812 Fac
1264 4757 1379 4820 tibi,
1413 4756 1608 4823 inquit,
1642 4754 1778 4809 duas
1803 4764 1885 4807 tu-
1920 4764 1923 4765 '

306 4854 404 4909 bas
448 4862 732 4922 argenteas
781 4853 1044 4915 ductiles,
1108 4850 1303 4920 quibus
1351 4863 1650 4905 convocare
1712 4848 1886 4916 possis

307 4943 725 5005 multitudinem,
763 4943 979 5010 quando
1017 4942 1277 4995 movenda
1322 4949 1449 4994 sunt
1475 4948 1651 4994 castra
1689 4956 1701 4991 :
1736 4955 1886 4993 cum-

308 5050 413 5103 que
442 5033 774 5102 increpueris
805 5032 976 5095 tubis,
1028 5033 1448 5102 congregabitur
1501 5033 1567 5085 ad
1611 5040 1661 5085 te
1707 5032 1885 5084 omnis

309 5126 464 5179 turba
496 5125 562 5178 ad
584 5124 780 5177 ostium
800 5124 1128 5177 tabernaculi
1154 5122 1370 5175 hederis
1395 5122 1585 5192 (Num;
1607 5120 1683 5191 χ).
1719 5140 1737 5171 ι
1775 5120 1886 5174 Sic-

308 5224 370 5270 ut
415 5217 556 5270 enim
590 5223 719 5269 time
774 5214 1067 5267 Israelitica
1089 5213 1238 5281 plebs
1278 5226 1399 5265 eum
1445 5210 1586 5264 tubis
1608 5209 1885 5267 adytaber-

311 5310 558 5366 naculum
580 5308 901 5371 confluebat,
935 5308 1005 5361 ita
1029 5307 1189 5360 etiam
1218 5322 1361 5359 nunc
1390 5304 1629 5358 fidelium
1658 5301 1889 5371 populus

312 5400 376 5451 ad
412 5399 716 5465 ecclesiam,
763 5398 946 5453 audito
989 5396 1471 5451 tintinnabulorum
1509 5395 1780 5463 clangore,
1810 5393 1887 5448 fec

312 5488 496 5544 sxiuat.

385 5577 571 5646 Neque
596 5578 698 5635 hoc
721 5580 1010 5650 discrepat,
1028 5577 1169 5649 quod
1192 5575 1263 5632 illi
1290 5574 1541 5630 dicuntur
1568 5582 1745 5627 castra
1773 5587 1885 5626 mo—

1984 3130 2111 3185 tatis
2137 3140 2259 3186 vota
2292 3132 2622 3201 persolvant.
2657 3133 2807 3189 Unde
2831 3142 2887 3188 et
2923 3134 3121 3188 ibidem
3164 3149 3268 3188 non
3312 3135 3562 3189 inconve-

1982 3219 2195 3274 nienter
2220 3221 2434 3275 additur
2464 3240 2476 3274 :
2513 3239 2533 3272 ι
2571 3221 2626 3275 Si
2656 3222 2886 3291 quando,
2918 3224 3108 3292 inquit,
3138 3222 3404 3278 habebitis
3432 3238 3562 3294 epu-

1980 3308 2089 3362 lum
2124 3310 2191 3362 ad
2220 3310 2333 3369 dies
2364 3310 2530 3365 festos
2556 3320 2609 3366 et
2653 3312 2952 3376 Kalendas,
2984 3313 3192 3367 canetis
3220 3328 3383 3382 super
3411 3311 3562 3368 bolo-

1982 3400 2206 3465 caustis,
2235 3408 2286 3455 et
2328 3401 2569 3469 pacificis
2599 3402 2860 3467 victimis;
2900 3411 2957 3456 ut
2982 3402 3092 3458 sint
3117 3403 3273 3458 vobis
3301 3404 3352 3457 in
3385 3418 3565 3459 recor-

1983 3486 2253 3541 dationem
2309 3487 2405 3542 Dei
2462 3489 2628 3544 vestri
2679 3489 2868 3559 (Num.
2914 3489 2992 3559 x).
3026 3508 3044 3542 ι
3100 3489 3156 3543 In
3196 3490 3281 3544 bis
3311 3491 3476 3558 igitur
3506 3498 3563 3546 et

1986 3574 2291 3643 hujusmodi
2340 3580 2519 3635 verbis
2562 3580 2899 3648 significator
2950 3580 3204 3634 horarum
3267 3581 3563 3648 prudenter

1987 3668 2263 3733 advertat,
2296 3685 2458 3738 quam
2496 3672 2741 3741 vigilem,
2770 3686 3040 3740 quamque
3075 3670 3360 3725 sollicitum
3393 3671 3445 3725 in
3472 3685 3563 3726 as-

1985 3760 2193 3831 signato
2223 3761 2322 3815 sibi
2354 3762 2656 3817 ininisterio
2685 3778 2803 3817 esse
2833 3776 3047 3831 semper
3064 3769 3328 3831 oporteat,
3355 3774 3422 3816 ne
3452 3770 3565 3815 tan.

1986 3860 2100 3905 tum
2143 3851 2397 3907 videlicet
2449 3867 2586 3921 opus
2629 3867 2726 3922 per
2763 3851 2883 3921 ejus
2925 3852 3187 3908 incuriam
3233 3851 3317 3907 sui
3359 3849 3569 3906 ordinis

1986 3950 2188 3997 statuta
2213 3941 2528 3998 confundat.

2554 4031 2780 4089 CAPUT
2818 4031 3002 4087 XVIII.
3024 4044 3028 4049 '

2498 4122 2571 4176 De
2614 4140 2804 4177 mensa:
2846 4122 3055 4176 lectore.

2057 4212 2257 4268 Mensa:
2303 4213 2475 4268 lector
2505 4212 2731 4265 sollicita
2777 4211 3207 4265 consideratione
3239 4210 3565 4281 perpendat,

1988 4318 2150 4372 quam
2185 4305 2458 4369 distincte,
2485 4318 2646 4371 quam
2679 4314 2893 4372 aperte,
2922 4318 3084 4371 quam
3112 4303 3341 4371 denique
3374 4299 3567 4356 intelli-

1992 4394 2227 4463 gibiliter
2255 4394 2431 4463 legere
2452 4394 2665 4446 debeat.
2694 4392 3134 4462 Quandoquidem
3158 4407 3279 4447 cum
3314 4389 3567 4445 refectio-

1994 4497 2061 4535 ne
2113 4498 2440 4550 corporum,
2502 4482 2590 4535 iIle
2642 4483 2893 4551 pabulum
2955 4480 3173 4535 exhibet
3239 4481 3567 4534 animarum.

1994 4570 2139 4624 Dixit
2180 4571 2505 4639 Apostolus:
2545 4590 2563 4622 ‹
2616 4571 2750 4625 Esca
2794 4571 3001 4635 ventri,
3054 4581 3109 4624 et
3161 4579 3348 4624 venter
3390 4569 3565 4636 escis;

1993 4662 2134 4716 Dens
2166 4673 2345 4716 autem
2378 4664 2552 4727 hunc,
2595 4672 2649 4717 et
2682 4662 2827 4715 illam
2879 4664 3122 4717 destruet
3167 4661 3217 4732 (Ι
3254 4661 3381 4715 Car.
3409 4660 3503 4731 vr).
3540 4678 3563 4712 ο

1994 4753 2099 4808 Per
2124 4753 2260 4807 alios
2310 4754 2471 4823 igitur
2511 4751 2732 4807 otl‘ertur
2760 4767 2881 4807 esca
2911 4753 3251 4821 corporibus,
3287 4765 3407 4819 quae
3444 4764 3571 4805 mox

1996 4846 2049 4898 in
2081 4844 2417 4913 pulredinem
2450 4844 2679 4898 vertitur
2709 4861 2722 4896 :
2755 4858 2851 4912 per
2877 4844 3022 4897 hunc
3047 4843 3225 4897 divina
3255 4840 3574 4896 ministran-

1995 4946 2082 4991 tur
2107 4937 2342 5007 eloquia,
2371 4951 2490 5005 qua:
2518 4934 2656 4989 cmlo
2677 4936 2838 4989 etiam
2866 4943 3115 5007 terraque
3140 4929 3571 4995 transeuntibus.

1994 5042 2098 5081 non
2135 5026 2455 5081 transibunt.
2490 5022 2579 5078 Sic
2601 5040 2729 5093 ergo
2758 5023 3041 5093 legendum
3070 5030 3172 5084 est,
3207 5030 3266 5073 ut
3294 5022 3419 5073 dum
3441 5030 3573 5073 caro

1992 5134 2085 5171 sua
2121 5118 2261 5186 stipe
2298 5116 2568 5179 reficitur,
2604 5114 2780 5167 anima
2814 5126 3028 5182 quoque
3069 5108 3377 5167 caelestibus
3397 5105 3570 5176 epulis

1993 5209 2287 5277 saginctur.

2059 5297 2292 5368 Legatur
2330 5294 2514 5364 itaque
2574 5310 2682 5349 non
2737 5292 2954 5358 lectori,
2998 5291 3092 5347 sed
3151 5288 3418 5351 auditori;
3467 5300 3569 5341 nec

1989 5378 2286 5457 aucupetur
2327 5386 2558 5454 proprize
2593 5384 2928 5438 rumusculos
2976 5382 3161 5443 fama},
3192 5381 3284 5436 sed
3329 5378 3569 5432 aedifica-

1989 5481 2117 5535 tioni
2149 5478 2327 5549 potius
2367 5477 2613 5531 consulat
2660 5476 2866 5529 alienae.
2898 5473 3007 5528 Nec
3045 5482 3198 5527 curet
3228 5470 3355 5541 quid
3381 5468 3447 5522 de
3491 5467 3571 5520 le-
3639 5509 3650 5520 .

1987 5580 2135 5626 ctore
2178 5567 2314 5632 dici,
2368 5564 2458 5620 sed
2512 5565 2640 5636 quid
2693 5565 2758 5620 de
2809 5563 3036 5619 lectione
3090 5559 3260 5630 possit
3315 5554 3569 5623 intelligi.
