3996 6184
365 159 472 218 517

1143 187 1154 198 ι
1225 155 1464 214 OPUSC.
1507 157 1641 212 Xlll.
1681 187 1750 196 —
1778 157 1863 210 DE
1901 153 2375 213 PERFECTIONE
2409 157 2720 214 MONACH.

3521 163 3626 222 διε

367 269 662 324 Edentihus
699 264 864 318 etiam
909 266 1305 335 suggerendum
1350 277 1462 332 est,
1507 278 1563 320 ut
1599 271 1676 323 sic
1702 267 1950 322 refeetto-
1977 277 2024 326 Α
2056 277 2159 332 tur,
2188 267 2232 321 si
2264 268 2492 338 singulis
2513 269 2818 338 quibusque
2844 273 3118 338 membris,
3149 289 3251 330 non
3276 280 3418 346 quod
3441 281 3628 334 volun-

365 376 490 413 nem
535 357 800 411 sobrietas
849 364 1142 422 temperet,
1188 364 1456 424 quatenus
1507 357 1944 411 commolentimn

365 452 628 520 strepitus
683 448 916 501 faucium
965 456 1174 502 meatus
1203 450 1412 502 aurium
1453 467 1557 503 non
1589 452 1820 504 obturet.
1859 450 1950 504 Sic

365 537 656 593 mediatrix
694 537 835 590 inter
863 552 923 588 os
959 544 1012 590 et
1039 552 1279 590 mensam
1314 553 1504 592 manus
1529 539 1730 593 scilicet
1769 540 1950 592 mode-

365 641 484 684 rata
529 629 830 688 discurrat,
865 629 942 682 sic
969 643 1028 682 se
1071 627 1172 681 sub
1211 631 1474 699 gravitate
1504 631 1654 686 freno
1691 647 1949 700 suspensa

364 721 645 780 cohibeat,
683 729 738 770 ut
779 719 902 782 dum
939 727 1150 771 terrena
1183 735 1276 787 per
1315 719 1500 774 fauces
1533 737 1654 774 esca
1693 723 1947 784 trahitur,

363 823 706 876 nequaquam
735 822 768 858 -a
797 806 996 860 divinis
1019 806 1266 873 jejunare
1296 809 1524 876 dapibus
1563 810 1810 864 esuriens
1835 810 1950 863 ani-

365 912 452 950 ma
482 895 854 964 compellatur.

954 983 1182 1039 CAPUT
1221 984 1364 1038 XIX.

448 1071 660 1138 Quanta
691 1071 1018 1126 cellerarimn
1050 1083 1284 1140 aporteat
1314 1075 1623 1128 discretione
1654 1075 1867 1145 pollere.

439 1163 761 1218 Cellerarius
783 1173 983 1228 autem,
1010 1165 1134 1232 quia
1164 1165 1316 1233 quasi
1347 1175 1500 1234 pater
1517 1168 1844 1220 constitutus
1866 1175 1950 1220 est

365 1262 707 1325 menasterii,
733 1261 892 1316 debet
916 1261 1147 1324 oﬂicium
1171 1263 1272 1318 sibi
1297 1265 1642 1318 counuissum
1674 1273 1816 1318 tanta
1834 1265 1948 1319 dis-

363 1354 700 1422 pensationis
739 1363 856 1407 arte
889 1368 1180 1423 peragere,
1215 1363 1272 1407 ut
1307 1371 1523 1408 manum
1567 1363 1622 1408 et
1661 1357 1948 1424 aperiendo

362 1446 720 1516 substringat,
745 1453 799 1498 et
837 1446 1146 1516 stringendo
1175 1447 1439 1502 discretus
1473 1447 1716 1516 aperiat;
1753 1456 1946 1515 quate-

363 1555 468 1592 nus
511 1539 564 1591 in
595 1554 660 1592 eo
691 1545 746 1592 et
793 1553 956 1607 parca
999 1539 1070 1591 sit
1111 1539 1366 1602 largitas,
1406 1549 1460 1592 et
1502 1541 1744 1607 parcitas
1773 1540 1941 1610 larga.

2051 369 2133 415 tas
2179 361 2372 426 ambit,
2431 362 2523 415 sed
2583 361 2726 430 quod
2785 364 3078 420 necessitas
3127 369 3370 438 expetit,
3435 371 3628 442 imper-

2051 454 2234 506 tiatur.

2640 541 2868 597 CAPUT
2906 543 3026 596 XX.

2519 633 2819 686 Admonilio
2847 651 3150 702 puerorum.

2120 723 2288 777 Porro
2318 733 2520 784 autem,
2551 725 2676 792 quia
2729 733 2896 776 totum
2951 727 3125 779 sancti
3179 727 3340 794 hujus
3385 729 3627 784 emnohii

2049 830 2269 883 corpus,
2297 813 2443 866 velut
2491 814 2736 868 extensis
2782 815 3102 884 quibusdam
3155 817 3378 874 fraterni
3428 820 3630 878 amoris

2051 906 2192 960 ulnis
2224 904 2639 974 amplectimur,
2693 915 2867 958 ratum
2915 905 3199 972 ducimus,
3251 910 3364 978 ipsa
3416 925 3634 981 quoque

2048 1005 2265 1050 natatum
2296 1005 2564 1049 momenta
2599 996 2952 1062 distinguere,
2977 1005 3031 1048 et
3081 1007 3335 1066 tauquam
3386 1013 3624 1070 congru-

2049 1089 2193 1142 entia
2245 1085 2492 1154 qurcdam
2542 1086 2968 1138 admonitionum
3041 1087 3352 1141 indumenta
3404 1088 3631 1158 singulis

2049 1177 2353 1245 quibusque
2382 1177 2638 1230 membris
2665 1184 2873 1243 aptare.
2909 1175 2977 1230 Ut
3017 1177 3184 1246 igitur
3210 1179 3278 1232 ab
3327 1178 3632 1248 incipienti-

2049 1270 2150 1323 bus
2175 1270 2452 1322 ordiamur
2482 1286 2495 1322 :
2531 1269 2832 1322 instruendi
2859 1271 3008 1332 estis,
3043 1287 3075 1325 o
3105 1272 3254 1338 pueri
3281 1311 3296 1334 ,
3327 1273 3452 1340 quia
3487 1287 3630 1326 nunc

2049 1366 2180 1432 aetas
2209 1367 2389 1412 vestra
2417 1371 2573 1411 cerea
2599 1366 2723 1411 est:
2758 1367 2814 1412 et
2857 1359 2998 1412 sicut
3047 1359 3216 1412 teneri
3271 1361 3446 1414 adhuc
3497 1360 3632 1415 estis

2049 1452 2103 1506 in
2143 1452 2438 1522 pusillitate
2463 1451 2849 1513 membrorum,
2867 1452 2940 1505 ita
2967 1453 3128 1506 etiam
3153 1455 3340 1522 utique
3365 1453 3633 1510 ﬂexibiles

2048 1541 2456 1596 diversitatibus
2486 1557 2718 1596 morum.
2749 1539 3136 1610 Quantumque
3183 1557 3214 1595 a
3247 1544 3412 1596 ramis
3449 1543 3630 1598 adhuc

363 1629 722 1698 Summopere
745 1629 942 1699 quippe
970 1629 1268 1682 cavendum
1297 1637 1410 1694 est,
1440 1645 1506 1684 ne
1529 1631 1846 1698 parcitatem
1873 1639 1951 1682 te—
1981 1617 2025 1676 Β
2053 1633 2422 1704 Pythagorica:
2454 1631 2650 1685 littera:
2681 1631 2868 1700 procul
2903 1631 3062 1700 agitis
3088 1670 3103 1694 ,
3154 1639 3306 1684 tanto
3359 1632 3634 1688 faciliores

361 1721 609 1782 nacitas,
645 1719 948 1790 largitatem
1003 1718 1192 1774 eﬂusio
1245 1721 1554 1773 mentiatur.
1606 1720 1761 1790 Saepe
1803 1720 1948 1774 enim

363 1811 558 1864 vitium
607 1811 825 1864 virtutis
867 1825 926 1863 se
957 1811 1136 1878 specie
1183 1809 1384 1877 palliat.
1437 1819 1744 1878 quantoque
1793 1807 1946 1876 quasi

365 1898 570 1952 bonum
617 1913 736 1953 esse
775 1900 920 1968 quoi
958 1898 1156 1951 malum
1203 1907 1288 1952 est
1331 1899 1589 1962 cernitur,
1635 1906 1784 1951 tanto
1813 1896 1950 1950 ditii—

367 1988 524 2042 cilius
567 1989 911 2042 emendatur.
961 1987 1140 2040 Bonus
1196 1997 1374 2040 autem
1421 1987 1828 2040 administrator
1871 1986 1949 2040 sic

369 2080 652 2150 dispensat
711 2080 1016 2133 necessaria
1071 2094 1391 2147 corpormn,
1447 2088 1506 2131 ut
1573 2078 1730 2132 saluti
1787 2078 1948 2132 etiam

361 2171 618 2226 consulat
676 2169 1017 2233 animarum;
1082 2169 1206 2236 quia
1285 2177 1340 2222 et
1401 2169 1674 2236 parcendo
1747 2169 1951 2222 sobrie—

366 2268 538 2316 tatem
579 2261 790 2322 nutrit,
842 2269 898 2312 et
945 2259 1218 2328 largiendo
1279 2257 1720 2312 murmurationis
1760 2257 1948 2328 vitium

367 2367 440 2406 ne
483 2351 714 2414 oriatur,
760 2349 994 2403 obsistit.
1051 2349 1204 2416 Stepe
1250 2349 1393 2402 enim
1449 2351 1530 2419 (ut
1574 2348 1658 2400 vir
1720 2347 1950 2418 pruden-

371 2440 620 2496 tissimus
683 2439 799 2510 ait)
851 2438 1174 2492 liberalitate
1229 2438 1530 2494 liberalitas
1573 2437 1739 2508 perit,
1787 2436 1951 2507 309

365 2533 619 2588 Videlicet
646 2542 698 2584 et
727 2546 846 2584 cum
889 2545 974 2584 res
1002 2540 1056 2584 et
1097 2547 1202 2585 non
1245 2529 1608 2600 indigentibus
1658 2529 1950 2582 indiscrete

371 2623 734 2691 profunditur,
782 2623 1008 2690 ideoque
1049 2622 1178 2691 quid
1215 2637 1346 2676 vere
1393 2621 1760 2690 indigentibus
1812 2621 1948 2674 dan-

366 2714 492 2768 dum
510 2713 602 2776 sit,
643 2713 982 2781 postmodum
1023 2728 1128 2766 non
1155 2713 1414 2767 habetur.

434 2803 605 2860 Debet
633 2805 816 2872 itaque
843 2805 1028 2875 negari
1060 2805 1388 2874 superﬂuum
1426 2803 1647 2868 nostris,
1679 2811 1738 2858 ut
1761 2817 1946 2872 super-

363 2893 436 2950 sit
463 2896 606 2949 unde
633 2896 874 2949 charitas
931 2896 1271 2964 impendatur
1315 2895 1613 2949 extraneis.
1659 2889 1948 2947 Nehemias

2049 1724 2202 1786 estis,
2229 1723 2314 1778 vel
2340 1723 2393 1776 in
2427 1723 2704 1776 dexteram
2731 1721 2914 1790 dirigi,
2972 1721 3054 1775 vel
3087 1722 3138 1776 in
3181 1722 3414 1776 sinistra:
3463 1723 3634 1792 partis

2049 1813 2309 1882 proclivia
2363 1812 2700 1881 detorqueri.
2751 1811 2856 1866 Sed
2907 1812 2952 1866 si
3009 1813 3151 1867 inter
3203 1827 3397 1868 manus
3475 1813 3626 1884 ﬁguli

2047 1904 2223 1973 plasta
2258 1903 2450 1955 vitium
2479 1901 2724 1956 hesionis
2757 1901 2988 1954 incurrit
3015 1942 3030 1962 ,
3080 1901 3181 1954 nisi
3212 1911 3410 1970 praesto
3459 1903 3630 1955 corri-

2049 1997 2210 2066 gitur,
2244 2003 2530 2064 postquam
2563 1993 2630 2046 ad
2664 1993 2836 2046 instar
2879 1989 3076 2059 lapidis
3116 1991 3436 2046 obduruerit
3459 2031 3474 2056 ,
3525 2007 3632 2046 non

2051 2083 2318 2138 medetur.
2351 2082 2409 2136 Si
2439 2080 2646 2151 virgula
2701 2095 2766 2134 ex
2807 2079 2981 2149 prima
3035 2080 3216 2134 radice
3257 2094 3631 2143 succrescens.

2050 2175 2102 2229 in
2132 2173 2408 2242 obliquum
2439 2187 2498 2226 se
2544 2170 2785 2240 qualibet
2822 2169 3110 2225 occasione
3157 2179 3513 2241 retorqueat,"
3565 2175 3634 2228 ad

2049 2263 2426 2318 rectitudinem
2458 2275 2730 2328 nunquam
2765 2270 2994 2322 remeat,
3018 2260 3062 2314 si
3091 2261 3372 2328 aliquanto
3422 2263 3628 2316 diutius

2051 2354 2102 2408 in
2131 2353 2318 2408 eadem
2365 2351 2684 2418 obliquitate
2731 2349 3114 2417 perdurat;et
3163 2351 3290 2419 quia
3336 2360 3396 2405 ut
3435 2353 3634 2408 hastile

2049 2445 2138 2510 sit,
2172 2444 2390 2512 indigna
2424 2441 2754 2508 decernitur,
2803 2440 3038 2496 ﬂammis
3067 2441 3326 2499 edacibus
3373 2445 3632 2514 pabulum

2049 2535 2358 2604 deputatur.

2118 2627 2317 2682 Cavete
2367 2641 2536 2696 ergo,
2585 2640 2653 2679 ne
2699 2625 2890 2679 vitium
2938 2623 3158 2693 aliquod
3204 2634 3444 2680 vestrum
3499 2640 3626 2682 cum

2047 2713 2211 2784 310
2261 2713 2592 2766 incremento
2639 2710 2880 2778 corporis
2919 2709 3075 2764 simul
3119 2710 3350 2776 adoleat,
3397 2727 3466 2766 ne
3505 2726 3632 2780 pra-

2047 2803 2230 2858 vitatis
2284 2800 2571 2868 cujuslibet
2627 2800 2679 2853 in
2734 2799 2885 2852 vobis
2943 2799 3222 2854 nodositas
3269 2799 3632 2864 obdurescat;

2049 2893 2142 2948 sed
2190 2893 2309 2946 sitis
2356 2905 2482 2944 vasa
2535 2905 2639 2944 non
2699 2889 2752 2942 in
2807 2889 3189 2942 contumeliam
3231 2929 3248 2954 ,
3300 2891 3394 2944 sed
3439 2889 3493 2943 in
3537 2890 3637 2944 ho-

364 2985 600 3040 enimut
638 2985 917 3038 venientes
949 2999 1188 3053 quosque
1218 2985 1284 3038 de
1329 2984 1582 3049 gentibus
1629 2998 1726 3053 per
1768 2983 1944 3038 circu-
1973 2971 2018 3032 C
2050 2996 2234 3035 norem
2304 2980 2442 3034 facta
2485 3019 2501 3044 ,
2557 2987 2717 3047 atque
2769 2978 2822 3031 in
2879 2980 3036 3032 domo
3099 2979 3308 3034 Domini
3365 2981 3416 3033 in
3476 2993 3638 3036 omne

363 3071 498 3129 itum
521 3074 574 3125 in
599 3074 902 3127 convictum
927 3073 1158 3142 propriae
1182 3088 1379 3128 mensa:
1399 3072 1764 3144 suscipiat_(II
1782 3072 1942 3126 Esdr.

359 3166 724 3238 tv),gregibus
759 3165 873 3218 suis
902 3180 1124 3234 parcere
1149 3167 1502 3219 inhumanum
1527 3175 1678 3235 putat
1712 3183 1727 3231 ;
1758 3167 1945 3233 sicque.

365 3257 478 3312 suis
507 3257 880 3310 necessitatem
909 3256 1192 3325 stipendiis
1223 3266 1529 3325 temperat,
1564 3265 1622 3310 ut
1665 3257 1946 3310 charitatis

364 3346 596 3399 oﬂicium
627 3347 764 3400 etin
796 3345 1000 3400 alienos
1053 3345 1330 3399 extendat.
1376 3345 1574 3399 Tobias
1624 3361 1746 3400 eum
1799 3354 1946 3400 tanta

365 3434 638 3488 laboraret
667 3435 866 3504 inopia,
906 3443 966 3488 ut
989 3450 1125 3490 uxor
1153 3435 1270 3504 ejus
1317 3434 1536 3488 textrini
1586 3433 1767 3502 operis
1795 3449 1947 3503 qua:—

364 3535 502 3578 stum
531 3527 796 3580 conducta
833 3527 1130 3593 susciperet
1162 3524 1314 3594 (Tob.
1339 3527 1426 3595 ιι),
1462 3525 1577 3579 haec
1607 3525 1720 3593 ipsa
1758 3565 1772 3589 ,
1819 3539 1940 3593 quae

367 3614 618 3679 habebat,
650 3615 848 3684 adjecit
873 3631 1040 3684 parva
1069 3615 1332 3679 dividere,
1365 3623 1426 3668 ut
1467 3615 1805 3683 concaptivis
1831 3613 1941 3666 fra-

369 3705 538 3758 tribus
565 3706 938 3774 qualecunque
971 3705 1166 3759 saltem
1208 3704 1457 3758 solatium
1504 3705 1804 3760 exhiberet.
1854 3703 1948 3756 Pe-

369 3799 616 3866 regrinus
643 3799 826 3867 itaque
852 3797 1108 3865 pietatem
1140 3813 1169 3849 a
1197 3811 1255 3850 se
1293 3781 1628 3864 peregrinari
1659 3811 1766 3849 non
1817 3809 1942 3862 pcr-

371 3889 510 3950 tulit,
551 3897 608 3941 ct
652 3887 813 3941 rebus
857 3901 1060 3956 pauper
1105 3885 1524 3955 opulentissimae
1556 3881 1836 3936 charitatis
1865 3881 1945 3935 di-

369 3979 530 4033 vitias
564 3995 668 4032 non
699 3977 902 4032 amisit.
946 3977 1154 4044 Abigail
1203 3977 1329 4030 dum
1387 3973 1659 4044 magnilici
1711 3970 1945 4026 convivii

367 4081 576 4141 partem
603 4069 872 4124 subtrahit
901 4069 954 4138 (Ι
981 4067 1104 4139 Reg.
1139 4067 1268 4136 xxv)
1297 4107 1312 4132 ,
1365 4082 1396 4120 a
1443 4065 1545 4118 viri
1587 4062 1776 4132 jugulo
1827 4061 1941 4131 gla-

369 4165 514 4217 dium
585 4160 748 4214 David
813 4159 866 4213 in
929 4159 1186 4213 ultionem
1250 4155 1586 4212 contumeliae
1640 4153 1945 4208 festinantis

367 4257 606 4318 avertit;
634 4255 816 4322 sicque
841 4254 952 4307 suis
990 4253 1170 4307 cibum
1230 4251 1369 4304 bene
1419 4248 1596 4301 furata
1652 4245 1939 4313 subripuit,

369 4346 562 4414 quibus
588 4345 774 4412 utique
803 4343 968 4396 vitam
997 4341 1270 4397 extraneis
1301 4338 1654 4393 ministrando
1681 4337 1938 4392 servavit.

369 4440 564 4496 Paulus
591 4439 756 4494 etiam
787 4447 969 4490 monet
993 4451 1088 4506 per
1119 4449 1281 4490 unam
1333 4432 1577 4496 Sabbati,
1626 4431 1769 4500 quod
1825 4431 1940 4499 pla-

363 4533 538 4586 cuerit
564 4531 706 4598 apud
733 4542 1167 4596 unumquemque
1196 4527 1406 4595 reponi,
1427 4533 1483 4577 ut
1507 4522 1936 4590 Hierosolymam

343 4623 564 4675 sanctis
595 4619 953 4689 indigentibus
981 4617 1379 4671 Corinthiorum
1409 4621 1591 4682 posset
1638 4613 1810 4683 gratia
1841 4612 1935 4664 de-

363 4712 551 4766 stinari
586 4710 638 4780 (1
664 4709 784 4762 Cor.
814 4709 949 4776 In).
979 4707 1068 4761 Sic
1092 4707 1270 4776 itaque
1296 4705 1548 4759 debemus
1571 4703 1772 4756 nostris
1798 4715 1932 4768 quo-

363 4803 552 4856 tidiani
581 4803 758 4856 victus
783 4799 1048 4868 stipendia
1073 4798 1401 4862 ministrare,
1427 4805 1483 4848 ut
1509 4793 1934 4855 meminerimus,

358 4893 524 4946 etiam
555 4893 600 4946 si
632 4891 860 4945 facultas
882 4898 1149 4957 suppetat,
1168 4897 1222 4942 et
1242 4886 1512 4940 extraneis
1541 4887 1591 4937 in
1617 4883 1940 4937 necessitate

357 4998 701 5036 succurrere.
760 4981 842 5033 Sit
889 4993 1069 5034 autem
1119 4978 1370 5032 Ecclesiae
1412 4977 1750 5044 dispensator
1779 5013 1794 5034 ,
1833 4989 1938 5026 non

359 5083 616 5139 acceptor
643 5086 996 5138 personarum
1029 5109 1043 5132 ,
1093 5069 1186 5122 sed
1240 5067 1612 5122 cmisiderator
1658 5064 1940 5116 infirmita-

361 5173 476 5214 tum
502 5179 516 5226 ;
553 5179 660 5217 non
691 5171 941 5230 captator
974 5163 1184 5230 gratim,
1217 5160 1310 5213 sed
1341 5167 1675 5212 sustentatur
1703 5155 1942 5208 imbecil-

357 5252 530 5304 litatis
583 5253 812 5314 alienat,
857 5259 914 5304 ut
970 5250 1251 5318 :equaliter
1303 5246 1666 5317 indigentibus
1716 5245 1941 5312 atqualia

357 5341 584 5404 trilmat,
611 5359 749 5410 quos
784 5353 966 5396 autem
1018 5341 1322 5410 fragilitatis
1369 5340 1654 5394 diversitas
1705 5351 1942 5406 separat,

358 5430 853 5488 administrationis
881 5433 1044 5485 etiam
1071 5429 1402 5500 dispensatio
1433 5429 1710 5484 moderata
1737 5429 1942 5482 discer-

361 5532 483 5574 nat.
511 5522 598 5576 Sic
623 5524 768 5576 enim
801 5539 960 5578 omne
1009 5521 1382 5578 scandalorum
1429 5521 1778 5576 seminarium
1810 5519 1948 5576 tolli-

2050 3087 2185 3141 opus
2245 3072 2442 3124 bonum
2515 3079 2726 3138 parata.
2791 3069 2961 3124 Plane
3016 3071 3062 3124 si
3117 3071 3278 3125 vultis
3329 3071 3636 3126 adulterum

2045 3163 2313 3232 probitate
2357 3162 2623 3214 nitescere
2658 3178 2671 3212 :
2711 3169 2787 3224 et,
2835 3161 2974 3228 quod
3007 3161 3126 3215 aliis
3175 3161 3503 3229 impossibile
3529 3172 3635 3230 est,

2045 3255 2252 3322 absque
2313 3251 2513 3306 laboris
2555 3251 2711 3305 taedio
2758 3249 3050 3304 virtutibus
3091 3251 3394 3316 abundare,
3439 3253 3636 3308 amodo

2047 3347 2356 3402 sobrietatis
2406 3360 2554 3398 arma
2614 3345 2890 3413 corripite,
2941 3353 2996 3398 et
3035 3345 3295 3400 adversus
3341 3354 3636 3402 mstuantes

2046 3437 2229 3492 carnis
2277 3435 2556 3490 illecebras
2609 3435 2735 3490 totis
2789 3436 2994 3492 viribus
3044 3436 3337 3490 decertate.
3409 3435 3466 3490 In
3513 3435 3632 3506 ipso

2038 3528 2150 3598 jam
2202 3526 2433 3582 tirocinii
2477 3527 2644 3580 vestri
2688 3526 2981 3596 primordio
3022 3534 3226 3580 certam
3271 3525 3426 3581 vobis
3469 3527 3635 3580 victo-

2044 3621 2179 3674 riam
2229 3617 2338 3672 Deo
2380 3632 2477 3686 pro
2520 3618 2671 3672 vobis
2717 3627 2890 3673 stante
2937 3617 3271 3687 promittite,
3321 3627 3378 3672 et
3412 3617 3635 3687 praelato

2047 3712 2225 3766 crucis
2283 3711 2480 3764 vexillo
2531 3721 2808 3764 certamen
2861 3709 3232 3764 inlicderabile
3277 3725 3406 3770 .cum
3450 3711 3636 3764 advero

2045 3803 2123 3858 sis
2166 3801 2445 3871 spiritibus
2486 3801 2749 3856 audenter
2796 3801 2945 3854 inite.
3015 3800 3234 3855 Calcate
3285 3800 3633 3867 superbiam,

2044 3893 2288 3949 frenetur
2341 3892 2420 3946 ira
2457 3933 2474 3958 ,
2527 3893 2812 3962 frangatur
2873 3891 3116 3956 invidia,
3183 3899 3364 3946 teneat
3430 3891 3633 3944 silentii

2045 3985 2224 4054 lingua
2257 3999 2563 4048 censuram,
2594 3983 2881 4036 ruminatio
2906 3981 3310 4049 Scripturarum
3348 3979 3484 4050 gulae
3508 3997 3636 4050 pru-

2044 4076 2182 4130 ritus
2228 4075 2564 4142 exstinguat;
2613 4071 2998 4125 detractionem
3045 4078 3104 4124 ut
3143 4069 3319 4138 lingua
3353 4084 3460 4124 non
3511 4085 3635 4137 pro-

2041 4165 2165 4227 fert,
2211 4165 2289 4218 sic
2325 4171 2381 4217 et
2425 4163 2571 4216 auris
2612 4177 2716 4214 non
2759 4160 3026 4214 audiendo
3071 4162 3416 4214 condemnet.
3457 4159 3632 4214 «Cum

2047 4253 2464 4314 detractoribus,
2519 4251 2596 4304 ait
2644 4249 2920 4312 Salomon,
2971 4263 3039 4302 ne
3085 4247 3482 4302 commisceatis
3523 4247 3632 4301 col-

2047 4346 2304 4416 loquium,
2362 4344 2616 4414 quoniam
2673 4349 2892 4410 repente
2945 4339 3122 4394 veniet
3157 4339 3385 4407 perditio
3423 4353 3633 4402 eorum,

2043 4445 2100 4488 et
2141 4427 2348 4488 ruinam
2399 4442 2756 4498 utrorumque
2803 4431 2922 4498 quis
2957 4429 3146 4482 novit?
3188 4426 3368 4498 (Prov.
3417 4427 3630 4496 XXI\'.)I

2039 4526 2172 4578 Tam
2219 4524 2466 4578 videlicet
2511 4521 2627 4590 ejus
2681 4521 2772 4588 qui
2825 4519 3080 4582 detrahit,
3143 4533 3304 4586 quam
3363 4517 3504 4572 illius
3543 4517 3636 4585 qui

2037 4630 2220 4668 aurem
2269 4612 2637 4666 accommodat
2678 4609 2977 4664 detrahenti
3008 4627 3020 4660 :
3047 4617 3094 4661 et
3137 4607 3350 4675 quidem
3399 4621 3502 4660 non
3543 4609 3636 4660 de-

2037 4708 2376 4772 trahendum,
2405 4715 2768 4759 verumtamen
2801 4711 3078 4771 peccatum
3112 4703 3294 4756 fratris
3318 4702 3414 4768 illi,
3455 4719 3484 4755 a
3526 4717 3638 4770 quo

2039 4799 2230 4852 debeat
2259 4797 2479 4865 corrigi.
2510 4812 2612 4848 non
2641 4794 2938 4848 celandum.

2117 4886 2268 4951 Quod
2314 4886 2568 4946 nimirum
2614 4892 2764 4936 tanto
2808 4879 3080 4936 interdum
3131 4896 3160 4934 a
3201 4881 3383 4952 pueris
3427 4882 3638 4936 facilius

2046 4974 2466 5043 deprehenditur
2499 5013 2515 5037 ,
2569 4981 2772 5042 quanto
2822 4973 2872 5026 in
2920 4974 3000 5026 eis
3057 4971 3136 5025 vel
3189 4973 3444 5026 noscendi
3477 5012 3492 5036 ,
3551 4973 3636 5026 vel

2043 5065 2315 5120 deferendi
2368 5065 2602 5134 suspicio
2657 5079 2762 5116 non
2814 5064 3058 5117 habetur.
3101 5064 3390 5118 Accusavit
3435 5062 3638 5130 Joseplt

2044 5158 2242 5210 fratres
2273 5157 2411 5226 apud
2440 5167 2646 5226 patrem
2679 5157 2906 5210 crimine
2940 5157 3172 5224 pessimo
3203 5155 3352 5220 (Gen.
3386 5155 3634 5220 xxxvii);
3721 5187 3730 5192 --

2044 5251 2136 5304 sed
2181 5250 2324 5304 unde
2371 5250 2580 5302 illorum
2627 5261 2750 5304 tunc
2803 5249 3020 5318 pertulit
3063 5249 3272 5304 odium.
3321 5247 3442 5300 inde
3488 5256 3634 5314 posta

2045 5339 2262 5392 modum
2319 5354 2481 5409 super
2519 5355 2613 5394 eos
2657 5339 3040 5392 omninationis
3081 5335 3314 5390 obtinuit
3363 5335 3633 5405 principa-

2048 5439 2183 5484 tum.
2225 5427 2484 5484 Achimas
2521 5439 2575 5484 et
2614 5429 2894 5491 Joaathas,
2933 5427 3192 5497 suppositi
3228 5426 3382 5495 juxta
3427 5426 3636 5480 fontem

2050 5517 2215 5588 Roga!
2269 5517 2561 5578 latuerunt,
2617 5519 2834 5586 regique
2891 5517 3096 5582 David,
3153 5526 3209 5570 ut
3263 5533 3290 5571 a
3339 5515 3475 5572 facie
3519 5515 3631 5578 Ab-
