3994 6190
441 213 550 272 359

906 211 964 268 S.
1007 211 1211 268 PETRI
1261 211 1537 267 DAMIANI
1579 209 1730 267 ΟΙ-Ῥ.
1773 194 2008 268 Τολιυδ
2048 210 2178 265 SEU
2223 211 2399 265 PARS
2440 212 2524 266 lll.
2552 244 2620 254 —
2651 214 3013 271 Ol’USCULA
3059 215 3284 274 VARIA.

3615 227 3724 286 3‘20

444 331 598 384 Salen
641 324 960 394 quantocius
1018 325 1266 394 fugeret,
1311 323 1556 376 nomium
1607 324 1911 378 detulerunt
1941 322 2025 391 (ll
2058 325 2104 382 Λ
2133 337 2258 390 gere
2297 325 2484 378 vulnus
2517 326 2789 380 anhelant.
2843 327 2974 383 Nam
3025 339 3116 384 aut
3157 331 3448 403 fugandum
3487 346 3591 403 est,
3635 353 3724 395 aut

447 421 575 489 Reg.
627 421 759 487 xvii)
806 436 819 471 :
873 428 924 472 et
995 419 1098 472 hoc
1153 418 1423 471 Abiathan
1481 428 1536 472 et
1591 418 1800 475 Sadoch
1857 419 2034 474 fecere

447 525 545 578 per
597 506 754 569 ﬁlios,
807 507 947 574 quod
995 506 1174 560 facere
1221 520 1326 558 non
1381 515 1627 575 poterant
1672 523 1767 576 per
1804 510 2030 576 scipsos.

450 598 604 665 Saepe
655 595 914 663 siqnilem
966 610 1062 663 per
1095 596 1339 665 juniores
1384 597 1537 666 culpa
1591 598 1875 667 detegitur,
1917 615 2035 669 qua:

448 701 480 739 a
536 684 830 752 majoribus
885 685 1176 740 salubriter
1232 688 1568 740 emendatur.
1626 687 1799 744 Nolite
1856 699 2034 743 autem

439 774 556 844 jam
601 777 965 846 grandiusculi
1002 777 1068 831 de
1110 779 1350 848 priorum
1403 791 1706 834 vestrorum
1753 796 2034 851 perperam

444 866 589 923 forte
646 869 941 925 viventium
1002 873 1211 928 meritis
1267 873 1544 940 disputare
1582 915 1597 940 ,
1653 884 1710 930 et
1771 891 1878 930 non
1930 891 2036 946 qua

402 1027 409 1035 _
444 958 532 1011 via
589 959 910 1042 gradiantur
936 1002 951 1026 ,
997 963 1089 1017 sed
1131 963 1282 1034 cujus
1323 966 1440 1020 vice
1479 966 1811 1038 fungantur,
1861 978 2037 1024 atten-

445 1048 671 1114 dentes,
739 1051 844 1106 illis
894 1053 948 1106 in
989 1053 1206 1109 Christo
1251 1055 1529 1110 humiliter
1566 1058 1799 1113 obedite.
1848 1059 2036 1114 Patres

445 1142 590 1196 enim
631 1145 811 1199 carnis
835 1185 850 1211 ,
890 1155 950 1201 ut
987 1147 1277 1217 Apostolus
1315 1150 1424 1212 ait,
1468 1149 1756 1206 habuimus
1793 1153 2034 1207 erudito-

444 1246 554 1295 res,
595 1243 649 1288 et
688 1236 1070 1291 reverebamur
1105 1254 1219 1303 eos,
1261 1249 1462 1308 quanto
1501 1243 1669 1312 magis
1708 1245 2036 1314 obtempera-

442 1321 630 1378 himus
665 1325 804 1394 patri
857 1326 1143 1394 spirituum
1174 1368 1188 1391 ,
1233 1338 1288 1383 et
1335 1331 1621 1385 vivemus?
1679 1332 1866 1401 (Hebr.
1914 1334 2034 1405 xu.)

444 1410 662 1467 Samuel
733 1430 966 1485 namque
1023 1418 1247 1472 edoctus
1303 1427 1385 1473 est
1440 1421 1508 1475 ab
1562 1420 1717 1486 lleli,
1767 1423 1894 1492 quid
1944 1440 2036 1479 vo-

441 1503 587 1559 canti
631 1520 690 1559 se
734 1506 962 1561 Domino
1005 1510 1358 1577 responderet
1402 1509 1453 1580 (Ι
1500 1510 1631 1580 Reg.
1669 1515 1786 1579 ut);
1829 1523 1884 1568 et
1922 1515 2033 1579 ille,

440 1597 687 1665 quamvis
737 1599 966 1668 reprobo
1010 1602 1303 1665 sacerdoti,
1355 1603 1480 1671 quia
1536 1613 1713 1658 tamen
1760 1605 2034 1661 humiliter

2134 413 2474 480 fugiendum;
2526 429 2620 470 aut
2667 429 2814 487 terga
2868 423 3183 476 vertendum
3235 434 3334 488 est,
3389 436 3481 481 aut
3512 443 3543 482 e
3583 443 3725 485 con-

2136 507 2302 558 trario
2335 517 2479 576 terga
2511 510 2830 563 cedendum.
2886 510 3199 578 Hujusmodi
3230 517 3374 570 enim
3408 533 3583 590 pugna
3616 528 3724 588 est,

2135 603 2194 647 ut
2256 597 2563 666 quicunque
2622 615 2724 653 non
2791 599 3022 667 dejicit,
3093 604 3207 672 ipse
3259 607 3543 675 dejiciatur
3581 654 3596 675 ,
3671 621 3730 666 et

2134 684 2224 751 qui
2272 683 2501 753 gloriose
2549 703 2652 740 non
2693 689 2903 752 vicerit,
2955 693 3187 760 turpiter
3233 707 3534 766 superetur.
3593 698 3726 754 Ubi-

2136 788 2241 840 que
2291 775 2586 841 periculum
2645 787 2774 842 est,
2826 780 2954 834 dum
3014 783 3248 838 hostium
3303 790 3576 843 exercitus
3619 792 3726 844 cir-

2136 863 2528 930 cnmlimditur,
2576 867 2950 923 dissidentium
3004 873 3082 926 eis
3121 873 3320 928 civium
3375 892 3584 932 cuneus
3626 896 3724 951 ag-

2136 964 2438 1025 gregatur;
2498 967 2554 1012 et
2607 959 2732 1011 dum
2780 961 2925 1015 acies
2972 963 3038 1015 ad
3084 963 3407 1020 conferenda
3460 969 3598 1023 bella
3645 969 3730 1025 di‘

2136 1044 2353 1112 rigitur,
2400 1055 2702 1100 castrorum
2747 1047 2926 1104 aditus
2964 1066 2994 1105 a
3041 1053 3312 1108 seditiosis
3355 1056 3560 1111 civibus
3597 1073 3729 1128 ape-

2139 1132 2293 1186 ritur.
2357 1135 2494 1189 Vitia
2549 1137 2746 1207 quippe
2799 1153 2921 1207 quae
2972 1139 3110 1194 intra
3162 1157 3259 1195 nos
3311 1151 3490 1208 sunt,
3543 1154 3724 1199 tenta-

2140 1228 2346 1282 toribus
2403 1230 2456 1282 in
2511 1233 2805 1285 tentatioue
2854 1235 3203 1300 concordant,
3244 1245 3298 1290 et
3343 1239 3483 1294 vires
3528 1239 3727 1312 iniquis

2135 1318 2414 1388 spiritibus
2463 1324 2864 1380 administrant.
2907 1360 2910 1362 -

2208 1409 2565 1484 Quapropter,
2612 1416 2940 1482 charissimi,
2995 1420 3327 1487 sobrietatis,
3379 1423 3722 1490 humilitatis,

2136 1505 2406 1571 patientia:
2439 1545 2453 1570 ,
2516 1507 2876 1573 obedientim,
2935 1513 3240 1579 cas:itatis,
3283 1515 3564 1571 charitatis
3606 1533 3729 1572 om-

2138 1594 2392 1664 niumque
2438 1599 2697 1653 virtutum
2739 1614 2889 1654 arma
2921 1603 3202 1672 corripite,
3233 1614 3288 1660 et
3321 1621 3425 1660 non
3451 1622 3550 1676 pro
3580 1608 3725 1677 agris

440 1686 639 1754 paruit,
695 1689 971 1742 oraculum
1012 1691 1376 1762 mov'divina:
1417 1695 1760 1752 revelationis
1799 1698 2027 1768 accepit.
2067 1669 2109 1728 Β
2135 1695 2188 1739 ει
2234 1687 2480 1754 Urbibus,
2529 1705 2636 1744 "0n
2687 1705 2786 1759 ιπο
2838 1692 2982 1756 “nisi
3035 1693 3115 1749 νεΙ
3167 1696 3459 1762 uxoribus:
3494 1699 3589 1754 Sed
3624 1715 3723 1769 Pro

442 1777 745 1846 Superbum
800 1779 1016 1836 Saulem
1074 1798 1303 1852 nequam
1355 1787 1578 1854 spiritus
1617 1797 1822 1854 vexat,
1876 1798 1930 1843 et
1981 1791 2031 1845 ei

444 1869 610 1923 David
671 1873 898 1942 obsequi
966 1875 1254 1943 crispando
1310 1879 1581 1931 citharam
1645 1895 1754 1932 non
1820 1889 2031 1935 recusat

440 1961 493 2032 (I
545 1962 670 2033 Reg.
724 1966 858 2035 ιιι).

512 2055 584 2110 Ut
633 2056 872 2112 libidiais
909 2067 1090 2112 autem
1139 2059 1366 2114 valeatis
1421 2070 1586 2116 :estus
1643 2061 2028 2132 exstinguere,

437 2143 777 2202 irritamenta
823 2150 958 2216 gulae
1001 2157 1251 2220 tanquam
1299 2161 1529 2221 stuppze,
1581 2153 1815 2222 naphta:,
1853 2154 2028 2224 picis,

437 2244 494 2290 et
554 2236 816 2300 malleolae
872 2238 1116 2293 fomitem
1176 2240 1462 2295 declinaze.
1525 2242 1624 2309 Qui
1688 2243 1831 2296 enim
1891 2245 2032 2297 inter

345 2362 367 2382 .
435 2336 550 2383 tres
599 2331 931 2386 abstinentes
987 2346 1186 2401 pueros
1238 2333 1290 2386 in
1340 2335 1556 2388 camino
1603 2335 1749 2404 ignis
1802 2344 2031 2402 quartus

435 2421 687 2488 apparuit
729 2420 892 2491 (Dan.
952 2423 1070 2490 ut),
1111 2431 1168 2478 et
1201 2423 1354 2477 vobis
1393 2431 1651 2493 tanquam
1689 2432 1908 2480 ventum
1951 2441 2032 2481 ro-

433 2508 512 2563 ris
559 2507 776 2564 ﬂantem
838 2512 1062 2580 spiritus
1126 2513 1208 2566 sui
1270 2511 1613 2583 refrigerium
1674 2515 2026 2570 ministrabit.

432 2595 491 2650 In
550 2600 804 2654 omnibus
862 2600 1023 2669 igitur
1083 2604 1421 2677 crepundias
1469 2603 1710 2658 infantia:
1779 2604 2029 2659 laetantis

431 2688 653 2754 exuite,
702 2700 761 2745 et
809 2693 1112 2746 rudimenta
1161 2693 1394 2748 tirocinii
1444 2694 1609 2748 vestri
1655 2694 1883 2748 Domino
1932 2709 2029 2764 per

432 2776 784 2850 ingenuitatis
813 2781 1045 2835 indolem
1074 2782 1337 2838 dedicate.
1390 2783 1540 2837 Illum
1574 2784 1862 2852 sequimini
1889 2785 2028 2840 inter

432 2873 793 2927 tentationum
842 2875 1143 2929 certamina
1196 2875 1388 2930 ducem
1421 2915 1436 2941 ,
1497 2875 1646 2930 illum
1696 2877 1923 2946 quaerite
1971 2879 2026 2932 in

432 2963 814 3032 prosperitatis
873 2977 1004 3032 pace
1067 2965 1366 3019 custodem.
1425 2965 1882 3034 [insuperabilibus
1933 2969 2025 3037 igi-

433 3059 523 3107 tur
574 3054 834 3108 '.'irtutum
886 3054 1006 3109 telis
1053 3055 1324 3122 accincti,
1373 3057 1585 3111 Christo
1639 3060 2023 3127 propugnatori

427 3153 615 3200 vestro
656 3146 982 3200 unanimiter
1032 3147 1196 3201 dicite
1236 3165 1249 3200 :
1296 3166 1314 3198 ‹
1343 3145 1530 3202 Judica
1556 3188 1570 3210 ,
1614 3149 1870 3222 Domine,
1928 3165 2026 3206 no-

426 3245 618 3292 centes
661 3250 769 3303 me,
815 3253 1059 3308 expugna
1105 3240 1480 3318 iinpugnalntes
1520 3257 1635 3307 me;
1682 3243 2024 3312 apprehende

428 3344 602 3396 arma,
649 3338 704 3385 et
755 3342 990 3397 scutum,
1037 3341 1091 3386 et
1133 3347 1364 3406 exsurge
1411 3337 1463 3390 in
1514 3336 1837 3405 adjutorium
1889 3339 2022 3393 mihi

368 3440 371 3442 ·
427 3419 605 3491 (Paul.
660 3422 866 3492 xxxrv).
910 3442 929 3474 ι
990 3423 1082 3479 ιιιε
1136 3440 1232 3479 vos
1289 3426 1341 3480 in
1402 3426 1560 3496 311
1615 3429 1791 3482 virum
1842 3428 2021 3498 perfe-

430 3517 602 3575 ctum,
657 3511 709 3563 in
759 3526 1071 3566 mensuram
1123 3514 1299 3568 a:tatis
1358 3515 1706 3584 plenitudinis
1757 3533 1867 3572 suae
1903 3533 2022 3587 per-

431 3591 668 3667 ductos,
725 3617 820 3657 sua
874 3603 1035 3659 faciet
1082 3605 1281 3659 virtute
1321 3607 1574 3661 victores.
1630 3607 1721 3663 llle
1773 3623 1870 3663 vos
1921 3611 2020 3663 ho-

429 3691 593 3745 stium
643 3700 946 3748 vestrorum
991 3695 1488 3765 triumphatricibus
1516 3698 1712 3768 plantis
1741 3701 2022 3755 dabitcal-

429 3797 555 3837 care
587 3785 842 3840 cervices.
887 3786 1072 3857 Legite
1103 3789 1266 3843 etiam
1292 3790 1572 3860 epistolam
1622 3807 1784 3862 quam
1817 3793 2022 3849 Marino

426 3870 673 3930 fratrueli
717 3885 909 3932 nostro
963 3878 1258 3934 direximus
1307 3879 1406 3950 (9').

1011 3968 1240 4024 CAPUT
1297 3968 1440 4024 XXI.

629 4061 942 4117 Exhortatio
975 4063 1246 4133 juvenum,
1285 4065 1360 4120 vel
1398 4064 1824 4121 adolescentium.

497 4153 607 4208 Vos
645 4163 847 4217 autem,
899 4155 1090 4224 ephebi
1141 4155 1528 4222 adolescentes,
1574 4173 1669 4213 vos
1721 4160 1883 4214 etiam
1920 4175 2018 4230 pu-

425 4240 709 4296 bescentes
748 4241 1008 4309 juvenes.
1061 4253 1210 4298 tanto
1267 4246 1706 4314 propensioribus
1760 4250 2059 4321 exhorta-l

2049 4385 2101 4445 D

427 4327 634 4382 tionum
681 4331 892 4385 auxiliis
939 4332 1206 4402 indigetis,
1260 4342 1463 4402 quanto
1517 4336 1734 4390 duriora
1784 4336 2019 4392 carnalis

377 4415 660 4472 ~incendii
709 4421 1012 4474 certamina
1062 4422 1318 4478 toleratis.
1373 4424 1429 4477 ln
1474 4441 1567 4480 vos
1616 4427 1883 4495 siquidem
1934 4445 2018 4484 re-

425 4516 516 4564 cto
563 4522 724 4563 cursu
787 4511 964 4565 omnis
1027 4513 1235 4567 hostilis
1303 4515 1532 4585 impetus
1599 4517 1803 4583 irruit,
1867 4519 2018 4576 vobis

427 4610 590 4653 omne
649 4600 771 4655 belli
833 4602 1000 4657 robur
1050 4604 1334 4660 incumbit.
1402 4607 1459 4661 ln
1525 4623 1620 4663 vos
1668 4611 2015 4680 omnigenum

427 4689 654 4745 telorum
705 4691 1040 4750 densissima:
1089 4698 1380 4764 grandines
1408 4739 1422 4764 ,
1465 4707 1518 4754 et
1555 4702 1870 4772 constipatis
1922 4705 2016 4759 ad-

425 4797 640 4840 versum
705 4801 802 4841 vos
859 4787 1055 4857 iniquis
1117 4790 1398 4859 spiritibus
1455 4808 1576 4847 cum
1637 4794 1782 4850 vitiis
1837 4775 2017 4851 ca'rnis

418 4875 898 4934 turbulentissima:
937 4879 1098 4935 "vobis
1151 4880 1407 4952 ingruunt
1461 4893 1823 4954 tempestates.
1887 4886 2015 4941 Fer-

419 4979 570 5033 vent,
627 4970 835 5025 fervent
876 4973 928 5026 in
980 4975 1194 5030 ossibus
1243 4977 1399 5040 bella,
1442 4987 1496 5031 et
1543 4987 1799 5050 tanquam
1851 4997 2014 5052 vagus

424 5061 706 5121 Vesuvius,
759 5063 844 5115 vel
897 5062 1060 5117 Aitna
1103 5068 1345 5132 vaporati
1399 5069 1643 5136 corporis
1699 5071 1864 5124 vestri
1920 5088 2013 5125 ca-

425 5152 603 5206 minus
661 5150 1000 5206 flammarum
1055 5153 1242 5222 globos
1285 5167 1515 5211 eructat.
1584 5159 1737 5213 Unde
1791 5175 2013 5217 necesse

422 5252 527 5308 est,
580 5253 640 5298 ut
691 5254 894 5313 quanto
939 5243 1118 5299 acrius
1168 5246 1555 5317 impugnamini
1598 5251 1665 5303 ad
1707 5251 1885 5306 tutelae
1924 5269 2015 5307 ve-

423 5342 550 5389 stra:
599 5337 942 5398 custodiam,
1003 5346 1152 5391 tanto
1200 5339 1473 5394 robustius
1519 5341 1800 5399 insistatis.
1865 5341 2016 5398 Ultro

355 5443 374 5458 ί
421 5427 588 5483 etiam
618 5432 965 5502 satageudnm
992 5440 1092 5498 est,
1131 5440 1190 5486 ut
1210 5432 1403 5501 jaculis
1437 5441 1675 5503 pateant,
1715 5434 1804 5503 qui
1835 5433 2016 5502 jacula

424 5520 644 5577 vibrare
679 5539 784 5579 non
828 5536 1066 5591 cessant,
1112 5534 1169 5580 et
1209 5525 1430 5580 vulnera
1463 5526 1720 5592 sentiant,
1755 5528 1847 5597 qui
1887 5526 2019 5580 infli-

2133 1778 2418 1835 animabus
2473 1781 2711 1845 vestris,
2758 1798 2878 1852 qua:
2920 1800 3133 1840 omnem
3185 1786 3433 1843 affectum
3487 1792 3725 1846 necessi-

2135 1875 2333 1930 tudinis
2377 1885 2654 1945 superant,
2699 1879 2971 1934 dimicate.
3023 1880 3295 1951 Prmcipue
3343 1891 3411 1941 ut,
3451 1893 3582 1939 aetas
3623 1900 3723 1940 ve—

2131 1954 2245 2018 stra
2297 1965 2404 2018 vim
2460 1967 2677 2032 sentiat,
2719 1964 3069 2036 jejunanduui
3124 1971 3278 2026 vobis
3315 1982 3418 2038 est,
3468 1983 3522 2027 et
3561 1988 3725 2028 oran-

2132 2055 2293 2120 dum;
2322 2066 2602 2125 quatenus
2645 2068 2698 2112 et
2738 2058 3003 2129 jejunium
3052 2062 3232 2117 carnis
3277 2065 3442 2117 robur
3481 2063 3721 2130 edomet,

2133 2155 2188 2201 et
2234 2149 2411 2203 oratio
2469 2150 2533 2203 ad
2573 2150 2738 2203 Deum
2797 2152 3032 2206 animam
3082 2153 3240 2208 levet.
3295 2153 3599 2210 Notandum
3640 2164 3723 2211 ta-

2133 2249 2296 2299 men,
2355 2237 2480 2306 quia
2523 2237 2763 2292 nonnulli
2817 2239 2943 2293 dum
2986 2252 3250 2310 peragunt
3308 2243 3599 2298 indiscrete
3637 2243 3724 2313 je-

2125 2327 2360 2396 junium,
2395 2327 2587 2398 jejunii
2631 2344 2737 2382 non
2789 2330 3010 2398 capiunt
3058 2329 3324 2400 fructum;
3369 2341 3426 2387 et
3457 2334 3721 2404 quidquid

2130 2417 2274 2471 enim
2326 2431 2434 2471 uno
2478 2418 2565 2471 die
2597 2417 2887 2488 jejunant,
2943 2420 3116 2474 altero
3169 2422 3235 2475 ad
3285 2434 3469 2478 votum
3521 2439 3579 2478 se
3634 2439 3723 2478 sa-

2133 2505 2315 2560 tiando
2367 2515 2731 2577 compescant.
2794 2509 2991 2578 Sicque
3031 2511 3088 2565 tit
3112 2551 3126 2577 ,
3169 2521 3226 2566 ut
3254 2511 3443 2582 jejunii
3481 2515 3599 2570 dies
3635 2531 3724 2570 se-

2129 2601 2314 2668 quenti
2374 2601 2569 2656 militet
2617 2602 2719 2657 diei
2754 2641 2769 2667 ,
2827 2611 2882 2658 et
2939 2605 3064 2658 dum
3133 2614 3357 2660 externa
3411 2609 3502 2661 vix
3559 2607 3724 2664 hodie

2128 2706 2251 2747 esca
2298 2692 2606 2763 digeritur,
2661 2704 2894 2750 .vacuato
2945 2698 3227 2753 stomacho
3275 2700 3496 2754 crastini
3555 2715 3723 2770 appa-

2128 2789 2278 2835 ratus
2328 2782 2480 2850 copia
2525 2784 2843 2849 comeditur,
2893 2783 3129 2860 dumque
3174 2796 3370 2856 praeter
3408 2789 3722 2845 communia

2128 2872 2398 2944 singulare
2445 2873 2675 2944 aliquid,
2728 2883 2783 2930 et
2842 2876 3039 2930 lautius
3080 2877 3384 2946 qumt‘itur,
3443 2891 3550 2934 non
3601 2879 3723 2933 sine

2129 2963 2498 3018 ministrorum
2540 2966 2698 3020 taedio
2739 2977 2932 3022 cuncta
2966 2974 3348 3037 apothecarum
3391 2978 3599 3023 secreta
3625 2984 3724 3022 cu-

2129 3065 2339 3111 rantur.
2391 3057 2483 3112 ille
2522 3059 2684 3128 igitur
2721 3058 2857 3114 bene
2890 3058 3100 3130 jejunat
3130 3101 3144 3124 ,
3197 3059 3287 3128 qui
3339 3060 3391 3114 in
3442 3060 3529 3114 die
3577 3059 3723 3114 refe-

2127 3147 2326 3202 ctionis
2368 3147 2747 3202 communibus
2789 3157 3073 3203 contentus
3114 3159 3198 3204 est
3235 3149 3529 3214 alimentis,
3555 3151 3599 3205 si
3631 3149 3722 3206 vi-

2125 3237 2318 3293 delicet
2358 3239 2486 3292 dum
2538 3255 2644 3294 non
2695 3255 2942 3295 escarum
2991 3256 3188 3311 genere
3224 3241 3514 3312 discrepat,
3550 3243 3719 3298 etiam

2126 3331 2343 3384 modum
2397 3331 2635 3400 quotidie
2699 3331 3078 3400 prandentium
3135 3348 3243 3387 non
3297 3334 3543 3388 excedat.
3604 3332 3720 3389 Nec

2127 3429 2305 3476 tamen
2353 3421 2573 3491 jejuniis
2628 3422 2854 3475 nimium
2916 3423 3257 3487 tribuentes,
3310 3424 3718 3491 obedientiam,

2123 3527 2243 3581 qua:
2292 3527 2454 3565 aurea
2508 3511 2575 3564 ad
2622 3513 2816 3565 crelum
2871 3512 2955 3565 via
2996 3521 3098 3576 est,
3140 3513 3474 3582 relinquatis.

2195 3600 2380 3654 Dicam
2435 3615 2539 3653 non
2590 3601 2732 3669 quod
2781 3601 2957 3655 aliena‘
3017 3601 3277 3656 relatione
3323 3601 3570 3670 cognovi,
3621 3603 3719 3656 sed

2123 3691 2268 3760 quod
2323 3691 2496 3747 oculis
2543 3693 2672 3746 vidi.
2731 3692 3030 3762 Pomposia:
3086 3694 3302 3762 quidam
3359 3692 3526 3746 frater
3573 3700 3716 3757 erat,

2121 3781 2283 3852 312
2331 3780 2680 3836 Raimbaldns
2719 3783 2976 3844 nomine,
3035 3780 3206 3834 frater
3255 3781 3505 3835 videlicet
3553 3779 3717 3835 Petri

2123 3873 2545 3928 reverentissimi
2580 3871 2702 3937 viri,
2728 3871 2820 3941 qui
2851 3886 2995 3925 nunc
3045 3872 3185 3940 apud
3220 3868 3560 3925 Vincentiam
3603 3870 3704 3924 ab-

2123 3963 2265 4018 batis
2285 3963 2465 4017 officio
2494 3962 2751 4032 fungitur.
2779 3960 2878 4015 llic
2905 3961 3086 4031 itaque
3110 3961 3525 4016 adolescentiam
3553 3973 3714 4016 suam

2123 4055 2330 4110 crebris
2376 4064 2734 4109 consueverat
2779 4054 3036 4109 edomare
3072 4053 3327 4124 jejuniis,
3376 4063 3431 4109 et
3477 4045 3619 4109 sicut
3650 4053 3708 4108 in

2122 4146 2312 4216 primis
2338 4145 2594 4215 auspiciis
2623 4145 2844 4201 famosa:
2875 4143 3067 4200 indolis
3130 4146 3182 4199 in
3229 4145 3501 4216 plerisque
3540 4143 3716 4214 speci-

2123 4255 2245 4294 men
2277 4239 2459 4293 dabat.
2476 4227 2621 4292 Illuic
2653 4237 2956 4306 injunctum
2979 4247 3096 4291 erat
3117 4238 3379 4303 officium,
3408 4250 3464 4292 ut
3491 4237 3710 4292 cuidam

2123 4329 2422 4385 Teutonico
2448 4330 2782 4384 ministraret
2818 4329 3026 4382 incluso
3055 4347 3068 4382 :
3111 4329 3203 4398 qui
3257 4330 3512 4382 nimirum
3546 4326 3712 4383 effos-

2126 4421 2202 4475 sis
2238 4421 2429 4484 oculis,
2457 4429 2510 4474 et
2536 4419 2772 4474 abscissa
2807 4418 3046 4482 dextera,
3072 4418 3228 4487 juxta
3275 4418 3566 4472 ecclesiam
3617 4433 3712 4488 po-

2125 4511 2264 4566 situs
2316 4512 2541 4566 arduam
2597 4511 2826 4565 ducebat
2877 4511 3064 4565 vitam.
3112 4506 3242 4564 Erat
3292 4517 3472 4562 autem
3523 4509 3708 4579 regula

2124 4602 2465 4669 monasterii,
2495 4611 2554 4656 ut
2582 4617 2738 4657 nemo
2770 4601 3190 4655 claustrensium
3213 4599 3497 4669 egrediens
3529 4597 3711 4667 loque-

2124 4706 2294 4751 retur.
2326 4695 2629 4766 Aliquando
2654 4703 2832 4750 autem
2865 4710 2988 4749 cum
3017 4693 3370 4748 Raimbaldns
3391 4693 3443 4746 in
3471 4693 3708 4762 capitulo

2117 4788 2440 4842 constitutus
2463 4787 2699 4857 graviter
2721 4796 3060 4854 quereretur,
3090 4799 3148 4838 se
3174 4798 3515 4852 nequaquam
3543 4797 3705 4851 posse

2119 4878 2302 4946 pueris
2335 4876 2601 4946 imperitis
2624 4891 2721 4946 per
2743 4876 2894 4945 signa
2923 4874 3214 4943 prtecipere
3241 4914 3255 4938 ,
3312 4881 3371 4926 ut
3421 4886 3580 4926 servo
3612 4872 3706 4926 Dei

2118 4978 2297 5026 vestes
2319 4970 2624 5034 abluerent,
2647 4979 2702 5023 ct
2735 4969 3036 5039 praesertim
3061 4983 3179 5036 qua:
3211 4967 3311 5022 sibi
3350 4966 3525 5022 edulia
3568 4981 3706 5035 prce-

2118 5071 2408 5131 pararent,
2465 5069 2739 5130 postremo
2787 5075 3038 5114 asserens
3071 5099 3086 5123 ,
3134 5068 3296 5128 atque
3341 5058 3701 5122 denuntians,

2119 5154 2244 5222 quia
2276 5154 2377 5206 nisi
2410 5153 2682 5207 silentium
2708 5151 3002 5220 frangeret,
3028 5151 3280 5204 mandata
3330 5149 3546 5218 penitus
3585 5164 3702 5202 ser--

2118 5259 2247 5299 vare
2280 5261 2383 5298 non
2409 5252 2588 5315 posset
2619 5261 2630 5296 :
2655 5251 2876 5298 econtra
2906 5244 2990 5296 vir
3015 5251 3258 5305 sanctus,
3300 5243 3467 5295 abbas
3496 5239 3702 5293 scilicet

2119 5337 2313 5402 Guido,
2344 5353 2412 5391 ne
2439 5336 2714 5390 silentium
2743 5335 3061 5398 solveretur,
3094 5335 3442 5388 vehementer
3471 5332 3699 5386 obsiste-

2120 5435 2245 5494 ret,
2304 5435 2730 5495 constanterque
2780 5425 2833 5479 in
2883 5424 3223 5478 auctoritatis
3268 5439 3379 5477 sua:
3429 5420 3697 5475 sententia

2121 5528 2499 5593 permaneret;
2535 5518 2750 5574 demum
2775 5517 2840 5572 ad
2877 5516 2982 5573 hoc
3004 5523 3127 5586 post
3169 5513 3331 5571 multa
3381 5521 3698 5586 perventum

495 5635 573 5706 (9)
623 5637 717 5693 Est
765 5639 985 5705 epistola
1033 5637 1102 5693 26
1152 5639 1273 5694 libri
1324 5657 1373 5695 vi
1416 5639 1760 5710 epistularum
1803 5639 1856 5695 S.
1903 5637 2155 5694 doctoris.
