3996 6184
322 431 418 485 32!

1195 427 1434 484 ornsc.
1465 427 1596 482 xm.
1626 459 1693 468 —
1724 429 1810 482 ne
1850 409 2328 483 penrecrnom‘:
2369 426 2667 483 nomen.

3493 434 3599 490 39:2

324 554 426 607 est,
460 555 518 598 ut
549 543 635 597 ille
660 540 1041 612 przcciperetur
1071 539 1138 592 ab
1167 541 1636 596 administratione
1666 557 1903 606 cessare,
1937 555 1982 612 Α
2010 555 2115 592 vox
2154 540 2538 594 contumeliosa
2571 539 2910 609 respondeat,
2943 545 3036 596 sed
3089 550 3180 597 aut
3239 545 3596 603 conviciantis

322 635 534 704 sibique
558 633 860 702 quiescere.
889 631 1016 694 Sed.
1048 647 1080 685 ο
1104 633 1299 686 ι1ἰνὶητε
1341 633 1560 687 ultionis
1610 634 1916 688 aecelerala

323 723 632 777 severitas!
667 722 754 775 vix
786 721 910 774 dum
953 721 1189 774 dimidiae
1240 722 1385 776 horae
1429 739 1622 776 cursus
1661 724 1912 787 elabitur,

321 825 378 867 et
407 829 535 866 ecce
567 811 920 865 Raimbaldus
943 811 1284 880 superposito
1313 811 1483 865 dolori
1515 813 1680 882 digito
1711 813 1762 865 in
1795 821 1915 880 gut-

323 911 443 955 ture
473 916 531 955 se
564 916 684 954 esse
732 915 1051 965 percussuro
1101 899 1526 970 lacrymabiliter
1557 910 1910 968 protestatnr.

323 994 461 1062 Quid
499 997 652 1064 plura
678 996 703 1046 ?
735 993 865 1048 Post
893 993 1062 1058 diem,
1095 992 1139 1046 si
1187 993 1289 1046 rite
1333 1002 1494 1048 teneo
1515 1033 1528 1056 ,
1580 994 1794 1046 tertium
1827 1009 1915 1047 sa-

325 1086 633 1142 tisfactione
691 1087 873 1149 facta,
926 1093 980 1138 et
1028 1093 1247 1152 accepta
1301 1085 1473 1138 sancti
1527 1083 1706 1139 Patris
1751 1085 1915 1138 benc-

325 1177 585 1241 dictione,
613 1175 902 1230 defunctus
927 1183 1031 1228 est.

391 1265 503 1319 Hoc
532 1275 740 1327 autem,
767 1261 1096 1324 cbarissimi,
1129 1259 1485 1314 domesticum
1517 1260 1670 1313 vobis
1711 1260 1913 1313 idcirco

322 1356 628 1420 retulimus,
659 1364 718 1408 ut
743 1352 1102 1408 memineritis
1127 1361 1369 1405 sanctam
1399 1351 1765 1408 obedientiam
1814 1367 1912 1420 pro

318 1448 643 1504 confidentia
663 1446 864 1501 nullius
879 1445 950 1515 pii
971 1445 1174 1515 operis,
1191 1445 1305 1499 sive
1324 1444 1600 1514 religionis
1622 1445 1912 1513 aliquando

319 1537 712 1610 negligentiam.
776 1537 964 1592 Estote
1015 1544 1277 1606 praeterea
1330 1537 1475 1590 inter
1537 1537 1910 1590 tentationum

319 1637 634 1684 vestrarum
661 1627 799 1682 bella
829 1626 1071 1689 solliciti,
1099 1627 1339 1694 undique
1392 1625 1584 1695 vigiles
1613 1665 1627 1690 ,
1677 1625 1914 1693 undique

319 1718 721 1788 circumspecti,
737 1726 797 1771 ut
812 1717 1060 1772 videlicet
1077 1717 1387 1771 tentationis
1408 1725 1536 1771 liora
1551 1724 1911 1785 pertranseat,

320 1829 384 1870 ne
417 1814 564 1884 quod
598 1813 652 1868 in
704 1813 1032 1883 cogitatione
1079 1811 1407 1880 suggeritur,
1454 1809 1706 1879 protinus
1747 1824 1912 1878 opere

2018 629 2436 683 an‘iaritudinem
2482 630 2744 684 modestia
2781 633 3156 700 respondentis
3183 634 3474 698 ohdulcet;
3506 650 3602 692 aut

2017 719 2060 773 si
2096 719 2196 773 hoc
2225 719 2377 773 facile
2405 721 2635 774 obtineri
2681 735 2786 774 non
2842 731 3036 789 potest,
3069 739 3134 775 ne
3164 723 3400 793 jurgium
3455 726 3600 780 fera-
3648 768 3653 773 .

2017 811 2140 862 liter
2178 809 2377 871 eﬂluat,
2412 811 2537 863 irati
2576 811 2812 880 linguam
2878 813 3077 866 silen'ii
3131 814 3319 868 salten
3369 831 3599 870 censura

2015 909 2340 969 compescat.
2362 900 2687 956 Furentibus
2720 918 2906 971 nempe
2925 904 3100 958 ventis
3128 906 3277 959 navis
3304 907 3552 974 saepevt-I
3575 929 3606 948 -

2016 991 2177 1044 ficata
2234 992 2632 1060 submergitnr;
2701 993 2744 1046 si
2800 1003 2979 1046 autem
3018 1001 3248 1048 antenna
3290 996 3598 1063 deponitur,

2015 1083 2192 1137 omnis
2257 1097 2381 1137 nox
2423 1082 2646 1137 flatuum
2707 1084 2936 1151 impetus
2987 1099 3204 1139 necesse
3249 1096 3332 1141 est
3365 1087 3603 1142 inaniter

2015 1173 2340 1227 effundatur.
2373 1173 2537 1227 letum
2568 1175 2764 1243 quippe
2792 1176 3019 1229 convicii
3071 1179 3266 1245 sag'tla
3309 1192 3415 1231 non
3454 1178 3602 1232 inve-

2016 1265 2114 1326 nit,
2145 1281 2266 1318 cnm
2299 1266 2582 1320 conviciati
2628 1282 2779 1321 mens
2834 1282 2953 1322 sese
3001 1269 3050 1320 in
3101 1269 3402 1323 humilitate
3453 1269 3601 1326 velut

2015 1358 2274 1412 inclinata
2314 1359 2553 1427 deponit.
2596 1357 2788 1413 Tentet
2829 1361 3062 1414 novitius
3106 1376 3249 1430 smpe
3288 1360 3514 1430 majora,
3541 1369 3601 1415 ut

2015 1461 2133 1516 quae
2173 1447 2380 1501 minora
2427 1461 2552 1503 sunt
2613 1450 2906 1504 reddantur
2953 1466 3141 1505 eorum
3190 1451 3478 1509 collatione
3516 1450 3602 1508 fa-

2015 1541 2159 1596 cilia.
2495 1530 2524 1558 ⁸

2088 1630 2238 1697 Quod
2272 1632 2454 1688 dicere
2482 1633 2653 1702 gestio
2684 1631 2787 1686 tale
2829 1639 2932 1686 est.
2986 1631 3140 1702 Saepe
3175 1648 3314 1703 aqua
3363 1636 3599 1704 turbida,

2013 1721 2099 1774 vel
2156 1723 2332 1792 tepida
2395 1723 2497 1776 hoc
2545 1723 2725 1778 studio
2769 1723 2992 1789 bibitur,
3024 1730 3084 1777 ut
3128 1733 3441 1796 contempta
3488 1727 3602 1784 vini

2015 1814 2470 1883 concupiscentia,
2524 1815 2807 1884 perspicua
2855 1815 3215 1881 solummodo,
3267 1818 3349 1872 vel
3408 1818 3604 1890 frigida

321 1913 743 1961 oonsummetur.
771 1902 926 1973 Saepe
950 1902 1096 1958 enim
1118 1901 1171 1956 in
1197 1900 1551 1956 szecularibus
1578 1899 1780 1969 praeliis
1804 1915 1913 1954 uno
1945 1908 1988 1966 Β
2019 1919 2157 1974 aqua
2196 1903 2440 1960 sufﬁcere
2477 1905 2769 1974 judicetur.
2827 1905 2983 1978 Saepe
3029 1908 3386 1964 eantabritius
3443 1911 3604 1979 panis

322 2004 595 2051 momento
615 1994 904 2065 contingit,
931 1992 1074 2062 quod
1099 2006 1198 2060 per
1224 1990 1369 2045 nulla
1397 2000 1700 2060 temporum
1733 1990 1909 2060 spatia

323 2086 663 2158 postmodum
711 2083 892 2138 valeat
938 2079 1236 2136 emendari.
1295 2079 1525 2134 Econtra
1555 2119 1569 2143 ,
1613 2079 1706 2147 qui
1753 2079 1912 2132 unius

323 2180 560 2235 vulneris
589 2177 796 2234 caverit
820 2176 1014 2248 ictum,
1039 2172 1361 2228 brevissimo
1396 2179 1599 2242 puncto
1644 2171 1912 2224 diuturnze

324 2271 442 2325 vita:
462 2270 709 2325 lucratur
731 2274 1103 2338 augmentum.
1120 2263 1307 2319 Nostis
1333 2263 1433 2332 ipsi
1463 2264 1606 2331 quod
1631 2261 1866 2315 dicimus
1894 2277 1906 2313 :

321 2374 460 2428 saepe
481 2359 608 2427 quis
634 2357 690 2411 in
721 2355 930 2427 peccati
954 2353 1270 2423 voraginem
1303 2351 1486 2406 subito
1519 2351 1741 2414 labitur,
1767 2348 1911 2417 quod

323 2466 415 2520 per
439 2464 604 2503 omne
628 2448 750 2502 vita:
791 2461 902 2501 suae
941 2444 1177 2515 spatium
1226 2442 1356 2498 ﬂere
1399 2440 1714 2496 necessario
1763 2453 1912 2492 com-

324 2541 555 2610 pellitur.
587 2540 645 2594 ln
677 2539 824 2594 omni
851 2537 1019 2608 igitur
1057 2535 1374 2592 tentationis
1401 2533 1632 2588 articulo
1676 2531 1912 2586 solerter

324 2643 401 2689 est
427 2630 837 2694 attendendum,
868 2642 937 2684 ne
963 2628 1192 2683 tentatio
1245 2626 1359 2696 ipsa
1404 2623 1687 2695 perveniat
1717 2622 1784 2676 ad
1832 2620 1911 2676 ef-

326 2724 518 2780 fectum
551 2739 566 2777 :
612 2738 732 2776 nam
761 2722 805 2777 si
832 2721 982 2776 brevi
1007 2727 1212 2790 puncto
1250 2717 1495 2788 operatio
1528 2729 1692 2784 prava
1728 2711 1912 2766 differ-

327 2824 430 2879 tur,
462 2813 752 2868 evaditur:
786 2819 842 2864 et
897 2811 1025 2864 dum
1075 2815 1487 2864 momentaneus
1527 2805 1666 2858 ictus
1690 2843 1707 2870 ,
1739 2811 1797 2856 ut
1834 2801 1909 2856 ita

327 2904 532 2973 loquar,
561 2901 877 2966 effunditur,
929 2900 1022 2956 diu
1061 2897 1410 2970 postmodum
1465 2892 1752 2950 incolumis
1800 2891 1912 2946 vita

326 3003 592 3050 servatur.

902 3081 1132 3140 CAPUT
1172 3079 1337 3136 XXII.

951 3174 1029 3228 De
1058 3170 1288 3226 novitiis.

2015 1995 2321 2064 apponitur,
2352 2003 2407 2049 ut
2450 1996 2574 2050 dum
2630 1997 2935 2051 communis
2987 1999 3279 2067 appetitur,
3327 2000 3606 2071 siligineus

2015 2100 2123 2138 non
2155 2095 2452 2153 quaeratur.
2483 2085 2583 2139 Cui
2616 2095 2738 2154 post
2776 2087 3078 2154 pulvinaria
3111 2099 3266 2142 cento
3313 2105 3420 2143 non
3460 2090 3606 2144 sutil-

2012 2174 2109 2238 cit,
2141 2176 2333 2243 quovis
2377 2173 2596 2229 sibimet
2645 2177 2907 2231 stramine
2951 2177 3280 2234 satisfacere
3309 2182 3529 2250 poterit,
3557 2181 3604 2236 si

2012 2265 2217 2318 nudum
2251 2266 2399 2333 prius
2421 2265 2791 2334 pavimentum
2824 2267 3086 2323 lateribus
3129 2272 3276 2325 terit.
3332 2271 3434 2337 Qui
3482 2281 3607 2340 post

2013 2369 2209 2408 carnes
2229 2355 2408 2409 oleum
2443 2366 2690 2422 nauseat,
2736 2367 2796 2412 ut
2841 2361 3056 2414 sobrius
3111 2361 3288 2430 liquor
3353 2363 3602 2420 faucibus

2013 2447 2257 2499 suaviter
2282 2447 2477 2515 sapiat,
2503 2447 2698 2502 sallitis
2733 2449 3046 2518 aliquandiu
3107 2453 3466 2522 leguminibus
3517 2455 3602 2509 vi-

2013 2545 2126 2588 vat.
2168 2535 2336 2602 Quem
2366 2537 2578 2591 insolita
2612 2537 2848 2592 delectat
2873 2541 3150 2608 equitandi
3184 2543 3436 2607 vectatio,
3461 2543 3604 2599 intra

2013 2626 2219 2681 cellulm
2247 2643 2306 2681 se
2345 2628 2624 2697 angustias
2649 2628 2886 2698 colligat,
2907 2639 2962 2684 et
2995 2631 3292 2686 claustrum
3325 2639 3602 2689 monaste-

2013 2719 2078 2772 rii
2110 2718 2453 2786 postmodum
2484 2717 2658 2772 forum
2699 2728 2875 2788 putat.
2931 2720 3032 2786 Qui
3083 2731 3205 2790 post
3256 2724 3603 2792 gebellinam,

2013 2808 2438 2862 martorinamve
2468 2807 2752 2862 mollitiem
2781 2823 3069 2864 vervecum
3099 2811 3305 2866 fastidit
3327 2816 3602 2882 compedi-

2013 2908 2122 2953 tem
2167 2897 2234 2969 [f.
2268 2897 2644 2971 compedem];
2678 2899 2722 2953 si
2755 2900 2934 2955 birros
2965 2900 3160 2965 induit,
3190 2912 3367 2957 utrum
3397 2920 3427 2958 a
3452 2921 3606 2974 pere-

2014 2989 2208 3060 grinis,
2237 3004 2304 3041 an
2337 3005 2367 3042 a
2407 2987 2722 3043 domesticis
2749 2988 2996 3044 foveatur
3022 2991 3281 3059 pellibus,
3310 2993 3376 3048 de
3404 3005 3602 3050 caetero

2014 3093 2123 3132 non
2153 3076 2434 3132 discernit.
2469 3076 2683 3148 Moyses
2738 3077 2939 3148 quippe
2989 3087 3051 3132 ut
3113 3079 3344 3150 simplici
3393 3099 3604 3139 marinae

2017 3167 2141 3222 cibo
2203 3174 2491 3220 contentus
2536 3167 2631 3232 sit,
2651 3181 2718 3221 ne
2745 3181 2867 3221 cum
2891 3167 3104 3222 caneris
3127 3168 3385 3224 lsraelitis
3414 3172 3604 3226 sedere

396 3271 434 3326 Ii
469 3285 625 3334 vero,
663 3268 754 3338 qui
787 3271 854 3321 ad
909 3265 1188 3336 religionis
1230 3260 1475 3317 ordinem
1515 3256 1728 3312 noviter
1775 3269 1903 3308 cono
1931 3249 1977 3313 C
2031 3271 2193 3327 super
2217 3255 2350 3310 ollas
2374 3256 2620 3310 carnium
2677 3255 3025 3325 concupiscat
3073 3255 3268 3323 (Ex-od.
3350 3259 3491 3327 svi),
3537 3261 3609 3314 ab

329 3370 634 3427 vertuntur,
671 3357 998 3414 admonendi
1027 3364 1173 3418 sunt,
1201 3363 1260 3408 ut
1297 3352 1471 3422 prima
1501 3358 1688 3404 contra
1735 3347 1912 3416 gulam

329 3455 458 3510 bella
487 3453 829 3521 suscipiant;
863 3458 920 3503 ut
945 3449 1070 3502 dmn
1102 3443 1419 3501 sobrietatis
1458 3440 1671 3510 legibus
1717 3444 1915 3491 venter

328 3561 517 3618 parere
562 3543 944 3614 compellitur,
997 3544 1395 3605 consequenter
1460 3533 1628 3586 etiam
1688 3529 1741 3583 in
1790 3527 1912 3592 his,

329 3657 444 3710 qua:
470 3641 572 3696 sub
601 3649 790 3694 ventre
836 3644 982 3698 sunt,
1013 3633 1231 3687 flamma
1270 3627 1516 3683 libidinis
1558 3633 1911 3694 temperetur.

330 3732 646 3786 ﬂefrenetur
671 3728 853 3798 lingua
882 3742 988 3781 non
1020 3723 1193 3778 solum
1224 3737 1252 3773 a
1299 3717 1647 3774 sermonibus
1699 3714 1912 3777 otiosis,

328 3821 417 3876 sed
446 3828 504 3876 et
545 3835 574 3873 a
622 3819 853 3874 fratrum
897 3817 1215 3886 plerumque
1271 3807 1707 3865 confabulatione
1749 3804 1914 3860 collo-

328 3913 435 3981 quii
461 3929 476 3976 ;
512 3918 572 3964 ut
596 3919 747 3964 tanto
769 3907 993 3961 liberius
1015 3906 1069 3958 in
1093 3900 1434 3957 orationibus
1465 3913 1524 3953 se
1549 3895 1630 3949 vel
1659 3895 1915 3950 laudibus

330 4004 525 4058 divinis
575 4007 868 4062 exerceat,
918 4003 1124 4066 quanto
1167 3993 1307 4046 hanc
1353 4004 1450 4059 per
1496 3989 1784 4055 ambagum
1835 3983 1915 4036 vi-

328 4095 672 4151 cissitudines
725 4089 886 4162 313
939 4086 1115 4142 inanis
1159 4082 1464 4138 verbositas
1533 4094 1637 4133 non
1699 4075 1907 4146 fatigat.

331 4189 490 4243 Terat
519 4185 707 4239 oculus
733 4180 966 4236 assiduis
1003 4176 1279 4233 obtutibus
1331 4173 1727 4242 pavimentum,
1761 4182 1914 4221 mens

330 4295 422 4350 per
458 4275 741 4333 aestuantis
784 4270 1036 4329 desiderii
1093 4267 1397 4324 machinam
1451 4261 1812 4332 suspendatur
1862 4258 1914 4312 in

333 4347 547 4422 ccelum.
593 4363 833 4434 Utraque
879 4351 1375 4417 substantia'suam
1415 4351 1711 4422 perpendat
1751 4347 1916 4418 origi-

331 4472 469 4516 nem,
496 4464 557 4510 ut
584 4463 641 4508 et
670 4468 800 4508 caro
841 4466 998 4520 quem
1031 4447 1202 4503 cernit
1241 4444 1518 4514 pulverem
1556 4455 1613 4495 se
1645 4453 1765 4494 esse
1807 4452 1913 4492 non

333 4547 564 4609 dubitet,
595 4555 652 4599 et
691 4543 870 4596 anima
901 4540 969 4594 ad
1006 4539 1056 4593 id
1087 4545 1268 4592 erecta
1323 4533 1467 4604 quod
1520 4530 1777 4602 perdidit,
1830 4529 1913 4582 in-

2016 3348 2162 3403 omni
2192 3347 2333 3410 cibo,
2364 3346 2446 3401 vel
2476 3354 2604 3416 potu
2631 3359 2729 3416 per
2748 3344 3016 3414 duplicem
3049 3347 3459 3416 quadragenarii
3483 3364 3608 3403 cur-

2016 3453 2136 3493 sum
2167 3429 2232 3491 in'
2250 3446 2435 3493 monte
2460 3435 2690 3506 jejunat.
2723 3437 2840 3490 Filii
2874 3437 3280 3506 prOphetarum,
3325 3448 3383 3493 ut
3417 3441 3610 3508 qnazli-

2016 3531 2106 3586 bet
2130 3530 2371 3586 olnscnla
2409 3545 2514 3584 non
2539 3529 2890 3594 abhorreant,
2923 3530 3294 3585 amarissimas
3323 3531 3607 3602 coloqnin—

2017 3622 2155 3675 tidas
2185 3623 2237 3674 in
2261 3621 2426 3675 ollam
2451 3621 2740 3675 concidere
2771 3635 2877 3675 non
2905 3631 3158 3676 recursant
3207 3620 3312 3692 (IV
3345 3622 3471 3694 Reg.
3504 3623 3601 3694 tv).

2017 3710 2201 3764 Daniel
2227 3710 2355 3764 dum
2387 3710 2528 3764 inter
2559 3710 2778 3764 rabidos
2808 3709 3022 3765 leonum
3053 3711 3222 3765 rictus
3261 3722 3483 3766 coactus
3525 3721 3611 3768 est

2015 3803 2231 3870 degere,
2260 3816 2638 3870 perversorum
2667 3801 2923 3868 deinceps
2958 3802 3234 3854 hominum
3263 3802 3447 3855 didicit
3479 3803 3608 3856 insi-

2017 3891 2138 3947 dias
2185 3906 2290 3944 non
2336 3889 2529 3944 timere
2590 3889 2751 3958 (Dan.
2786 3891 2880 3958 vt).
2928 3888 3424 3943 Nabmhodonosor
3481 3893 3607 3944 dum

2015 3979 2155 4034 bruti
2183 3978 2433 4034 animalis
2461 3979 2768 4033 vecordiam
2793 3978 3144 4042 tolerat,dnm
3169 3978 3406 4032 ferarum
3433 3994 3605 4041 more,

2014 4070 2246 4124 saltuum
2290 4079 2452 4139 atque
2489 4070 2746 4124 silvarum
2771 4070 3041 4123 condensa
3074 4070 3382 4139 perlustrat,
3409 4070 3609 4124 fortna-

2017 4170 2124 4228 tur,
2158 4176 2225 4216 ne
2248 4161 2314 4215 de
2350 4161 2549 4227 regalis
2585 4160 2796 4229 imperii
2829 4160 3087 4229 dignitate
3125 4160 3402 4229 superbiat
3440 4160 3601 4230 (Dan.

2019 4255 2127 4324 iv).
2163 4254 2330 4308 David
2360 4258 2482 4308 cum
2511 4269 2540 4307 a
2581 4253 2799 4322 proprio
2837 4253 2943 4306 tilio
2974 4269 3003 4306 a
3036 4253 3231 4323 regalis
3270 4254 3388 4307 solii
3442 4255 3610 4309 subli-

2017 4346 2208 4399 mitate
2237 4343 2513 4412 dejicitur,
2540 4357 2608 4399 ne
2660 4344 2711 4398 in
2761 4344 2938 4398 Semei
2991 4354 3302 4398 extraneum
3361 4344 3609 4400 videlicet

2018 4435 2290 4489 hominem
2322 4435 2844 4500 vindicet,eruditur
2873 4433 2957 4505 (II
2977 4434 3097 4505 Reg.
3119 4451 3204 4501 xv,
3267 4434 3404 4507 ινι).
3445 4436 3608 4491 Isaias

2018 4533 2304 4594 postquam
2334 4523 2500 4596 314
2531 4525 2767 4579 triennio
2794 4522 2992 4587 nudu’s,
3025 4535 3080 4578 et
3113 4525 3473 4580 discalceatus
3522 4527 3612 4579 in-

331 4639 520 4700 hianti,
549 4593 714 4706 atque
749 4632 1017 4688 indefessa
1066 4643 1282 4700 semper
1318 4593 1611 4696 cupiditate
1658 4622 1913 4691 suspiret.
1947 4593 2223 4678 Dcessit,
2283 4617 2509 4669 omnino
2575 4614 2901 4669 credendum
2961 4625 3077 4680 est,
3136 4618 3262 4684 quia
3329 4617 3613 4686 superﬂuis

337 4729 608 4782 Pannosas
631 4735 686 4781 et
715 4723 958 4792 hispidas
989 4728 1170 4775 vestes
1201 4717 1446 4787 paucitas
1474 4721 1755 4767 attenuata
1795 4725 1918 4764 coa-

331 4821 509 4884 ciliet;
541 4818 685 4881 vilia,
715 4831 780 4870 ac
816 4816 1069 4882 despecta
1097 4811 1271 4880 frigus
1300 4807 1611 4862 indumenta
1642 4815 1920 4858 commen—

333 4911 442 4965 det.
470 4910 672 4963 Durum
701 4905 880 4960 cubile
907 4904 996 4960 diu
1029 4903 1228 4958 dilatus
1275 4898 1584 4967 raptimque
1616 4909 1780 4963 sopor
1821 4891 1917 4945 ad-

335 5001 530 5054 missus
590 4997 852 5053 emolliat.
905 4991 1253 5062 Parvipendit
1301 4987 1499 5056 quippe
1549 4984 1702 5038 strati
1741 4979 1918 5035 molli-

341 5091 483 5152 tiem,
507 5088 598 5158 qui
647 5087 824 5142 solam
877 5083 1096 5140 indulta:
1136 5081 1335 5151 quietis
1387 5077 1590 5148 cogitat
1647 5073 1920 5144 quantita-

341 5190 472 5243 tem;
516 5195 617 5233 nec
643 5192 766 5247 cum
799 5173 1171 5242 Sardanapalo
1207 5170 1409 5240 plumis
1443 5168 1692 5221 innatare
1737 5163 1918 5234 pensi-

341 5271 472 5324 libus
505 5271 697 5333 inhial,
729 5267 820 5336 qui
880 5263 1167 5334 pervigiles
1217 5276 1342 5315 cum
1399 5257 1677 5312 Machario
1737 5263 1925 5308 noctes

339 5365 537 5418 ducere
571 5362 624 5415 in
666 5359 1008 5415 orationibus
1038 5357 1277 5410 intentus
1328 5352 1566 5407 anhelat.
1630 5351 1925 5404 Deseratur

343 5455 632 5521 publicum,
682 5452 962 5506 hominum
1015 5448 1253 5517 fugiatnr
1295 5452 1566 5513 aspectus.
1599 5440 1922 5496 Scrntentur

344 5545 540 5613 anguli,
575 5543 927 5596 remotiorum
961 5552 1272 5593 recessuum
1313 5535 1492 5587 abdita
1549 5539 1918 5602 penetrentur.

346 5635 574 5690 I’urtivte
615 5635 811 5703 quippe
841 5631 1118 5685 orationes
1143 5629 1248 5682 vim
1289 5625 1528 5678 inferunt
1557 5622 1715 5684 cmlo,
1749 5629 1804 5674 et
1843 5619 1924 5672 iu-

345 5725 668 5792 dulgentiant
724 5723 956 5791 rapiunt,
1017 5721 1142 5773 dum
1203 5718 1512 5785 frequenter
1576 5714 1626 5766 in
1690 5711 1924 5764 tenebris

351 5816 544 5867 (wh:in
577 5815 778 5867 lumine
803 5812 1214 5882 perfumlnnlur.
1245 5809 1409 5861 lllatis
1437 5804 1774 5857 ronintneliis
1817 5818 1920 5855 non

2022 4707 2387 4776 postmodum,
2424 4706 2503 4760 vel
2548 4707 2799 4761 mollibus
2839 4707 2986 4760 indui
3029 4723 3134 4760 non
3162 4709 3410 4776 quaesivit
3445 4709 3614 4778 (lsai.

2027 4797 2152 4866 xx).
2223 4791 2230 4796 ·

2095 4885 2351 4953 Quisquis
2400 4901 2528 4956 ergo
2578 4886 2690 4938 vult
2746 4885 2900 4940 facile
2952 4887 3052 4941 sibi
3097 4887 3360 4958 cujusque
3408 4890 3613 4946 laboris

2024 4974 2343 5030 exercitium
2365 4974 2611 5037 reddere,
2644 4975 2992 5045 aggrediatur
3015 4977 3316 5046 intrepidus
3338 4987 3391 5032 et
3415 4979 3606 5032 altiora

2027 5077 2269 5134 tentare;
2302 5078 2568 5138 quatenus
2599 5070 2946 5139 asperitatem
2984 5073 3250 5142 asperitas
3285 5073 3498 5139 leviget.
3531 5082 3606 5135 et,

2027 5153 2184 5215 ut‘ita
2209 5161 2418 5227 loquar,
2452 5160 2764 5216 tolerabiles
2794 5161 3102 5218 iudicentur
3130 5165 3337 5229 urticae,
3366 5164 3613 5235 ⁵ριιὶιιι-ἰε

2027 5250 2114 5306 vel
2153 5251 2379 5306 hirsutis
2427 5253 2685 5322 vepribus
2725 5264 3072 5322 comparatae.
3111 5255 3295 5323 Neque
3344 5256 3446 5310 hoc
3478 5255 3612 5311 dici-

2031 5357 2175 5406 mus,
2214 5349 2274 5394 ut
2317 5357 2422 5394 non
2460 5358 2488 5394 a
2539 5341 2776 5396 minimis
2825 5343 2948 5410 quis
2988 5343 3223 5411 incipere
3254 5344 3479 5408 debeat;
3518 5350 3609 5399 sed

2032 5436 2136 5490 hoc
2165 5433 2364 5503 potius,
2396 5444 2455 5487 ut
2482 5435 2607 5487 dum
2639 5435 2938 5490 difﬁciliora
2981 5444 3256 5489 tentantur
3279 5475 3293 5498 ,
3327 5437 3614 5492 collazime

2030 5523 2266 5593 quadam
2335 5524 2449 5577 haec
2503 5523 2689 5576 eadem
2743 5523 2961 5578 minima
3017 5524 3333 5595 levigenlur.
3390 5526 3614 5580 Studeat

2031 5616 2196 5669 etiam
2235 5616 2338 5669 hoc
2362 5614 2612 5675 novitius,
2641 5615 2732 5682 qui
2765 5615 2931 5668 ardua
2960 5624 3172 5671 tentans
3198 5627 3482 5688 angustum
3511 5623 3614 5672 iter

2037 5706 2366 5777 ingreditur,
2399 5714 2454 5758 ut
2484 5722 2604 5758 rnm
2636 5706 2844 5774 gravari
2883 5705 3018 5760 ultra
3051 5708 3190 5761 vires
3217 5711 3461 5776 emperit,
3489 5725 3606 5760 litor

2037 5803 2102 5854 ad
2141 5799 2479 5853 latitmlinctn
2514 5786 2838 5853 revertatur.
2871 5800 3012 5855 Acus
3038 5801 3231 5869 quippe
3258 5801 3302 5853 si
3328 5802 3475 5853 duris
3503 5801 3617 5852 vio-
