  <div class='ocr_page' id='page_1' title='image "/cluster/home/n/w/nwhite01/storage/ocr_20150623/145/hvd.32044048207542/169.png"; bbox 0 0 3996 6184; ppageno 0'>
   <div class='ocr_carea' id='block_1_1' title="bbox 330 402 436 460">
    <p class='ocr_par' dir='ltr' id='par_1_1' title="bbox 330 402 436 460">
     <span class='ocr_line' id='line_1_1' title="bbox 330 402 436 460; baseline 0.019 -2"><span class='ocrx_word' id='word_1_1' title='bbox 330 402 436 460; x_wconf 73' lang='grc'><strong>525</strong></span> 
     </span>
    </p>
   </div>
   <div class='ocr_carea' id='block_1_2' title="bbox 797 403 3123 480">
    <p class='ocr_par' dir='ltr' id='par_1_2' title="bbox 797 403 3123 480">
     <span class='ocr_line' id='line_1_2' title="bbox 797 403 3123 480; baseline -0.009 -1"><span class='ocrx_word' id='word_1_2' title='bbox 797 424 855 480; x_wconf 88' lang='lat' dir='ltr'><strong>S.</strong></span> <span class='ocrx_word' id='word_1_3' title='bbox 898 423 1100 479; x_wconf 81' lang='lat' dir='ltr'><strong>PETRI</strong></span> <span class='ocrx_word' id='word_1_4' title='bbox 1137 416 1416 477; x_wconf 72' lang='lat' dir='ltr'><strong>DAMIANI</strong></span> <span class='ocrx_word' id='word_1_5' title='bbox 1455 417 1603 476; x_wconf 86' lang='lat' dir='ltr'><strong>OPP.</strong></span> <span class='ocrx_word' id='word_1_6' title='bbox 1633 412 1867 472; x_wconf 70' lang='lat' dir='ltr'><strong>TOMUS</strong></span> <span class='ocrx_word' id='word_1_7' title='bbox 1908 409 2036 466; x_wconf 64' lang='grc' dir='ltr'><strong>εἴΕο</strong></span> <span class='ocrx_word' id='word_1_8' title='bbox 2077 409 2253 466; x_wconf 80' lang='lat' dir='ltr'><strong>PARS</strong></span> <span class='ocrx_word' id='word_1_9' title='bbox 2292 410 2376 465; x_wconf 91' lang='lat' dir='ltr'><strong>lll.</strong></span> <span class='ocrx_word' id='word_1_10' title='bbox 2404 404 2855 464; x_wconf 81' lang='lat' dir='ltr'><strong>—OPUSCULA</strong></span> <span class='ocrx_word' id='word_1_11' title='bbox 2898 403 3123 460; x_wconf 72' lang='lat' dir='ltr'><strong>VARlA.</strong></span> 
     </span>
    </p>
   </div>
   <div class='ocr_carea' id='block_1_3' title="bbox 3483 405 3587 462">
    <p class='ocr_par' dir='ltr' id='par_1_3' title="bbox 3483 405 3587 462">
     <span class='ocr_line' id='line_1_3' title="bbox 3483 405 3587 462; baseline 0.029 -3"><span class='ocrx_word' id='word_1_12' title='bbox 3483 405 3587 462; x_wconf 64' lang='grc' dir='ltr'><strong>εει</strong></span> 
     </span>
    </p>
   </div>
   <div class='ocr_carea' id='block_1_4' title="bbox 335 526 3588 612">
    <p class='ocr_par' dir='ltr' id='par_1_4' title="bbox 335 526 3588 612">
     <span class='ocr_line' id='line_1_4' title="bbox 335 526 3588 612; baseline -0.005 -12"><span class='ocrx_word' id='word_1_13' title='bbox 335 549 510 602; x_wconf 88' lang='lat' dir='ltr'><strong>lentcr</strong></span> <span class='ocrx_word' id='word_1_14' title='bbox 561 543 896 612; x_wconf 78' lang='lat' dir='ltr'><strong>impingitur,</strong></span> <span class='ocrx_word' id='word_1_15' title='bbox 953 545 1053 595; x_wconf 70' lang='lat' dir='ltr'><strong>nis:</strong></span> <span class='ocrx_word' id='word_1_16' title='bbox 1103 555 1168 594; x_wconf 80' lang='lat' dir='ltr'><strong>ex</strong></span> <span class='ocrx_word' id='word_1_17' title='bbox 1213 539 1540 593; x_wconf 78' lang='lat' dir='ltr'><strong>discretione</strong></span> <span class='ocrx_word' id='word_1_18' title='bbox 1597 537 1911 599; x_wconf 76' lang='lat' dir='ltr'><strong>retrahitur,</strong></span> <span class='ocrx_word' id='word_1_19' title='bbox 1944 541 1989 596; x_wconf 81' lang='grc' dir='ltr'>Α</span> <span class='ocrx_word' id='word_1_20' title='bbox 2018 544 2240 604; x_wconf 88' lang='lat' dir='ltr'><strong>vegetus</strong></span> <span class='ocrx_word' id='word_1_21' title='bbox 2267 531 2479 586; x_wconf 88' lang='lat' dir='ltr'><strong>aiebat:</strong></span> <span class='ocrx_word' id='word_1_22' title='bbox 2518 548 2535 580; x_wconf 79' lang='grc' dir='ltr'><strong>ι</strong></span> <span class='ocrx_word' id='word_1_23' title='bbox 2571 529 2738 582; x_wconf 84' lang='lat' dir='ltr'><strong>llodie</strong></span> <span class='ocrx_word' id='word_1_24' title='bbox 2760 528 3031 597; x_wconf 86' lang='lat' dir='ltr'><strong>octoginta</strong></span> <span class='ocrx_word' id='word_1_25' title='bbox 3060 526 3297 596; x_wconf 76' lang='lat' dir='ltr'><strong>quinque</strong></span> <span class='ocrx_word' id='word_1_26' title='bbox 3324 543 3588 584; x_wconf 90' lang='lat' dir='ltr'><strong>annorum</strong></span> 
     </span>
    </p>
   </div>
   <div class='ocr_carea' id='block_1_5' title="bbox 335 628 1911 700">
    <p class='ocr_par' dir='ltr' id='par_1_5' title="bbox 335 628 1911 700">
     <span class='ocr_line' id='line_1_5' title="bbox 335 628 1911 700; baseline -0.008 -10"><span class='ocrx_word' id='word_1_27' title='bbox 335 650 558 691; x_wconf 87' lang='lat' dir='ltr'><strong>necesse</strong></span> <span class='ocrx_word' id='word_1_28' title='bbox 583 644 662 688; x_wconf 90' lang='lat' dir='ltr'><strong>est</strong></span> <span class='ocrx_word' id='word_1_29' title='bbox 700 644 754 686; x_wconf 88' lang='grc' dir='ltr'><strong>ιιι</strong></span> <span class='ocrx_word' id='word_1_30' title='bbox 773 640 958 686; x_wconf 88' lang='lat' dir='ltr'><strong>coacta</strong></span> <span class='ocrx_word' id='word_1_31' title='bbox 989 630 1299 700; x_wconf 79' lang='lat' dir='ltr'><strong>frangatur;</strong></span> <span class='ocrx_word' id='word_1_32' title='bbox 1337 628 1380 681; x_wconf 90' lang='lat' dir='ltr'><strong>si</strong></span> <span class='ocrx_word' id='word_1_33' title='bbox 1411 636 1588 680; x_wconf 89' lang='lat' dir='ltr'><strong>autem</strong></span> <span class='ocrx_word' id='word_1_34' title='bbox 1617 635 1769 680; x_wconf 90' lang='lat' dir='ltr'><strong>sutor</strong></span> <span class='ocrx_word' id='word_1_35' title='bbox 1793 642 1911 680; x_wconf 88' lang='lat' dir='ltr'><strong>eam</strong></span> 
     </span>
    </p>
   </div>
   <div class='ocr_carea' id='block_1_6' title="bbox 336 716 1912 789">
    <p class='ocr_par' dir='ltr' id='par_1_6' title="bbox 336 716 1912 789">
     <span class='ocr_line' id='line_1_6' title="bbox 336 716 1912 789; baseline -0.007 -9"><span class='ocrx_word' id='word_1_36' title='bbox 336 741 486 781; x_wconf 90' lang='lat' dir='ltr'><strong>more</strong></span> <span class='ocrx_word' id='word_1_37' title='bbox 515 724 808 778; x_wconf 77' lang='lat' dir='ltr'><strong>terdonum</strong></span> <span class='ocrx_word' id='word_1_38' title='bbox 835 731 888 774; x_wconf 85' lang='lat' dir='ltr'><strong>et</strong></span> <span class='ocrx_word' id='word_1_39' title='bbox 917 721 1162 789; x_wconf 88' lang='lat' dir='ltr'><strong>impellit,</strong></span> <span class='ocrx_word' id='word_1_40' title='bbox 1191 729 1246 773; x_wconf 85' lang='lat' dir='ltr'><strong>et</strong></span> <span class='ocrx_word' id='word_1_41' title='bbox 1287 719 1532 778; x_wconf 84' lang='lat' dir='ltr'><strong>retrahit,</strong></span> <span class='ocrx_word' id='word_1_42' title='bbox 1569 717 1725 769; x_wconf 84' lang='lat' dir='ltr'><strong>facile</strong></span> <span class='ocrx_word' id='word_1_43' title='bbox 1754 716 1912 784; x_wconf 86' lang='lat' dir='ltr'><strong>quid--</strong></span> 
     </span>
    </p>
   </div>
   <div class='ocr_carea' id='block_1_7' title="bbox 335 807 1912 886">
    <p class='ocr_par' dir='ltr' id='par_1_7' title="bbox 335 807 1912 886">
     <span class='ocr_line' id='line_1_7' title="bbox 335 807 1912 886; baseline -0.005 -18"><span class='ocrx_word' id='word_1_44' title='bbox 335 817 460 886; x_wconf 90' lang='lat' dir='ltr'><strong>quid</strong></span> <span class='ocrx_word' id='word_1_45' title='bbox 519 813 804 868; x_wconf 81' lang='lat' dir='ltr'><strong>SOlitlll:|llS</strong></span> <span class='ocrx_word' id='word_1_46' title='bbox 850 811 1124 864; x_wconf 89' lang='lat' dir='ltr'><strong>obstiterit</strong></span> <span class='ocrx_word' id='word_1_47' title='bbox 1153 809 1475 878; x_wconf 86' lang='lat' dir='ltr'><strong>penetrabit.</strong></span> <span class='ocrx_word' id='word_1_48' title='bbox 1513 807 1604 862; x_wconf 90' lang='lat' dir='ltr'><strong>Sic</strong></span> <span class='ocrx_word' id='word_1_49' title='bbox 1630 817 1684 861; x_wconf 88' lang='lat' dir='ltr'><strong>et</strong></span> <span class='ocrx_word' id='word_1_50' title='bbox 1724 824 1820 860; x_wconf 88' lang='lat' dir='ltr'><strong>nos</strong></span> <span class='ocrx_word' id='word_1_51' title='bbox 1861 807 1912 860; x_wconf 93' lang='lat' dir='ltr'><strong>in</strong></span> 
     </span>
    </p>
   </div>
   <div class='ocr_carea' id='block_1_8' title="bbox 337 899 1914 964">
    <p class='ocr_par' dir='ltr' id='par_1_8' title="bbox 337 899 1914 964">
     <span class='ocr_line' id='line_1_8' title="bbox 337 899 1914 964; baseline -0.006 -5"><span class='ocrx_word' id='word_1_52' title='bbox 337 914 533 959; x_wconf 64' lang='lat' dir='ltr'><strong>nostra:</strong></span> <span class='ocrx_word' id='word_1_53' title='bbox 579 903 1007 958; x_wconf 75' lang='lat' dir='ltr'><strong>conversationis</strong></span> <span class='ocrx_word' id='word_1_54' title='bbox 1052 902 1222 964; x_wconf 88' lang='lat' dir='ltr'><strong>initio,</strong></span> <span class='ocrx_word' id='word_1_55' title='bbox 1279 902 1404 953; x_wconf 91' lang='lat' dir='ltr'><strong>dum</strong></span> <span class='ocrx_word' id='word_1_56' title='bbox 1461 900 1620 953; x_wconf 86' lang='lat' dir='ltr'><strong>modo</strong></span> <span class='ocrx_word' id='word_1_57' title='bbox 1670 899 1914 960; x_wconf 89' lang='lat' dir='ltr'><strong>nitimur,</strong></span> 
     </span>
    </p>
   </div>
   <div class='ocr_carea' id='block_1_9' title="bbox 336 988 1915 1057">
    <p class='ocr_par' dir='ltr' id='par_1_9' title="bbox 336 988 1915 1057">
     <span class='ocr_line' id='line_1_9' title="bbox 336 988 1915 1057; baseline -0.004 -10"><span class='ocrx_word' id='word_1_58' title='bbox 336 994 495 1047; x_wconf 88' lang='lat' dir='ltr'><strong>modo</strong></span> <span class='ocrx_word' id='word_1_59' title='bbox 529 994 873 1054; x_wconf 88' lang='lat' dir='ltr'><strong>rcmittimur,</strong></span> <span class='ocrx_word' id='word_1_60' title='bbox 910 991 1067 1043; x_wconf 90' lang='lat' dir='ltr'><strong>modo</strong></span> <span class='ocrx_word' id='word_1_61' title='bbox 1099 1005 1193 1056; x_wconf 91' lang='lat' dir='ltr'><strong>per</strong></span> <span class='ocrx_word' id='word_1_62' title='bbox 1220 991 1390 1051; x_wconf 75' lang='lat' dir='ltr'><strong>&#39;dura,</strong></span> <span class='ocrx_word' id='word_1_63' title='bbox 1426 988 1584 1042; x_wconf 91' lang='lat' dir='ltr'><strong>modo</strong></span> <span class='ocrx_word' id='word_1_64' title='bbox 1611 1005 1704 1057; x_wconf 88' lang='lat' dir='ltr'><strong>per</strong></span> <span class='ocrx_word' id='word_1_65' title='bbox 1725 1004 1915 1057; x_wconf 84' lang='lat' dir='ltr'><strong>aspera</strong></span> 
     </span>
    </p>
   </div>
   <div class='ocr_carea' id='block_1_10' title="bbox 336 1080 1915 1145">
    <p class='ocr_par' dir='ltr' id='par_1_10' title="bbox 336 1080 1915 1145">
     <span class='ocr_line' id='line_1_10' title="bbox 336 1080 1915 1145; baseline -0.004 -7"><span class='ocrx_word' id='word_1_66' title='bbox 336 1085 598 1139; x_wconf 90' lang='lat' dir='ltr'><strong>violenter</strong></span> <span class='ocrx_word' id='word_1_67' title='bbox 628 1085 948 1145; x_wconf 86' lang='lat' dir='ltr'><strong>insistimus,</strong></span> <span class='ocrx_word' id='word_1_68' title='bbox 981 1083 1140 1136; x_wconf 91' lang='lat' dir='ltr'><strong>modo</strong></span> <span class='ocrx_word' id='word_1_69' title='bbox 1171 1096 1269 1134; x_wconf 89' lang='lat' dir='ltr'><strong>nos</strong></span> <span class='ocrx_word' id='word_1_70' title='bbox 1293 1081 1618 1134; x_wconf 88' lang='lat' dir='ltr'><strong>remittendo</strong></span> <span class='ocrx_word' id='word_1_71' title='bbox 1653 1080 1915 1142; x_wconf 78' lang='lat' dir='ltr'><strong>laxamus,</strong></span> 
     </span>
    </p>
   </div>
   <div class='ocr_carea' id='block_1_11' title="bbox 337 1168 1919 1245">
    <p class='ocr_par' dir='ltr' id='par_1_11' title="bbox 337 1168 1919 1245">
     <span class='ocr_line' id='line_1_11' title="bbox 337 1168 1919 1245; baseline -0.004 -19"><span class='ocrx_word' id='word_1_72' title='bbox 337 1175 596 1245; x_wconf 81' lang='lat' dir='ltr'><strong>paulatim</strong></span> <span class='ocrx_word' id='word_1_73' title='bbox 623 1176 706 1226; x_wconf 86' lang='lat' dir='ltr'><strong>via</strong></span> <span class='ocrx_word' id='word_1_74' title='bbox 737 1174 1012 1242; x_wconf 86' lang='lat' dir='ltr'><strong>panditur,</strong></span> <span class='ocrx_word' id='word_1_75' title='bbox 1046 1180 1103 1224; x_wconf 90' lang='lat' dir='ltr'><strong>ut</strong></span> <span class='ocrx_word' id='word_1_76' title='bbox 1132 1185 1291 1224; x_wconf 87' lang='lat' dir='ltr'><strong>omne</strong></span> <span class='ocrx_word' id='word_1_77' title='bbox 1328 1171 1468 1239; x_wconf 87' lang='lat' dir='ltr'><strong>quod</strong></span> <span class='ocrx_word' id='word_1_78' title='bbox 1493 1169 1804 1232; x_wconf 86' lang='lat' dir='ltr'><strong>obstiterat,</strong></span> <span class='ocrx_word' id='word_1_79' title='bbox 1838 1168 1919 1220; x_wconf 92' lang='lat' dir='ltr'><strong>in-</strong></span> 
     </span>
    </p>
   </div>
   <div class='ocr_carea' id='block_1_12' title="bbox 343 1271 876 1334">
    <p class='ocr_par' dir='ltr' id='par_1_12' title="bbox 343 1271 876 1334">
     <span class='ocr_line' id='line_1_12' title="bbox 343 1271 876 1334; baseline -0.004 -18"><span class='ocrx_word' id='word_1_80' title='bbox 343 1277 518 1334; x_wconf 81' lang='lat' dir='ltr'><strong>genue</strong></span> <span class='ocrx_word' id='word_1_81' title='bbox 549 1271 876 1316; x_wconf 86' lang='lat' dir='ltr'><strong>transealur.</strong></span> 
     </span>
    </p>
   </div>
   <div class='ocr_carea' id='block_1_13' title="bbox 910 1347 1348 1404">
    <p class='ocr_par' dir='ltr' id='par_1_13' title="bbox 910 1347 1348 1404">
     <span class='ocr_line' id='line_1_13' title="bbox 910 1347 1348 1404; baseline -0.005 -2"><span class='ocrx_word' id='word_1_82' title='bbox 910 1348 1134 1404; x_wconf 79' lang='lat' dir='ltr'><strong>CAPUT</strong></span> <span class='ocrx_word' id='word_1_83' title='bbox 1167 1347 1348 1400; x_wconf 75' lang='lat' dir='ltr'><strong>XXIII.</strong></span> 
     </span>
    </p>
   </div>
   <div class='ocr_carea' id='block_1_14' title="bbox 417 1437 1920 1508">
    <p class='ocr_par' dir='ltr' id='par_1_14' title="bbox 417 1437 1920 1508">
     <span class='ocr_line' id='line_1_14' title="bbox 417 1437 1920 1508; baseline -0.004 -12"><span class='ocrx_word' id='word_1_84' title='bbox 417 1442 524 1497; x_wconf 84' lang='lat' dir='ltr'><strong>Vos</strong></span> <span class='ocrx_word' id='word_1_85' title='bbox 549 1443 732 1504; x_wconf 85' lang='lat' dir='ltr'><strong>etiam,</strong></span> <span class='ocrx_word' id='word_1_86' title='bbox 779 1442 952 1495; x_wconf 91' lang='lat' dir='ltr'><strong>sancti</strong></span> <span class='ocrx_word' id='word_1_87' title='bbox 1011 1456 1187 1506; x_wconf 90' lang='lat' dir='ltr'><strong>senes,</strong></span> <span class='ocrx_word' id='word_1_88' title='bbox 1241 1439 1518 1508; x_wconf 68' lang='lat' dir='ltr'><strong>j&#39;n&#39;azterire</strong></span> <span class='ocrx_word' id='word_1_89' title='bbox 1568 1453 1672 1491; x_wconf 90' lang='lat' dir='ltr'><strong>non</strong></span> <span class='ocrx_word' id='word_1_90' title='bbox 1729 1437 1920 1502; x_wconf 86' lang='lat' dir='ltr'><strong>debeo,</strong></span> 
     </span>
    </p>
   </div>
   <div class='ocr_carea' id='block_1_15' title="bbox 339 1528 1921 1601">
    <p class='ocr_par' dir='ltr' id='par_1_15' title="bbox 339 1528 1921 1601">
     <span class='ocr_line' id='line_1_15' title="bbox 339 1528 1921 1601; baseline -0.005 -14"><span class='ocrx_word' id='word_1_91' title='bbox 339 1547 475 1601; x_wconf 89' lang='lat' dir='ltr'><strong>quos</strong></span> <span class='ocrx_word' id='word_1_92' title='bbox 503 1532 688 1600; x_wconf 89' lang='lat' dir='ltr'><strong>utique</strong></span> <span class='ocrx_word' id='word_1_93' title='bbox 719 1539 865 1583; x_wconf 89' lang='lat' dir='ltr'><strong>tanto</strong></span> <span class='ocrx_word' id='word_1_94' title='bbox 891 1545 1108 1583; x_wconf 90' lang='lat' dir='ltr'><strong>necesse</strong></span> <span class='ocrx_word' id='word_1_95' title='bbox 1133 1539 1218 1582; x_wconf 88' lang='lat' dir='ltr'><strong>est</strong></span> <span class='ocrx_word' id='word_1_96' title='bbox 1249 1529 1361 1581; x_wconf 87' lang='lat' dir='ltr'><strong>ficri</strong></span> <span class='ocrx_word' id='word_1_97' title='bbox 1395 1529 1661 1581; x_wconf 85' lang='lat' dir='ltr'><strong>cautiores</strong></span> <span class='ocrx_word' id='word_1_98' title='bbox 1687 1528 1753 1581; x_wconf 91' lang='lat' dir='ltr'><strong>ad</strong></span> <span class='ocrx_word' id='word_1_99' title='bbox 1782 1543 1921 1596; x_wconf 68' lang='lat' dir='ltr'><strong>pra:-</strong></span> 
     </span>
    </p>
   </div>
   <div class='ocr_carea' id='block_1_16' title="bbox 337 1617 1922 1690">
    <p class='ocr_par' dir='ltr' id='par_1_16' title="bbox 337 1617 1922 1690">
     <span class='ocr_line' id='line_1_16' title="bbox 337 1617 1922 1690; baseline -0.005 -14"><span class='ocrx_word' id='word_1_100' title='bbox 337 1622 495 1685; x_wconf 91' lang='lat' dir='ltr'><strong>lium,</strong></span> <span class='ocrx_word' id='word_1_101' title='bbox 533 1629 734 1690; x_wconf 88' lang='lat' dir='ltr'><strong>quanto</strong></span> <span class='ocrx_word' id='word_1_102' title='bbox 765 1619 1078 1688; x_wconf 84' lang='lat' dir='ltr'><strong>conspicitis</strong></span> <span class='ocrx_word' id='word_1_103' title='bbox 1107 1619 1278 1687; x_wconf 91' lang='lat' dir='ltr'><strong>ipsum</strong></span> <span class='ocrx_word' id='word_1_104' title='bbox 1318 1617 1472 1671; x_wconf 83' lang='lat' dir='ltr'><strong>vobis</strong></span> <span class='ocrx_word' id='word_1_105' title='bbox 1506 1617 1781 1685; x_wconf 68' lang='lat' dir='ltr'><strong>prmliandi</strong></span> <span class='ocrx_word' id='word_1_106' title='bbox 1814 1626 1922 1670; x_wconf 83' lang='lat' dir='ltr'><strong>ter-</strong></span> 
     </span>
    </p>
   </div>
   <div class='ocr_carea' id='block_1_17' title="bbox 341 1707 1925 1779">
    <p class='ocr_par' dir='ltr' id='par_1_17' title="bbox 341 1707 1925 1779">
     <span class='ocr_line' id='line_1_17' title="bbox 341 1707 1925 1779; baseline -0.004 -14"><span class='ocrx_word' id='word_1_107' title='bbox 341 1711 548 1765; x_wconf 91' lang='lat' dir='ltr'><strong>minum</strong></span> <span class='ocrx_word' id='word_1_108' title='bbox 573 1711 683 1779; x_wconf 89' lang='lat' dir='ltr'><strong>jam</strong></span> <span class='ocrx_word' id='word_1_109' title='bbox 715 1710 1091 1778; x_wconf 91' lang='lat' dir='ltr'><strong>propinquum.</strong></span> <span class='ocrx_word' id='word_1_110' title='bbox 1119 1709 1274 1763; x_wconf 84' lang='lat' dir='ltr'><strong>Unde</strong></span> <span class='ocrx_word' id='word_1_111' title='bbox 1297 1715 1528 1770; x_wconf 85' lang='lat' dir='ltr'><strong>constat,</strong></span> <span class='ocrx_word' id='word_1_112' title='bbox 1557 1709 1683 1776; x_wconf 89' lang='lat' dir='ltr'><strong>quia</strong></span> <span class='ocrx_word' id='word_1_113' title='bbox 1713 1707 1756 1761; x_wconf 94' lang='lat' dir='ltr'><strong>si</strong></span> <span class='ocrx_word' id='word_1_114' title='bbox 1784 1721 1925 1760; x_wconf 92' lang='lat' dir='ltr'><strong>nunc</strong></span> 
     </span>
    </p>
   </div>
   <div class='ocr_carea' id='block_1_18' title="bbox 341 1797 1926 1870">
    <p class='ocr_par' dir='ltr' id='par_1_18' title="bbox 341 1797 1926 1870">
     <span class='ocr_line' id='line_1_18' title="bbox 341 1797 1926 1870; baseline -0.003 -17"><span class='ocrx_word' id='word_1_115' title='bbox 341 1800 583 1870; x_wconf 83' lang='lat' dir='ltr'><strong>perditis,</strong></span> <span class='ocrx_word' id='word_1_116' title='bbox 613 1798 824 1852; x_wconf 76' lang='lat' dir='ltr'><strong>amissa:</strong></span> <span class='ocrx_word' id='word_1_117' title='bbox 855 1799 1093 1852; x_wconf 68' lang='lat' dir='ltr'><strong>victoria:</strong></span> <span class='ocrx_word' id='word_1_118' title='bbox 1136 1797 1320 1853; x_wconf 83' lang='lat' dir='ltr'><strong>titulos</strong></span> <span class='ocrx_word' id='word_1_119' title='bbox 1356 1811 1680 1866; x_wconf 89' lang='lat' dir='ltr'><strong>recuperare</strong></span> <span class='ocrx_word' id='word_1_120' title='bbox 1726 1797 1794 1850; x_wconf 92' lang='lat' dir='ltr'><strong>de</strong></span> <span class='ocrx_word' id='word_1_121' title='bbox 1824 1811 1926 1851; x_wconf 73' lang='lat' dir='ltr'><strong>caa-</strong></span> 
     </span>
    </p>
   </div>
   <div class='ocr_carea' id='block_1_19' title="bbox 2015 618 3592 690">
    <p class='ocr_par' dir='ltr' id='par_1_19' title="bbox 2015 618 3592 690">
     <span class='ocr_line' id='line_1_19' title="bbox 2015 618 3592 690; baseline -0.004 -9"><span class='ocrx_word' id='word_1_122' title='bbox 2015 643 2132 681; x_wconf 90' lang='lat' dir='ltr'><strong>sum</strong></span> <span class='ocrx_word' id='word_1_123' title='bbox 2169 626 2245 679; x_wconf 90' lang='lat' dir='ltr'><strong>sic</strong></span> <span class='ocrx_word' id='word_1_124' title='bbox 2277 625 2462 677; x_wconf 90' lang='lat' dir='ltr'><strong>valens</strong></span> <span class='ocrx_word' id='word_1_125' title='bbox 2490 630 2550 675; x_wconf 88' lang='lat' dir='ltr'><strong>ut</strong></span> <span class='ocrx_word' id='word_1_126' title='bbox 2585 635 2648 673; x_wconf 85' lang='lat' dir='ltr'><strong>eo</strong></span> <span class='ocrx_word' id='word_1_127' title='bbox 2693 618 2938 672; x_wconf 88' lang='lat' dir='ltr'><strong>valebam</strong></span> <span class='ocrx_word' id='word_1_128' title='bbox 2974 627 3242 690; x_wconf 89' lang='lat' dir='ltr'><strong>tempore,</strong></span> <span class='ocrx_word' id='word_1_129' title='bbox 3281 621 3496 689; x_wconf 80' lang='lat' dir='ltr'><strong>quando</strong></span> <span class='ocrx_word' id='word_1_130' title='bbox 3526 623 3592 676; x_wconf 92' lang='lat' dir='ltr'><strong>ad</strong></span> 
     </span>
    </p>
   </div>
   <div class='ocr_carea' id='block_1_20' title="bbox 2016 712 3594 786">
    <p class='ocr_par' dir='ltr' id='par_1_20' title="bbox 2016 712 3594 786">
     <span class='ocr_line' id='line_1_20' title="bbox 2016 712 3594 786; baseline -0.003 -14"><span class='ocrx_word' id='word_1_131' title='bbox 2016 718 2406 786; x_wconf 68' lang='lat' dir='ltr'><strong>explot-andun&#39;t</strong></span> <span class='ocrx_word' id='word_1_132' title='bbox 2452 715 2648 768; x_wconf 81' lang='lat' dir='ltr'><strong>missus</strong></span> <span class='ocrx_word' id='word_1_133' title='bbox 2705 729 2863 767; x_wconf 90' lang='lat' dir='ltr'><strong>sum:</strong></span> <span class='ocrx_word' id='word_1_134' title='bbox 2919 712 3059 766; x_wconf 90' lang='lat' dir='ltr'><strong>illius</strong></span> <span class='ocrx_word' id='word_1_135' title='bbox 3107 714 3157 765; x_wconf 94' lang='lat' dir='ltr'><strong>in</strong></span> <span class='ocrx_word' id='word_1_136' title='bbox 3206 729 3289 768; x_wconf 89' lang='lat' dir='ltr'><strong>me</strong></span> <span class='ocrx_word' id='word_1_137' title='bbox 3339 714 3594 782; x_wconf 89' lang='lat' dir='ltr'><strong>temporis</strong></span> 
     </span>
    </p>
   </div>
   <div class='ocr_carea' id='block_1_21' title="bbox 2016 803 3592 872">
    <p class='ocr_par' dir='ltr' id='par_1_21' title="bbox 2016 803 3592 872">
     <span class='ocr_line' id='line_1_21' title="bbox 2016 803 3592 872; baseline -0.003 -12"><span class='ocrx_word' id='word_1_138' title='bbox 2016 807 2274 860; x_wconf 81' lang='lat' dir='ltr'><strong>fortitudo</strong></span> <span class='ocrx_word' id='word_1_139' title='bbox 2311 820 2481 872; x_wconf 86' lang='lat' dir='ltr'><strong>usque</strong></span> <span class='ocrx_word' id='word_1_140' title='bbox 2513 803 2673 856; x_wconf 85' lang='lat' dir='ltr'><strong>hodie</strong></span> <span class='ocrx_word' id='word_1_141' title='bbox 2695 811 3006 870; x_wconf 86' lang='lat' dir='ltr'><strong>perseverat</strong></span> <span class='ocrx_word' id='word_1_142' title='bbox 3032 810 3140 854; x_wconf 90' lang='lat' dir='ltr'><strong>tam</strong></span> <span class='ocrx_word' id='word_1_143' title='bbox 3166 803 3232 857; x_wconf 89' lang='lat' dir='ltr'><strong>ad</strong></span> <span class='ocrx_word' id='word_1_144' title='bbox 3261 803 3592 864; x_wconf 87' lang='lat' dir='ltr'><strong>bellandum,</strong></span> 
     </span>
    </p>
   </div>
   <div class='ocr_carea' id='block_1_22' title="bbox 2016 892 3598 967">
    <p class='ocr_par' dir='ltr' id='par_1_22' title="bbox 2016 892 3598 967">
     <span class='ocr_line' id='line_1_22' title="bbox 2016 892 3598 967; baseline -0.002 -17"><span class='ocrx_word' id='word_1_145' title='bbox 2016 913 2178 967; x_wconf 88' lang='lat' dir='ltr'><strong>quam</strong></span> <span class='ocrx_word' id='word_1_146' title='bbox 2218 897 2284 949; x_wconf 87' lang='lat' dir='ltr'><strong>ad</strong></span> <span class='ocrx_word' id='word_1_147' title='bbox 2329 895 2682 962; x_wconf 85' lang='lat' dir='ltr'><strong>gradiendum</strong></span> <span class='ocrx_word' id='word_1_148' title='bbox 2715 894 2850 963; x_wconf 82' lang='lat' dir='ltr'><strong>(Jos.</strong></span> <span class='ocrx_word' id='word_1_149' title='bbox 2904 892 3037 962; x_wconf 76' lang='lat' dir='ltr'><strong>xiv).</strong></span> <span class='ocrx_word' id='word_1_150' title='bbox 3076 912 3093 942; x_wconf 77' lang='grc' dir='ltr'><strong>ι</strong></span> <span class='ocrx_word' id='word_1_151' title='bbox 3129 893 3240 946; x_wconf 85' lang='lat' dir='ltr'><strong>lloc</strong></span> <span class='ocrx_word' id='word_1_152' title='bbox 3279 902 3362 946; x_wconf 86' lang='lat' dir='ltr'><strong>cst</strong></span> <span class='ocrx_word' id='word_1_153' title='bbox 3391 895 3598 967; x_wconf 82' lang='lat' dir='ltr'><strong>scilicet</strong></span> 
     </span>
    </p>
   </div>
   <div class='ocr_carea' id='block_1_23' title="bbox 2020 964 3598 1052">
    <p class='ocr_par' dir='ltr' id='par_1_23' title="bbox 2020 964 3598 1052">
     <span class='ocr_line' id='line_1_23' title="bbox 2020 964 3598 1052; baseline -0.004 -10"><span class='ocrx_word' id='word_1_154' title='bbox 2020 998 2128 1042; x_wconf 90' lang='lat' dir='ltr'><strong>tam</strong></span> <span class='ocrx_word' id='word_1_155' title='bbox 2159 987 2210 1039; x_wconf 94' lang='lat' dir='ltr'><strong>in</strong></span> <span class='ocrx_word' id='word_1_156' title='bbox 2250 985 2550 1039; x_wconf 74' lang='lat' dir='ltr'><strong>resistendo</strong></span> <span class='ocrx_word' id='word_1_157' title='bbox 2581 983 2745 1045; x_wconf 78' lang='lat' dir='ltr'><strong>vitiis,</strong></span> <span class='ocrx_word' id='word_1_158' title='bbox 2778 998 2941 1051; x_wconf 89' lang='lat' dir='ltr'><strong>quam</strong></span> <span class='ocrx_word' id='word_1_159' title='bbox 2981 990 3033 1034; x_wconf 85' lang='lat' dir='ltr'><strong>et</strong></span> <span class='ocrx_word' id='word_1_160' title='bbox 3060 997 3157 1050; x_wconf 90' lang='lat' dir='ltr'><strong>per</strong></span> <span class='ocrx_word' id='word_1_161' title='bbox 3194 964 3598 1052; x_wconf 43' lang='lat' dir='ltr'><strong>religionis‘ra-</strong></span> 
     </span>
    </p>
   </div>
   <div class='ocr_carea' id='block_1_24' title="bbox 2020 1075 3599 1145">
    <p class='ocr_par' dir='ltr' id='par_1_24' title="bbox 2020 1075 3599 1145">
     <span class='ocr_line' id='line_1_24' title="bbox 2020 1075 3599 1145; baseline -0.004 -10"><span class='ocrx_word' id='word_1_162' title='bbox 2020 1081 2205 1134; x_wconf 88' lang='lat' dir='ltr'><strong>mitem</strong></span> <span class='ocrx_word' id='word_1_163' title='bbox 2239 1079 2289 1131; x_wconf 92' lang='lat' dir='ltr'><strong>in</strong></span> <span class='ocrx_word' id='word_1_164' title='bbox 2333 1077 2490 1131; x_wconf 89' lang='lat' dir='ltr'><strong>bonis</strong></span> <span class='ocrx_word' id='word_1_165' title='bbox 2531 1077 2782 1145; x_wconf 80' lang='lat' dir='ltr'><strong>operibus</strong></span> <span class='ocrx_word' id='word_1_166' title='bbox 2812 1075 3247 1144; x_wconf 88' lang='lat' dir='ltr'><strong>augmentandis.</strong></span> <span class='ocrx_word' id='word_1_167' title='bbox 3280 1075 3344 1128; x_wconf 84' lang='lat' dir='ltr'><strong>Et</strong></span> <span class='ocrx_word' id='word_1_168' title='bbox 3375 1077 3428 1128; x_wconf 92' lang='lat' dir='ltr'><strong>in</strong></span> <span class='ocrx_word' id='word_1_169' title='bbox 3460 1075 3599 1130; x_wconf 89' lang='lat' dir='ltr'><strong>Deu-</strong></span> 
     </span>
    </p>
   </div>
   <div class='ocr_carea' id='block_1_25' title="bbox 2021 1165 3601 1235">
    <p class='ocr_par' dir='ltr' id='par_1_25' title="bbox 2021 1165 3601 1235">
     <span class='ocr_line' id='line_1_25' title="bbox 2021 1165 3601 1235; baseline -0.003 -13"><span class='ocrx_word' id='word_1_170' title='bbox 2021 1169 2357 1224; x_wconf 90' lang='lat' dir='ltr'><strong>tcronomio:</strong></span> <span class='ocrx_word' id='word_1_171' title='bbox 2399 1186 2416 1215; x_wconf 86' lang='grc'><strong>‹</strong></span> <span class='ocrx_word' id='word_1_172' title='bbox 2453 1165 2662 1235; x_wconf 83' lang='lat' dir='ltr'><strong>Moyses</strong></span> <span class='ocrx_word' id='word_1_173' title='bbox 2711 1165 2901 1233; x_wconf 85' lang='lat' dir='ltr'><strong>inquit,</strong></span> <span class='ocrx_word' id='word_1_174' title='bbox 2951 1173 3250 1218; x_wconf 83' lang='lat' dir='ltr'><strong>centunth</strong></span> <span class='ocrx_word' id='word_1_175' title='bbox 3293 1165 3476 1235; x_wconf 81' lang='lat' dir='ltr'><strong>viginti</strong></span> <span class='ocrx_word' id='word_1_176' title='bbox 3506 1182 3601 1218; x_wconf 89' lang='lat' dir='ltr'><strong>an-</strong></span> 
     </span>
    </p>
   </div>
   <div class='ocr_carea' id='block_1_26' title="bbox 2024 1256 3602 1326">
    <p class='ocr_par' dir='ltr' id='par_1_26' title="bbox 2024 1256 3602 1326">
     <span class='ocr_line' id='line_1_26' title="bbox 2024 1256 3602 1326; baseline -0.002 -13"><span class='ocrx_word' id='word_1_177' title='bbox 2024 1275 2214 1313; x_wconf 89' lang='lat' dir='ltr'><strong>norum</strong></span> <span class='ocrx_word' id='word_1_178' title='bbox 2247 1267 2364 1312; x_wconf 90' lang='lat' dir='ltr'><strong>erat</strong></span> <span class='ocrx_word' id='word_1_179' title='bbox 2391 1258 2608 1326; x_wconf 85' lang='lat' dir='ltr'><strong>quando</strong></span> <span class='ocrx_word' id='word_1_180' title='bbox 2634 1265 2878 1311; x_wconf 86' lang='lat' dir='ltr'><strong>mortuus</strong></span> <span class='ocrx_word' id='word_1_181' title='bbox 2904 1265 3016 1319; x_wconf 88' lang='lat' dir='ltr'><strong>est;</strong></span> <span class='ocrx_word' id='word_1_182' title='bbox 3045 1271 3148 1308; x_wconf 94' lang='lat' dir='ltr'><strong>non</strong></span> <span class='ocrx_word' id='word_1_183' title='bbox 3190 1256 3446 1325; x_wconf 85' lang='lat' dir='ltr'><strong>caligavit</strong></span> <span class='ocrx_word' id='word_1_184' title='bbox 3469 1274 3602 1312; x_wconf 85' lang='lat' dir='ltr'><strong>ocu-</strong></span> 
     </span>
    </p>
   </div>
   <div class='ocr_carea' id='block_1_27' title="bbox 2025 1345 3599 1417">
    <p class='ocr_par' dir='ltr' id='par_1_27' title="bbox 2025 1345 3599 1417">
     <span class='ocr_line' id='line_1_27' title="bbox 2025 1345 3599 1417; baseline 0 -17"><span class='ocrx_word' id='word_1_185' title='bbox 2025 1349 2110 1402; x_wconf 86' lang='lat' dir='ltr'><strong>lus</strong></span> <span class='ocrx_word' id='word_1_186' title='bbox 2141 1347 2274 1414; x_wconf 85' lang='lat' dir='ltr'><strong>cjus,</strong></span> <span class='ocrx_word' id='word_1_187' title='bbox 2311 1362 2409 1400; x_wconf 86' lang='lat' dir='ltr'><strong>nec</strong></span> <span class='ocrx_word' id='word_1_188' title='bbox 2455 1346 2644 1400; x_wconf 83' lang='lat' dir='ltr'><strong>dentes</strong></span> <span class='ocrx_word' id='word_1_189' title='bbox 2687 1345 2830 1398; x_wconf 91' lang='lat' dir='ltr'><strong>illius</strong></span> <span class='ocrx_word' id='word_1_190' title='bbox 2865 1347 2995 1399; x_wconf 90' lang='lat' dir='ltr'><strong>moti</strong></span> <span class='ocrx_word' id='word_1_191' title='bbox 3037 1347 3599 1417; x_wconf 66' lang='lat' dir='ltr'><strong>sunt(Deut.xntv).i</strong></span> 
     </span>
    </p>
   </div>
   <div class='ocr_carea' id='block_1_28' title="bbox 2028 1440 3601 1509">
    <p class='ocr_par' dir='ltr' id='par_1_28' title="bbox 2028 1440 3601 1509">
     <span class='ocr_line' id='line_1_28' title="bbox 2028 1440 3601 1509; baseline -0.003 -13"><span class='ocrx_word' id='word_1_192' title='bbox 2028 1443 2163 1498; x_wconf 80' lang='lat' dir='ltr'><strong>l-linc</strong></span> <span class='ocrx_word' id='word_1_193' title='bbox 2192 1451 2274 1494; x_wconf 89' lang='lat' dir='ltr'><strong>est</strong></span> <span class='ocrx_word' id='word_1_194' title='bbox 2311 1442 2474 1495; x_wconf 88' lang='lat' dir='ltr'><strong>etiam</strong></span> <span class='ocrx_word' id='word_1_195' title='bbox 2495 1483 2509 1506; x_wconf 91' lang='lat'><strong>,</strong></span> <span class='ocrx_word' id='word_1_196' title='bbox 2545 1442 2685 1509; x_wconf 89' lang='lat' dir='ltr'><strong>quod</strong></span> <span class='ocrx_word' id='word_1_197' title='bbox 2716 1443 2768 1495; x_wconf 93' lang='lat' dir='ltr'><strong>in</strong></span> <span class='ocrx_word' id='word_1_198' title='bbox 2803 1441 3176 1495; x_wconf 89' lang='lat' dir='ltr'><strong>benedictione</strong></span> <span class='ocrx_word' id='word_1_199' title='bbox 3207 1441 3340 1494; x_wconf 86' lang='lat' dir='ltr'><strong>Aser</strong></span> <span class='ocrx_word' id='word_1_200' title='bbox 3369 1440 3484 1508; x_wconf 88' lang='lat' dir='ltr'><strong>ipse</strong></span> <span class='ocrx_word' id='word_1_201' title='bbox 3518 1441 3601 1492; x_wconf 88' lang='lat' dir='ltr'><strong>di-</strong></span> 
     </span>
    </p>
   </div>
   <div class='ocr_carea' id='block_1_29' title="bbox 2026 1528 3606 1595">
    <p class='ocr_par' dir='ltr' id='par_1_29' title="bbox 2026 1528 3606 1595">
     <span class='ocr_line' id='line_1_29' title="bbox 2026 1528 3606 1595; baseline -0.004 -7"><span class='ocrx_word' id='word_1_202' title='bbox 2026 1534 2138 1588; x_wconf 90' lang='lat' dir='ltr'><strong>cit:</strong></span> <span class='ocrx_word' id='word_1_203' title='bbox 2199 1553 2217 1582; x_wconf 71' lang='grc' dir='ltr'><strong>ε</strong></span> <span class='ocrx_word' id='word_1_204' title='bbox 2272 1531 2498 1585; x_wconf 86' lang='lat' dir='ltr'><strong>Ferrum</strong></span> <span class='ocrx_word' id='word_1_205' title='bbox 2550 1541 2600 1584; x_wconf 88' lang='lat' dir='ltr'><strong>et</strong></span> <span class='ocrx_word' id='word_1_206' title='bbox 2665 1546 2739 1584; x_wconf 70' lang='lat' dir='ltr'><strong>tes</strong></span> <span class='ocrx_word' id='word_1_207' title='bbox 2789 1529 3213 1583; x_wconf 85' lang='lat' dir='ltr'><strong>calceamentum</strong></span> <span class='ocrx_word' id='word_1_208' title='bbox 3265 1528 3415 1595; x_wconf 84' lang='lat' dir='ltr'><strong>ejus;</strong></span> <span class='ocrx_word' id='word_1_209' title='bbox 3465 1529 3606 1583; x_wconf 88' lang='lat' dir='ltr'><strong>sicut</strong></span> 
     </span>
    </p>
   </div>
   <div class='ocr_carea' id='block_1_30' title="bbox 2028 1618 3577 1690">
    <p class='ocr_par' dir='ltr' id='par_1_30' title="bbox 2028 1618 3577 1690">
     <span class='ocr_line' id='line_1_30' title="bbox 2028 1618 3577 1690; baseline -0.003 -13"><span class='ocrx_word' id='word_1_210' title='bbox 2028 1625 2143 1679; x_wconf 91' lang='lat' dir='ltr'><strong>dies</strong></span> <span class='ocrx_word' id='word_1_211' title='bbox 2191 1621 2490 1690; x_wconf 77' lang='lat' dir='ltr'><strong>iuventutis</strong></span> <span class='ocrx_word' id='word_1_212' title='bbox 2543 1630 2676 1686; x_wconf 67' lang='lat' dir='ltr'><strong>tum,</strong></span> <span class='ocrx_word' id='word_1_213' title='bbox 2754 1620 2828 1674; x_wconf 90' lang='lat' dir='ltr'><strong>ita</strong></span> <span class='ocrx_word' id='word_1_214' title='bbox 2881 1629 2936 1674; x_wconf 94' lang='lat' dir='ltr'><strong>et</strong></span> <span class='ocrx_word' id='word_1_215' title='bbox 2996 1631 3250 1674; x_wconf 89' lang='lat' dir='ltr'><strong>senectus</strong></span> <span class='ocrx_word' id='word_1_216' title='bbox 3285 1628 3374 1673; x_wconf 88' lang='lat' dir='ltr'><strong>tua</strong></span> <span class='ocrx_word' id='word_1_217' title='bbox 3418 1618 3577 1688; x_wconf 80' lang='lat' dir='ltr'><strong>(Deut</strong></span> 
     </span>
    </p>
   </div>
   <div class='ocr_carea' id='block_1_31' title="bbox 2027 1711 3322 1783">
    <p class='ocr_par' dir='ltr' id='par_1_31' title="bbox 2027 1711 3322 1783">
     <span class='ocr_line' id='line_1_31' title="bbox 2027 1711 3322 1783; baseline -0.003 -15"><span class='ocrx_word' id='word_1_218' title='bbox 2027 1713 2248 1783; x_wconf 64' lang='grc' dir='ltr'><strong>χχχιιι).</strong></span> <span class='ocrx_word' id='word_1_219' title='bbox 2289 1731 2307 1762; x_wconf 78' lang='grc' dir='ltr'><strong>ι</strong></span> <span class='ocrx_word' id='word_1_220' title='bbox 3313 1711 3322 1716; x_wconf 77' lang='grc'><strong><em>’</em></strong></span> 
     </span>
    </p>
   </div>
   <div class='ocr_carea' id='block_1_32' title="bbox 2100 1793 3608 1876">
    <p class='ocr_par' dir='ltr' id='par_1_32' title="bbox 2100 1793 3608 1876">
     <span class='ocr_line' id='line_1_32' title="bbox 2100 1793 3608 1876; baseline -0.003 -16"><span class='ocrx_word' id='word_1_221' title='bbox 2100 1807 2278 1862; x_wconf 82' lang='lat' dir='ltr'><strong>Nolite</strong></span> <span class='ocrx_word' id='word_1_222' title='bbox 2329 1807 2530 1876; x_wconf 89' lang='lat' dir='ltr'><strong>itaque,</strong></span> <span class='ocrx_word' id='word_1_223' title='bbox 2577 1805 2934 1868; x_wconf 85' lang='lat' dir='ltr'><strong>dilectissimi,</strong></span> <span class='ocrx_word' id='word_1_224' title='bbox 2986 1803 3132 1859; x_wconf 86' lang='lat' dir='ltr'><strong>velut</strong></span> <span class='ocrx_word' id='word_1_225' title='bbox 3181 1802 3463 1859; x_wconf 76' lang='lat' dir='ltr'><strong>exstinctis</strong></span> <span class='ocrx_word' id='word_1_226' title='bbox 3491 1793 3608 1870; x_wconf 18' lang='lat' dir='ltr'><strong>jam‘</strong></span> 
     </span>
    </p>
   </div>
   <div class='ocr_carea' id='block_1_33' title="bbox 342 1884 1933 1968">
    <p class='ocr_par' dir='ltr' id='par_1_33' title="bbox 342 1887 1922 1959">
     <span class='ocr_line' id='line_1_33' title="bbox 342 1887 1922 1959; baseline -0.004 -15"><span class='ocrx_word' id='word_1_227' title='bbox 342 1899 464 1945; x_wconf 89' lang='lat' dir='ltr'><strong>tero</strong></span> <span class='ocrx_word' id='word_1_228' title='bbox 494 1906 598 1945; x_wconf 93' lang='lat' dir='ltr'><strong>non</strong></span> <span class='ocrx_word' id='word_1_229' title='bbox 642 1890 884 1959; x_wconf 88' lang='lat' dir='ltr'><strong>potestis.</strong></span> <span class='ocrx_word' id='word_1_230' title='bbox 917 1888 1069 1942; x_wconf 89' lang='lat' dir='ltr'><strong>Nune</strong></span> <span class='ocrx_word' id='word_1_231' title='bbox 1118 1889 1282 1958; x_wconf 81' lang='lat' dir='ltr'><strong>igitur</strong></span> <span class='ocrx_word' id='word_1_232' title='bbox 1306 1889 1372 1942; x_wconf 87' lang='lat' dir='ltr'><strong>ad</strong></span> <span class='ocrx_word' id='word_1_233' title='bbox 1418 1887 1628 1942; x_wconf 86' lang='lat' dir='ltr'><strong>fortiter</strong></span> <span class='ocrx_word' id='word_1_234' title='bbox 1661 1887 1922 1955; x_wconf 86' lang='lat' dir='ltr'><strong>agendum</strong></span> 
     </span>
    </p>
   </div>
   <div class='ocr_carea' id='block_1_34' title="bbox 2037 1884 3609 1968">
    <p class='ocr_par' dir='ltr' id='par_1_34' title="bbox 2037 1893 3609 1968">
     <span class='ocr_line' id='line_1_34' title="bbox 2037 1893 3609 1968; baseline -0.005 -14"><span class='ocrx_word' id='word_1_235' title='bbox 2037 1899 2538 1968; x_wconf 85' lang='lat' dir='ltr'><strong>vitiisjejuniorutn,</strong></span> <span class='ocrx_word' id='word_1_236' title='bbox 2566 1897 2651 1953; x_wconf 86' lang='lat' dir='ltr'><strong>vel</strong></span> <span class='ocrx_word' id='word_1_237' title='bbox 2678 1897 3006 1967; x_wconf 82' lang='lat' dir='ltr'><strong>vigiliarum,</strong></span> <span class='ocrx_word' id='word_1_238' title='bbox 3033 1897 3085 1950; x_wconf 94' lang='lat' dir='ltr'><strong>in</strong></span> <span class='ocrx_word' id='word_1_239' title='bbox 3121 1905 3380 1964; x_wconf 89' lang='lat' dir='ltr'><strong>quantum</strong></span> <span class='ocrx_word' id='word_1_240' title='bbox 3414 1893 3496 1947; x_wconf 89' lang='lat' dir='ltr'><strong>fas</strong></span> <span class='ocrx_word' id='word_1_241' title='bbox 3523 1903 3609 1964; x_wconf 87' lang='lat' dir='ltr'><strong>est</strong></span> 
     </span>
    </p>
   </div>
   <div class='ocr_carea' id='block_1_35' title="bbox 347 1976 1927 2043">
    <p class='ocr_par' dir='ltr' id='par_1_35' title="bbox 347 1976 1927 2043">
     <span class='ocr_line' id='line_1_35' title="bbox 347 1976 1927 2043; baseline -0.004 -7"><span class='ocrx_word' id='word_1_242' title='bbox 347 1981 566 2036; x_wconf 80' lang='lat' dir='ltr'><strong>fervens</strong></span> <span class='ocrx_word' id='word_1_243' title='bbox 590 1981 801 2034; x_wconf 84' lang='lat' dir='ltr'><strong>animus</strong></span> <span class='ocrx_word' id='word_1_244' title='bbox 832 1979 1140 2043; x_wconf 87' lang='lat' dir='ltr'><strong>incalescat,</strong></span> <span class='ocrx_word' id='word_1_245' title='bbox 1172 1986 1225 2032; x_wconf 89' lang='lat' dir='ltr'><strong>et</strong></span> <span class='ocrx_word' id='word_1_246' title='bbox 1253 1978 1437 2032; x_wconf 81' lang='lat' dir='ltr'><strong>senilis</strong></span> <span class='ocrx_word' id='word_1_247' title='bbox 1463 1978 1528 2031; x_wconf 90' lang='lat' dir='ltr'><strong>ad</strong></span> <span class='ocrx_word' id='word_1_248' title='bbox 1560 1976 1927 2031; x_wconf 83' lang='lat' dir='ltr'><strong>debellandam</strong></span> 
     </span>
    </p>
   </div>
   <div class='ocr_carea' id='block_1_36' title="bbox 342 2068 1930 2140">
    <p class='ocr_par' dir='ltr' id='par_1_36' title="bbox 342 2068 1930 2140">
     <span class='ocr_line' id='line_1_36' title="bbox 342 2068 1930 2140; baseline -0.001 -16"><span class='ocrx_word' id='word_1_249' title='bbox 342 2072 596 2125; x_wconf 89' lang='lat' dir='ltr'><strong>vitiorum</strong></span> <span class='ocrx_word' id='word_1_250' title='bbox 647 2071 950 2125; x_wconf 88' lang='lat' dir='ltr'><strong>barbariem</strong></span> <span class='ocrx_word' id='word_1_251' title='bbox 998 2069 1162 2124; x_wconf 89' lang='lat' dir='ltr'><strong>robur</strong></span> <span class='ocrx_word' id='word_1_252' title='bbox 1194 2068 1431 2140; x_wconf 82' lang='lat' dir='ltr'><strong>juvenile</strong></span> <span class='ocrx_word' id='word_1_253' title='bbox 1461 2070 1746 2138; x_wconf 87' lang='lat' dir='ltr'><strong>concipiat.</strong></span> <span class='ocrx_word' id='word_1_254' title='bbox 1783 2068 1930 2123; x_wconf 85' lang='lat' dir='ltr'><strong>Jam-</strong></span> 
     </span>
    </p>
   </div>
   <div class='ocr_carea' id='block_1_37' title="bbox 341 2160 1924 2231">
    <p class='ocr_par' dir='ltr' id='par_1_37' title="bbox 341 2160 1924 2231">
     <span class='ocr_line' id='line_1_37' title="bbox 341 2160 1924 2231; baseline -0.001 -16"><span class='ocrx_word' id='word_1_255' title='bbox 341 2160 452 2230; x_wconf 82' lang='lat' dir='ltr'><strong>jam</strong></span> <span class='ocrx_word' id='word_1_256' title='bbox 500 2160 741 2231; x_wconf 85' lang='lat' dir='ltr'><strong>profecto</strong></span> <span class='ocrx_word' id='word_1_257' title='bbox 789 2162 840 2214; x_wconf 92' lang='lat' dir='ltr'><strong>in</strong></span> <span class='ocrx_word' id='word_1_258' title='bbox 893 2160 1076 2213; x_wconf 86' lang='lat' dir='ltr'><strong>limine</strong></span> <span class='ocrx_word' id='word_1_259' title='bbox 1121 2160 1396 2229; x_wconf 86' lang='lat' dir='ltr'><strong>municipii</strong></span> <span class='ocrx_word' id='word_1_260' title='bbox 1447 2161 1636 2229; x_wconf 87' lang='lat' dir='ltr'><strong>pedem</strong></span> <span class='ocrx_word' id='word_1_261' title='bbox 1685 2160 1924 2228; x_wconf 80' lang='lat' dir='ltr'><strong>ponitis;</strong></span> 
     </span>
    </p>
   </div>
   <div class='ocr_carea' id='block_1_38' title="bbox 341 2251 1929 2321">
    <p class='ocr_par' dir='ltr' id='par_1_38' title="bbox 341 2251 1929 2321">
     <span class='ocr_line' id='line_1_38' title="bbox 341 2251 1929 2321; baseline -0.001 -15"><span class='ocrx_word' id='word_1_262' title='bbox 341 2251 456 2321; x_wconf 81' lang='lat' dir='ltr'><strong>iam</strong></span> <span class='ocrx_word' id='word_1_263' title='bbox 484 2254 550 2307; x_wconf 91' lang='lat' dir='ltr'><strong>ad</strong></span> <span class='ocrx_word' id='word_1_264' title='bbox 592 2251 918 2307; x_wconf 78' lang='lat' dir='ltr'><strong>felicissima:</strong></span> <span class='ocrx_word' id='word_1_265' title='bbox 945 2252 1142 2321; x_wconf 88' lang='lat' dir='ltr'><strong>quietis</strong></span> <span class='ocrx_word' id='word_1_266' title='bbox 1181 2252 1350 2306; x_wconf 89' lang='lat' dir='ltr'><strong>otium</strong></span> <span class='ocrx_word' id='word_1_267' title='bbox 1395 2252 1759 2306; x_wconf 87' lang='lat' dir='ltr'><strong>mediantibus</strong></span> <span class='ocrx_word' id='word_1_268' title='bbox 1788 2253 1929 2306; x_wconf 87' lang='lat' dir='ltr'><strong>dun-</strong></span> 
     </span>
    </p>
   </div>
   <div class='ocr_carea' id='block_1_39' title="bbox 345 2339 1161 2409">
    <p class='ocr_par' dir='ltr' id='par_1_39' title="bbox 345 2339 1161 2409">
     <span class='ocr_line' id='line_1_39' title="bbox 345 2339 1161 2409; baseline -0.004 -14"><span class='ocrx_word' id='word_1_269' title='bbox 345 2349 496 2395; x_wconf 77' lang='lat' dir='ltr'><strong>taxat</strong></span> <span class='ocrx_word' id='word_1_270' title='bbox 527 2340 734 2394; x_wconf 88' lang='lat' dir='ltr'><strong>foribus</strong></span> <span class='ocrx_word' id='word_1_271' title='bbox 765 2339 1161 2409; x_wconf 89' lang='lat' dir='ltr'><strong>propinquatis.</strong></span> 
     </span>
    </p>
   </div>
   <div class='ocr_carea' id='block_1_40' title="bbox 415 2429 1928 2500">
    <p class='ocr_par' dir='ltr' id='par_1_40' title="bbox 415 2429 1928 2500">
     <span class='ocr_line' id='line_1_40' title="bbox 415 2429 1928 2500; baseline 0.001 -16"><span class='ocrx_word' id='word_1_272' title='bbox 415 2431 716 2500; x_wconf 86' lang='lat' dir='ltr'><strong>Abjiciatur</strong></span> <span class='ocrx_word' id='word_1_273' title='bbox 743 2446 872 2500; x_wconf 82' lang='lat' dir='ltr'><strong>ergo</strong></span> <span class='ocrx_word' id='word_1_274' title='bbox 902 2429 1131 2494; x_wconf 89' lang='lat' dir='ltr'><strong>desidia,</strong></span> <span class='ocrx_word' id='word_1_275' title='bbox 1160 2429 1460 2499; x_wconf 84' lang='lat' dir='ltr'><strong>deponatur</strong></span> <span class='ocrx_word' id='word_1_276' title='bbox 1490 2431 1706 2496; x_wconf 88' lang='lat' dir='ltr'><strong>inertia,</strong></span> <span class='ocrx_word' id='word_1_277' title='bbox 1741 2441 1796 2485; x_wconf 76' lang='lat' dir='ltr'><strong>et</strong></span> <span class='ocrx_word' id='word_1_278' title='bbox 1824 2447 1928 2486; x_wconf 79' lang='lat' dir='ltr'><strong>mn</strong></span> 
     </span>
    </p>
   </div>
   <div class='ocr_carea' id='block_1_41' title="bbox 346 2519 1932 2592">
    <p class='ocr_par' dir='ltr' id='par_1_41' title="bbox 346 2519 1932 2592">
     <span class='ocr_line' id='line_1_41' title="bbox 346 2519 1932 2592; baseline 0.002 -18"><span class='ocrx_word' id='word_1_279' title='bbox 346 2521 607 2574; x_wconf 85' lang='lat' dir='ltr'><strong>transacti</strong></span> <span class='ocrx_word' id='word_1_280' title='bbox 647 2521 789 2590; x_wconf 82' lang='lat' dir='ltr'><strong>longi</strong></span> <span class='ocrx_word' id='word_1_281' title='bbox 817 2521 958 2575; x_wconf 87' lang='lat' dir='ltr'><strong>forte</strong></span> <span class='ocrx_word' id='word_1_282' title='bbox 985 2519 1186 2574; x_wconf 89' lang='lat' dir='ltr'><strong>laboris</strong></span> <span class='ocrx_word' id='word_1_283' title='bbox 1217 2521 1475 2574; x_wconf 88' lang='lat' dir='ltr'><strong>memoria</strong></span> <span class='ocrx_word' id='word_1_284' title='bbox 1506 2523 1771 2585; x_wconf 89' lang='lat' dir='ltr'><strong>retrahat,</strong></span> <span class='ocrx_word' id='word_1_285' title='bbox 1795 2538 1932 2592; x_wconf 84' lang='lat' dir='ltr'><strong>quos</strong></span> 
     </span>
    </p>
   </div>
   <div class='ocr_carea' id='block_1_42' title="bbox 347 2611 1926 2680">
    <p class='ocr_par' dir='ltr' id='par_1_42' title="bbox 347 2611 1926 2680">
     <span class='ocr_line' id='line_1_42' title="bbox 347 2611 1926 2680; baseline 0.003 -18"><span class='ocrx_word' id='word_1_286' title='bbox 347 2611 601 2680; x_wconf 66' lang='lat' dir='ltr'><strong>subjecta:</strong></span> <span class='ocrx_word' id='word_1_287' title='bbox 630 2625 780 2680; x_wconf 74' lang='lat' dir='ltr'><strong>paane</strong></span> <span class='ocrx_word' id='word_1_288' title='bbox 831 2611 940 2679; x_wconf 91' lang='lat' dir='ltr'><strong>jam</strong></span> <span class='ocrx_word' id='word_1_289' title='bbox 983 2612 1152 2667; x_wconf 90' lang='lat' dir='ltr'><strong>oculis</strong></span> <span class='ocrx_word' id='word_1_290' title='bbox 1181 2611 1383 2667; x_wconf 89' lang='lat' dir='ltr'><strong>oblatio</strong></span> <span class='ocrx_word' id='word_1_291' title='bbox 1411 2614 1675 2668; x_wconf 85' lang='lat' dir='ltr'><strong>mercedis</strong></span> <span class='ocrx_word' id='word_1_292' title='bbox 1711 2614 1926 2668; x_wconf 89' lang='lat' dir='ltr'><strong>invitat.</strong></span> 
     </span>
    </p>
   </div>
   <div class='ocr_carea' id='block_1_43' title="bbox 347 2699 1934 2769">
    <p class='ocr_par' dir='ltr' id='par_1_43' title="bbox 347 2699 1934 2769">
     <span class='ocr_line' id='line_1_43' title="bbox 347 2699 1934 2769; baseline 0.002 -16"><span class='ocrx_word' id='word_1_293' title='bbox 347 2699 595 2754; x_wconf 78' lang='lat' dir='ltr'><strong>Rituator</strong></span> <span class='ocrx_word' id='word_1_294' title='bbox 621 2702 761 2764; x_wconf 87' lang='lat' dir='ltr'><strong>auri,</strong></span> <span class='ocrx_word' id='word_1_295' title='bbox 792 2715 898 2769; x_wconf 91' lang='lat' dir='ltr'><strong>quo</strong></span> <span class='ocrx_word' id='word_1_296' title='bbox 923 2700 1240 2769; x_wconf 79' lang='lat' dir='ltr'><strong>profundius</strong></span> <span class='ocrx_word' id='word_1_297' title='bbox 1266 2712 1422 2755; x_wconf 72' lang='lat' dir='ltr'><strong>terra:</strong></span> <span class='ocrx_word' id='word_1_298' title='bbox 1451 2717 1617 2756; x_wconf 87' lang='lat' dir='ltr'><strong>venas</strong></span> <span class='ocrx_word' id='word_1_299' title='bbox 1642 2701 1844 2765; x_wconf 75' lang='lat' dir='ltr'><strong>effodit,</strong></span> <span class='ocrx_word' id='word_1_300' title='bbox 1868 2717 1934 2756; x_wconf 89' lang='lat' dir='ltr'><strong>eo</strong></span> 
     </span>
    </p>
   </div>
   <div class='ocr_carea' id='block_1_44' title="bbox 355 2789 1931 2860">
    <p class='ocr_par' dir='ltr' id='par_1_44' title="bbox 355 2789 1931 2860">
     <span class='ocr_line' id='line_1_44' title="bbox 355 2789 1931 2860; baseline 0.003 -18"><span class='ocrx_word' id='word_1_301' title='bbox 355 2789 656 2852; x_wconf 88' lang='lat' dir='ltr'><strong>robustius,</strong></span> <span class='ocrx_word' id='word_1_302' title='bbox 683 2798 844 2857; x_wconf 89' lang='lat' dir='ltr'><strong>atque</strong></span> <span class='ocrx_word' id='word_1_303' title='bbox 870 2789 1165 2843; x_wconf 82' lang='lat' dir='ltr'><strong>ferventius</strong></span> <span class='ocrx_word' id='word_1_304' title='bbox 1195 2805 1254 2844; x_wconf 90' lang='lat' dir='ltr'><strong>se</strong></span> <span class='ocrx_word' id='word_1_305' title='bbox 1278 2790 1345 2844; x_wconf 91' lang='lat' dir='ltr'><strong>ad</strong></span> <span class='ocrx_word' id='word_1_306' title='bbox 1371 2790 1694 2859; x_wconf 76' lang='lat' dir='ltr'><strong>explendum</strong></span> <span class='ocrx_word' id='word_1_307' title='bbox 1725 2792 1776 2844; x_wconf 90' lang='lat' dir='ltr'><strong>id</strong></span> <span class='ocrx_word' id='word_1_308' title='bbox 1804 2807 1931 2860; x_wconf 89' lang='lat' dir='ltr'><strong>ope-</strong></span> 
     </span>
    </p>
   </div>
   <div class='ocr_carea' id='block_1_45' title="bbox 348 2879 1934 2951">
    <p class='ocr_par' dir='ltr' id='par_1_45' title="bbox 348 2879 1934 2951">
     <span class='ocr_line' id='line_1_45' title="bbox 348 2879 1934 2951; baseline 0.003 -19"><span class='ocrx_word' id='word_1_309' title='bbox 348 2879 447 2945; x_wconf 88' lang='lat' dir='ltr'><strong>ris,</strong></span> <span class='ocrx_word' id='word_1_310' title='bbox 476 2879 620 2948; x_wconf 87' lang='lat' dir='ltr'><strong>quod</strong></span> <span class='ocrx_word' id='word_1_311' title='bbox 659 2888 844 2939; x_wconf 89' lang='lat' dir='ltr'><strong>restat.</strong></span> <span class='ocrx_word' id='word_1_312' title='bbox 876 2881 1130 2951; x_wconf 82' lang='lat' dir='ltr'><strong>accingit.</strong></span> <span class='ocrx_word' id='word_1_313' title='bbox 1165 2880 1274 2934; x_wconf 85' lang='lat' dir='ltr'><strong>Nec</strong></span> <span class='ocrx_word' id='word_1_314' title='bbox 1308 2889 1415 2934; x_wconf 90' lang='lat' dir='ltr'><strong>tam</strong></span> <span class='ocrx_word' id='word_1_315' title='bbox 1447 2882 1752 2950; x_wconf 63' lang='lat' dir='ltr'><strong>praeteritus</strong></span> <span class='ocrx_word' id='word_1_316' title='bbox 1784 2882 1934 2937; x_wconf 84' lang='lat' dir='ltr'><strong>labor</strong></span> 
     </span>
    </p>
   </div>
   <div class='ocr_carea' id='block_1_46' title="bbox 349 2969 1934 3043">
    <p class='ocr_par' dir='ltr' id='par_1_46' title="bbox 349 2969 1934 3043">
     <span class='ocr_line' id='line_1_46' title="bbox 349 2969 1934 3043; baseline 0.005 -23"><span class='ocrx_word' id='word_1_317' title='bbox 349 2969 496 3024; x_wconf 89' lang='lat' dir='ltr'><strong>vires</strong></span> <span class='ocrx_word' id='word_1_318' title='bbox 522 2980 766 3034; x_wconf 87' lang='lat' dir='ltr'><strong>enervat,</strong></span> <span class='ocrx_word' id='word_1_319' title='bbox 800 2987 960 3038; x_wconf 85' lang='lat' dir='ltr'><strong>quam</strong></span> <span class='ocrx_word' id='word_1_320' title='bbox 999 2986 1122 3039; x_wconf 87' lang='lat' dir='ltr'><strong>spes</strong></span> <span class='ocrx_word' id='word_1_321' title='bbox 1154 2972 1389 3025; x_wconf 88' lang='lat' dir='ltr'><strong>thesauri</strong></span> <span class='ocrx_word' id='word_1_322' title='bbox 1415 2971 1526 3040; x_wconf 91' lang='lat' dir='ltr'><strong>jam</strong></span> <span class='ocrx_word' id='word_1_323' title='bbox 1557 2974 1778 3042; x_wconf 79' lang='lat' dir='ltr'><strong>jamque</strong></span> <span class='ocrx_word' id='word_1_324' title='bbox 1809 2989 1934 3043; x_wconf 92' lang='lat' dir='ltr'><strong>pro-</strong></span> 
     </span>
    </p>
   </div>
   <div class='ocr_carea' id='block_1_47' title="bbox 352 3059 1934 3130">
    <p class='ocr_par' dir='ltr' id='par_1_47' title="bbox 352 3059 1934 3130">
     <span class='ocr_line' id='line_1_47' title="bbox 352 3059 1934 3130; baseline 0.004 -18"><span class='ocrx_word' id='word_1_325' title='bbox 352 3059 542 3129; x_wconf 90' lang='lat' dir='ltr'><strong>pinqui</strong></span> <span class='ocrx_word' id='word_1_326' title='bbox 580 3059 646 3113; x_wconf 91' lang='lat' dir='ltr'><strong>ad</strong></span> <span class='ocrx_word' id='word_1_327' title='bbox 688 3059 940 3129; x_wconf 77' lang='lat' dir='ltr'><strong>cgerendi</strong></span> <span class='ocrx_word' id='word_1_328' title='bbox 974 3061 1182 3114; x_wconf 89' lang='lat' dir='ltr'><strong>ruderis</strong></span> <span class='ocrx_word' id='word_1_329' title='bbox 1210 3061 1446 3115; x_wconf 88' lang='lat' dir='ltr'><strong>studium</strong></span> <span class='ocrx_word' id='word_1_330' title='bbox 1495 3072 1774 3130; x_wconf 88' lang='lat' dir='ltr'><strong>provocat.</strong></span> <span class='ocrx_word' id='word_1_331' title='bbox 1805 3064 1934 3118; x_wconf 91' lang='lat' dir='ltr'><strong>Sine</strong></span> 
     </span>
    </p>
   </div>
   <div class='ocr_carea' id='block_1_48' title="bbox 348 3149 1930 3221">
    <p class='ocr_par' dir='ltr' id='par_1_48' title="bbox 348 3149 1930 3221">
     <span class='ocr_line' id='line_1_48' title="bbox 348 3149 1930 3221; baseline 0.001 -16"><span class='ocrx_word' id='word_1_332' title='bbox 348 3165 510 3205; x_wconf 87' lang='lat' dir='ltr'><strong>causa</strong></span> <span class='ocrx_word' id='word_1_333' title='bbox 535 3149 876 3218; x_wconf 88' lang='lat' dir='ltr'><strong>jentaculum</strong></span> <span class='ocrx_word' id='word_1_334' title='bbox 901 3151 1093 3213; x_wconf 91' lang='lat' dir='ltr'><strong>inhiat,</strong></span> <span class='ocrx_word' id='word_1_335' title='bbox 1120 3152 1210 3221; x_wconf 93' lang='lat' dir='ltr'><strong>qui</strong></span> <span class='ocrx_word' id='word_1_336' title='bbox 1233 3153 1508 3220; x_wconf 89' lang='lat' dir='ltr'><strong>pronulms</strong></span> <span class='ocrx_word' id='word_1_337' title='bbox 1537 3153 1602 3206; x_wconf 89' lang='lat' dir='ltr'><strong>ad</strong></span> <span class='ocrx_word' id='word_1_338' title='bbox 1625 3154 1930 3207; x_wconf 88' lang='lat' dir='ltr'><strong>convivium</strong></span> 
     </span>
    </p>
   </div>
   <div class='ocr_carea' id='block_1_49' title="bbox 351 3225 2002 3315">
    <p class='ocr_par' dir='ltr' id='par_1_49' title="bbox 351 3225 2002 3315">
     <span class='ocr_line' id='line_1_49' title="bbox 351 3225 2002 3315; baseline 0.003 -22"><span class='ocrx_word' id='word_1_339' title='bbox 351 3241 592 3309; x_wconf 88' lang='lat' dir='ltr'><strong>nuptiale</strong></span> <span class='ocrx_word' id='word_1_340' title='bbox 628 3241 868 3296; x_wconf 89' lang='lat' dir='ltr'><strong>festinat.</strong></span> <span class='ocrx_word' id='word_1_341' title='bbox 902 3243 1041 3297; x_wconf 88' lang='lat' dir='ltr'><strong>Ecce</strong></span> <span class='ocrx_word' id='word_1_342' title='bbox 1075 3243 1218 3297; x_wconf 89' lang='lat' dir='ltr'><strong>enim</strong></span> <span class='ocrx_word' id='word_1_343' title='bbox 1257 3243 1397 3297; x_wconf 88' lang='lat' dir='ltr'><strong>tauri</strong></span> <span class='ocrx_word' id='word_1_344' title='bbox 1426 3244 1742 3315; x_wconf 84' lang='lat' dir='ltr'><strong>evangelici,</strong></span> <span class='ocrx_word' id='word_1_345' title='bbox 1780 3255 1832 3300; x_wconf 92' lang='lat' dir='ltr'><strong>et</strong></span> <span class='ocrx_word' id='word_1_346' title='bbox 1861 3246 1932 3298; x_wconf 85' lang='lat' dir='ltr'><strong>al-</strong></span> <span class='ocrx_word' id='word_1_347' title='bbox 1959 3225 2002 3286; x_wconf 63' lang='grc' dir='ltr'><strong>(ἶ</strong></span> 
     </span>
    </p>
   </div>
   <div class='ocr_carea' id='block_1_50' title="bbox 350 3329 1930 3403">
    <p class='ocr_par' dir='ltr' id='par_1_50' title="bbox 350 3329 1930 3403">
     <span class='ocr_line' id='line_1_50' title="bbox 350 3329 1930 3403; baseline 0.002 -20"><span class='ocrx_word' id='word_1_348' title='bbox 350 3329 467 3384; x_wconf 82' lang='lat' dir='ltr'><strong>tilia</strong></span> <span class='ocrx_word' id='word_1_349' title='bbox 501 3331 702 3394; x_wconf 88' lang='lat' dir='ltr'><strong>occisa,</strong></span> <span class='ocrx_word' id='word_1_350' title='bbox 732 3341 787 3385; x_wconf 91' lang='lat' dir='ltr'><strong>et</strong></span> <span class='ocrx_word' id='word_1_351' title='bbox 823 3331 1003 3385; x_wconf 91' lang='lat' dir='ltr'><strong>omnia</strong></span> <span class='ocrx_word' id='word_1_352' title='bbox 1049 3340 1171 3386; x_wconf 89' lang='lat' dir='ltr'><strong>sunt</strong></span> <span class='ocrx_word' id='word_1_353' title='bbox 1198 3341 1422 3400; x_wconf 87' lang='lat' dir='ltr'><strong>parata;</strong></span> <span class='ocrx_word' id='word_1_354' title='bbox 1473 3333 1693 3403; x_wconf 88' lang='lat' dir='ltr'><strong>insuper</strong></span> <span class='ocrx_word' id='word_1_355' title='bbox 1729 3343 1784 3388; x_wconf 89' lang='lat' dir='ltr'><strong>et</strong></span> <span class='ocrx_word' id='word_1_356' title='bbox 1830 3349 1930 3387; x_wconf 82' lang='lat' dir='ltr'><strong>vox</strong></span> 
     </span>
    </p>
   </div>
   <div class='ocr_carea' id='block_1_51' title="bbox 346 3419 1928 3492">
    <p class='ocr_par' dir='ltr' id='par_1_51' title="bbox 346 3419 1928 3492">
     <span class='ocr_line' id='line_1_51' title="bbox 346 3419 1928 3492; baseline 0.003 -19"><span class='ocrx_word' id='word_1_357' title='bbox 346 3421 649 3489; x_wconf 69' lang='lat' dir='ltr'><strong>prmeonis:</strong></span> <span class='ocrx_word' id='word_1_358' title='bbox 685 3419 929 3486; x_wconf 72' lang='lat' dir='ltr'><strong>«Venite,</strong></span> <span class='ocrx_word' id='word_1_359' title='bbox 958 3421 1157 3492; x_wconf 87' lang='lat' dir='ltr'><strong>inquit,</strong></span> <span class='ocrx_word' id='word_1_360' title='bbox 1183 3423 1250 3475; x_wconf 90' lang='lat' dir='ltr'><strong>ad</strong></span> <span class='ocrx_word' id='word_1_361' title='bbox 1275 3423 1928 3492; x_wconf 57' lang='lat' dir='ltr'><strong>nuptiasﬂlauh.nm.»</strong></span> 
     </span>
    </p>
   </div>
   <div class='ocr_carea' id='block_1_52' title="bbox 351 3509 1935 3585">
    <p class='ocr_par' dir='ltr' id='par_1_52' title="bbox 351 3509 1935 3585">
     <span class='ocr_line' id='line_1_52' title="bbox 351 3509 1935 3585; baseline 0.003 -21"><span class='ocrx_word' id='word_1_362' title='bbox 351 3509 461 3564; x_wconf 86' lang='lat' dir='ltr'><strong>Cur</strong></span> <span class='ocrx_word' id='word_1_363' title='bbox 493 3527 622 3581; x_wconf 86' lang='lat' dir='ltr'><strong>ergo</strong></span> <span class='ocrx_word' id='word_1_364' title='bbox 647 3512 946 3580; x_wconf 69' lang='lat' dir='ltr'><strong>praevenire</strong></span> <span class='ocrx_word' id='word_1_365' title='bbox 973 3512 1194 3566; x_wconf 84' lang='lat' dir='ltr'><strong>delicias</strong></span> <span class='ocrx_word' id='word_1_366' title='bbox 1234 3514 1467 3582; x_wconf 90' lang='lat' dir='ltr'><strong>appetit,</strong></span> <span class='ocrx_word' id='word_1_367' title='bbox 1503 3515 1594 3582; x_wconf 91' lang='lat' dir='ltr'><strong>qui</strong></span> <span class='ocrx_word' id='word_1_368' title='bbox 1625 3516 1690 3568; x_wconf 90' lang='lat' dir='ltr'><strong>ad</strong></span> <span class='ocrx_word' id='word_1_369' title='bbox 1725 3518 1935 3585; x_wconf 85' lang='lat' dir='ltr'><strong>nuptia-</strong></span> 
     </span>
    </p>
   </div>
   <div class='ocr_carea' id='block_1_53' title="bbox 352 3601 1932 3673">
    <p class='ocr_par' dir='ltr' id='par_1_53' title="bbox 352 3601 1932 3673">
     <span class='ocr_line' id='line_1_53' title="bbox 352 3601 1932 3673; baseline 0.005 -19"><span class='ocrx_word' id='word_1_370' title='bbox 352 3601 430 3656; x_wconf 89' lang='lat' dir='ltr'><strong>les</strong></span> <span class='ocrx_word' id='word_1_371' title='bbox 457 3603 620 3672; x_wconf 87' lang='lat' dir='ltr'><strong>dapes</strong></span> <span class='ocrx_word' id='word_1_372' title='bbox 657 3604 970 3673; x_wconf 88' lang='lat' dir='ltr'><strong>epulaturus</strong></span> <span class='ocrx_word' id='word_1_373' title='bbox 999 3605 1242 3660; x_wconf 85' lang='lat' dir='ltr'><strong>accedit?</strong></span> <span class='ocrx_word' id='word_1_374' title='bbox 1271 3607 1379 3660; x_wconf 88' lang='lat' dir='ltr'><strong>Cur</strong></span> <span class='ocrx_word' id='word_1_375' title='bbox 1409 3616 1627 3660; x_wconf 86' lang='lat' dir='ltr'><strong>ructare</strong></span> <span class='ocrx_word' id='word_1_376' title='bbox 1653 3618 1779 3662; x_wconf 90' lang='lat' dir='ltr'><strong>ante</strong></span> <span class='ocrx_word' id='word_1_377' title='bbox 1803 3610 1932 3673; x_wconf 89' lang='lat' dir='ltr'><strong>vult,</strong></span> 
     </span>
    </p>
   </div>
   <div class='ocr_carea' id='block_1_54' title="bbox 352 3696 1932 3768">
    <p class='ocr_par' dir='ltr' id='par_1_54' title="bbox 352 3696 1932 3768">
     <span class='ocr_line' id='line_1_54' title="bbox 352 3696 1932 3768; baseline 0.001 -20"><span class='ocrx_word' id='word_1_378' title='bbox 352 3709 518 3763; x_wconf 89' lang='lat' dir='ltr'><strong>quam</strong></span> <span class='ocrx_word' id='word_1_379' title='bbox 561 3696 936 3751; x_wconf 88' lang='lat' dir='ltr'><strong>discumbere?</strong></span> <span class='ocrx_word' id='word_1_380' title='bbox 959 3697 1069 3752; x_wconf 88' lang='lat' dir='ltr'><strong>Cur</strong></span> <span class='ocrx_word' id='word_1_381' title='bbox 1098 3714 1384 3767; x_wconf 91' lang='lat' dir='ltr'><strong>porcorum</strong></span> <span class='ocrx_word' id='word_1_382' title='bbox 1418 3714 1475 3753; x_wconf 92' lang='lat' dir='ltr'><strong>se</strong></span> <span class='ocrx_word' id='word_1_383' title='bbox 1504 3700 1714 3768; x_wconf 87' lang='lat' dir='ltr'><strong>siliquis</strong></span> <span class='ocrx_word' id='word_1_384' title='bbox 1746 3701 1932 3764; x_wconf 83' lang='lat' dir='ltr'><strong>satiat,</strong></span> 
     </span>
    </p>
   </div>
   <div class='ocr_carea' id='block_1_55' title="bbox 351 3785 1936 3859">
    <p class='ocr_par' dir='ltr' id='par_1_55' title="bbox 351 3785 1936 3859">
     <span class='ocr_line' id='line_1_55' title="bbox 351 3785 1936 3859; baseline 0.004 -20"><span class='ocrx_word' id='word_1_385' title='bbox 351 3785 442 3855; x_wconf 87' lang='lat' dir='ltr'><strong>qui</strong></span> <span class='ocrx_word' id='word_1_386' title='bbox 474 3786 540 3839; x_wconf 92' lang='lat' dir='ltr'><strong>ad</strong></span> <span class='ocrx_word' id='word_1_387' title='bbox 587 3785 771 3854; x_wconf 86' lang='lat' dir='ltr'><strong>epulas</strong></span> <span class='ocrx_word' id='word_1_388' title='bbox 820 3797 1076 3857; x_wconf 88' lang='lat' dir='ltr'><strong>properat</strong></span> <span class='ocrx_word' id='word_1_389' title='bbox 1109 3788 1419 3859; x_wconf 81' lang='lat' dir='ltr'><strong>angelorum</strong></span> <span class='ocrx_word' id='word_1_390' title='bbox 1445 3790 1467 3843; x_wconf 89' lang='lat'><strong>?</strong></span> <span class='ocrx_word' id='word_1_391' title='bbox 1493 3790 1603 3844; x_wconf 74' lang='lat' dir='ltr'><strong>(Zur</strong></span> <span class='ocrx_word' id='word_1_392' title='bbox 1637 3805 1695 3845; x_wconf 89' lang='lat' dir='ltr'><strong>se</strong></span> <span class='ocrx_word' id='word_1_393' title='bbox 1733 3806 1837 3844; x_wconf 95' lang='lat' dir='ltr'><strong>non</strong></span> <span class='ocrx_word' id='word_1_394' title='bbox 1868 3793 1936 3845; x_wconf 87' lang='lat' dir='ltr'><strong>ab</strong></span> 
     </span>
    </p>
   </div>
   <div class='ocr_carea' id='block_1_56' title="bbox 349 3874 1937 3948">
    <p class='ocr_par' dir='ltr' id='par_1_56' title="bbox 349 3874 1937 3948">
     <span class='ocr_line' id='line_1_56' title="bbox 349 3874 1937 3948; baseline 0.003 -18"><span class='ocrx_word' id='word_1_395' title='bbox 349 3874 499 3932; x_wconf 83' lang='lat' dir='ltr'><strong>omni</strong></span> <span class='ocrx_word' id='word_1_396' title='bbox 550 3893 694 3932; x_wconf 88' lang='lat' dir='ltr'><strong>nunc</strong></span> <span class='ocrx_word' id='word_1_397' title='bbox 750 3877 1083 3948; x_wconf 83' lang='lat' dir='ltr'><strong>voluptatum</strong></span> <span class='ocrx_word' id='word_1_398' title='bbox 1131 3895 1352 3934; x_wconf 90' lang='lat' dir='ltr'><strong>suarum</strong></span> <span class='ocrx_word' id='word_1_399' title='bbox 1402 3880 1648 3934; x_wconf 88' lang='lat' dir='ltr'><strong>famelica</strong></span> <span class='ocrx_word' id='word_1_400' title='bbox 1689 3881 1937 3936; x_wconf 89' lang='lat' dir='ltr'><strong>satietate</strong></span> 
     </span>
    </p>
   </div>
   <div class='ocr_carea' id='block_1_57' title="bbox 352 3971 1937 4041">
    <p class='ocr_par' dir='ltr' id='par_1_57' title="bbox 352 3971 1937 4041">
     <span class='ocr_line' id='line_1_57' title="bbox 352 3971 1937 4041; baseline 0.003 -19"><span class='ocrx_word' id='word_1_401' title='bbox 352 3977 622 4031; x_wconf 86' lang='lat' dir='ltr'><strong>coerceat,</strong></span> <span class='ocrx_word' id='word_1_402' title='bbox 664 3983 821 4038; x_wconf 90' lang='lat' dir='ltr'><strong>quem</strong></span> <span class='ocrx_word' id='word_1_403' title='bbox 846 3985 1056 4024; x_wconf 90' lang='lat' dir='ltr'><strong>summa</strong></span> <span class='ocrx_word' id='word_1_404' title='bbox 1087 3986 1150 4025; x_wconf 89' lang='lat' dir='ltr'><strong>ac</strong></span> <span class='ocrx_word' id='word_1_405' title='bbox 1172 3972 1415 4040; x_wconf 90' lang='lat' dir='ltr'><strong>perfecta</strong></span> <span class='ocrx_word' id='word_1_406' title='bbox 1447 3971 1728 4028; x_wconf 84' lang='lat' dir='ltr'><strong>beatitudo</strong></span> <span class='ocrx_word' id='word_1_407' title='bbox 1755 3973 1937 4041; x_wconf 83' lang='lat' dir='ltr'><strong>gloriae</strong></span> 
     </span>
    </p>
   </div>
   <div class='ocr_carea' id='block_1_58' title="bbox 353 4059 1938 4132">
    <p class='ocr_par' dir='ltr' id='par_1_58' title="bbox 353 4059 1938 4132">
     <span class='ocr_line' id='line_1_58' title="bbox 353 4059 1938 4132; baseline 0.006 -21"><span class='ocrx_word' id='word_1_408' title='bbox 353 4059 588 4113; x_wconf 70' lang='lat' dir='ltr'><strong>cmlestis</strong></span> <span class='ocrx_word' id='word_1_409' title='bbox 614 4061 931 4129; x_wconf 80' lang='lat' dir='ltr'><strong>exspectat?</strong></span> <span class='ocrx_word' id='word_1_410' title='bbox 964 4061 1072 4116; x_wconf 88' lang='lat' dir='ltr'><strong>Cur</strong></span> <span class='ocrx_word' id='word_1_411' title='bbox 1097 4079 1202 4117; x_wconf 87' lang='lat' dir='ltr'><strong>non</strong></span> <span class='ocrx_word' id='word_1_412' title='bbox 1230 4063 1466 4132; x_wconf 81' lang='lat' dir='ltr'><strong>linguam</strong></span> <span class='ocrx_word' id='word_1_413' title='bbox 1496 4081 1650 4119; x_wconf 90' lang='lat' dir='ltr'><strong>suam</strong></span> <span class='ocrx_word' id='word_1_414' title='bbox 1681 4080 1709 4118; x_wconf 90' lang='lat' dir='ltr'><strong>a</strong></span> <span class='ocrx_word' id='word_1_415' title='bbox 1743 4065 1938 4120; x_wconf 88' lang='lat' dir='ltr'><strong>fabulis</strong></span> 
     </span>
    </p>
   </div>
   <div class='ocr_carea' id='block_1_59' title="bbox 354 4150 1937 4221">
    <p class='ocr_par' dir='ltr' id='par_1_59' title="bbox 354 4150 1937 4221">
     <span class='ocr_line' id='line_1_59' title="bbox 354 4150 1937 4221; baseline 0.006 -24"><span class='ocrx_word' id='word_1_416' title='bbox 354 4161 515 4210; x_wconf 92' lang='lat' dir='ltr'><strong>nunc,</strong></span> <span class='ocrx_word' id='word_1_417' title='bbox 574 4155 630 4201; x_wconf 85' lang='lat' dir='ltr'><strong>et</strong></span> <span class='ocrx_word' id='word_1_418' title='bbox 681 4163 816 4201; x_wconf 89' lang='lat' dir='ltr'><strong>vana</strong></span> <span class='ocrx_word' id='word_1_419' title='bbox 866 4150 1193 4204; x_wconf 87' lang='lat' dir='ltr'><strong>verbositate</strong></span> <span class='ocrx_word' id='word_1_420' title='bbox 1242 4151 1510 4216; x_wconf 85' lang='lat' dir='ltr'><strong>refrenet,</strong></span> <span class='ocrx_word' id='word_1_421' title='bbox 1562 4154 1652 4221; x_wconf 87' lang='lat' dir='ltr'><strong>qui</strong></span> <span class='ocrx_word' id='word_1_422' title='bbox 1701 4152 1937 4207; x_wconf 86' lang='lat' dir='ltr'><strong>Verbum</strong></span> 
     </span>
    </p>
   </div>
   <div class='ocr_carea' id='block_1_60' title="bbox 355 4235 1940 4311">
    <p class='ocr_par' dir='ltr' id='par_1_60' title="bbox 355 4235 1940 4311">
     <span class='ocr_line' id='line_1_60' title="bbox 355 4235 1940 4311; baseline 0.004 -23"><span class='ocrx_word' id='word_1_423' title='bbox 355 4235 552 4304; x_wconf 81' lang='lat' dir='ltr'><strong>ipsum,</strong></span> <span class='ocrx_word' id='word_1_424' title='bbox 584 4252 678 4305; x_wconf 90' lang='lat' dir='ltr'><strong>per</strong></span> <span class='ocrx_word' id='word_1_425' title='bbox 698 4238 842 4305; x_wconf 91' lang='lat' dir='ltr'><strong>quod</strong></span> <span class='ocrx_word' id='word_1_426' title='bbox 873 4239 1014 4292; x_wconf 88' lang='lat' dir='ltr'><strong>facta</strong></span> <span class='ocrx_word' id='word_1_427' title='bbox 1047 4250 1170 4293; x_wconf 91' lang='lat' dir='ltr'><strong>sunt</strong></span> <span class='ocrx_word' id='word_1_428' title='bbox 1192 4242 1371 4294; x_wconf 90' lang='lat' dir='ltr'><strong>omnia</strong></span> <span class='ocrx_word' id='word_1_429' title='bbox 1401 4241 1584 4311; x_wconf 84' lang='lat' dir='ltr'><strong>(Joan.</strong></span> <span class='ocrx_word' id='word_1_430' title='bbox 1615 4244 1675 4311; x_wconf 84' lang='grc' dir='ltr'><strong>ι),</strong></span> <span class='ocrx_word' id='word_1_431' title='bbox 1701 4257 1940 4310; x_wconf 73' lang='lat' dir='ltr'><strong>prmsen-</strong></span> 
     </span>
    </p>
   </div>
   <div class='ocr_carea' id='block_1_61' title="bbox 356 4327 1940 4400">
    <p class='ocr_par' dir='ltr' id='par_1_61' title="bbox 356 4327 1940 4400">
     <span class='ocr_line' id='line_1_61' title="bbox 356 4327 1940 4400; baseline 0.004 -23"><span class='ocrx_word' id='word_1_432' title='bbox 356 4327 560 4378; x_wconf 89' lang='lat' dir='ltr'><strong>tissima</strong></span> <span class='ocrx_word' id='word_1_433' title='bbox 611 4327 664 4379; x_wconf 95' lang='lat' dir='ltr'><strong>in</strong></span> <span class='ocrx_word' id='word_1_434' title='bbox 707 4337 1027 4396; x_wconf 88' lang='lat' dir='ltr'><strong>perpetuum</strong></span> <span class='ocrx_word' id='word_1_435' title='bbox 1089 4329 1544 4399; x_wconf 85' lang='lat' dir='ltr'><strong>contemplatione</strong></span> <span class='ocrx_word' id='word_1_436' title='bbox 1605 4331 1940 4400; x_wconf 87' lang='lat' dir='ltr'><strong>prospiciat?</strong></span> 
     </span>
    </p>
   </div>
   <div class='ocr_carea' id='block_1_62' title="bbox 354 4416 1937 4488">
    <p class='ocr_par' dir='ltr' id='par_1_62' title="bbox 354 4416 1937 4488">
     <span class='ocr_line' id='line_1_62' title="bbox 354 4416 1937 4488; baseline 0.003 -19"><span class='ocrx_word' id='word_1_437' title='bbox 354 4416 464 4469; x_wconf 77' lang='lat' dir='ltr'><strong>Cur</strong></span> <span class='ocrx_word' id='word_1_438' title='bbox 519 4429 581 4469; x_wconf 84' lang='lat' dir='ltr'><strong>se</strong></span> <span class='ocrx_word' id='word_1_439' title='bbox 625 4431 723 4485; x_wconf 89' lang='lat' dir='ltr'><strong>pro</strong></span> <span class='ocrx_word' id='word_1_440' title='bbox 754 4416 1053 4484; x_wconf 71' lang='lat' dir='ltr'><strong>disciplina:</strong></span> <span class='ocrx_word' id='word_1_441' title='bbox 1103 4433 1329 4471; x_wconf 87' lang='lat' dir='ltr'><strong>censura</strong></span> <span class='ocrx_word' id='word_1_442' title='bbox 1359 4420 1427 4472; x_wconf 90' lang='lat' dir='ltr'><strong>ab</strong></span> <span class='ocrx_word' id='word_1_443' title='bbox 1478 4420 1786 4488; x_wconf 83' lang='lat' dir='ltr'><strong>aspectibus</strong></span> <span class='ocrx_word' id='word_1_444' title='bbox 1833 4436 1937 4474; x_wconf 91' lang='lat' dir='ltr'><strong>non</strong></span> 
     </span>
    </p>
   </div>
   <div class='ocr_carea' id='block_1_63' title="bbox 356 4503 1935 4578">
    <p class='ocr_par' dir='ltr' id='par_1_63' title="bbox 356 4503 1935 4578">
     <span class='ocr_line' id='line_1_63' title="bbox 356 4503 1935 4578; baseline 0.003 -20"><span class='ocrx_word' id='word_1_445' title='bbox 356 4514 632 4558; x_wconf 81' lang='lat' dir='ltr'><strong>removeat</strong></span> <span class='ocrx_word' id='word_1_446' title='bbox 657 4503 952 4568; x_wconf 90' lang='lat' dir='ltr'><strong>hominum,</strong></span> <span class='ocrx_word' id='word_1_447' title='bbox 982 4506 1072 4575; x_wconf 88' lang='lat' dir='ltr'><strong>qui</strong></span> <span class='ocrx_word' id='word_1_448' title='bbox 1107 4507 1174 4559; x_wconf 88' lang='lat' dir='ltr'><strong>ad</strong></span> <span class='ocrx_word' id='word_1_449' title='bbox 1206 4508 1410 4560; x_wconf 89' lang='lat' dir='ltr'><strong>curiam</strong></span> <span class='ocrx_word' id='word_1_450' title='bbox 1452 4511 1620 4562; x_wconf 89' lang='lat' dir='ltr'><strong>tendit</strong></span> <span class='ocrx_word' id='word_1_451' title='bbox 1643 4509 1935 4578; x_wconf 87' lang='lat' dir='ltr'><strong>imperato-</strong></span> 
     </span>
    </p>
   </div>
   <div class='ocr_carea' id='block_1_64' title="bbox 359 4569 2014 4668">
    <p class='ocr_par' dir='ltr' id='par_1_64' title="bbox 359 4569 2014 4668">
     <span class='ocr_line' id='line_1_64' title="bbox 359 4569 2014 4668; baseline 0.004 -21"><span class='ocrx_word' id='word_1_452' title='bbox 359 4594 434 4647; x_wconf 88' lang='lat' dir='ltr'><strong>ris</strong></span> <span class='ocrx_word' id='word_1_453' title='bbox 461 4594 648 4647; x_wconf 67' lang='lat' dir='ltr'><strong>aeterni</strong></span> <span class='ocrx_word' id='word_1_454' title='bbox 675 4602 728 4647; x_wconf 91' lang='lat' dir='ltr'><strong>et</strong></span> <span class='ocrx_word' id='word_1_455' title='bbox 758 4569 1057 4648; x_wconf 71' lang='lat' dir='ltr'><strong>cmlestitun</strong></span> <span class='ocrx_word' id='word_1_456' title='bbox 1087 4597 1436 4649; x_wconf 90' lang='lat' dir='ltr'><strong>senatorum?</strong></span> <span class='ocrx_word' id='word_1_457' title='bbox 1473 4597 1633 4668; x_wconf 81' lang='lat'><strong>315</strong></span> <span class='ocrx_word' id='word_1_458' title='bbox 1662 4569 1772 4654; x_wconf 76' lang='lat' dir='ltr'><strong>cur</strong></span> <span class='ocrx_word' id='word_1_459' title='bbox 1791 4614 1933 4668; x_wconf 71' lang='lat' dir='ltr'><strong>aspe</strong></span> <span class='ocrx_word' id='word_1_460' title='bbox 1970 4569 2014 4626; x_wconf 71' lang='grc' dir='ltr'>θ</span> 
     </span>
    </p>
   </div>
   <div class='ocr_carea' id='block_1_65' title="bbox 359 4683 1938 4759">
    <p class='ocr_par' dir='ltr' id='par_1_65' title="bbox 359 4683 1938 4759">
     <span class='ocr_line' id='line_1_65' title="bbox 359 4683 1938 4759; baseline 0.003 -19"><span class='ocrx_word' id='word_1_461' title='bbox 359 4686 438 4740; x_wconf 85' lang='lat' dir='ltr'><strong>ris</strong></span> <span class='ocrx_word' id='word_1_462' title='bbox 464 4683 758 4739; x_wconf 79' lang='lat' dir='ltr'><strong>exborreat</strong></span> <span class='ocrx_word' id='word_1_463' title='bbox 794 4685 1002 4752; x_wconf 82' lang='lat' dir='ltr'><strong>contegi</strong></span> <span class='ocrx_word' id='word_1_464' title='bbox 1030 4686 1385 4752; x_wconf 88' lang='lat' dir='ltr'><strong>vestimentis,</strong></span> <span class='ocrx_word' id='word_1_465' title='bbox 1423 4690 1513 4759; x_wconf 90' lang='lat' dir='ltr'><strong>qui</strong></span> <span class='ocrx_word' id='word_1_466' title='bbox 1541 4690 1677 4744; x_wconf 88' lang='lat' dir='ltr'><strong>stola</strong></span> <span class='ocrx_word' id='word_1_467' title='bbox 1708 4691 1938 4746; x_wconf 91' lang='lat' dir='ltr'><strong>induen-</strong></span> 
     </span>
    </p>
   </div>
   <div class='ocr_carea' id='block_1_66' title="bbox 362 4776 1070 4834">
    <p class='ocr_par' dir='ltr' id='par_1_66' title="bbox 362 4776 1070 4834">
     <span class='ocr_line' id='line_1_66' title="bbox 362 4776 1070 4834; baseline 0.001 -2"><span class='ocrx_word' id='word_1_468' title='bbox 362 4777 466 4834; x_wconf 87' lang='lat' dir='ltr'><strong>dus</strong></span> <span class='ocrx_word' id='word_1_469' title='bbox 490 4786 576 4832; x_wconf 90' lang='lat' dir='ltr'><strong>est</strong></span> <span class='ocrx_word' id='word_1_470' title='bbox 601 4776 1070 4832; x_wconf 82' lang='lat' dir='ltr'><strong>immortalitatis?</strong></span> 
     </span>
    </p>
   </div>
   <div class='ocr_carea' id='block_1_67' title="bbox 430 4867 1938 4939">
    <p class='ocr_par' dir='ltr' id='par_1_67' title="bbox 430 4867 1938 4939">
     <span class='ocr_line' id='line_1_67' title="bbox 430 4867 1938 4939; baseline 0.003 -17"><span class='ocrx_word' id='word_1_471' title='bbox 430 4867 545 4922; x_wconf 80' lang='lat' dir='ltr'><strong>Non</strong></span> <span class='ocrx_word' id='word_1_472' title='bbox 583 4883 712 4936; x_wconf 86' lang='lat' dir='ltr'><strong>ergo</strong></span> <span class='ocrx_word' id='word_1_473' title='bbox 758 4883 854 4922; x_wconf 89' lang='lat' dir='ltr'><strong>nos</strong></span> <span class='ocrx_word' id='word_1_474' title='bbox 889 4869 1066 4939; x_wconf 88' lang='lat' dir='ltr'><strong>pigeat</strong></span> <span class='ocrx_word' id='word_1_475' title='bbox 1093 4885 1121 4922; x_wconf 91' lang='lat' dir='ltr'><strong>a</strong></span> <span class='ocrx_word' id='word_1_476' title='bbox 1171 4871 1377 4925; x_wconf 87' lang='lat' dir='ltr'><strong>cunctis</strong></span> <span class='ocrx_word' id='word_1_477' title='bbox 1413 4871 1594 4926; x_wconf 88' lang='lat' dir='ltr'><strong>nmndi</strong></span> <span class='ocrx_word' id='word_1_478' title='bbox 1627 4872 1938 4927; x_wconf 66' lang='lat' dir='ltr'><strong>delertatio-</strong></span> 
     </span>
    </p>
   </div>
   <div class='ocr_carea' id='block_1_68' title="bbox 360 4958 1934 5028">
    <p class='ocr_par' dir='ltr' id='par_1_68' title="bbox 360 4958 1934 5028">
     <span class='ocr_line' id='line_1_68' title="bbox 360 4958 1934 5028; baseline 0.003 -14"><span class='ocrx_word' id='word_1_479' title='bbox 360 4959 522 5014; x_wconf 80' lang='lat' dir='ltr'><strong>uibus</strong></span> <span class='ocrx_word' id='word_1_480' title='bbox 561 4958 824 5028; x_wconf 88' lang='lat' dir='ltr'><strong>jejuuare,</strong></span> <span class='ocrx_word' id='word_1_481' title='bbox 872 4968 930 5011; x_wconf 91' lang='lat' dir='ltr'><strong>ut</strong></span> <span class='ocrx_word' id='word_1_482' title='bbox 975 4961 1213 5013; x_wconf 91' lang='lat' dir='ltr'><strong>omnium</strong></span> <span class='ocrx_word' id='word_1_483' title='bbox 1265 4962 1580 5017; x_wconf 88' lang='lat' dir='ltr'><strong>dcliciarutu</strong></span> <span class='ocrx_word' id='word_1_484' title='bbox 1636 4964 1934 5019; x_wconf 67' lang='lat' dir='ltr'><strong>caelestium</strong></span> 
     </span>
    </p>
   </div>
   <div class='ocr_carea' id='block_1_69' title="bbox 362 5049 1941 5120">
    <p class='ocr_par' dir='ltr' id='par_1_69' title="bbox 362 5049 1941 5120">
     <span class='ocr_line' id='line_1_69' title="bbox 362 5049 1941 5120; baseline 0.002 -14"><span class='ocrx_word' id='word_1_485' title='bbox 362 5051 533 5120; x_wconf 87' lang='lat' dir='ltr'><strong>copiis</strong></span> <span class='ocrx_word' id='word_1_486' title='bbox 582 5064 888 5103; x_wconf 87' lang='lat' dir='ltr'><strong>mereamur</strong></span> <span class='ocrx_word' id='word_1_487' title='bbox 941 5049 1175 5115; x_wconf 74' lang='lat' dir='ltr'><strong>affluere,</strong></span> <span class='ocrx_word' id='word_1_488' title='bbox 1228 5067 1294 5106; x_wconf 90' lang='lat' dir='ltr'><strong>ne</strong></span> <span class='ocrx_word' id='word_1_489' title='bbox 1332 5069 1485 5107; x_wconf 89' lang='lat' dir='ltr'><strong>mens</strong></span> <span class='ocrx_word' id='word_1_490' title='bbox 1527 5063 1708 5108; x_wconf 90' lang='lat' dir='ltr'><strong>nostra</strong></span> <span class='ocrx_word' id='word_1_491' title='bbox 1739 5055 1941 5109; x_wconf 73' lang='lat' dir='ltr'><strong>haereat</strong></span> 
     </span>
    </p>
   </div>
   <div class='ocr_carea' id='block_1_70' title="bbox 363 5141 1934 5212">
    <p class='ocr_par' dir='ltr' id='par_1_70' title="bbox 363 5141 1934 5212">
     <span class='ocr_line' id='line_1_70' title="bbox 363 5141 1934 5212; baseline 0.001 -15"><span class='ocrx_word' id='word_1_492' title='bbox 363 5143 652 5205; x_wconf 82' lang='lat' dir='ltr'><strong>creaturis,</strong></span> <span class='ocrx_word' id='word_1_493' title='bbox 690 5142 783 5196; x_wconf 86' lang='lat' dir='ltr'><strong>sed</strong></span> <span class='ocrx_word' id='word_1_494' title='bbox 817 5141 884 5195; x_wconf 89' lang='lat' dir='ltr'><strong>ad</strong></span> <span class='ocrx_word' id='word_1_495' title='bbox 915 5143 1193 5210; x_wconf 81' lang='lat' dir='ltr'><strong>amplexus</strong></span> <span class='ocrx_word' id='word_1_496' title='bbox 1226 5144 1404 5212; x_wconf 86' lang='lat' dir='ltr'><strong>potius</strong></span> <span class='ocrx_word' id='word_1_497' title='bbox 1433 5145 1602 5199; x_wconf 81' lang='lat' dir='ltr'><strong>inbict</strong></span> <span class='ocrx_word' id='word_1_498' title='bbox 1643 5145 1934 5200; x_wconf 86' lang='lat' dir='ltr'><strong>Creatoris.</strong></span> 
     </span>
    </p>
   </div>
   <div class='ocr_carea' id='block_1_71' title="bbox 364 5231 1934 5312">
    <p class='ocr_par' dir='ltr' id='par_1_71' title="bbox 364 5231 1934 5312">
     <span class='ocr_line' id='line_1_71' title="bbox 364 5231 1934 5312; baseline 0.001 -25"><span class='ocrx_word' id='word_1_499' title='bbox 364 5232 621 5302; x_wconf 87' lang='lat' dir='ltr'><strong>Quisquis</strong></span> <span class='ocrx_word' id='word_1_500' title='bbox 647 5232 885 5312; x_wconf 36' lang='lat' dir='ltr'><strong>etiidee</strong></span> <span class='ocrx_word' id='word_1_501' title='bbox 931 5231 1222 5302; x_wconf 87' lang='lat' dir='ltr'><strong>longinquo</strong></span> <span class='ocrx_word' id='word_1_502' title='bbox 1254 5234 1474 5288; x_wconf 88' lang='lat' dir='ltr'><strong>veniens</strong></span> <span class='ocrx_word' id='word_1_503' title='bbox 1509 5234 1698 5288; x_wconf 88' lang='lat' dir='ltr'><strong>aulicis</strong></span> <span class='ocrx_word' id='word_1_504' title='bbox 1735 5235 1934 5289; x_wconf 90' lang='lat' dir='ltr'><strong>limini-</strong></span> 
     </span>
    </p>
   </div>
   <div class='ocr_carea' id='block_1_72' title="bbox 364 5327 1939 5395">
    <p class='ocr_par' dir='ltr' id='par_1_72' title="bbox 364 5327 1939 5395">
     <span class='ocr_line' id='line_1_72' title="bbox 364 5327 1939 5395; baseline 0 -14"><span class='ocrx_word' id='word_1_505' title='bbox 364 5341 465 5382; x_wconf 80' lang='lat' dir='ltr'><strong>nus</strong></span> <span class='ocrx_word' id='word_1_506' title='bbox 515 5327 930 5395; x_wconf 89' lang='lat' dir='ltr'><strong>appropinquat,</strong></span> <span class='ocrx_word' id='word_1_507' title='bbox 988 5327 1252 5380; x_wconf 77' lang='lat' dir='ltr'><strong>vecordia:</strong></span> <span class='ocrx_word' id='word_1_508' title='bbox 1308 5327 1575 5394; x_wconf 89' lang='lat' dir='ltr'><strong>arguitur,</strong></span> <span class='ocrx_word' id='word_1_509' title='bbox 1627 5327 1671 5382; x_wconf 92' lang='lat' dir='ltr'><strong>si</strong></span> <span class='ocrx_word' id='word_1_510' title='bbox 1718 5327 1939 5382; x_wconf 89' lang='lat' dir='ltr'><strong>fabricis</strong></span> 
     </span>
    </p>
   </div>
   <div class='ocr_carea' id='block_1_73' title="bbox 366 5415 1937 5487">
    <p class='ocr_par' dir='ltr' id='par_1_73' title="bbox 366 5415 1937 5487">
     <span class='ocr_line' id='line_1_73' title="bbox 366 5415 1937 5487; baseline 0.002 -18"><span class='ocrx_word' id='word_1_511' title='bbox 366 5416 604 5469; x_wconf 79' lang='lat' dir='ltr'><strong>intentus</strong></span> <span class='ocrx_word' id='word_1_512' title='bbox 634 5417 700 5470; x_wconf 90' lang='lat' dir='ltr'><strong>ad</strong></span> <span class='ocrx_word' id='word_1_513' title='bbox 731 5417 870 5486; x_wconf 80' lang='lat' dir='ltr'><strong>regis</strong></span> <span class='ocrx_word' id='word_1_514' title='bbox 897 5415 1088 5470; x_wconf 90' lang='lat' dir='ltr'><strong>faciem</strong></span> <span class='ocrx_word' id='word_1_515' title='bbox 1122 5433 1222 5470; x_wconf 93' lang='lat' dir='ltr'><strong>non</strong></span> <span class='ocrx_word' id='word_1_516' title='bbox 1251 5417 1495 5482; x_wconf 89' lang='lat' dir='ltr'><strong>anhelat;</strong></span> <span class='ocrx_word' id='word_1_517' title='bbox 1527 5433 1625 5472; x_wconf 87' lang='lat' dir='ltr'><strong>nec</strong></span> <span class='ocrx_word' id='word_1_518' title='bbox 1655 5435 1681 5471; x_wconf 91' lang='lat' dir='ltr'><strong>a</strong></span> <span class='ocrx_word' id='word_1_519' title='bbox 1712 5433 1806 5487; x_wconf 81' lang='lat' dir='ltr'><strong>spe</strong></span> <span class='ocrx_word' id='word_1_520' title='bbox 1839 5419 1937 5472; x_wconf 85' lang='lat' dir='ltr'><strong>for-</strong></span> 
     </span>
    </p>
   </div>
   <div class='ocr_carea' id='block_1_74' title="bbox 367 5509 1943 5580">
    <p class='ocr_par' dir='ltr' id='par_1_74' title="bbox 367 5509 1943 5580">
     <span class='ocr_line' id='line_1_74' title="bbox 367 5509 1943 5580; baseline 0.002 -18"><span class='ocrx_word' id='word_1_521' title='bbox 367 5511 494 5563; x_wconf 85' lang='lat' dir='ltr'><strong>titer</strong></span> <span class='ocrx_word' id='word_1_522' title='bbox 519 5510 709 5579; x_wconf 85' lang='lat' dir='ltr'><strong>agendi</strong></span> <span class='ocrx_word' id='word_1_523' title='bbox 741 5510 882 5564; x_wconf 78' lang='lat' dir='ltr'><strong>effeti</strong></span> <span class='ocrx_word' id='word_1_524' title='bbox 911 5511 1157 5580; x_wconf 89' lang='lat' dir='ltr'><strong>corporis</strong></span> <span class='ocrx_word' id='word_1_525' title='bbox 1190 5510 1438 5564; x_wconf 87' lang='lat' dir='ltr'><strong>debilitas</strong></span> <span class='ocrx_word' id='word_1_526' title='bbox 1475 5509 1710 5580; x_wconf 88' lang='lat' dir='ltr'><strong>frangal,</strong></span> <span class='ocrx_word' id='word_1_527' title='bbox 1739 5511 1864 5577; x_wconf 91' lang='lat' dir='ltr'><strong>quia</strong></span> <span class='ocrx_word' id='word_1_528' title='bbox 1899 5513 1943 5565; x_wconf 86' lang='lat' dir='ltr'><strong>si</strong></span> 
     </span>
    </p>
   </div>
   <div class='ocr_carea' id='block_1_75' title="bbox 367 5601 1942 5672">
    <p class='ocr_par' dir='ltr' id='par_1_75' title="bbox 367 5601 1942 5672">
     <span class='ocr_line' id='line_1_75' title="bbox 367 5601 1942 5672; baseline -0.003 -15"><span class='ocrx_word' id='word_1_529' title='bbox 367 5602 593 5672; x_wconf 69' lang='lat' dir='ltr'><strong>spiritus</strong></span> <span class='ocrx_word' id='word_1_530' title='bbox 629 5601 782 5656; x_wconf 87' lang='lat' dir='ltr'><strong>adest</strong></span> <span class='ocrx_word' id='word_1_531' title='bbox 827 5603 996 5666; x_wconf 87' lang='lat' dir='ltr'><strong>cordi,</strong></span> <span class='ocrx_word' id='word_1_532' title='bbox 1040 5613 1437 5672; x_wconf 86' lang='lat' dir='ltr'><strong>consequenter</strong></span> <span class='ocrx_word' id='word_1_533' title='bbox 1480 5603 1827 5656; x_wconf 83' lang='lat' dir='ltr'><strong>etiam.vires</strong></span> <span class='ocrx_word' id='word_1_534' title='bbox 1857 5619 1942 5654; x_wconf 89' lang='lat' dir='ltr'><strong>ar-</strong></span> 
     </span>
    </p>
   </div>
   <div class='ocr_carea' id='block_1_76' title="bbox 369 5691 1939 5762">
    <p class='ocr_par' dir='ltr' id='par_1_76' title="bbox 369 5691 1939 5762">
     <span class='ocr_line' id='line_1_76' title="bbox 369 5691 1939 5762; baseline -0.002 -14"><span class='ocrx_word' id='word_1_535' title='bbox 369 5703 519 5748; x_wconf 81' lang='lat' dir='ltr'><strong>tuum</strong></span> <span class='ocrx_word' id='word_1_536' title='bbox 550 5693 845 5747; x_wconf 88' lang='lat' dir='ltr'><strong>visceribus</strong></span> <span class='ocrx_word' id='word_1_537' title='bbox 893 5693 1252 5747; x_wconf 89' lang='lat' dir='ltr'><strong>administrat.</strong></span> <span class='ocrx_word' id='word_1_538' title='bbox 1306 5691 1457 5747; x_wconf 92' lang='lat' dir='ltr'><strong>Unde</strong></span> <span class='ocrx_word' id='word_1_539' title='bbox 1506 5702 1559 5746; x_wconf 89' lang='lat' dir='ltr'><strong>et</strong></span> <span class='ocrx_word' id='word_1_540' title='bbox 1586 5691 1784 5762; x_wconf 86' lang='lat' dir='ltr'><strong>Caleph</strong></span> <span class='ocrx_word' id='word_1_541' title='bbox 1815 5693 1939 5760; x_wconf 87' lang='lat' dir='ltr'><strong>quia</strong></span> 
     </span>
    </p>
   </div>
   <div class='ocr_carea' id='block_1_77' title="bbox 371 5782 1941 5854">
    <p class='ocr_par' dir='ltr' id='par_1_77' title="bbox 371 5782 1941 5854">
     <span class='ocr_line' id='line_1_77' title="bbox 371 5782 1941 5854; baseline -0.004 -11"><span class='ocrx_word' id='word_1_542' title='bbox 371 5787 620 5843; x_wconf 88' lang='lat' dir='ltr'><strong>mandata</strong></span> <span class='ocrx_word' id='word_1_543' title='bbox 653 5784 743 5839; x_wconf 89' lang='lat' dir='ltr'><strong>Dei</strong></span> <span class='ocrx_word' id='word_1_544' title='bbox 795 5784 1065 5839; x_wconf 90' lang='lat' dir='ltr'><strong>ferventer</strong></span> <span class='ocrx_word' id='word_1_545' title='bbox 1113 5784 1449 5854; x_wconf 89' lang='lat' dir='ltr'><strong>impleverat,</strong></span> <span class='ocrx_word' id='word_1_546' title='bbox 1492 5782 1714 5852; x_wconf 81' lang='lat' dir='ltr'><strong>juvenili</strong></span> <span class='ocrx_word' id='word_1_547' title='bbox 1751 5784 1941 5838; x_wconf 88' lang='lat' dir='ltr'><strong>robore</strong></span> 
     </span>
    </p>
   </div>
   <div class='ocr_carea' id='block_1_78' title="bbox 2030 1984 3610 2058">
    <p class='ocr_par' dir='ltr' id='par_1_78' title="bbox 2030 1984 3610 2058">
     <span class='ocr_line' id='line_1_78' title="bbox 2030 1984 3610 2058; baseline -0.004 -15"><span class='ocrx_word' id='word_1_548' title='bbox 2030 2005 2180 2043; x_wconf 89' lang='lat' dir='ltr'><strong>arma</strong></span> <span class='ocrx_word' id='word_1_549' title='bbox 2220 1991 2523 2058; x_wconf 89' lang='lat' dir='ltr'><strong>deponere:</strong></span> <span class='ocrx_word' id='word_1_550' title='bbox 2569 1987 2734 2042; x_wconf 88' lang='lat' dir='ltr'><strong>nolite</strong></span> <span class='ocrx_word' id='word_1_551' title='bbox 2765 1988 2888 2041; x_wconf 90' lang='lat' dir='ltr'><strong>dum</strong></span> <span class='ocrx_word' id='word_1_552' title='bbox 2932 1987 3110 2040; x_wconf 87' lang='lat' dir='ltr'><strong>adhuc</strong></span> <span class='ocrx_word' id='word_1_553' title='bbox 3144 1985 3196 2039; x_wconf 91' lang='lat' dir='ltr'><strong>in</strong></span> <span class='ocrx_word' id='word_1_554' title='bbox 3223 1985 3398 2041; x_wconf 87' lang='lat' dir='ltr'><strong>stadio</strong></span> <span class='ocrx_word' id='word_1_555' title='bbox 3435 1984 3610 2038; x_wconf 81' lang='lat' dir='ltr'><strong>curri-</strong></span> 
     </span>
    </p>
   </div>
   <div class='ocr_carea' id='block_1_79' title="bbox 2033 2075 3609 2149">
    <p class='ocr_par' dir='ltr' id='par_1_79' title="bbox 2033 2075 3609 2149">
     <span class='ocr_line' id='line_1_79' title="bbox 2033 2075 3609 2149; baseline -0.003 -15"><span class='ocrx_word' id='word_1_556' title='bbox 2033 2081 2139 2145; x_wconf 90' lang='lat' dir='ltr'><strong>tis,</strong></span> <span class='ocrx_word' id='word_1_557' title='bbox 2204 2081 2357 2149; x_wconf 89' lang='lat' dir='ltr'><strong>quasi</strong></span> <span class='ocrx_word' id='word_1_558' title='bbox 2426 2077 2537 2144; x_wconf 88' lang='lat' dir='ltr'><strong>jam</strong></span> <span class='ocrx_word' id='word_1_559' title='bbox 2615 2079 2831 2140; x_wconf 90' lang='lat' dir='ltr'><strong>securi,</strong></span> <span class='ocrx_word' id='word_1_560' title='bbox 2892 2077 3099 2132; x_wconf 87' lang='lat' dir='ltr'><strong>deliciis</strong></span> <span class='ocrx_word' id='word_1_561' title='bbox 3178 2075 3609 2131; x_wconf 87' lang='lat' dir='ltr'><strong>lenocinantibus</strong></span> 
     </span>
    </p>
   </div>
   <div class='ocr_carea' id='block_1_80' title="bbox 2031 2166 3611 2239">
    <p class='ocr_par' dir='ltr' id='par_1_80' title="bbox 2031 2166 3611 2239">
     <span class='ocr_line' id='line_1_80' title="bbox 2031 2166 3611 2239; baseline -0.002 -16"><span class='ocrx_word' id='word_1_562' title='bbox 2031 2169 2330 2239; x_wconf 85' lang='lat' dir='ltr'><strong>indulgere.</strong></span> <span class='ocrx_word' id='word_1_563' title='bbox 2357 2167 2648 2222; x_wconf 89' lang='lat' dir='ltr'><strong>Familiare</strong></span> <span class='ocrx_word' id='word_1_564' title='bbox 2683 2168 2882 2237; x_wconf 89' lang='lat' dir='ltr'><strong>quippe</strong></span> <span class='ocrx_word' id='word_1_565' title='bbox 2909 2176 2993 2222; x_wconf 91' lang='lat' dir='ltr'><strong>est</strong></span> <span class='ocrx_word' id='word_1_566' title='bbox 3024 2167 3242 2222; x_wconf 85' lang='lat' dir='ltr'><strong>senibus</strong></span> <span class='ocrx_word' id='word_1_567' title='bbox 3265 2166 3530 2235; x_wconf 88' lang='lat' dir='ltr'><strong>jejunare,</strong></span> <span class='ocrx_word' id='word_1_568' title='bbox 3557 2174 3611 2220; x_wconf 87' lang='lat' dir='ltr'><strong>et</strong></span> 
     </span>
    </p>
   </div>
   <div class='ocr_carea' id='block_1_81' title="bbox 2032 2256 3614 2329">
    <p class='ocr_par' dir='ltr' id='par_1_81' title="bbox 2032 2256 3614 2329">
     <span class='ocr_line' id='line_1_81' title="bbox 2032 2256 3614 2329; baseline -0.001 -18"><span class='ocrx_word' id='word_1_569' title='bbox 2032 2259 2159 2314; x_wconf 90' lang='lat' dir='ltr'><strong>licet</strong></span> <span class='ocrx_word' id='word_1_570' title='bbox 2186 2261 2338 2314; x_wconf 92' lang='lat' dir='ltr'><strong>cibos</strong></span> <span class='ocrx_word' id='word_1_571' title='bbox 2365 2275 2506 2329; x_wconf 59' lang='lat' dir='ltr'><strong>saepe</strong></span> <span class='ocrx_word' id='word_1_572' title='bbox 2529 2259 2780 2312; x_wconf 87' lang='lat' dir='ltr'><strong>debilitas</strong></span> <span class='ocrx_word' id='word_1_573' title='bbox 2816 2268 3070 2327; x_wconf 89' lang='lat' dir='ltr'><strong>appetat,</strong></span> <span class='ocrx_word' id='word_1_574' title='bbox 3116 2267 3322 2311; x_wconf 80' lang='lat' dir='ltr'><strong>natura:</strong></span> <span class='ocrx_word' id='word_1_575' title='bbox 3367 2256 3614 2310; x_wconf 86' lang='lat' dir='ltr'><strong>voluntas</strong></span> 
     </span>
    </p>
   </div>
   <div class='ocr_carea' id='block_1_82' title="bbox 2032 2346 3614 2417">
    <p class='ocr_par' dir='ltr' id='par_1_82' title="bbox 2032 2346 3614 2417">
     <span class='ocr_line' id='line_1_82' title="bbox 2032 2346 3614 2417; baseline -0.003 -14"><span class='ocrx_word' id='word_1_576' title='bbox 2032 2349 2192 2403; x_wconf 88' lang='lat' dir='ltr'><strong>insita</strong></span> <span class='ocrx_word' id='word_1_577' title='bbox 2232 2363 2353 2402; x_wconf 90' lang='lat' dir='ltr'><strong>cum</strong></span> <span class='ocrx_word' id='word_1_578' title='bbox 2373 2348 2578 2417; x_wconf 87' lang='lat' dir='ltr'><strong>jejunio</strong></span> <span class='ocrx_word' id='word_1_579' title='bbox 2608 2357 2663 2401; x_wconf 90' lang='lat' dir='ltr'><strong>et</strong></span> <span class='ocrx_word' id='word_1_580' title='bbox 2691 2347 2983 2401; x_wconf 89' lang='lat' dir='ltr'><strong>sobrietate</strong></span> <span class='ocrx_word' id='word_1_581' title='bbox 3006 2347 3316 2401; x_wconf 90' lang='lat' dir='ltr'><strong>concordat.</strong></span> <span class='ocrx_word' id='word_1_582' title='bbox 3350 2346 3614 2399; x_wconf 87' lang='lat' dir='ltr'><strong>lnvitatur</strong></span> 
     </span>
    </p>
   </div>
   <div class='ocr_carea' id='block_1_83' title="bbox 2031 2437 3616 2508">
    <p class='ocr_par' dir='ltr' id='par_1_83' title="bbox 2031 2437 3616 2508">
     <span class='ocr_line' id='line_1_83' title="bbox 2031 2437 3616 2508; baseline -0.001 -14"><span class='ocrx_word' id='word_1_583' title='bbox 2031 2440 2294 2496; x_wconf 86' lang='lat' dir='ltr'><strong>Berzellai</strong></span> <span class='ocrx_word' id='word_1_584' title='bbox 2344 2439 2655 2494; x_wconf 82' lang='lat' dir='ltr'><strong>Galaadites</strong></span> <span class='ocrx_word' id='word_1_585' title='bbox 2703 2440 2770 2494; x_wconf 89' lang='lat' dir='ltr'><strong>ad</strong></span> <span class='ocrx_word' id='word_1_586' title='bbox 2822 2439 3103 2508; x_wconf 89' lang='lat' dir='ltr'><strong>requiem:</strong></span> <span class='ocrx_word' id='word_1_587' title='bbox 3165 2457 3184 2489; x_wconf 77' lang='grc' dir='ltr'><strong>ι</strong></span> <span class='ocrx_word' id='word_1_588' title='bbox 3215 2438 3383 2502; x_wconf 78' lang='lat' dir='ltr'><strong>Veni,</strong></span> <span class='ocrx_word' id='word_1_589' title='bbox 3439 2437 3616 2506; x_wconf 85' lang='lat' dir='ltr'><strong>inquit.</strong></span> 
     </span>
    </p>
   </div>
   <div class='ocr_carea' id='block_1_84' title="bbox 2031 2527 3613 2599">
    <p class='ocr_par' dir='ltr' id='par_1_84' title="bbox 2031 2527 3613 2599">
     <span class='ocr_line' id='line_1_84' title="bbox 2031 2527 3613 2599; baseline -0.001 -15"><span class='ocrx_word' id='word_1_590' title='bbox 2031 2530 2199 2584; x_wconf 89' lang='lat' dir='ltr'><strong>David</strong></span> <span class='ocrx_word' id='word_1_591' title='bbox 2229 2546 2345 2595; x_wconf 80' lang='lat' dir='ltr'><strong>rex,</strong></span> <span class='ocrx_word' id='word_1_592' title='bbox 2379 2539 2435 2585; x_wconf 92' lang='lat' dir='ltr'><strong>ut</strong></span> <span class='ocrx_word' id='word_1_593' title='bbox 2467 2531 2777 2599; x_wconf 88' lang='lat' dir='ltr'><strong>requiescas</strong></span> <span class='ocrx_word' id='word_1_594' title='bbox 2810 2545 3000 2585; x_wconf 90' lang='lat' dir='ltr'><strong>secure</strong></span> <span class='ocrx_word' id='word_1_595' title='bbox 3029 2544 3238 2584; x_wconf 90' lang='lat' dir='ltr'><strong>mecum</strong></span> <span class='ocrx_word' id='word_1_596' title='bbox 3270 2529 3323 2583; x_wconf 92' lang='lat' dir='ltr'><strong>in</strong></span> <span class='ocrx_word' id='word_1_597' title='bbox 3353 2527 3613 2583; x_wconf 79' lang='lat' dir='ltr'><strong>Hierusa—</strong></span> 
     </span>
    </p>
   </div>
   <div class='ocr_carea' id='block_1_85' title="bbox 2033 2621 3612 2692">
    <p class='ocr_par' dir='ltr' id='par_1_85' title="bbox 2033 2621 3612 2692">
     <span class='ocr_line' id='line_1_85' title="bbox 2033 2621 3612 2692; baseline 0 -18"><span class='ocrx_word' id='word_1_598' title='bbox 2033 2621 2138 2676; x_wconf 88' lang='lat' dir='ltr'><strong>lem</strong></span> <span class='ocrx_word' id='word_1_599' title='bbox 2167 2621 2251 2691; x_wconf 89' lang='grc'><strong>(11</strong></span> <span class='ocrx_word' id='word_1_600' title='bbox 2280 2622 2406 2692; x_wconf 78' lang='lat' dir='ltr'><strong>Reg.</strong></span> <span class='ocrx_word' id='word_1_601' title='bbox 2450 2627 2586 2688; x_wconf 72' lang='lat' dir='ltr'><strong>XIX).</strong></span> <span class='ocrx_word' id='word_1_602' title='bbox 2620 2641 2638 2672; x_wconf 72' lang='grc' dir='ltr'><strong>ο</strong></span> <span class='ocrx_word' id='word_1_603' title='bbox 2674 2621 2778 2675; x_wconf 89' lang='lat' dir='ltr'><strong>Sed</strong></span> <span class='ocrx_word' id='word_1_604' title='bbox 2805 2623 3028 2691; x_wconf 87' lang='lat' dir='ltr'><strong>opponit</strong></span> <span class='ocrx_word' id='word_1_605' title='bbox 3053 2633 3283 2677; x_wconf 71' lang='lat' dir='ltr'><strong>senecta:</strong></span> <span class='ocrx_word' id='word_1_606' title='bbox 3310 2632 3612 2691; x_wconf 81' lang='lat' dir='ltr'><strong>stuporem,</strong></span> 
     </span>
    </p>
   </div>
   <div class='ocr_carea' id='block_1_86' title="bbox 2034 2714 3613 2785">
    <p class='ocr_par' dir='ltr' id='par_1_86' title="bbox 2034 2714 3613 2785">
     <span class='ocr_line' id='line_1_86' title="bbox 2034 2714 3613 2785; baseline 0.001 -19"><span class='ocrx_word' id='word_1_607' title='bbox 2034 2723 2088 2766; x_wconf 89' lang='lat' dir='ltr'><strong>et</strong></span> <span class='ocrx_word' id='word_1_608' title='bbox 2113 2722 2338 2768; x_wconf 81' lang='lat' dir='ltr'><strong>excusat</strong></span> <span class='ocrx_word' id='word_1_609' title='bbox 2366 2714 2647 2783; x_wconf 86' lang='lat' dir='ltr'><strong>epularum</strong></span> <span class='ocrx_word' id='word_1_610' title='bbox 2698 2715 2954 2784; x_wconf 88' lang='lat' dir='ltr'><strong>regalium</strong></span> <span class='ocrx_word' id='word_1_611' title='bbox 2985 2715 3310 2785; x_wconf 86' lang='lat' dir='ltr'><strong>voluptatem</strong></span> <span class='ocrx_word' id='word_1_612' title='bbox 3341 2732 3357 2770; x_wconf 91' lang='lat'><strong>:</strong></span> <span class='ocrx_word' id='word_1_613' title='bbox 3413 2735 3431 2767; x_wconf 78' lang='grc' dir='ltr'><strong>ι</strong></span> <span class='ocrx_word' id='word_1_614' title='bbox 3463 2714 3613 2770; x_wconf 74' lang='lat' dir='ltr'><strong>Nun-</strong></span> 
     </span>
    </p>
   </div>
   <div class='ocr_carea' id='block_1_87' title="bbox 2034 2805 3612 2874">
    <p class='ocr_par' dir='ltr' id='par_1_87' title="bbox 2034 2805 3612 2874">
     <span class='ocr_line' id='line_1_87' title="bbox 2034 2805 3612 2874; baseline 0.001 -17"><span class='ocrx_word' id='word_1_615' title='bbox 2034 2805 2182 2874; x_wconf 88' lang='lat' dir='ltr'><strong>quid,</strong></span> <span class='ocrx_word' id='word_1_616' title='bbox 2209 2805 2305 2870; x_wconf 87' lang='lat' dir='ltr'><strong>ait,</strong></span> <span class='ocrx_word' id='word_1_617' title='bbox 2335 2805 2518 2874; x_wconf 89' lang='lat' dir='ltr'><strong>vigcnt</strong></span> <span class='ocrx_word' id='word_1_618' title='bbox 2548 2817 2739 2859; x_wconf 85' lang='lat' dir='ltr'><strong>sensus</strong></span> <span class='ocrx_word' id='word_1_619' title='bbox 2765 2806 2866 2859; x_wconf 89' lang='lat' dir='ltr'><strong>mei</strong></span> <span class='ocrx_word' id='word_1_620' title='bbox 2891 2807 2956 2859; x_wconf 89' lang='lat' dir='ltr'><strong>ad</strong></span> <span class='ocrx_word' id='word_1_621' title='bbox 2985 2806 3399 2862; x_wconf 87' lang='lat' dir='ltr'><strong>discernendum</strong></span> <span class='ocrx_word' id='word_1_622' title='bbox 3427 2821 3612 2870; x_wconf 89' lang='lat' dir='ltr'><strong>suave,</strong></span> 
     </span>
    </p>
   </div>
   <div class='ocr_carea' id='block_1_88' title="bbox 2035 2894 3618 2966">
    <p class='ocr_par' dir='ltr' id='par_1_88' title="bbox 2035 2894 3618 2966">
     <span class='ocr_line' id='line_1_88' title="bbox 2035 2894 3618 2966; baseline -0.001 -18"><span class='ocrx_word' id='word_1_623' title='bbox 2035 2908 2131 2950; x_wconf 89' lang='lat' dir='ltr'><strong>aut</strong></span> <span class='ocrx_word' id='word_1_624' title='bbox 2157 2911 2402 2949; x_wconf 90' lang='lat' dir='ltr'><strong>amarum</strong></span> <span class='ocrx_word' id='word_1_625' title='bbox 2422 2935 2436 2958; x_wconf 91' lang='lat'><strong>,</strong></span> <span class='ocrx_word' id='word_1_626' title='bbox 2473 2907 2564 2949; x_wconf 88' lang='lat' dir='ltr'><strong>aut</strong></span> <span class='ocrx_word' id='word_1_627' title='bbox 2596 2894 2870 2950; x_wconf 88' lang='lat' dir='ltr'><strong>delectare</strong></span> <span class='ocrx_word' id='word_1_628' title='bbox 2899 2905 3076 2966; x_wconf 89' lang='lat' dir='ltr'><strong>potest</strong></span> <span class='ocrx_word' id='word_1_629' title='bbox 3113 2911 3327 2950; x_wconf 90' lang='lat' dir='ltr'><strong>servum</strong></span> <span class='ocrx_word' id='word_1_630' title='bbox 3362 2906 3510 2949; x_wconf 85' lang='lat' dir='ltr'><strong>tuum</strong></span> <span class='ocrx_word' id='word_1_631' title='bbox 3537 2894 3618 2950; x_wconf 86' lang='lat' dir='ltr'><strong>ci-</strong></span> 
     </span>
    </p>
   </div>
   <div class='ocr_carea' id='block_1_89' title="bbox 2034 2985 3617 3056">
    <p class='ocr_par' dir='ltr' id='par_1_89' title="bbox 2034 2985 3617 3056">
     <span class='ocr_line' id='line_1_89' title="bbox 2034 2985 3617 3056; baseline -0.004 -14"><span class='ocrx_word' id='word_1_632' title='bbox 2034 2988 2136 3042; x_wconf 87' lang='lat' dir='ltr'><strong>bus</strong></span> <span class='ocrx_word' id='word_1_633' title='bbox 2159 2996 2213 3041; x_wconf 87' lang='lat' dir='ltr'><strong>et</strong></span> <span class='ocrx_word' id='word_1_634' title='bbox 2242 2988 2438 3056; x_wconf 87' lang='lat' dir='ltr'><strong>potus?</strong></span> <span class='ocrx_word' id='word_1_635' title='bbox 2473 2987 2555 3041; x_wconf 89' lang='lat' dir='ltr'><strong>vel</strong></span> <span class='ocrx_word' id='word_1_636' title='bbox 2598 2988 2788 3042; x_wconf 88' lang='lat' dir='ltr'><strong>audire</strong></span> <span class='ocrx_word' id='word_1_637' title='bbox 2833 2985 2970 3039; x_wconf 82' lang='lat' dir='ltr'><strong>ultra</strong></span> <span class='ocrx_word' id='word_1_638' title='bbox 3003 3001 3220 3055; x_wconf 89' lang='lat' dir='ltr'><strong>possum</strong></span> <span class='ocrx_word' id='word_1_639' title='bbox 3246 3000 3432 3039; x_wconf 91' lang='lat' dir='ltr'><strong>vocem</strong></span> <span class='ocrx_word' id='word_1_640' title='bbox 3484 2999 3617 3038; x_wconf 85' lang='lat' dir='ltr'><strong>can-</strong></span> 
     </span>
    </p>
   </div>
   <div class='ocr_carea' id='block_1_90' title="bbox 2037 3075 3620 3147">
    <p class='ocr_par' dir='ltr' id='par_1_90' title="bbox 2037 3075 3620 3147">
     <span class='ocr_line' id='line_1_90' title="bbox 2037 3075 3620 3147; baseline -0.002 -16"><span class='ocrx_word' id='word_1_641' title='bbox 2037 3086 2236 3140; x_wconf 91' lang='lat' dir='ltr'><strong>torum,</strong></span> <span class='ocrx_word' id='word_1_642' title='bbox 2266 3076 2349 3131; x_wconf 89' lang='lat' dir='ltr'><strong>vel</strong></span> <span class='ocrx_word' id='word_1_643' title='bbox 2377 3077 2776 3131; x_wconf 83' lang='lat' dir='ltr'><strong>cantatricum?</strong></span> <span class='ocrx_word' id='word_1_644' title='bbox 2809 3096 2826 3128; x_wconf 80' lang='lat'><strong>)</strong></span> <span class='ocrx_word' id='word_1_645' title='bbox 2858 3075 3070 3147; x_wconf 61' lang='lat' dir='ltr'><strong>(Ibid).</strong></span> <span class='ocrx_word' id='word_1_646' title='bbox 3089 3075 3240 3130; x_wconf 88' lang='lat' dir='ltr'><strong>Unde</strong></span> <span class='ocrx_word' id='word_1_647' title='bbox 3261 3075 3620 3145; x_wconf 88' lang='lat' dir='ltr'><strong>perpenditur</strong></span> 
     </span>
    </p>
   </div>
   <div class='ocr_carea' id='block_1_91' title="bbox 2035 3166 3620 3236">
    <p class='ocr_par' dir='ltr' id='par_1_91' title="bbox 2035 3166 3620 3236">
     <span class='ocr_line' id='line_1_91' title="bbox 2035 3166 3620 3236; baseline 0.001 -18"><span class='ocrx_word' id='word_1_648' title='bbox 2035 3181 2196 3236; x_wconf 91' lang='lat' dir='ltr'><strong>quam</strong></span> <span class='ocrx_word' id='word_1_649' title='bbox 2225 3167 2459 3236; x_wconf 88' lang='lat' dir='ltr'><strong>quietus,</strong></span> <span class='ocrx_word' id='word_1_650' title='bbox 2490 3183 2652 3236; x_wconf 88' lang='lat' dir='ltr'><strong>quam</strong></span> <span class='ocrx_word' id='word_1_651' title='bbox 2697 3177 2844 3222; x_wconf 88' lang='lat' dir='ltr'><strong>certe</strong></span> <span class='ocrx_word' id='word_1_652' title='bbox 2871 3166 3007 3222; x_wconf 90' lang='lat' dir='ltr'><strong>bene</strong></span> <span class='ocrx_word' id='word_1_653' title='bbox 3035 3176 3274 3222; x_wconf 90' lang='lat' dir='ltr'><strong>moratus</strong></span> <span class='ocrx_word' id='word_1_654' title='bbox 3312 3166 3478 3220; x_wconf 91' lang='lat' dir='ltr'><strong>fuerit</strong></span> <span class='ocrx_word' id='word_1_655' title='bbox 3515 3167 3620 3220; x_wconf 89' lang='lat' dir='ltr'><strong>iste</strong></span> 
     </span>
    </p>
   </div>
   <div class='ocr_carea' id='block_1_92' title="bbox 2037 3255 3617 3320">
    <p class='ocr_par' dir='ltr' id='par_1_92' title="bbox 2037 3255 3617 3320">
     <span class='ocr_line' id='line_1_92' title="bbox 2037 3255 3617 3320; baseline 0.001 -12"><span class='ocrx_word' id='word_1_656' title='bbox 2037 3271 2222 3309; x_wconf 87' lang='lat' dir='ltr'><strong>senex.</strong></span> <span class='ocrx_word' id='word_1_657' title='bbox 2273 3255 2549 3320; x_wconf 86' lang='lat' dir='ltr'><strong>Quomodo</strong></span> <span class='ocrx_word' id='word_1_658' title='bbox 2590 3256 2733 3309; x_wconf 90' lang='lat' dir='ltr'><strong>enim</strong></span> <span class='ocrx_word' id='word_1_659' title='bbox 2780 3272 2885 3310; x_wconf 90' lang='lat' dir='ltr'><strong>non</strong></span> <span class='ocrx_word' id='word_1_660' title='bbox 2928 3267 3072 3311; x_wconf 88' lang='lat' dir='ltr'><strong>esset</strong></span> <span class='ocrx_word' id='word_1_661' title='bbox 3101 3257 3177 3310; x_wconf 87' lang='lat' dir='ltr'><strong>rei</strong></span> <span class='ocrx_word' id='word_1_662' title='bbox 3205 3255 3520 3320; x_wconf 87' lang='lat' dir='ltr'><strong>familiaris,</strong></span> <span class='ocrx_word' id='word_1_663' title='bbox 3571 3255 3617 3310; x_wconf 89' lang='lat' dir='ltr'><strong>si</strong></span> 
     </span>
    </p>
   </div>
   <div class='ocr_carea' id='block_1_93' title="bbox 2035 3344 3620 3421">
    <p class='ocr_par' dir='ltr' id='par_1_93' title="bbox 2035 3344 3620 3421">
     <span class='ocr_line' id='line_1_93' title="bbox 2035 3344 3620 3421; baseline 0.002 -21"><span class='ocrx_word' id='word_1_664' title='bbox 2035 3346 2394 3418; x_wconf 88' lang='lat' dir='ltr'><strong>contingeret,</strong></span> <span class='ocrx_word' id='word_1_665' title='bbox 2427 3356 2666 3417; x_wconf 86' lang='lat' dir='ltr'><strong>egestate</strong></span> <span class='ocrx_word' id='word_1_666' title='bbox 2693 3356 3005 3412; x_wconf 87' lang='lat' dir='ltr'><strong>contentus,</strong></span> <span class='ocrx_word' id='word_1_667' title='bbox 3043 3348 3134 3418; x_wconf 90' lang='lat' dir='ltr'><strong>qui</strong></span> <span class='ocrx_word' id='word_1_668' title='bbox 3179 3344 3374 3421; x_wconf 82' lang='lat' dir='ltr'><strong>regalis</strong></span> <span class='ocrx_word' id='word_1_669' title='bbox 3417 3363 3620 3404; x_wconf 72' lang='lat' dir='ltr'><strong>mensa:</strong></span> 
     </span>
    </p>
   </div>
   <div class='ocr_carea' id='block_1_94' title="bbox 2036 3436 3621 3505">
    <p class='ocr_par' dir='ltr' id='par_1_94' title="bbox 2036 3436 3621 3505">
     <span class='ocr_line' id='line_1_94' title="bbox 2036 3436 3621 3505; baseline 0.004 -17"><span class='ocrx_word' id='word_1_670' title='bbox 2036 3436 2202 3503; x_wconf 86' lang='lat' dir='ltr'><strong>dapes</strong></span> <span class='ocrx_word' id='word_1_671' title='bbox 2265 3436 2492 3505; x_wconf 82' lang='lat' dir='ltr'><strong>despicit</strong></span> <span class='ocrx_word' id='word_1_672' title='bbox 2558 3438 2853 3492; x_wconf 89' lang='lat' dir='ltr'><strong>invitatus?</strong></span> <span class='ocrx_word' id='word_1_673' title='bbox 2923 3437 3205 3505; x_wconf 84' lang='lat' dir='ltr'><strong>Quomodo</strong></span> <span class='ocrx_word' id='word_1_674' title='bbox 3260 3438 3621 3494; x_wconf 77' lang='lat' dir='ltr'><strong>delectaretur</strong></span> 
     </span>
    </p>
   </div>
   <div class='ocr_carea' id='block_1_95' title="bbox 2034 3528 3622 3600">
    <p class='ocr_par' dir='ltr' id='par_1_95' title="bbox 2034 3528 3622 3600">
     <span class='ocr_line' id='line_1_95' title="bbox 2034 3528 3622 3600; baseline 0.003 -19"><span class='ocrx_word' id='word_1_675' title='bbox 2034 3528 2204 3581; x_wconf 89' lang='lat' dir='ltr'><strong>otiosa</strong></span> <span class='ocrx_word' id='word_1_676' title='bbox 2252 3528 2334 3582; x_wconf 86' lang='lat' dir='ltr'><strong>vel</strong></span> <span class='ocrx_word' id='word_1_677' title='bbox 2384 3528 2582 3582; x_wconf 90' lang='lat' dir='ltr'><strong>risibus</strong></span> <span class='ocrx_word' id='word_1_678' title='bbox 2651 3538 2775 3598; x_wconf 89' lang='lat' dir='ltr'><strong>apta</strong></span> <span class='ocrx_word' id='word_1_679' title='bbox 2824 3531 2986 3585; x_wconf 91' lang='lat' dir='ltr'><strong>verba</strong></span> <span class='ocrx_word' id='word_1_680' title='bbox 3035 3531 3375 3598; x_wconf 88' lang='lat' dir='ltr'><strong>depromere,</strong></span> <span class='ocrx_word' id='word_1_681' title='bbox 3425 3531 3518 3600; x_wconf 87' lang='lat' dir='ltr'><strong>qui</strong></span> <span class='ocrx_word' id='word_1_682' title='bbox 3565 3539 3622 3586; x_wconf 85' lang='lat' dir='ltr'><strong>et</strong></span> 
     </span>
    </p>
   </div>
   <div class='ocr_carea' id='block_1_96' title="bbox 2035 3620 3621 3696">
    <p class='ocr_par' dir='ltr' id='par_1_96' title="bbox 2035 3620 3621 3696">
     <span class='ocr_line' id='line_1_96' title="bbox 2035 3620 3621 3696; baseline 0.004 -25"><span class='ocrx_word' id='word_1_683' title='bbox 2035 3620 2242 3673; x_wconf 87' lang='lat' dir='ltr'><strong>alienas</strong></span> <span class='ocrx_word' id='word_1_684' title='bbox 2278 3621 2630 3674; x_wconf 87' lang='lat' dir='ltr'><strong>melodiarum</strong></span> <span class='ocrx_word' id='word_1_685' title='bbox 2659 3636 2818 3676; x_wconf 89' lang='lat' dir='ltr'><strong>voces</strong></span> <span class='ocrx_word' id='word_1_686' title='bbox 2840 3623 3005 3677; x_wconf 86' lang='lat' dir='ltr'><strong>castis</strong></span> <span class='ocrx_word' id='word_1_687' title='bbox 3033 3623 3254 3678; x_wconf 90' lang='lat' dir='ltr'><strong>auribus</strong></span> <span class='ocrx_word' id='word_1_688' title='bbox 3293 3623 3621 3696; x_wconf 77' lang='lat' dir='ltr'><strong>dedignaba-</strong></span> 
     </span>
    </p>
   </div>
   <div class='ocr_carea' id='block_1_97' title="bbox 1987 3713 3619 3783">
    <p class='ocr_par' dir='ltr' id='par_1_97' title="bbox 1987 3713 3619 3783">
     <span class='ocr_line' id='line_1_97' title="bbox 1987 3713 3619 3783; baseline 0.004 -17"><span class='ocrx_word' id='word_1_689' title='bbox 1987 3735 1992 3738; x_wconf 90' lang='grc'>·</span> <span class='ocrx_word' id='word_1_690' title='bbox 2037 3722 2123 3767; x_wconf 90' lang='lat' dir='ltr'><strong>tur</strong></span> <span class='ocrx_word' id='word_1_691' title='bbox 2153 3713 2375 3767; x_wconf 85' lang='lat' dir='ltr'><strong>audire?</strong></span> <span class='ocrx_word' id='word_1_692' title='bbox 2401 3714 2466 3767; x_wconf 86' lang='lat' dir='ltr'><strong>Et</strong></span> <span class='ocrx_word' id='word_1_693' title='bbox 2491 3715 2580 3783; x_wconf 90' lang='lat' dir='ltr'><strong>qui</strong></span> <span class='ocrx_word' id='word_1_694' title='bbox 2614 3715 2724 3770; x_wconf 89' lang='lat' dir='ltr'><strong>illic</strong></span> <span class='ocrx_word' id='word_1_695' title='bbox 2749 3717 2913 3770; x_wconf 89' lang='lat' dir='ltr'><strong>etiam</strong></span> <span class='ocrx_word' id='word_1_696' title='bbox 2942 3717 3201 3772; x_wconf 89' lang='lat' dir='ltr'><strong>delectari</strong></span> <span class='ocrx_word' id='word_1_697' title='bbox 3233 3717 3504 3782; x_wconf 83' lang='lat' dir='ltr'><strong>noluerat,</strong></span> <span class='ocrx_word' id='word_1_698' title='bbox 3525 3719 3619 3772; x_wconf 88' lang='lat' dir='ltr'><strong>ubi</strong></span> 
     </span>
    </p>
   </div>
   <div class='ocr_carea' id='block_1_98' title="bbox 2037 3803 3622 3876">
    <p class='ocr_par' dir='ltr' id='par_1_98' title="bbox 2037 3803 3622 3876">
     <span class='ocr_line' id='line_1_98' title="bbox 2037 3803 3622 3876; baseline 0.004 -21"><span class='ocrx_word' id='word_1_699' title='bbox 2037 3803 2324 3871; x_wconf 85' lang='lat' dir='ltr'><strong>aliquando</strong></span> <span class='ocrx_word' id='word_1_700' title='bbox 2353 3803 2724 3872; x_wconf 85' lang='lat' dir='ltr'><strong>crisparentur</strong></span> <span class='ocrx_word' id='word_1_701' title='bbox 2768 3821 2895 3860; x_wconf 89' lang='lat' dir='ltr'><strong>vasa</strong></span> <span class='ocrx_word' id='word_1_702' title='bbox 2943 3806 3304 3875; x_wconf 86' lang='lat' dir='ltr'><strong>psalmorum,</strong></span> <span class='ocrx_word' id='word_1_703' title='bbox 3349 3809 3622 3876; x_wconf 88' lang='lat' dir='ltr'><strong>quomodo</strong></span> 
     </span>
    </p>
   </div>
   <div class='ocr_carea' id='block_1_99' title="bbox 2039 3897 3622 3971">
    <p class='ocr_par' dir='ltr' id='par_1_99' title="bbox 2039 3897 3622 3971">
     <span class='ocr_line' id='line_1_99' title="bbox 2039 3897 3622 3971; baseline 0.005 -23"><span class='ocrx_word' id='word_1_704' title='bbox 2039 3897 2323 3966; x_wconf 85' lang='lat' dir='ltr'><strong>quiescere</strong></span> <span class='ocrx_word' id='word_1_705' title='bbox 2367 3898 2652 3967; x_wconf 88' lang='lat' dir='ltr'><strong>potuisset,</strong></span> <span class='ocrx_word' id='word_1_706' title='bbox 2691 3899 2781 3953; x_wconf 90' lang='lat' dir='ltr'><strong>ubi</strong></span> <span class='ocrx_word' id='word_1_707' title='bbox 2821 3900 3025 3954; x_wconf 85' lang='lat' dir='ltr'><strong>ludicra</strong></span> <span class='ocrx_word' id='word_1_708' title='bbox 3053 3909 3107 3955; x_wconf 85' lang='lat' dir='ltr'><strong>et</strong></span> <span class='ocrx_word' id='word_1_709' title='bbox 3135 3900 3452 3956; x_wconf 83' lang='lat' dir='ltr'><strong>saltationes</strong></span> <span class='ocrx_word' id='word_1_710' title='bbox 3497 3915 3622 3971; x_wconf 90' lang='lat' dir='ltr'><strong>per-</strong></span> 
     </span>
    </p>
   </div>
   <div class='ocr_carea' id='block_1_100' title="bbox 2037 3988 2680 4057">
    <p class='ocr_par' dir='ltr' id='par_1_100' title="bbox 2037 3988 2680 4057">
     <span class='ocr_line' id='line_1_100' title="bbox 2037 3988 2680 4057; baseline -0.003 -15"><span class='ocrx_word' id='word_1_711' title='bbox 2037 3997 2284 4057; x_wconf 89' lang='lat' dir='ltr'><strong>strepunt</strong></span> <span class='ocrx_word' id='word_1_712' title='bbox 2316 3988 2680 4042; x_wconf 88' lang='lat' dir='ltr'><strong>histrionum?</strong></span> 
     </span>
    </p>
   </div>
   <div class='ocr_carea' id='block_1_101' title="bbox 2108 4077 3622 4152">
    <p class='ocr_par' dir='ltr' id='par_1_101' title="bbox 2108 4077 3622 4152">
     <span class='ocr_line' id='line_1_101' title="bbox 2108 4077 3622 4152; baseline 0.004 -20"><span class='ocrx_word' id='word_1_713' title='bbox 2108 4077 2360 4132; x_wconf 84' lang='lat' dir='ltr'><strong>Nonnulli</strong></span> <span class='ocrx_word' id='word_1_714' title='bbox 2403 4080 2562 4149; x_wconf 89' lang='lat' dir='ltr'><strong>plane</strong></span> <span class='ocrx_word' id='word_1_715' title='bbox 2593 4096 2784 4136; x_wconf 91' lang='lat' dir='ltr'><strong>senum</strong></span> <span class='ocrx_word' id='word_1_716' title='bbox 2813 4091 2959 4148; x_wconf 91' lang='lat' dir='ltr'><strong>sunt,</strong></span> <span class='ocrx_word' id='word_1_717' title='bbox 2991 4082 3136 4151; x_wconf 89' lang='lat' dir='ltr'><strong>quod</strong></span> <span class='ocrx_word' id='word_1_718' title='bbox 3182 4083 3622 4152; x_wconf 65' lang='lat' dir='ltr'><strong>praetereundum</strong></span> 
     </span>
    </p>
   </div>
   <div class='ocr_carea' id='block_1_102' title="bbox 2039 4171 3620 4245">
    <p class='ocr_par' dir='ltr' id='par_1_102' title="bbox 2039 4171 3620 4245">
     <span class='ocr_line' id='line_1_102' title="bbox 2039 4171 3620 4245; baseline 0.004 -23"><span class='ocrx_word' id='word_1_719' title='bbox 2039 4185 2144 4223; x_wconf 89' lang='lat' dir='ltr'><strong>non</strong></span> <span class='ocrx_word' id='word_1_720' title='bbox 2176 4180 2279 4235; x_wconf 86' lang='lat' dir='ltr'><strong>est,</strong></span> <span class='ocrx_word' id='word_1_721' title='bbox 2308 4171 2399 4241; x_wconf 90' lang='lat' dir='ltr'><strong>qui</strong></span> <span class='ocrx_word' id='word_1_722' title='bbox 2427 4173 2590 4226; x_wconf 88' lang='lat' dir='ltr'><strong>etiam</strong></span> <span class='ocrx_word' id='word_1_723' title='bbox 2619 4182 2907 4244; x_wconf 88' lang='lat' dir='ltr'><strong>postquam</strong></span> <span class='ocrx_word' id='word_1_724' title='bbox 2939 4175 3006 4228; x_wconf 91' lang='lat' dir='ltr'><strong>ad</strong></span> <span class='ocrx_word' id='word_1_725' title='bbox 3051 4174 3327 4245; x_wconf 83' lang='lat' dir='ltr'><strong>religionis</strong></span> <span class='ocrx_word' id='word_1_726' title='bbox 3374 4175 3620 4230; x_wconf 90' lang='lat' dir='ltr'><strong>ordinem</strong></span> 
     </span>
    </p>
   </div>
   <div class='ocr_carea' id='block_1_103' title="bbox 2041 4261 3620 4334">
    <p class='ocr_par' dir='ltr' id='par_1_103' title="bbox 2041 4261 3620 4334">
     <span class='ocr_line' id='line_1_103' title="bbox 2041 4261 3620 4334; baseline 0.004 -22"><span class='ocrx_word' id='word_1_727' title='bbox 2041 4262 2302 4326; x_wconf 89' lang='lat' dir='ltr'><strong>venerint,</strong></span> <span class='ocrx_word' id='word_1_728' title='bbox 2331 4263 2403 4316; x_wconf 87' lang='lat' dir='ltr'><strong>ita</strong></span> <span class='ocrx_word' id='word_1_729' title='bbox 2437 4261 2698 4318; x_wconf 85' lang='lat' dir='ltr'><strong>fabulosis</strong></span> <span class='ocrx_word' id='word_1_730' title='bbox 2744 4265 2933 4318; x_wconf 70' lang='lat' dir='ltr'><strong>inertiis</strong></span> <span class='ocrx_word' id='word_1_731' title='bbox 2959 4275 3315 4334; x_wconf 89' lang='lat' dir='ltr'><strong>occupantur,</strong></span> <span class='ocrx_word' id='word_1_732' title='bbox 3347 4275 3404 4319; x_wconf 91' lang='lat' dir='ltr'><strong>ut</strong></span> <span class='ocrx_word' id='word_1_733' title='bbox 3431 4274 3488 4320; x_wconf 90' lang='lat' dir='ltr'><strong>et</strong></span> <span class='ocrx_word' id='word_1_734' title='bbox 3516 4265 3620 4320; x_wconf 88' lang='lat' dir='ltr'><strong>sibi</strong></span> 
     </span>
    </p>
   </div>
   <div class='ocr_carea' id='block_1_104' title="bbox 2041 4353 3619 4419">
    <p class='ocr_par' dir='ltr' id='par_1_104' title="bbox 2041 4353 3619 4419">
     <span class='ocr_line' id='line_1_104' title="bbox 2041 4353 3619 4419; baseline 0.002 -12"><span class='ocrx_word' id='word_1_735' title='bbox 2041 4353 2151 4407; x_wconf 87' lang='lat' dir='ltr'><strong>sint</strong></span> <span class='ocrx_word' id='word_1_736' title='bbox 2209 4354 2378 4419; x_wconf 80' lang='lat' dir='ltr'><strong>noxii,</strong></span> <span class='ocrx_word' id='word_1_737' title='bbox 2429 4362 2488 4408; x_wconf 91' lang='lat' dir='ltr'><strong>et</strong></span> <span class='ocrx_word' id='word_1_738' title='bbox 2538 4355 2878 4412; x_wconf 88' lang='lat' dir='ltr'><strong>auditoribus</strong></span> <span class='ocrx_word' id='word_1_739' title='bbox 2925 4356 3210 4411; x_wconf 88' lang='lat' dir='ltr'><strong>videantur</strong></span> <span class='ocrx_word' id='word_1_740' title='bbox 3270 4371 3394 4412; x_wconf 91' lang='lat' dir='ltr'><strong>esse</strong></span> <span class='ocrx_word' id='word_1_741' title='bbox 3441 4357 3619 4412; x_wconf 88' lang='lat' dir='ltr'><strong>deliri.</strong></span> 
     </span>
    </p>
   </div>
   <div class='ocr_carea' id='block_1_105' title="bbox 2041 4445 3623 4518">
    <p class='ocr_par' dir='ltr' id='par_1_105' title="bbox 2041 4445 3623 4518">
     <span class='ocr_line' id='line_1_105' title="bbox 2041 4445 3623 4518; baseline 0.005 -20"><span class='ocrx_word' id='word_1_742' title='bbox 2041 4445 2196 4498; x_wconf 84' lang='lat' dir='ltr'><strong>Modo</strong></span> <span class='ocrx_word' id='word_1_743' title='bbox 2227 4445 2366 4498; x_wconf 88' lang='lat' dir='ltr'><strong>enim</strong></span> <span class='ocrx_word' id='word_1_744' title='bbox 2401 4461 2582 4500; x_wconf 89' lang='lat' dir='ltr'><strong>rerum</strong></span> <span class='ocrx_word' id='word_1_745' title='bbox 2624 4457 2897 4518; x_wconf 87' lang='lat' dir='ltr'><strong>gestarum</strong></span> <span class='ocrx_word' id='word_1_746' title='bbox 2944 4449 3170 4504; x_wconf 88' lang='lat' dir='ltr'><strong>lacinias</strong></span> <span class='ocrx_word' id='word_1_747' title='bbox 3215 4458 3435 4515; x_wconf 80' lang='lat' dir='ltr'><strong>texunt,</strong></span> <span class='ocrx_word' id='word_1_748' title='bbox 3460 4450 3623 4506; x_wconf 88' lang='lat' dir='ltr'><strong>modo</strong></span> 
     </span>
    </p>
   </div>
   <div class='ocr_carea' id='block_1_106' title="bbox 2043 4536 3620 4605">
    <p class='ocr_par' dir='ltr' id='par_1_106' title="bbox 2043 4536 3620 4605">
     <span class='ocr_line' id='line_1_106' title="bbox 2043 4536 3620 4605; baseline 0.006 -17"><span class='ocrx_word' id='word_1_749' title='bbox 2043 4550 2224 4604; x_wconf 86' lang='lat' dir='ltr'><strong>regum</strong></span> <span class='ocrx_word' id='word_1_750' title='bbox 2265 4536 2604 4604; x_wconf 89' lang='lat' dir='ltr'><strong>antiquorum</strong></span> <span class='ocrx_word' id='word_1_751' title='bbox 2634 4540 2807 4594; x_wconf 89' lang='lat' dir='ltr'><strong>edicta</strong></span> <span class='ocrx_word' id='word_1_752' title='bbox 2832 4581 2846 4605; x_wconf 91' lang='lat'><strong>,</strong></span> <span class='ocrx_word' id='word_1_753' title='bbox 2879 4540 2960 4594; x_wconf 89' lang='lat' dir='ltr'><strong>vel</strong></span> <span class='ocrx_word' id='word_1_754' title='bbox 3007 4542 3259 4596; x_wconf 89' lang='lat' dir='ltr'><strong>victorias</strong></span> <span class='ocrx_word' id='word_1_755' title='bbox 3318 4542 3560 4597; x_wconf 87' lang='lat' dir='ltr'><strong>referunt</strong></span> <span class='ocrx_word' id='word_1_756' title='bbox 3605 4561 3620 4597; x_wconf 92' lang='lat'><strong>:</strong></span> 
     </span>
    </p>
   </div>
   <div class='ocr_carea' id='block_1_107' title="bbox 2045 4627 3624 4702">
    <p class='ocr_par' dir='ltr' id='par_1_107' title="bbox 2045 4627 3624 4702">
     <span class='ocr_line' id='line_1_107' title="bbox 2045 4627 3624 4702; baseline 0.005 -22"><span class='ocrx_word' id='word_1_757' title='bbox 2045 4628 2232 4695; x_wconf 91' lang='lat' dir='ltr'><strong>sicque</strong></span> <span class='ocrx_word' id='word_1_758' title='bbox 2257 4627 2399 4681; x_wconf 89' lang='lat' dir='ltr'><strong>diem</strong></span> <span class='ocrx_word' id='word_1_759' title='bbox 2432 4629 2483 4681; x_wconf 92' lang='lat' dir='ltr'><strong>in</strong></span> <span class='ocrx_word' id='word_1_760' title='bbox 2515 4645 2773 4699; x_wconf 86' lang='lat' dir='ltr'><strong>nugarum</strong></span> <span class='ocrx_word' id='word_1_761' title='bbox 2802 4631 3028 4684; x_wconf 89' lang='lat' dir='ltr'><strong>anilium</strong></span> <span class='ocrx_word' id='word_1_762' title='bbox 3077 4632 3257 4702; x_wconf 88' lang='lat' dir='ltr'><strong>inepta</strong></span> <span class='ocrx_word' id='word_1_763' title='bbox 3300 4633 3624 4688; x_wconf 83' lang='lat' dir='ltr'><strong>recitatione</strong></span> 
     </span>
    </p>
   </div>
   <div class='ocr_carea' id='block_1_108' title="bbox 2044 4716 3622 4789">
    <p class='ocr_par' dir='ltr' id='par_1_108' title="bbox 2044 4716 3622 4789">
     <span class='ocr_line' id='line_1_108' title="bbox 2044 4716 3622 4789; baseline 0.003 -19"><span class='ocrx_word' id='word_1_764' title='bbox 2044 4728 2393 4771; x_wconf 89' lang='lat' dir='ltr'><strong>consumunt.</strong></span> <span class='ocrx_word' id='word_1_765' title='bbox 2425 4716 2502 4771; x_wconf 86' lang='lat' dir='ltr'><strong>Ita</strong></span> <span class='ocrx_word' id='word_1_766' title='bbox 2536 4717 2624 4782; x_wconf 87' lang='lat' dir='ltr'><strong>fit,</strong></span> <span class='ocrx_word' id='word_1_767' title='bbox 2657 4728 2714 4772; x_wconf 88' lang='lat' dir='ltr'><strong>ut</strong></span> <span class='ocrx_word' id='word_1_768' title='bbox 2764 4735 2860 4788; x_wconf 90' lang='lat' dir='ltr'><strong>per</strong></span> <span class='ocrx_word' id='word_1_769' title='bbox 2908 4720 3143 4789; x_wconf 88' lang='lat' dir='ltr'><strong>linguam</strong></span> <span class='ocrx_word' id='word_1_770' title='bbox 3200 4722 3310 4775; x_wconf 89' lang='lat' dir='ltr'><strong>Deo</strong></span> <span class='ocrx_word' id='word_1_771' title='bbox 3364 4721 3622 4788; x_wconf 76' lang='lat' dir='ltr'><strong>dicatam,</strong></span> 
     </span>
    </p>
   </div>
   <div class='ocr_carea' id='block_1_109' title="bbox 2045 4807 3626 4881">
    <p class='ocr_par' dir='ltr' id='par_1_109' title="bbox 2045 4807 3626 4881">
     <span class='ocr_line' id='line_1_109' title="bbox 2045 4807 3626 4881; baseline 0.008 -24"><span class='ocrx_word' id='word_1_772' title='bbox 2045 4821 2204 4873; x_wconf 90' lang='lat' dir='ltr'><strong>quam</strong></span> <span class='ocrx_word' id='word_1_773' title='bbox 2255 4823 2359 4860; x_wconf 92' lang='lat' dir='ltr'><strong>non</strong></span> <span class='ocrx_word' id='word_1_774' title='bbox 2412 4807 2674 4864; x_wconf 81' lang='lat' dir='ltr'><strong>salutares</strong></span> <span class='ocrx_word' id='word_1_775' title='bbox 2723 4819 2992 4879; x_wconf 86' lang='lat' dir='ltr'><strong>occupant</strong></span> <span class='ocrx_word' id='word_1_776' title='bbox 3053 4827 3277 4881; x_wconf 90' lang='lat' dir='ltr'><strong>preces,</strong></span> <span class='ocrx_word' id='word_1_777' title='bbox 3333 4813 3626 4869; x_wconf 86' lang='lat' dir='ltr'><strong>ridiculose</strong></span> 
     </span>
    </p>
   </div>
   <div class='ocr_carea' id='block_1_110' title="bbox 2043 4896 3627 4971">
    <p class='ocr_par' dir='ltr' id='par_1_110' title="bbox 2043 4896 3627 4971">
     <span class='ocr_line' id='line_1_110' title="bbox 2043 4896 3627 4971; baseline 0.006 -23"><span class='ocrx_word' id='word_1_778' title='bbox 2043 4896 2191 4959; x_wconf 85' lang='lat' dir='ltr'><strong>vani,</strong></span> <span class='ocrx_word' id='word_1_779' title='bbox 2225 4913 2287 4951; x_wconf 92' lang='lat' dir='ltr'><strong>ac</strong></span> <span class='ocrx_word' id='word_1_780' title='bbox 2310 4899 2670 4965; x_wconf 88' lang='lat' dir='ltr'><strong>superstitiosi</strong></span> <span class='ocrx_word' id='word_1_781' title='bbox 2707 4901 3006 4956; x_wconf 89' lang='lat' dir='ltr'><strong>recitentur</strong></span> <span class='ocrx_word' id='word_1_782' title='bbox 3037 4903 3296 4957; x_wconf 89' lang='lat' dir='ltr'><strong>annales:</strong></span> <span class='ocrx_word' id='word_1_783' title='bbox 3329 4904 3420 4971; x_wconf 91' lang='lat' dir='ltr'><strong>qui</strong></span> <span class='ocrx_word' id='word_1_784' title='bbox 3464 4905 3627 4958; x_wconf 91' lang='lat' dir='ltr'><strong>nimi-</strong></span> 
     </span>
    </p>
   </div>
   <div class='ocr_carea' id='block_1_111' title="bbox 2046 4987 3630 5061">
    <p class='ocr_par' dir='ltr' id='par_1_111' title="bbox 2046 4987 3630 5061">
     <span class='ocr_line' id='line_1_111' title="bbox 2046 4987 3630 5061; baseline 0.004 -21"><span class='ocrx_word' id='word_1_785' title='bbox 2046 5005 2162 5040; x_wconf 91' lang='lat' dir='ltr'><strong>rum</strong></span> <span class='ocrx_word' id='word_1_786' title='bbox 2203 4989 2328 5041; x_wconf 91' lang='lat' dir='ltr'><strong>dum</strong></span> <span class='ocrx_word' id='word_1_787' title='bbox 2359 4987 2592 5056; x_wconf 79' lang='lat' dir='ltr'><strong>linguam</strong></span> <span class='ocrx_word' id='word_1_788' title='bbox 2627 4992 2893 5058; x_wconf 84' lang='lat' dir='ltr'><strong>pestiferis</strong></span> <span class='ocrx_word' id='word_1_789' title='bbox 2940 4991 3238 5047; x_wconf 85' lang='lat' dir='ltr'><strong>fabularum</strong></span> <span class='ocrx_word' id='word_1_790' title='bbox 3283 4993 3506 5061; x_wconf 88' lang='lat' dir='ltr'><strong>dapibus</strong></span> <span class='ocrx_word' id='word_1_791' title='bbox 3534 5009 3630 5047; x_wconf 85' lang='lat' dir='ltr'><strong>sa-</strong></span> 
     </span>
    </p>
   </div>
   <div class='ocr_carea' id='block_1_112' title="bbox 2047 5079 3623 5150">
    <p class='ocr_par' dir='ltr' id='par_1_112' title="bbox 2047 5079 3623 5150">
     <span class='ocr_line' id='line_1_112' title="bbox 2047 5079 3623 5150; baseline 0.005 -20"><span class='ocrx_word' id='word_1_792' title='bbox 2047 5079 2206 5138; x_wconf 85' lang='lat' dir='ltr'><strong>tiant,</strong></span> <span class='ocrx_word' id='word_1_793' title='bbox 2231 5079 2582 5148; x_wconf 85' lang='lat' dir='ltr'><strong>quiajejunio</strong></span> <span class='ocrx_word' id='word_1_794' title='bbox 2612 5097 2823 5150; x_wconf 83' lang='lat' dir='ltr'><strong>semper</strong></span> <span class='ocrx_word' id='word_1_795' title='bbox 2874 5093 2957 5136; x_wconf 87' lang='lat' dir='ltr'><strong>est</strong></span> <span class='ocrx_word' id='word_1_796' title='bbox 3015 5085 3235 5139; x_wconf 86' lang='lat' dir='ltr'><strong>inimica</strong></span> <span class='ocrx_word' id='word_1_797' title='bbox 3287 5085 3623 5148; x_wconf 87' lang='lat' dir='ltr'><strong>verbositas,</strong></span> 
     </span>
    </p>
   </div>
   <div class='ocr_carea' id='block_1_113' title="bbox 2045 5169 3630 5242">
    <p class='ocr_par' dir='ltr' id='par_1_113' title="bbox 2045 5169 3630 5242">
     <span class='ocr_line' id='line_1_113' title="bbox 2045 5169 3630 5242; baseline 0.006 -19"><span class='ocrx_word' id='word_1_798' title='bbox 2045 5169 2208 5239; x_wconf 78' lang='lat'><strong>316</strong></span> <span class='ocrx_word' id='word_1_799' title='bbox 2237 5171 2396 5224; x_wconf 80' lang='lat' dir='ltr'><strong>etiam</strong></span> <span class='ocrx_word' id='word_1_800' title='bbox 2428 5181 2671 5226; x_wconf 83' lang='lat' dir='ltr'><strong>ventrem</strong></span> <span class='ocrx_word' id='word_1_801' title='bbox 2703 5173 2864 5242; x_wconf 84' lang='lat' dir='ltr'><strong>digno</strong></span> <span class='ocrx_word' id='word_1_802' title='bbox 2895 5175 3204 5231; x_wconf 88' lang='lat' dir='ltr'><strong>sobrietatis</strong></span> <span class='ocrx_word' id='word_1_803' title='bbox 3252 5175 3630 5232; x_wconf 87' lang='lat' dir='ltr'><strong>moderamine</strong></span> 
     </span>
    </p>
   </div>
   <div class='ocr_carea' id='block_1_114' title="bbox 2045 5264 2464 5333">
    <p class='ocr_par' dir='ltr' id='par_1_114' title="bbox 2045 5264 2464 5333">
     <span class='ocr_line' id='line_1_114' title="bbox 2045 5264 2464 5333; baseline 0.007 -20"><span class='ocrx_word' id='word_1_804' title='bbox 2045 5278 2148 5314; x_wconf 92' lang='lat' dir='ltr'><strong>non</strong></span> <span class='ocrx_word' id='word_1_805' title='bbox 2180 5264 2464 5333; x_wconf 83' lang='lat' dir='ltr'><strong>castigant.</strong></span> 
     </span>
    </p>
   </div>
   <div class='ocr_carea' id='block_1_115' title="bbox 2117 5351 3628 5432">
    <p class='ocr_par' dir='ltr' id='par_1_115' title="bbox 2117 5351 3628 5432">
     <span class='ocr_line' id='line_1_115' title="bbox 2117 5351 3628 5432; baseline 0.009 -29"><span class='ocrx_word' id='word_1_806' title='bbox 2117 5351 2387 5408; x_wconf 82' lang='lat' dir='ltr'><strong>Habemus</strong></span> <span class='ocrx_word' id='word_1_807' title='bbox 2437 5356 2666 5432; x_wconf 86' lang='lat' dir='ltr'><strong>denique</strong></span> <span class='ocrx_word' id='word_1_808' title='bbox 2708 5373 2912 5422; x_wconf 87' lang='lat' dir='ltr'><strong>senem,</strong></span> <span class='ocrx_word' id='word_1_809' title='bbox 2949 5360 2998 5413; x_wconf 91' lang='lat' dir='ltr'><strong>in</strong></span> <span class='ocrx_word' id='word_1_810' title='bbox 3038 5362 3367 5415; x_wconf 85' lang='lat' dir='ltr'><strong>monasterio</strong></span> <span class='ocrx_word' id='word_1_811' title='bbox 3414 5359 3628 5417; x_wconf 89' lang='lat' dir='ltr'><strong>scilicet</strong></span> 
     </span>
    </p>
   </div>
   <div class='ocr_carea' id='block_1_116' title="bbox 2046 5441 3629 5518">
    <p class='ocr_par' dir='ltr' id='par_1_116' title="bbox 2046 5441 3629 5518">
     <span class='ocr_line' id='line_1_116' title="bbox 2046 5441 3629 5518; baseline 0.009 -24"><span class='ocrx_word' id='word_1_812' title='bbox 2046 5441 2242 5506; x_wconf 67' lang='lat' dir='ltr'><strong>Siti-iac,</strong></span> <span class='ocrx_word' id='word_1_813' title='bbox 2293 5445 2553 5500; x_wconf 89' lang='lat' dir='ltr'><strong>vocabulo</strong></span> <span class='ocrx_word' id='word_1_814' title='bbox 2617 5447 2970 5514; x_wconf 85' lang='lat' dir='ltr'><strong>Mainardum,</strong></span> <span class='ocrx_word' id='word_1_815' title='bbox 3019 5466 3179 5518; x_wconf 91' lang='lat' dir='ltr'><strong>quem</strong></span> <span class='ocrx_word' id='word_1_816' title='bbox 3210 5452 3416 5506; x_wconf 89' lang='lat' dir='ltr'><strong>scilicet</strong></span> <span class='ocrx_word' id='word_1_817' title='bbox 3445 5452 3629 5509; x_wconf 88' lang='lat' dir='ltr'><strong>adlmc</strong></span> 
     </span>
    </p>
   </div>
   <div class='ocr_carea' id='block_1_117' title="bbox 2043 5517 3627 5607">
    <p class='ocr_par' dir='ltr' id='par_1_117' title="bbox 2043 5517 3627 5607">
     <span class='ocr_line' id='line_1_117' title="bbox 2043 5517 3627 5607; baseline 0.011 -25"><span class='ocrx_word' id='word_1_818' title='bbox 2043 5530 2352 5598; x_wconf 89' lang='lat' dir='ltr'><strong>paludatum</strong></span> <span class='ocrx_word' id='word_1_819' title='bbox 2391 5549 2511 5588; x_wconf 89' lang='lat' dir='ltr'><strong>cum</strong></span> <span class='ocrx_word' id='word_1_820' title='bbox 2563 5537 2984 5604; x_wconf 89' lang='lat' dir='ltr'><strong>admouuissem,</strong></span> <span class='ocrx_word' id='word_1_821' title='bbox 3027 5550 3086 5594; x_wconf 90' lang='lat' dir='ltr'><strong>ut</strong></span> <span class='ocrx_word' id='word_1_822' title='bbox 3114 5517 3408 5595; x_wconf 78' lang='lat' dir='ltr'><strong>monachus</strong></span> <span class='ocrx_word' id='word_1_823' title='bbox 3447 5542 3627 5607; x_wconf 86' lang='lat' dir='ltr'><strong>fieret,</strong></span> 
     </span>
    </p>
   </div>
   <div class='ocr_carea' id='block_1_118' title="bbox 2044 5625 3626 5702">
    <p class='ocr_par' dir='ltr' id='par_1_118' title="bbox 2044 5625 3626 5702">
     <span class='ocr_line' id='line_1_118' title="bbox 2044 5625 3626 5702; baseline 0.009 -29"><span class='ocrx_word' id='word_1_824' title='bbox 2044 5632 2102 5675; x_wconf 84' lang='lat' dir='ltr'><strong>ut</strong></span> <span class='ocrx_word' id='word_1_825' title='bbox 2129 5625 2386 5678; x_wconf 90' lang='lat' dir='ltr'><strong>verbosus</strong></span> <span class='ocrx_word' id='word_1_826' title='bbox 2417 5641 2478 5679; x_wconf 90' lang='lat' dir='ltr'><strong>ac</strong></span> <span class='ocrx_word' id='word_1_827' title='bbox 2508 5627 2732 5680; x_wconf 77' lang='lat' dir='ltr'><strong>mordax</strong></span> <span class='ocrx_word' id='word_1_828' title='bbox 2776 5643 2993 5697; x_wconf 88' lang='lat' dir='ltr'><strong>semper</strong></span> <span class='ocrx_word' id='word_1_829' title='bbox 3016 5631 3319 5695; x_wconf 76' lang='lat' dir='ltr'><strong>exstiterat,</strong></span> <span class='ocrx_word' id='word_1_830' title='bbox 3354 5631 3405 5684; x_wconf 83' lang='lat' dir='ltr'><strong>in</strong></span> <span class='ocrx_word' id='word_1_831' title='bbox 3437 5640 3626 5702; x_wconf 84' lang='lat' dir='ltr'><strong>typum</strong></span> 
     </span>
    </p>
   </div>
   <div class='ocr_carea' id='block_1_119' title="bbox 2043 5713 3623 5786">
    <p class='ocr_par' dir='ltr' id='par_1_119' title="bbox 2043 5713 3623 5786">
     <span class='ocr_line' id='line_1_119' title="bbox 2043 5713 3623 5786; baseline 0.007 -22"><span class='ocrx_word' id='word_1_832' title='bbox 2043 5713 2436 5782; x_wconf 88' lang='lat' dir='ltr'><strong>quodammodo</strong></span> <span class='ocrx_word' id='word_1_833' title='bbox 2481 5716 2736 5785; x_wconf 75' lang='lat' dir='ltr'><strong>jurgiosze</strong></span> <span class='ocrx_word' id='word_1_834' title='bbox 2780 5719 3146 5786; x_wconf 88' lang='lat' dir='ltr'><strong>responsionis</strong></span> <span class='ocrx_word' id='word_1_835' title='bbox 3173 5727 3428 5774; x_wconf 90' lang='lat' dir='ltr'><strong>erectus:</strong></span> <span class='ocrx_word' id='word_1_836' title='bbox 3462 5720 3623 5782; x_wconf 81' lang='lat' dir='ltr'><strong>Ecce,</strong></span> 
     </span>
    </p>
   </div>
   <div class='ocr_carea' id='block_1_120' title="bbox 2044 5803 3626 5876">
    <p class='ocr_par' dir='ltr' id='par_1_120' title="bbox 2044 5803 3626 5876">
     <span class='ocr_line' id='line_1_120' title="bbox 2044 5803 3626 5876; baseline 0.006 -19"><span class='ocrx_word' id='word_1_837' title='bbox 2044 5803 2237 5874; x_wconf 85' lang='lat' dir='ltr'><strong>inquit,</strong></span> <span class='ocrx_word' id='word_1_838' title='bbox 2266 5807 2473 5863; x_wconf 84' lang='lat' dir='ltr'><strong>ancilla:</strong></span> <span class='ocrx_word' id='word_1_839' title='bbox 2505 5823 2639 5864; x_wconf 77' lang='lat' dir='ltr'><strong>mea:</strong></span> <span class='ocrx_word' id='word_1_840' title='bbox 2667 5808 2982 5876; x_wconf 88' lang='lat' dir='ltr'><strong>quotidiana</strong></span> <span class='ocrx_word' id='word_1_841' title='bbox 3010 5825 3098 5867; x_wconf 89' lang='lat' dir='ltr'><strong>me</strong></span> <span class='ocrx_word' id='word_1_842' title='bbox 3136 5811 3427 5867; x_wconf 84' lang='lat' dir='ltr'><strong>sedulitate</strong></span> <span class='ocrx_word' id='word_1_843' title='bbox 3471 5811 3626 5865; x_wconf 87' lang='lat' dir='ltr'><strong>undi-</strong></span> 
     </span>
    </p>
   </div>
  </div>
