3996 6184
379 388 487 443 3‘35

1337 389 1584 448 OPUSC.
1627 392 1760 448 Xlll.
1803 424 1872 435 —
1898 396 1984 450 DE
2022 395 2498 452 PERFECTIONE
2540 396 2845 456 MONACII.

3548 411 3655 474 ἵξξῦ

379 518 486 573 que
509 501 800 557 confovent
824 510 878 556 et
905 501 1238 568 ministrant,
1265 512 1321 558 et
1341 507 1421 560 sic
1446 522 1532 559 vix
1557 517 1827 577 utcunque
1847 511 1968 562 sub-
1994 514 2042 570 Α
2072 510 2268 564 mentis
2291 512 2375 564 vel
2401 515 2466 565 ad
2500 522 2830 568 momentum
2865 515 3080 584 quidem
3117 520 3397 586 vagationc
3421 523 3656 583 laborat.

377 594 574 648 sistere
602 593 788 659 valeo;
837 608 944 662 quo
968 595 1130 664 igitur
1156 603 1316 664 pacto
1344 605 1532 665 potero
1557 597 1849 666 spiritualis
1880 598 1962 651 in-

377 688 550 743 stituti
579 687 684 740 iter
715 687 990 756 arripere,
1015 688 1105 757 qui
1141 689 1344 758 absque
1374 689 1478 742 ulla
1519 689 1815 758 disciplina:
1843 706 1962 744 sar-

375 781 498 834 cina
529 795 614 834 me
637 779 810 850 ipsmn
847 795 983 849 pene
1031 794 1242 850 nequeo
1283 780 1473 834 saltem
1525 782 1748 850 pedibus
1796 781 1961 835 susti-

375 874 547 928 nere?
587 873 974 926 Verumtamen
999 873 1160 941 paulo
1189 882 1329 942 post,
1359 874 1558 943 quibus
1592 873 1963 927 adnitentibus

375 964 582 1032 nescio,
609 980 738 1020 ecce
762 965 936 1019 factus
959 974 1042 1019 est
1071 967 1368 1020 monachus
1397 985 1410 1020 :
1444 967 1534 1035 qui
1576 967 1829 1020 nimirtun
1849 965 1961 1033 jam

377 1070 542 1110 senex
595 1065 651 1109 et
700 1055 984 1126 languidus
1039 1071 1162 1110 cum
1218 1065 1372 1111 tanto
1428 1057 1639 1110 fervore
1690 1056 1873 1125 coepit,
1907 1065 1965 1108 ut

375 1148 681 1218 grandmvis
707 1160 869 1217 atque
899 1149 1126 1202 maturis
1155 1150 1270 1204 sani
1317 1130 1523 1204 scilicet
1568 1149 1778 1204 consilii
1831 1150 1962 1203 viris

376 1241 723 1310 miraculum,
769 1239 1078 1307 juvcnculis
1135 1251 1317 1294 autem
1373 1242 1686 1296 monasterii
1740 1240 1962 1296 lubricis

376 1339 539 1400 atque
568 1329 788 1384 lascivis
820 1329 970 1384 fieret
993 1331 1044 1384 in
1070 1331 1329 1385 derisum.
1376 1331 1477 1398 Qui
1525 1332 1767 1402 profecto
1816 1333 1960 1388 lace-

374 1428 559 1475 rantes
597 1434 723 1474 eum
771 1420 1216 1487 detractionibus,
1273 1429 1330 1476 et
1385 1420 1566 1475 verbis
1617 1422 1962 1477 mordacibus

372 1513 718 1575 obrodentes,
750 1526 1030 1580 nunquam
1059 1526 1182 1566 eum
1219 1527 1249 1566 a
1283 1512 1364 1566 sui
1404 1513 1584 1582 rigore
1614 1513 1872 1583 propositi
1906 1513 1961 1567 in

373 1613 585 1658 tantum
616 1613 842 1673 potuere
869 1603 1157 1659 deflectere
1175 1645 1192 1672 ,
1213 1605 1342 1674 quin
1369 1604 1548 1659 adhuc
1573 1618 1670 1674 per
1702 1605 1818 1660 dies
1845 1605 1961 1660 sin-

372 1695 525 1766 gulos
553 1695 806 1764 psalteria
834 1703 1071 1765 quatuor
1094 1695 1324 1765 expleat,
1346 1705 1580 1765 quatuor
1595 1691 1961 1753 ‘nihilominus

371 1801 468 1856 per
490 1787 884 1842 hebdomadam
909 1788 1025 1843 dies
1061 1787 1266 1858 absque
1297 1787 1404 1843 ullo
1441 1789 1566 1843 cibo
1597 1796 1651 1844 et
1678 1795 1806 1859 potu
1847 1798 1958 1843 tam

368 1884 581 1948 aestivo,
604 1898 765 1953 quam
796 1883 1021 1938 hiberno
1055 1892 1295 1952 tempore
1323 1883 1606 1954 transigat.
1647 1884 1758 1938 [loc
1780 1891 1960 1938 tamen

370 1977 552 2032 adhuc
595 1977 662 2032 de
707 1978 888 2048 prisco
931 1993 1080 2033 more
1122 1987 1362 2044 servato,
1393 1987 1453 2032 ut
1492 1995 1731 2035 mensem
1759 1995 1957 2034 unum-

369 2082 642 2138 quemque
689 2068 770 2123 sic
817 2068 1051 2133 dedicet,
1083 2077 1349 2137 quatenus
1391 2069 1443 2123 in
1474 2070 1648 2140 prima
1697 2070 1960 2141 cujusque

371 2159 579 2213 mensis
607 2157 965 2224 hcbdomada,
996 2159 1098 2213 nisi
1131 2159 1408 2215 Dominica
1469 2161 1578 2226 die,
1629 2161 1713 2216 vel
1767 2163 1958 2231 quinta

372 2246 530 2312 feria,
560 2247 775 2317 penitus
805 2263 912 2302 non
961 2249 1248 2304 manducet
1281 2267 1294 2303 :
1336 2262 1421 2305 est
1470 2261 1648 2305 autem
1688 2253 1822 2321 jam,
1857 2253 1956 2306 nisi

373 2337 551 2404 fallor,
584 2339 639 2393 in
671 2355 838 2394 sacrm
861 2342 1288 2396 conversationis
1317 2341 1502 2396 habitu
1554 2342 1875 2408 duodennis,
1903 2352 1960 2398 et

373 2431 463 2486 hic
487 2433 706 2501 quidem
747 2432 801 2486 in
833 2443 1103 2486 conventu
1130 2431 1382 2488 fratrum.

442 2521 540 2576 Est
567 2530 749 2576 autem
781 2533 836 2576 et
864 2521 1002 2577 alius
1038 2522 1178 2577 intra
1221 2523 1426 2578 cellulae
1452 2535 1604 2593 septa
1644 2525 1956 2590 conclusus,

372 2619 431 2666 et
458 2609 572 2666 Leo
604 2610 850 2666 videlicet
878 2611 1189 2678 Prezensis,
1212 2628 1372 2683 quem
1401 2621 1455 2668 et
1501 2615 1555 2668 in
1594 2614 1715 2669 aliis
1761 2626 1958 2668 nostrae

372 2701 688 2756 dictationis
710 2701 982 2771 opusculis
1009 2717 1108 2758 nos
1137 2703 1379 2758 breviter
1405 2703 1692 2757 adnotasse
1715 2703 1960 2757 memini-

373 2803 536 2844 mus:
570 2790 656 2844 vir
697 2789 946 2846 videlicet
993 2799 1104 2845 tam
1156 2793 1487 2862 decrepitus,
1515 2801 1573 2846 ut
1625 2793 1716 2862 qui
1769 2805 1957 2846 eorum

373 2881 558 2935 obitus
583 2881 792 2945 recolit,
827 2895 964 2951 quos
1000 2879 1087 2934 ille
1110 2896 1299 2952 parum
1331 2881 1606 2936 nascendo
1638 2882 1954 2950 praecessit:

371 2971 677 3040 quibusque
705 2971 864 3025 simul
891 2972 1120 3026 vivendo
1145 2972 1448 3036 consenuit,
1499 2987 1661 3026 senex
1721 2971 1809 3025 sit.
1858 2970 1958 3024 llic

371 3065 540 3136 igitur
568 3066 623 3119 in
653 3073 760 3119 tam
799 3063 944 3119 ell‘eti
972 3079 1034 3118 ac
1059 3064 1272 3119 tremuli
1297 3065 1540 3135 corporis
1566 3064 1834 3134 gravitate
1876 3063 1956 3117 vi-

370 3173 499 3212 num
528 3157 634 3210 nisi
663 3156 1020 3222 duabus,vel
1070 3154 1209 3210 forte
1262 3156 1434 3210 tribus
1493 3155 1622 3209 anni
1673 3154 1957 3224 prazcipuis

369 3247 760 3303 festivitatibus
794 3261 1070 3315 nunquam
1111 3245 1270 3300 bibit.
1318 3244 1459 3299 Ante
1519 3245 1708 3298 horam
1757 3258 1954 3297 nonam

370 3347 570 3408 praeter
599 3336 911 3391 Dominicos
935 3337 1054 3392 dies
1079 3349 1354 3403 nunquam
1377 3333 1641 3398 comedit;
1670 3333 1877 3387 duabus
1899 3332 1955 3386 in

370 3429 706 3502 hebdomada
773 3429 984 3494 diebus,
1042 3428 1259 3496 quando
1323 3426 1531 3481 scilicet
1590 3423 1954 3496 indulgentius

369 3521 521 3584 vivit,
548 3522 886 3592 pulmentum
917 3529 1116 3590 prmter
1160 3535 1326 3574 unum
1379 3533 1603 3588 prorsus
1651 3505 1798 3572 aliud
1845 3531 1951 3571 non

368 3612 628 3668 admittit.
657 3611 749 3668 Sic
774 3621 954 3667 autem
985 3611 1246 3666 orationis
1269 3608 1385 3678 ejus
1402 3610 1535 3664 ordo
1557 3609 1881 3680 disponitur,
1897 3615 1956 3668 tu

369 3710 611 3782 quotidie
633 3709 748 3764 sive
774 3724 870 3779 per
898 3715 1164 3772 aestatem,
1192 3707 1308 3760 sive
1355 3721 1453 3776 per
1506 3707 1738 3759 hiemem
1784 3700 1951 3757 unu’m

367 3803 684 3873 psalterium
709 3816 834 3857 cum
862 3799 1110 3864 canticis,
1135 3808 1192 3855 et
1215 3799 1418 3854 litaniis
1439 3798 1554 3853 suis
1579 3807 1705 3852 ante
1735 3804 1952 3851 noctur-

369 3911 468 3950 nas
503 3895 758 3950 Ecclesia:
785 3893 994 3964 vigilias
1053 3891 1268 3962 expleat
1329 3908 1344 3944 :
1411 3889 1706 3945 secundum
1768 3899 1949 3941 autem

368 3986 686 4056 psalterium
719 3985 788 4038 ab
829 3999 1039 4038 aurorae
1080 3979 1399 4052 crepusculo
1440 3993 1608 4048 usque
1646 3978 1714 4032 ad
1758 3977 1950 4032 horam

369 4087 578 4132 sextam
612 4090 710 4145 pro
739 4074 1006 4130 defunctis
1039 4089 1161 4129 cum
1184 4089 1375 4127 novem
1407 4071 1730 4126 lectionibus
1753 4078 1946 4132 canat,

372 4167 590 4220 tertium
616 4180 743 4220 vero
768 4163 1084 4234 psalterium
1107 4178 1230 4218 cum
1262 4161 1444 4216 Gloria
1467 4162 1662 4216 iterum
1688 4175 1811 4215 cum
1833 4159 1950 4228 ipso

369 4254 868 4323 advesperascentis
892 4253 997 4307 diei
1019 4251 1124 4306 line
1147 4250 1450 4306 concludat.

437 4343 614 4398 Habet
640 4355 820 4398 autem
865 4343 1004 4397 hanc
1062 4340 1314 4411 gratiam,
1343 4354 1506 4409 quam
1557 4337 1610 4392 in
1657 4337 1800 4391 nullo
1851 4351 1952 4389 un-

367 4451 530 4507 quam
599 4434 897 4504 quantasvis
961 4431 1314 4503 perfectionis
1384 4429 1498 4484 viro
1547 4427 1950 4496 deprehendere

368 4527 544 4596 potui,
569 4524 826 4579 videlicet
870 4531 930 4576 ut
968 4521 1218 4594 psallenti
1261 4534 1534 4588 nunquam
1587 4532 1646 4572 se
1689 4517 1945 4586 cogitatio
1976 4553 2022 4610 υ

369 4619 625 4690 ingerat:
661 4624 918 4684 tantaque
962 4613 1142 4668 cordis
1182 4613 1235 4666 in
1282 4626 1348 4666 eo
1395 4611 1604 4679 paritas
1661 4610 1827 4680 viget,
1888 4618 1948 4663 ut

371 4710 574 4778 absque
604 4706 711 4762 ulla
743 4705 1019 4760 resistenti
1058 4703 1306 4758 molestia
1356 4701 1488 4755 nihil
1533 4701 1756 4754 omnino
1795 4715 1950 4754 mens

369 4802 586 4872 cogitet,
615 4800 759 4870 quod
789 4815 820 4852 a
859 4797 1138 4869 psallentis
1175 4811 1270 4849 ore
1308 4793 1597 4848 discordet.
1630 4792 1763 4846 illud
1785 4791 1946 4846 etiam

370 4896 518 4950 valde
544 4894 876 4958 mirandum,
905 4893 1031 4962 quia
1079 4905 1358 4960 nunquam
1387 4887 1505 4954 ejus
1533 4886 1720 4942 oculos
1752 4883 1949 4938 acedim

371 4989 584 5040 taedium
610 4985 883 5054 deprimit.
915 4983 1066 5036 Adde
1103 4982 1288 5044 etiam,
1311 4978 1456 5047 quod
1481 4991 1604 5031 cuin
1648 4989 1757 5044 pra:
1787 4987 1944 5027 senc-

369 5079 529 5132 ctutis
559 5077 789 5147 caligine
817 5074 1012 5129 faciem
1045 5072 1278 5126 hominis
1325 5069 1636 5123 discernere
1683 5073 1946 5134 nequeat,

369 5169 573 5223 litteras
610 5167 874 5223 discernit
900 5174 955 5219 ct
993 5161 1157 5234 legit;
1208 5160 1455 5232 quotidie
1497 5155 1812 5227 psalterium
1865 5153 1949 5208 bis

370 5259 658 5314 lectitando
700 5256 990 5328 percurrit.

435 5350 593 5421 317
627 5347 740 5404 Hoc
763 5360 976 5418 quoque
1004 5342 1348 5412 stupendum,
1375 5338 1500 5408 quia
1531 5336 1670 5390 intra
1699 5331 1946 5388 cellulam

367 5447 590 5510 positus,
628 5442 717 5496 ubi
751 5440 1004 5493 nimirum
1044 5436 1373 5491 subobscura
1414 5431 1499 5483 lux
1531 5437 1633 5493 est,
1666 5425 1944 5480 litteratim

370 5539 647 5608 scripturae
687 5533 947 5588 discernit
993 5528 1310 5591 articulum;
1357 5537 1607 5593 egressus
1643 5529 1824 5574 autem
1857 5517 1947 5571 ubi

371 5627 590 5684 liberior
636 5624 853 5680 videndi
908 5621 1138 5675 facultas
1166 5629 1270 5682 est,
1314 5617 1494 5687 apices
1534 5629 1640 5668 non
1682 5609 1944 5682 agnoscit.

367 5718 458 5774 Sic
488 5729 670 5773 autem
695 5715 824 5770 mihi
855 5714 1124 5768 subtiliter
1148 5708 1446 5765 sciscitanti
1468 5708 1663 5778 sacpius
1689 5705 1801 5774 ipse
1824 5717 1947 5773 pro-

371 5809 540 5866 fessus
565 5819 670 5866 est.
706 5808 855 5863 Nulla
881 5807 994 5877 jam
1023 5804 1204 5862 carnis
1229 5801 1528 5859 certamina
1560 5797 1772 5864 tolerat,
1799 5792 1944 5851 nulla

2068 599 2370 656 Crucitixus
2410 602 2571 672 igitur
2608 605 2733 658 huic
2767 616 2966 660 mundo
3008 608 3121 674 jam
3171 626 3307 678 pene
3361 629 3480 682 qum
3527 627 3650 672 sunt

2067 690 2300 745 humana
2338 709 2442 746 non
2471 696 2656 760 sentit,
2687 697 2780 752 sed
2816 707 2957 751 totus
2989 713 3231 767 azymus,
3269 713 3518 776 totusque
3545 710 3658 764 sin-

2067 795 2245 846 Gerus,
2271 793 2328 835 ttt
2356 783 2427 836 ita
2469 785 2662 848 fatear,
2699 787 2920 854 angelus
2949 789 3100 842 vivit.

2139 869 2292 930 Ecce,
2327 871 2682 937 dilectissimi,
2718 891 2841 928 cum
2877 876 3041 930 multa
3071 857 3376 947 suppetant,
3407 883 3511 938 duo
3537 894 3648 940 tan.

2068 965 2180 1010 ttttn
2223 961 2467 1028 exempla
2515 965 2790 1031 proposui,
2837 981 2999 1018 unum
3043 971 3362 1034 communis,
3399 975 3650 1030 solitariae

2065 1047 2293 1102 altertun
2328 1051 2470 1105 vitae.
2515 1051 2719 1117 Quibus
2752 1055 3004 1108 nimirum
3043 1059 3327 1115 manifeste
3359 1062 3651 1134 colligitur,

2066 1137 2189 1204 quia
2219 1139 2306 1192 ubi
2332 1140 2522 1194 fervidi
2552 1144 2774 1211 Spiritus
2800 1146 2963 1199 ardor
2991 1147 3286 1213 incanduit,
3311 1154 3497 1207 senilis
3519 1165 3650 1210 mtas

2071 1245 2100 1282 a
2135 1232 2257 1282 1)υηὶ
2293 1235 2472 1298 operis
2503 1229 2681 1284 studio
2726 1245 2832 1284 non
2867 1232 3170 1301 torpescit:
3207 1233 3302 1288 sed
3336 1233 3480 1289 sicut
3528 1249 3650 1290 ser-

2071 1334 2285 1392 pentem
2339 1323 2502 1376 costis
2535 1322 2813 1386 duntaxat,
2847 1338 2953 1376 non
3010 1323 3240 1391 pedibus
3297 1325 3644 1395 iuniteutenv,

2067 1416 2218 1468 vivax
2246 1413 2312 1466 ad
2335 1413 2656 1466 currendum
2678 1414 2905 1480 spiritus
2929 1414 3141 1480 evehit;
3166 1417 3246 1469 sic
3268 1418 3458 1470 senilia
3479 1434 3648 1474 ment-

2065 1506 2160 1560 bra
2209 1521 2306 1574 per
2343 1506 2640 1574 spiritualis
2683 1505 2889 1559 militiae
2935 1507 3174 1560 studium
3231 1507 3450 1564 divinus
3493 1525 3648 1567 amor

2066 1595 2310 1664 impellit.
2345 1595 2446 1660 Qui
2479 1596 2622 1649 enim
2654 1595 2889 1649 nandum
2942 1597 3203 1651 habemus
3231 1610 3534 1654 manentem
3569 1602 3646 1656 ci-

2062 1689 2312 1753 vitatem,
2348 1689 2441 1742 sed
2476 1686 2713 1741 futuram
2763 1689 3092 1756 inquirimus
3144 1687 3363 1757 (Hebr.
3399 1691 3558 1762 xui),
3588 1693 3643 1748 in

2062 1783 2301 1852 qualibet
2326 1781 2411 1836 hic
2448 1791 2608 1836 aetate
2644 1796 2861 1849 sperare
2908 1790 3150 1852 requiem
3184 1797 3290 1836 non
3337 1780 3639 1840 debemus:

1991 1867 2036 1926 Β
2064 1877 2116 1931 in
2157 1877 2321 1947 hujus
2350 1877 2548 1943 quippe
2577 1876 2759 1930 mundi
2787 1873 3048 1943 salojusti
3076 1875 3344 1945 laborant,
3381 1877 3471 1931 ubi
3487 1891 3642 1930 suam

2062 1969 2282 2038 reprobi
2311 1970 2592 2037 possident
2624 1969 2890 2038 requiem.
2916 1964 3092 2032 Quam
3125 1967 3377 2024 videlicet
3409 1971 3640 2025 diversi-

2061 2069 2224 2117 tatem
2258 2062 2394 2116 bene
2426 2076 2622 2116 corvus
2641 2076 2709 2115 ex
2736 2075 2863 2115 arca
2897 2060 3172 2126 dimissus,
3199 2071 3255 2114 et
3282 2061 3532 2116 columba
3561 2065 3640 2119 sie

2059 2158 2317 2227 gnitlcant
2357 2155 2514 2227 (Gen.
2548 2154 2689 2223 VIII).
2750 2153 2964 2209 Cervus
3010 2154 3212 2224 quippe
3273 2155 3637 2211 cadaveribus
3718 2221 3720 2224 ν

2060 2247 2325 2314 insidens,
2357 2247 2424 2303 ad
2448 2262 2588 2302 arcae
2622 2247 2861 2303 claustra
2897 2261 3002 2301 non
3032 2246 3196 2300 rediit
3221 2261 3237 2312 ;
3268 2247 3513 2301 columba
3541 2263 3641 2302 an-

2060 2348 2166 2392 tem
2201 2328 2415 2394 reversa
2436 2349 2540 2403 est,
2565 2341 2692 2408 quia
2723 2339 2814 2393 ubi
2843 2355 2937 2407 pes
2963 2340 3084 2410 ejus
3111 2341 3499 2410 requiesceret,
3524 2355 3636 2394 nou
3699 2351 3706 2356 '

2057 2431 2285 2503 invenit.
2315 2429 2416 2484 llic
2435 2431 2582 2484 enim
2612 2433 2699 2485 ubi
2725 2433 2878 2498 pravi
2903 2430 3101 2500 quique
3116 2429 3432 2485 carnalibus
3457 2445 3516 2484 se
3539 2445 3642 2485 vo-

2056 2523 2353 2592 luptatibus
2373 2522 2594 2588 satiant,
2622 2522 2793 2576 sancti
2832 2523 2931 2576 viri
2963 2537 3206 2590 reperire
3231 2531 3508 2592 nequeunt
3543 2521 3634 2576 ubi

2057 2616 2124 2670 ad
2143 2615 2532 2684 quiescendum
2549 2614 2800 2668 desidcrii
2822 2615 2904 2670 sui
2929 2616 3116 2684 pedem
3145 2625 3368 2682 ponant.
3394 2614 3532 2669 Hinc
3551 2622 3635 2670 est

2055 2709 2240 2772 etiam,
2265 2709 2408 2777 quod
2433 2708 2526 2776 qui
2555 2723 2806 2776 peccasse
2823 2707 3634 2777 di-preltenditur,quadraginla

2057 2804 2374 2858 verberibus
2407 2799 2544 2854 allici
2580 2815 2676 2870 per
2729 2799 2864 2864 legis
2896 2795 3146 2851 mandata
3168 2797 3410 2865 jubetur.
3445 2793 3629 2866 (Deut.

2054 2895 2206 2962 xxv).
2239 2893 2720 2962 Quadrageuarius
2759 2891 2955 2958 quippe
2988 2902 3248 2943 numerus
3305 2897 3480 2942 totum
3529 2885 3636 2941 hoc

2063 2981 2271 3040 tempus
2305 2987 2402 3041 per
2448 2976 2766 3043 mysterium
2815 2977 3248 3045 comprehendit,
3300 2993 3408 3047 quo
3456 2989 3645 3034 sancta

2061 3061 2323 3128 Ecclesia,
2348 3079 2446 3134 per
2465 3074 2697 3134 quatuor
2711 3075 2896 3135 partes
2922 3068 3105 3122 mundi
3135 3067 3330 3124 diil‘usa
3351 3070 3450 3124 sub
3477 3071 3644 3126 Deca-

2061 3151 2182 3221 logo
2214 3151 2346 3223 legis
2385 3154 2534 3207 vivit.
2569 3153 3010 3226 Quadragenario
3041 3171 3170 3226 ergo
3208 3173 3435 3212 numero
3474 3159 3644 3213 delin-

2017 3253 2029 3272 ‘
2059 3256 2286 3315 quentes
2345 3247 2621 3311 caidimur,
2677 3249 2722 3303 si
2764 3249 2817 3302 in
2870 3249 2972 3303 hoc
3027 3258 3270 3317 tempore
3316 3250 3650 3318 ptenitentia:

2059 3338 2376 3392 verberibus
2407 3339 2756 3407 casugamur.
2784 3335 2955 3393 Debet
2997 3338 3179 3406 itaque
3215 3349 3468 3406 peccator
3493 3338 3647 3408 quis-

2058 3442 2185 3496 que,
2208 3428 2320 3482 sive
2341 3441 2502 3481 senex
2531 3428 2621 3492 sit,
2647 3428 2761 3482 sive
2783 3427 3022 3496 juvenis,
3049 3426 3433 3497 temporalibus
3458 3428 3639 3496 atteri,

2058 3526 2118 3572 ut
2169 3525 2429 3587 purgatus
2475 3517 2528 3570 in
2572 3517 2778 3587 judicio
2834 3517 3015 3572 valeat
3053 3517 3303 3570 inveniri.
3349 3516 3457 3571 Eos
3501 3517 3644 3572 enim

2058 3615 2203 3670 nulla
2234 3615 2341 3670 illic
2371 3615 2540 3670 animi
2581 3614 2829 3670 adversio
2867 3611 3106 3684 allligere
3142 3611 3361 3681 poterit,
3393 3626 3530 3680 quos
3559 3611 3648 3664 hic

2057 3710 2426 3779 cujuscunque
2469 3710 2646 3763 aetatis
2685 3707 3078 3762 conditionisve
3119 3704 3346 3770 fuerint,
3394 3702 3649 3774 perfecue

2057 3803 2392 3872 ptenitentia:
2424 3801 2704 3870 disciplina
2737 3800 3024 3869 percussit.

2611 3890 2840 3946 CAPUT
2889 3888 3075 3942 XXIV.

2130 3983 2440 4055 Ubipmnes
2487 3983 2542 4036 in
2586 3980 2846 4033 communi
2897 3979 2965 4030 ml
3015 3975 3291 4030 charitatis
3340 3974 3575 4030 studium

2705 4057 2970 4118 provocat.

2125 4143 2277 4198 Nunc
2305 4151 2506 4204 autem,
2539 4139 2732 4192 fratres
2776 4135 3108 4200 charissimi,
3139 4148 3328 4188 omnes
3357 4147 3451 4186 vos
3475 4147 3644 4203 gene-

2049 4238 2236 4294 raliter
2265 4235 2543 4301 alloquor;
2573 4245 2762 4284 omnes
2800 4243 2896 4297 per
2928 4227 3004 4290 id,
3037 4225 3091 4278 in
3135 4239 3242 4293 quo
3277 4238 3436 4276 omne
3463 4221 3632 4274 ﬂet-ti.

2049 4340 2138 4386 tur
2165 4345 2304 4399 genu
2331 4325 2550 4397 (Philip.
2580 4321 2667 4390 tt),
2689 4319 2890 4375 Christi
2915 4332 3112 4372 nomen
3140 4318 3403 4372 obtestor.
3440 4315 3496 4369 In
3525 4313 3630 4366 fra-

2049 4430 2200 4476 terna
2249 4419 2513 4474 cbaritate
2541 4411 2838 4484 persistite,
2872 4411 2925 4463 in
2973 4409 3148 4462 mutui
3202 4409 3405 4462 amoris
3453 4405 3632 4460 studio

2051 4514 2314 4568 adversus
2343 4507 2552 4575 antiqui
2586 4505 2762 4559 hostis
2792 4501 3020 4556 insidias
3049 4497 3384 4552 unanimiter
3413 4496 3634 4564 conspi-

2052 4615 2187 4659 rate.
2225 4603 2358 4657 Tota
2409 4609 2611 4655 sanctae
2661 4594 2996 4664 operationis
3050 4599 3243 4644 vestra:
3277 4589 3525 4643 machina
3575 4587 3630 4642 in

2051 4693 2335 4748 charitatis
2353 4705 2412 4746 se
2435 4688 2660 4744 basibus
2686 4684 2892 4752 erigat;
2924 4694 3102 4741 omne,
3127 4677 3270 4745 quod
3295 4677 3628 4738 construitis,

2050 4785 2360 4846 aedilicium,
2415 4797 2476 4836 ex
2513 4779 2649 4833 vivis
2679 4777 2937 4830 virtutum
2985 4769 3262 4840 lapidibus
3287 4768 3516 4822 sincera:
3544 4766 3630 4820 di-

2055 4872 2302 4928 lectionis
2331 4869 2537 4939 glntino
2563 4866 2856 4921 coalescat.
2880 4860 3078 4915 Arcam
3106 4858 3332 4927 quippe,
3354 4871 3477 4923 quae
3499 4866 3630 4909 octo

2052 4964 2264 5019 animas
2285 4961 2426 5016 inter
2456 4957 2772 5028 cataclysmi
2807 4955 3006 5009 ﬂuenta
3056 4949 3347 5012 continuit,
3379 4947 3636 5003 intrinse-

2053 5072 2150 5112 cus
2179 5065 2234 5110 et
2259 5055 2604 5110 extrinsecus
2630 5049 2773 5105 liniri
2800 5047 3066 5103 bitutnine
3093 5060 3195 5098 vox
3220 5042 3635 5112 divina-praece-

2055 5142 2130 5212 pit
2159 5139 2289 5207 (Cen
2310 5138 2428 5199 .\‘l).
2456 5137 2651 5192 Sancta
2673 5135 2887 5191 scilicet
2908 5129 3172 5191 Ecclesia,
3195 5143 3317 5196 quae
3349 5129 3414 5181 ad
3449 5141 3635 5179 resur-

2048 5237 2305 5294 rectionis
2330 5234 2555 5306 gloriam
2585 5230 2774 5294 tendit,
2802 5229 2881 5284 sic
2912 5227 3078 5289 intus,
3109 5215 3163 5279 et
3187 5231 3341 5278 extra
3370 5218 3637 5272 bitumine

2047 5329 2232 5383 linitur
2263 5344 2275 5379 :
2312 5335 2367 5380 ut
2393 5335 2446 5380 et
2471 5323 2604 5378 foris
2628 5319 2936 5376 blandiatur
2965 5318 3017 5371 in
3055 5315 3291 5368 fraterna
3325 5309 3632 5373 dulcedine,

2050 5420 2216 5490 318
2253 5429 2306 5472 et
2339 5419 2484 5471 intus
2537 5415 2808 5468 cohaereat
2838 5411 2888 5464 in
2931 5403 3234 5462 dilectionis
3269 5410 3468 5456 mutua:
3496 5400 3636 5454 veri-

2054 5521 2180 5565 tate.
2205 5508 2458 5576 Quisquis
2478 5505 2621 5560 enim
2651 5504 2794 5556 intus
2833 5507 2996 5560 amat,
3025 5495 3118 5550 sed
3147 5492 3283 5547 foris
3310 5513 3338 5546 a
3374 5492 3634 5545 fratribus

2054 5615 2262 5655 morum
2305 5599 2600 5652 inconsona
2641 5591 2932 5661 asperitate
2971 5585 3267 5650 discordat,
3309 5583 3636 5638 intrinsecus

2052 5694 2268 5764 quidem
2300 5692 2535 5746 bitumen
2585 5685 2764 5748 habet,
2806 5681 2899 5737 sed
2930 5680 3272 5734 extrinsxtus
3309 5693 3416 5732 non
3452 5677 3631 5729 labet.

2054 5784 2308 5854 Quisquis
2338 5795 2465 5839 vero
2493 5793 2553 5836 se
2587 5776 2924 5848 specietenus
2951 5770 3216 5828 affabilem
3244 5769 3470 5841 prtebct,
3501 5766 3639 5819 alui.
