3996 6184
315 437 419 490 327

792 425 850 482 S.
879 423 1080 479 PETRI
1120 417 1400 477 DAMIANI
1437 414 1588 471 OPP.
1628 408 1862 467 TOMUS
1905 401 2033 463 SEU
2078 401 2252 492 PA'RS
2286 399 2370 456 Ill.
2399 391 2848 453 —OPUSL‘UL:\
2895 389 3130 444 VARIA.

3486 383 3594 441 328

317 549 499 604 cuiam
552 539 803 602 simulat,
863 535 955 591 sed
1014 550 1068 589 in
1121 532 1300 588 cordis
1361 530 1573 583 occulto
1619 526 1905 579 veritatem
1934 529 1980 586 Α
2009 529 2224 586 quoque
2252 511 2403 582 iuxta
2434 512 2756 565 vocabulum
2782 505 2966 560 tandiu
2998 505 3238 558 lineatim
3265 511 3593 570 congruunt,

320 633 725 701 au'iicitiarnou
780 631 1087 684 conservat,
1146 618 1524 673 damnabiliter
1562 616 1706 669 intus
1759 613 1906 676 hiat,

321 742 442 781 cum
502 723 806 778 formsecus
869 711 1178 790 superducti
1240 707 1519 764 bituminis
1568 703 1910 759 simulatione

321 817 610 872 cohaereat.
664 811 902 876 Quorum
960 805 1209 858 videlicet
1256 816 1285 853 a
1340 796 1579 853 diluviali
1629 791 1910 860 naufragio

321 915 511 960 neuter
544 902 795 970 eripitur,
821 898 947 966 quia
981 893 1179 962 duplici
1223 889 1510 945 charitatis
1537 885 1821 947 bitumine,
1853 891 1912 935 ut

329 996 592 1051 divinitus
615 998 943 1062 prmceptum
972 996 1074 1048 est,
1106 1001 1209 1038 non
1244 982 1502 1036 munitur.

395 1086 495 1153 Qui
535 1093 715 1136 autem
755 1095 813 1134 se
854 1087 909 1132 et
943 1076 1075 1130 foris
1105 1073 1306 1144 praebet
1341 1069 1650 1131 amabilem,
1687 1074 1739 1120 et
1771 1065 1914 1118 intus

324 1183 614 1233 conservat
650 1178 946 1234 amantem,
989 1167 1117 1221 foris
1152 1180 1275 1219 cum
1310 1162 1476 1216 ramis
1516 1159 1666 1214 verbi
1709 1156 1915 1210 fructus

325 1269 547 1324 exhibet
597 1260 877 1324 beneﬁcii;
937 1258 1080 1311 intus
1130 1256 1236 1309 alte
1289 1254 1524 1306 radicem
1585 1249 1725 1318 ﬁgit,
1785 1247 1913 1316 quia

326 1356 634 1412 medullitus
683 1351 886 1420 diligit;
937 1349 1023 1402 hic
1063 1333 1305 1416 profecto
1359 1352 1414 1397 et
1463 1343 1606 1394 intus
1651 1348 1706 1392 et
1757 1347 1915 1391 extra

325 1446 591 1501 bitumine
642 1442 831 1495 linitur
870 1438 1022 1508 (Gen.
1067 1437 1162 1506 vi),
1212 1435 1338 1504 quia
1383 1430 1582 1500 duplici
1637 1425 1916 1481 charitatis

327 1539 530 1611 glutino
559 1551 681 1590 cum
721 1532 984 1604 proximis
1016 1530 1331 1583 foederatur.
1365 1526 1534 1579 Porro
1573 1530 1751 1576 autem
1789 1521 1916 1590 quia

330 1609 397 1685 de
427 1629 584 1699 lignis
615 1625 862 1694 levigatis
888 1623 1038 1691 prius
1074 1619 1188 1673 ﬁeri
1231 1632 1354 1670 arca
1381 1613 1723 1684 priecipitur,
1762 1618 1816 1663 et
1841 1609 1918 1662 sic

331 1722 585 1789 deinceps
613 1726 670 1771 ut
707 1717 971 1771 bitumine
1008 1713 1257 1776 liniatur;
1292 1709 1524 1778 qualiter
1555 1708 1694 1776 ligna
1740 1715 1919 1758 vestra

327 1812 555 1882 levigari
589 1810 846 1873 debeant,
889 1816 943 1863 et
987 1806 1207 1861 dolabro
1254 1801 1586 1873 poenitentia)
1632 1815 1696 1852 ac
1759 1796 1919 1851 disci-

329 1909 492 1980 plina:
520 1907 674 1978 poliri
712 1915 984 1972 utcunque
1027 1917 1187 1970 supra
1235 1897 1618 1966 descripsimus
1648 1911 1660 1947 :
1697 1907 1838 1946 nunc
1864 1899 1920 1944 ut
1951 1881 1994 1937 Β
2025 1874 2258 1980 tiliam“
2311 1871 2612 1942 ἀίεείρυίίεν

336 2008 630 2068 compacta:
659 1995 878 2050 fabricae
907 1994 1148 2048 bitumen
1173 1990 1413 2052 accedat,
1431 1988 1678 2055 exigente
1701 1983 1924 2037 rationis

331 2090 728 2159 consequentia
778 2087 1090 2142 suademus.
1135 2083 1423 2136 Enimvero
1467 2078 1700 2147 quandiu
1747 2088 1924 2129 mores

333 2181 616 2238 hominum
634 2179 809 2248 asperi
839 2188 965 2231 sunt
989 2185 1042 2230 et
1067 2174 1275 2238 inculti,
1308 2171 1630 2226 inauitereis
1647 2167 1926 2223 charitatis

333 2272 515 2343 gluten
544 2270 853 2339 apponitur,
876 2267 1128 2336 quoniam
1155 2265 1221 2318 ab
1251 2263 1478 2317 invicem
1503 2261 1612 2314 cito
1633 2258 1922 2320 dissiliunt,

334 2362 463 2417 dum
503 2360 557 2414 in
598 2360 678 2412 eis
711 2357 889 2428 polita:
921 2355 1242 2410 moralitatis
1289 2360 1501 2422 azqnata
1535 2347 1926 2406 confoederatio

335 2467 444 2506 non
473 2457 714 2503 tenetur.

405 2540 597 2594 Estote
621 2538 786 2608 igitur
811 2545 1027 2606 levigati
1060 2549 1156 2605 per
1182 2531 1450 2603 spiritalis
1476 2529 1723 2585 exercitii
1762 2529 1926 2584 disci-

336 2629 561 2701 plinam,
613 2637 785 2682 estote
833 2625 1141 2681 bituminati
1204 2620 1300 2694 per
1347 2622 1628 2677 charitatis
1675 2622 1930 2675 fraterna:

337 2717 705 2776 concordiam.
761 2714 891 2781 Quae
941 2723 1118 2768 tamen
1181 2710 1574 2765 confoederatio
1628 2722 1930 2780 congruere

339 2806 579 2879 perfecte
603 2822 708 2860 non
741 2804 962 2873 poterit,
996 2801 1097 2855 nisi
1132 2817 1255 2854 cum
1285 2814 1410 2854 arca
1451 2799 1506 2852 in
1555 2800 1740 2852 cubitu
1795 2813 1928 2852 con-

341 2906 664 2958 seminatur.
685 2895 736 2948 id
754 2905 989 2960 eSt,cum
1022 2892 1204 2948 multis
1242 2906 1381 2946 unus
1422 2891 1621 2946 Christi
1664 2891 1780 2946 vice
1806 2906 1932 2961 pro-

344 2990 584 3057 ponitur.
619 2984 807 3040 Unitas
835 2985 1033 3053 quippe
1071 2983 1220 3045 facit,
1263 2992 1321 3035 ut
1358 2981 1524 3035 multa
1553 2981 1768 3036 sibimet
1799 2982 1934 3036 iuvi-

341 3091 462 3132 cem
488 3085 811 3147 congruant,
859 3084 918 3128 ut
951 3075 1178 3129 diversae
1225 3073 1499 3128 hominum
1542 3073 1850 3128 voluntates
1878 3074 1931 3128 in

341 3181 605 3238 compage
627 3165 929 3230 charitatis,
965 3174 1020 3219 et
1054 3163 1359 3218 communis
1403 3163 1625 3217 suit-itus
1668 3163 1934 3216 unanimi-

344 3267 459 3316 tate
487 3266 835 3314 concurrant.

417 3351 790 3420 Quapropter,
845 3347 1152 3404 cliarissimi
1183 3387 1197 3410 ,
1249 3346 1292 3400 si
1344 3347 1539 3416 cupitis
1593 3345 1821 3399 invicem
1881 3343 1934 3396 in

339 3437 548 3494 .Christi
588 3437 859 3494 charitale
913 3451 1232 3506 congruere,
1282 3436 1353 3501 ei,
1410 3435 1500 3503 qui
1551 3436 1704 3489 vobis
1735 3434 1939 3488 Christi

352 3531 470 3583 vice
499 3536 711 3597 praeest,
747 3527 935 3580 humili
969 3541 1035 3580 ex
1073 3526 1233 3580 corde
1261 3525 1522 3578 attentius
1555 3525 1789 3578 obedile.
1821 3521 1938 3576 Non

351 3618 496 3673 inter
532 3634 630 3674 vos
667 3620 737 3672 sit
773 3616 1021 3687 garrulus
1063 3617 1148 3671 ille
1186 3615 1356 3670 Cham
1394 3613 1546 3684 (Gen.
1578 3614 1676 3684 ις),
1709 3613 1799 3682 qui
1844 3629 1940 3666 iiii-

349 3709 476 3764 data
505 3708 746 3778 parentis
774 3709 1008 3762 verenda
1038 3707 1351 3769 denuntiet,
1389 3704 1479 3774 qui
1513 3713 1751 3774 paterna:
1771 3704 1942 3757 offen-

355 3798 525 3855 sionis
570 3799 805 3853 obscena
852 3797 1108 3867 divulgct.
1161 3795 1262 3863 Qui
1312 3795 1563 3849 videlicet
1616 3794 1757 3846 inier
1808 3794 1942 3848 duos

356 3887 554 3942 fratres
581 3887 814 3951 medius,
845 3901 942 3940 nec
990 3887 1041 3938 in
1087 3885 1339 3955 primitiis
1379 3893 1697 3939 numeretur
1734 3881 1944 3936 Israeli-

357 3987 556 4042 tarum,
592 3993 689 4032 nec
716 3977 892 4031 locum
922 3987 1194 4030 mereatur
1237 3976 1290 4028 in
1331 3969 1667 4045 plenitudine
1703 3973 1942 4044 gentium

362 4045 481 4129 1Vin
517 4076 586 4129 ibi
639 4075 730 4135 sit.
783 4075 876 4144 qui
927 4081 1238 4141 contempto
1266 4082 1512 4140 pastore,
1541 4069 1939 4120 mercenarium

368 4271 499 4309 nuce
533 4255 822 4310 discordia:
881 4253 1102 4306 malleos
1154 4251 1323 4313 ludat,
1372 4249 1464 4316 qui
1513 4261 1736 4315 regnum
1775 4243 1943 4296 Israel

369 4363 463 4416 per
495 4345 810 4401 schismatis
835 4343 1189 4398 seminarium
1212 4340 1437 4395 dividat.
1467 4337 1582 4391 Non
1615 4345 1718 4400 est,
1746 4333 1943 4402 inquit,

324 4442 330 4447 ’
370 4438 525 4490 nobis
558 4450 683 4504 pars
709 4436 770 4488 in
818 4434 1003 4495 David,
1041 4447 1140 4486 nec
1189 4431 1478 4485 hzrreditas
1508 4429 1560 4481 in
1598 4428 1708 4480 ﬁlio
1743 4425 1841 4479 lsai
1874 4423 1942 4495 (ll

2012 607 2294 676 quousque
2319 617 2482 656 unum
2510 597 2813 668 sequendo,
2843 595 3147 648 litterarum
3203 591 3460 660 utrinque
3504 604 3598 644 or-

2011 695 2191 749 dinem
2224 707 2327 746 non
2367 689 2722 744 confundant.
2751 687 2919 739 Roma
2967 699 3095 737 mox
3144 689 3201 734 ut
3227 681 3446 735 condita
3485 690 3594 743 est,

2013 789 2146 842 duos
2175 786 2336 839 etiam
2370 782 2566 836 fratres
2604 779 2764 835 simul
2791 793 2941 848 reges
2995 777 3196 829 habere
3239 790 3347 830 non
3389 780 3595 842 potuit:

2014 879 2240 946 ideoque
2263 876 2433 944 prima
2459 870 2726 942 surgentis
2746 879 3034 924 structura:
3057 865 3254 921 mtenia
3305 861 3600 933 parricidio

2015 968 2300 1023 dedicavit.
2327 966 2380 1018 In
2421 963 2678 1018 Rebeccae
2743 958 3100 1028 concipientis
3149 965 3304 1010 utero
3329 953 3499 1009 .lacob
3544 961 3598 1008 et

2017 1058 2177 1121 Esau,
2206 1073 2330 1111 cum
2379 1055 2608 1108 necdum
2651 1064 2851 1122 praeter
2894 1059 3138 1103 materna
3181 1048 3390 1101 viscera
3421 1053 3603 1101 vestes

2019 1149 2266 1212 induunt,
2292 1146 2406 1216 jam
2449 1143 2595 1199 velut
2637 1140 2847 1195 loricati
2878 1139 3018 1194 bella
3049 1138 3396 1193 committunt
3431 1133 3599 1206 (Gen.

2017 1238 2179 1304 xxv).

2091 1329 2288 1380 ltector
2323 1329 2506 1395 itaque
2535 1324 2730 1379 fratres
2761 1333 3016 1392 tanquam
3053 1322 3192 1377 ﬁlios
3221 1323 3601 1391 amplectatur,

2018 1425 2071 1471 et
2111 1419 2317 1481 foveat;
2364 1425 2421 1470 ut
2464 1424 2519 1468 et
2562 1415 2662 1483 ipsi
2703 1425 2957 1482 tanquam
2997 1413 3136 1480 patri
3175 1428 3203 1465 a
3240 1412 3366 1465 ﬁliis
3394 1413 3608 1466 defera-

2021 1517 2128 1560 tnr.
2165 1506 2371 1561 Scitum
2409 1506 2606 1574 quippe
2653 1513 2734 1558 est
2769 1504 2898 1557 illud
2935 1506 3171 1558 oratoris
3221 1503 3434 1556 Domitii
3467 1504 3602 1573 (tfic.

2020 1598 2114 1652 lib.
2143 1614 2182 1651 ιι
2216 1597 2292 1650 De
2321 1607 2482 1662 orat.,
2515 1597 2566 1650 in
2601 1595 2853 1665 prooem.)
2883 1611 2894 1646 :
2936 1613 2953 1644 ι
2984 1594 3092 1648 Cur
3133 1609 3262 1664 ergo
3302 1603 3380 1656 te,
3411 1593 3605 1661 inquit,

2021 1690 2250 1744 habeam
2281 1687 2446 1758 319
2472 1696 2529 1741 ut
2556 1687 2885 1756 principem,
2907 1702 3033 1740 cum
3068 1694 3123 1742 tu
3155 1699 3240 1739 me
3273 1699 3375 1737 non
3406 1684 3609 1737 habeas

2023 1781 2077 1834 in
2144 1779 2496 1835 senatorem?
2551 1798 2567 1830 ι
2630 1777 2748 1831 Non
2809 1785 2866 1830 ut
2918 1776 3034 1832 haec
3081 1773 3450 1844 spiritualibus
3501 1773 3613 1826 sint

2663 1871 2756 1925 sed
2804 1876 2863 1923 ut
2907 1866 3352 1921 murmtirationis
3395 1866 3612 1920 occasio

2023 1964 2249 2018 tollatur
2273 1963 2524 2018 inﬁrmis.
2557 1962 2765 2017 .Omnes
2803 1961 2990 2030 itaque
3035 1958 3241 2027 diligat,
3290 1965 3348 2011 ut
3378 1957 3500 2027 jure
3545 1956 3615 2007 ab

2027 2045 2280 2100 omnibus
2319 2047 2595 2115 diligatur.
2638 2044 2732 2099 Sic
2781 2045 2948 2114 igitur
2980 2055 3165 2113 pastor
3199 2052 3254 2098 et
3312 2057 3468 2106 oves,
3501 2041 3612 2096 duit

2027 2147 2080 2188 et
2114 2136 2342 2190 militum
2391 2148 2627 2197 caterva:
2677 2153 2784 2192 uno
2814 2135 3008 2205 Spiritu
3065 2135 3611 2204 conitedereuturzin

2027 2229 2415 2282 etii-rcitatiune
2438 2229 2736 2285 virtutum:
2775 2238 2834 2284 ut
2875 2227 3134 2295 charitas,
3169 2242 3291 2298 qua:
3327 2226 3465 2280 Deus
3503 2234 3613 2290 est,

2031 2322 2078 2388 (ι
2099 2321 2256 2374 Joan.
2284 2321 2357 2391 iv)
2379 2322 2672 2376 individua:
2699 2321 2926 2376 unitatis
2955 2322 3009 2375 in
3033 2319 3114 2376 eis
3137 2330 3320 2374 teniat
3343 2317 3616 2388 principa-

2034 2426 2166 2471 tum.
2220 2416 2379 2480 Ecce,
2424 2415 2759 2470 dilectissimi
2794 2415 2922 2467 mihi
2979 2412 3170 2466 Patres
3208 2421 3262 2464 ct
3293 2410 3518 2473 domini,
3546 2422 3616 2461 ex

2032 2510 2210 2564 studio
2243 2508 2392 2563 vobis
2419 2508 2542 2578 styli
2577 2508 2851 2562 currentis
2886 2505 3172 2562 articulum
3207 2504 3465 2575 reprimo,
3489 2503 3618 2571 quia

2031 2605 2295 2658 incultum
2346 2618 2410 2656 ac
2462 2602 2725 2655 rusticum
2777 2616 2929 2664 esse,
2987 2600 3130 2670 quod
3178 2599 3469 2658 scribitur,
3509 2610 3618 2649 non

2033 2693 2223 2763 ignoro
2275 2709 2286 2744 :
2345 2699 2402 2743 ut
2458 2692 2598 2759 quod
2635 2691 2856 2760 .absque
2916 2689 3045 2744 salis
3097 2688 3441 2744 condimento
3495 2683 3623 2755 jure

2033 2788 2350 2858 despicitur,
2376 2787 2656 2842 br’evitatis
2680 2787 2873 2841 saltem
2913 2783 3234 2855 compendio
3273 2780 3622 2837 commende-

2038 2890 2143 2934 tur.
2177 2880 2367 2946 Quaeso
2419 2881 2619 2948 itaque,
2661 2888 2717 2932 ut
2768 2879 2859 2950 qui
2901 2877 3114 2947 lupinos
3159 2873 3448 2944 aliquando
3497 2875 3627 2939 post

2035 2971 2277 3026 marinas
2304 2969 2528 3025 delicias
2567 2969 2747 3034 editis,
2787 2969 2888 3022 hoc
2921 2981 3135 3036 quoque
3175 2962 3456 3036 pittacium
3501 2965 3630 3031 post

2038 3078 2192 3120 sacra
2222 3062 2490 3118 volumina
2526 3070 2799 3131 utcunque
2827 3061 3096 3129 respicere
3125 3071 3232 3112 non
3259 3050 3551 3126 spernatis.

2574 3287 2738 3357 320
2777 3283 3085 3339 scuoua.

2117 3401 2305 3460 Petrus
2327 3411 2498 3455 autem
2525 3401 2824 3468 nuptiarum
2850 3398 3029 3452 sordes
3066 3395 3233 3450 abluit
3271 3407 3457 3468 cruore
3488 3401 3637 3442 mar-

2042 3474 2183 3541 tyrii.
2229 3473 2370 3526 (lare
2411 3481 2565 3539 putes
2597 3463 2845 3541 sanctum
2890 3469 3170 3541 doctorem
3203 3463 3449 3541 nuptias,
3494 3471 3637 3541 quas

2043 3532 2252 3596 CvOll'ial
2285 3559 2315 3594 a
2338 3532 2555 3596 Clu-isto
2583 3540 2812 3593 Domino
2849 3537 3171 3593 sacramenti
3203 3532 3406 3588 honore
3428 3532 3636 3585 conde-

2037 3622 2280 3675 coratas,
2315 3612 2419 3664 ullo
2452 3612 2611 3664 modo
2643 3611 2982 3677 vituperare;
3017 3607 3160 3660 unde
3188 3615 3241 3660 et
3272 3604 3396 3658 illud
3419 3601 3577 3677 -l_’au|i
3611 3623 3626 3657 :

2049 3703 2065 3733 ι
2099 3672 2424 3737 llonurabile
2449 3672 2779 3736 coiniubiuin
2810 3681 2860 3732 iu
2887 3678 3160 3742 omnibus,
3187 3685 3242 3729 et
3265 3685 3414 3728 torus
3439 3672 3636 3726 imma-

2045 3754 2251 3808 culatns
2289 3751 2475 3821 (llebr.
2519 3751 2662 3818 xlii).
2697 3768 2714 3799 ι
2749 3749 2853 3803 Sed
2890 3758 2944 3802 et
2970 3750 3083 3818 ipse
3124 3750 3310 3821 beatus
3342 3743 3637 3821 Daiuinniis

2047 3825 2158 3876 suis
2205 3825 2256 3876 in
2297 3814 2528 3890 scriptis
2586 3814 2708 3875 cun
2769 3814 3004 3872 occasio'
3047 3833 3104 3890 se
3172 3817 3399 3890 pra-bet,
3451 3814 3640 3890 laudat

2048 3895 2282 3962 nuptias,
2314 3883 2612 3961 prmiserunt
2643 3890 2733 3943 lib.
2771 3907 2822 3953 v,
2844 3891 3007 3962 epist.
3041 3889 3128 3954 Η,
3165 3883 3641 3962 aduclericosulfa-

2047 3952 2328 4017 ventinos:
2373 3964 2574 4016 Sordes
2623 3952 2815 4028 itaque
2851 3952 3164 4027 nuptiarum
3213 3956 3304 4011 ille
3352 3952 3638 4028 intelligit,

2048 4050 2183 4102 quas
2210 4033 2409 4102 aliquis
2435 4033 2558 4086 vita:
2590 4024 2886 4102 conjugalis
2915 4024 3202 4102 occasione
3230 4024 3502 4080 contrahit
3530 4025 3638 4077 :‘in

699 4097 730 4178 ξ’
783 4097 876 4144 Ψ¹¹
927 4097 1238 4178 ωξξ¹⁸¹²¹¹¹¹⁵ιυ
2047 4097 2150 4178 qua
2184 4097 2316 4157 cuni
2341 4105 2437 4156 viri
2483 4106 2643 4157 rebus
2679 4097 2880 4178 divinis
2913 4098 3092 4152 minus
3121 4097 3396 4178 ferventer
3439 4108 3644 4147 vacare

365 4176 596 4234 quanat,
621 4168 712 4234 qui
747 4180 908 4219 voces
938 4165 1237 4218 alienorum
1260 4162 1460 4222 audiat,
1486 4159 1578 4226 qui
1610 4158 1663 4210 in
1698 4157 1804 4209 odii
1830 4153 1946 4207 for-

2048 4167 2277 4236 soleant,
2307 4175 2449 4227 etob
2496 4174 2545 4226 id
2577 4170 3060 4239 dicatApostolus:
3100 4187 3118 4219 ι
3155 4167 3255 4234 Qui
3281 4175 3465 4239 autem
3515 4178 3641 4239 curn

2049 4259 2219 4297 uxore
2239 4232 2344 4307 est,
2374 4243 2635 4297 sollicitus
2679 4253 2761 4294 est
2791 4232 2916 4310 quae
2941 4232 3315 4310 somniandi,
3366 4232 3645 4310 quomodo

2048 4313 2260 4383 placeat
2291 4304 2466 4376 tutori,
2498 4323 2552 4366 et
2581 4304 2912 4383 divisus-est
2939 4312 2957 4381 (
2981 4310 3007 4363 I
3046 4309 3176 4383 Cor;
3218 4322 3292 4383 vit
3312 4309 3350 4376 ).
3374 4374 3385 4383 _
3406 4322 3426 4356 ι
3455 4304 3644 4383 ,Ωυιιι-

2049 4374 2155 4452 que
2185 4384 2429 4438 Crebrius
2454 4374 2512 4436 in
2547 4398 2680 4435 vana
2719 4374 3063 4451 delinquendi
3097 4374 3422 4452 offendicula
3453 4374 3644 4428 incur-

2053 4451 2204 4518 rant,
2235 4469 2337 4506 non
2365 4463 2450 4506 est
2479 4454 2672 4506 mirum
2697 4455 2885 4506 sordes
2915 4451 3262 4513 contrahere,
3299 4463 3362 4501 ac
3389 4453 3644 4514 propter-

367 4519 494 4589 lieg.
532 4503 648 4587 xix).
688 4517 851 4571 Plane
892 4517 1078 4569 tandiu
1129 4530 1258 4583 apes
1312 4516 1364 4566 iu
1403 4509 1677 4567 communi
1732 4503 2007 4574 molliti-ﬂ
2052 4503 2694 4592 aggs'ggpigrg‘5,03.

365 4610 514 4667 cant,
552 4602 789 4671 quandiu
821 4601 920 4655 sub
952 4618 1057 4654 uno
1097 4617 1338 4670 prtnCIpe
1367 4610 1733 4670 perseverant.
1774 4600 1948 4656 Grues
1978 4590 2027 4644 υ

376 4760 403 4794 ι’

2375 4592 2453 4649 Sit
2479 4610 2664 4648 nomen
2693 4593 2905 4647 Domini
2934 4591 3276 4646 benedictum.

407 4747 3634 4787 ,_________________________________________.__..___———_-

561 4879 920 4960 321-322
999 4898 1852 5014 OPUSCULUM

2037 4895 2594 5008 ECIMUM
2679 4851 3413 5027 QUARTUM.

547 5127 656 5190 DE
692 5123 1000 5184 ORDINE
1041 5121 1600 5193 EREMITARUM,
1646 5122 1750 5181 ET
1793 5117 2396 5181 FACULTATIBUS
2440 5116 2690 5177 EREMI
2736 5115 3022 5177 FONTIS
3058 5112 3490 5176 AVEI.LANI.

380 5382 777 5437 Ancumsaruu.
809 5405 876 5416 -—
900 5372 980 5428 Ad
1013 5369 1343 5440 exemplum,
1373 5377 1426 5421 et
1460 5365 1819 5440 imitationem
1861 5373 2228 5440 posterorum,
2265 5361 2499 5440 regulas,
2530 5368 2584 5414 et
2613 5359 2828 5440 vivendi
2868 5358 3148 5440 instituta,
3177 5355 3374 5426 quibus
3413 5351 3661 5440 eretnitae

656 5423 1294 5509 xv-ellaniﬂsuo'tempore
1331 5423 1660 5498 'utebautur,
1689 5423 2004 5509 describit,
2038 5423 2232 5502 iisque,
2258 5423 2433 5509 utvqui
2463 5440 2585 5500 post
2616 5447 2680 5509 se
2713 5431 2897 5509 futuri
2917 5431 3064 5509 sunt,
3095 5423 3340 5506 utantur,
3369 5437 3547 5505 neque
3587 5423 3658 5475 ad

453 5519 715 5572 laxiorem
755 5517 878 5570 vitae
921 5494 1179 5566 normam'
1210 5510 1509 5571 declinent,
1552 5494 1878 5576 gravissime
1918 5494 2245 5559 obtestatur.
2293 5494 2526 5570 Su'isque
2561 5511 2623 5555 ut
2667 5502 2723 5556 in
2763 5501 3096 5555 orationibus
3143 5494 3490 5551 meminerint
3533 5500 3665 5563 post

454 5597 681 5640 mortem
711 5602 884 5649 suam,
907 5585 1173 5638 obsecrat.

456 5699 589 5752 Cum
620 5695 884 5749 fervorem
918 5703 1118 5748 sanctae
1147 5690 1576 5746 conversationis
1601 5696 1795 5743 vestra:
1815 5730 1827 5753 ,
1854 5687 1964 5742 fra-

389 5800 498 5844 tres
528 5786 852 5850 charissimi,
881 5786 1164 5852 diligenter
1191 5785 1431 5848 attendo,
1463 5782 1622 5836 nullis
1651 5783 1751 5836 hoc
1781 5782 1967 5835 huma-

2071 5685 2156 5738 nis
2185 5684 2390 5738 viribus
2436 5683 2669 5752 deputo;
2704 5683 2796 5737 sed
2849 5682 2920 5734 ill-i
2957 5681 3155 5750 potius,
3197 5677 3288 5748 qui
3315 5684 3574 5746 operatur
3607 5675 3664 5726 in

2081 5778 2232 5834 vobis
2272 5779 2405 5859 velle
2435 5789 2487 5834 et.
2519 5779 2802 5850 perﬁcere,
2848 5794 2946 5847 pro
2991 5779 3130 5833 bona
3189 5775 3484 5837 voluntate,
3537 5786 3667 5839 gra-
