3996 6184
351 295 457 354 329

1231 276 1472 336 OPUSC.
1509 276 1749 332 -x1v.—
1776 276 1866 329 ut.
1894 276 2160 329 nuntur.
2198 263 2506 341 summa,”
2545 277 2697 332 me.

3508 271 3617 333 3'50

350 409 456 464 tias
483 417 617 474 ago:
650 396 742 453 ille
786 393 928 452 enim
976 393 1100 449 fons
1139 401 1222 448 est
1269 400 1325 447 et
1359 390 1514 462 origo
1548 387 1794 444 virtutis:
1845 384 1934 440 ille
1959 387 2008 448 Α
2035 398 2300 453 cessares,
2329 385 3614 460 sintnihilominusaccuser-sationum;

347 496 504 551 bona-
538 491 837 562 inspiratur
878 495 963 542 est
991 482 1308 540 voluntatis.
1335 481 1409 537 Et
1455 481 1587 551 quid
1633 479 1853 541 mirum,
1884 477 1934 532 si

351 585 565 656 fragilia
595 594 887 651 corporum
917 585 1230 632 .vestrorum
1265 571 1486 628 vascula
1516 569 1584 625 ad
1613 567 1936 656 portendant

347 654 471 752 post
515 689 576 730 se
616 685 839 729 crucem
861 667 1080 726 fortiter
1107 666 1353 729 roborat,
1404 662 1496 732 qui
1523 668 1718 752 cuncta
1750 654 1936 752 mundi

347 747 546 827 horrea
578 765 632 820 in
662 761 874 818 levibus
901 757 1207 815 culmorum
1254 754 1441 809 aristis
1501 749 1828 807 mirabiliter
1872 747 1936 801 li-

347 859 508 916 brat?
531 857 614 912 Et
631 867 862 924 quorum
885 849 1125 920 pondere
1157 845 1367 917 lapidea
1396 857 1542 913 sape
1560 839 1789 897 aedilicia
1815 852 1937 893 cor-

347 957 530 1007 ruunt.
563 947 631 1002 ad
664 945 780 999 hate
807 939 1027 998 ferenda
1050 936 1299 994 volatiles
1337 933 1612 1005 spicarum
1637 931 1836 994 thecae,
1867 937 1936 983 te-

345 1041 546 1096 nuibus
573 1037 747 1091 mistaa
773 1033 966 1102 paleis,
1009 1044 1114 1084 non
1143 1020 1689 1090 succumbuntiQuid
1711 1019 1935 1084 mirum,

346 1133 591 1201 inquam,
620 1126 664 1182 si
694 1123 961 1180 debilibus
991 1134 1275 1177 servorum
1306 1130 1525 1173 suorum
1567 1111 1828 1168 membris
1851 1110 1938 1201 vi-

347 1200 738 1280 resattribuit,
789 1214 882 1285 qui
928 1213 982 1268 in
1035 1207 1368 1266 tenuissimis
1411 1219 1636 1261 uvarum
1670 1200 1938 1258 .l‘olliculis

347 1313 594 1369 omnium
637 1309 839 1377 ubique
865 1305 1150 1376 regionum
1192 1301 1318 1355 vina
1348 1295 1672 1367 suspendit;
1709 1302 1766 1348 et
1790 1291 1947 1363 quod.

347 1419 415 1460 ex
440 1402 623 1457 tunnis
651 1411 899 1469 operose,
953 1403 1010 1452 et
1045 1408 1168 1450 cum
1193 1405 1390 1463 magno
1429 1389 1616 1444 labore
1640 1385 1938 1455 compactis

347 1494 548 1566 saepius
581 1490 772 1555 efﬂuit,
805 1489 907 1544 hoc
928 1484 1185 1559 perexilis
1205 1480 1450 1549 corticis,
1481 1478 1639 1550 quasi
1664 1475 1936 1549 quoddam

349 1585 512 1641 lidele
539 1581 927 1654 depositorium
967 1579 1086 1635 sine
1125 1574 1486 1631 diminutione
1502 1569 1782 1628 custodit:
1827 1567 1938 1622 imo

351 1679 499 1749 quod
527 1676 677 1731 illinc
723 1673 808 1730 vel
836 1669 1437 1743 guttatim'frequenter
1484 1662 1800 1724 eﬂ‘unditur,
1848 1658 1940 1714 hic

2035 484 2092 568 et
2112 477 2255 568 quod
2286 478 2609 568 tle-regulari
2632 479 2981 540 observantia
3008 485 3092 540 sui
3114 485 3219 542 loci
3241 487 3475 546 viderint
3497 508 3619 568 spe—

2022 565 2250 622 cialiter
2277 567 2561 638 scriptum,
2595 570 2806 638 pudeat
2847 572 2982 629 side
3007 565 3619 652 suafueritaliquatitlo

2035 655 2338 714 imitatione
2381 659 2636 716 deletum.
2681 662 2874 721 ln-hoc
2919 681 3111 737 nempe
3155 668 3303 736 loco,
3354 675 3448 744 qui
3497 675 3620 734 fons

2035 747 2278 803 Aureliani
2305 749 2526 816 dicitur,
2567 752 2886 826 plerumque
2909 757 3095 829 viginti
3120 760 3451 830 plus-minus
3494 783 3616 824 mo-

2037 841 2319 912 nachiper
2351 842 2588 908 cellulas,
2613 845 2811 902 sive-in
2843 849 3114 920 assignata
3140 854 3336 924 cuique
3364 857 3619 916 obedien-

2040 929 2115 988 tia
2131 934 2410 1004 degimus;
2435 944 2495 991 ut
2515 952 2704 993 omnes
2725 940 3018 997 simulcum
3040 947 3336 1014 conversis,
3351 957 3419 1005 .et
3440 950 3619 1007 fatuu-

2039 1023 2104 1079 lis
2135 1025 2485 1081 t-ricenarium
2531 1028 2838 1098 quinarium
2869 1048 3176 1101 numerum,
3226 1048 3321 1094 aut
3363 1040 3474 1108 vix,
3526 1051 3622 1102 aut

2037 1113 2276 1172 breviter
2288 1119 2636 1175 excedamus.
2667 1119 2892 1181 Viventii
2906 1133 3086 1180 autem
3101 1127 3284 1198 regula
3311 1128 3413 1185 hoc
3434 1142 3621 1190 nostro

2041 1214 2285 1276 tempore
2311 1208 2434 1263 talis
2447 1219 2557 1265 .est.

2108 1300 2191 1356 Arb
2219 1301 2428 1358 octavis
2441 1316 2649 1372 vnempe
2665 1303 3422 1370 Bominicarﬁesurrectionis
3449 1329 3621 1387 usque

2039 1391 2106 1445 ad
2136 1389 2278 1446 diem
2330 1401 2581 1448 sanctum
2617 1392 2993 1462 :Pentecostes,
3045 1407 3278 1469 quatuor
3311 1401 3473 1476 ω
3504 1406 3622 1462 dies

2029 1493 2137 1548 per
2156 1479 2562 1536 hebdomadam
2585 1480 2865 1553 jejunatis,
2896 1496 3093 1555 praeter
3114 1490 3453 1549 Dominicum
3491 1511 3623 1552 veno

2039 1570 2206 1637 diem,
2241 1573 2326 1627 .de
2355 1571 2510 1641 cujus
2541 1577 2843 1630 reverentia
2891 1577 3069 1634 nullus
3107 1581 3405 1649 addubitat,
3455 1590 3622 1644 tertia

2022 1657 2283 1726 'feria,et
2309 1662 2498 1731 quinta
2529 1661 2662 1718 feria
2683 1663 2778 1720 .bis
2826 1665 2880 1720 in
2928 1667 3014 1724 die
3045 1669 3286 1729 reﬁcitis.
3329 1673 3432 1730 illo
3473 1677 3622 1732 enim

349 1730 818 1829 rionﬁminuendo,
836 1730 966 1819 "sed
995 1730 1241 1832 augendo
1268 1758 1451 1831 potius
1483 1769 1582 1827 per
1621 1730 2010 1825 quotidiana“B
2037 1758 2298 1819 tempore,
2328 1730 2390 1806 ut
2415 1751 2742 1818 nostis,.non
2779 1757 3134 1824 prohibentur
3162 1763 3413 1818 monachi
3434 1730 3629 1821 arch

350 1861 686 1914 incrementa
711 1857 998 1911 servaturi

422 1951 557 2018 Quis
597 1957 780 2004 autem
824 1945 991 2002 divini
1026 1943 1208 2015 aperis
1245 1939 1672 2014 magnitudinem
1713 1949 1939 1992 narrare

351 2041 607 2107 suﬂiciat,
645 2054 770 2097 cum
801 2038 914 2096 sive
958 2036 1013 2091 in
1040 2033 1317 2107 palearum
1347 2031 1563 2094 culmis,
1601 2043 1696 2086 seu
1723 2027 1778 2083 in
1799 2041 1940 2081 uva-

353 2149 473 2189 rum
501 2132 670 2188 botris
695 2129 914 2186 recondi
947 2127 1131 2183 videat
1183 2123 1401 2181 cellaria
1427 2127 1732 2193 potentum,
1759 2132 1960 2189 promr

350 2225 566 2296 ptuaria
598 2220 822 2292 regum?
853 2218 1144 2275 Videamus
1167 2215 1222 2270 in
1246 2215 1442 2270 arbore
1463 2211 1650 2268 folium
1683 2208 1784 2265 sub
1804 2205 1939 2278 ipsis

353 2313 566 2385 pruinis
591 2308 918 2368 hiemalibus
955 2305 1368 2376 lapsabundum,
1401 2310 1458 2358 et
1487 2306 1810 2370 consumpto
1837 2311 1939 2351 au-

352 2403 614 2458 tumnalis
652 2398 955 2456 clementiae
994 2398 1195 2464 virore,
1234 2393 1458 2466 jamjam
1489 2405 1630 2463 pene
1658 2402 1936 2453 casurum,

347 2494 428 2549 ita
459 2502 519 2547 ut
555 2493 645 2547 vix
677 2488 1005 2552 ramuscula,
1030 2516 1032 2519 -
1055 2486 1142 2543 cui
1183 2485 1468 2558 dependet,
1498 2482 1796 2546 inhaereat,
1842 2477 1939 2534 sed

350 2581 698 2654 apertissima
727 2578 862 2634 levis
905 2577 1076 2632 ruinae
1106 2575 1259 2646 signa
1301 2571 1644 2645 praetendat:
1687 2569 1938 2624 inhorre-

349 2683 513 2731 scunt
535 2671 726 2736 ﬂabra,
741 2670 887 2726 venti
912 2667 1160 2724 furentes
1189 2665 1278 2721 hie
1299 2663 1424 2720 inde
1438 2658 1939 2724 concutiunt,-bru-

351 2766 512 2822 malis
539 2765 740 2820 horror
767 2761 1094 2818 crassiaeris
1123 2759 1303 2831 rigore
1325 2758 1626 2813 densatur:
1648 2763 1843 2825 atque,
1879 2760 1940 2807 ut

352 2858 526 2928 magis
554 2866 800 2926 stupeas,
849 2851 1208 2909 deﬂuentibus
1254 2847 1476 2919 reliquis
1515 2845 1756 2916 undique
1793 2843 1940 2900 foliis

354 2958 498 3003 terra
533 2946 814 3010 sternitur,
847 2952 904 2999 et
944 2941 1205 3012 depositis
1231 2940 1403 2995 comis
1431 2939 1598 2993 arbor
1625 2949 1725 2993 suo
1746 2934 1941 2992 decore

2037 1837 2502 1899 rita'te'sacroru'm
2534 1859 2801 1900 canonum
2819 1846 3087 1919 jejunarc.
3113 1849 3194 1908 Ab
3221 1862 3412 1911 octava
3440 1867 3622 1914 autem
3710 1910 3724 1921 ,

2018 1931 2382 2000 -Pentcco_stes
2430 1950 2604 2005 usque
2655 1937 2721 1990 ad
2756 1936 3114 1998 festivitatem
3155 1947 3326 2002 sancti
3350 1945 3622 2016 Joannis,

2036 2023 2275 2094 quinque
2298 2024 2489 2082 diebus
2513 2027 2838 2084 observatur
2876 2033 2977 2088 sub
3013 2031 3116 2088 hac
3136 2035 3464 2094 discretione
3477 2038 3620 2110 jeju-

2035 2115 2225 2170 nium:
2277 2123 2338 2170 ut
2365 2117 2523 2172 tertia
2555 2117 2789 2203 feriaead
2829 2122 3018 2178 horam
3062 2139 3259 2182 nonam
3276 2128 3622 2199 pulmentum

2036 2205 2303 2272 habeatis,
2341 2208 2529 2278 quinta
2568 2224 2703 2264 vero
2747 2209 2882 2267 feria
2927 2215 3162 2270 secunda
3213 2217 3331 2273 vice
3375 2219 3650 2276 reficitis:

2017 2293 2081 2349 Ἀ
2107 2292 2402 2353 festivitate
2440 2312 2574 2354 vero
2606 2297 2665 2354 S.
2696 2299 2922 2358 Joannis
2947 2318 3118 2374 usque
3143 2306 3210 2360 ad
3232 2305 3356 2363 ldus
3379 2306 3626 2379 Septem-e

2036 2384 2169 2451 bris,
2203 2387 2360 2444 tertia
2393 2400 2450 2444 et
2484 2390 2672 2460 quinta
2721 2392 2857 2448 feria
2877 2401 3104 2450 tenetur
3131 2396 3254 2451 bina
3282 2397 3336 2452 in
3366 2399 3454 2454 die
3483 2399 3623 2455 refe-

2035 2479 2145 2535 ctio
2163 2495 2178 2534 :
2196 2480 2566 2551 reliquisvero
2586 2492 2822 2553 quatuor
2836 2484 3024 2540 diebus
3038 2487 3454 2544 secvsIurso'lito
3470 2504 3618 2545 more

2031 2569 2317 2643 jejunium.
2362 2573 2447 2630 Ab
2470 2573 2652 2630 hlibus
2690 2589 2821 2630 vero
2843 2574 3184 2646 Septembris
3215 2593 3387 2649 usque
3423 2580 3475 2635 in
3522 2579 3625 2635 Pa.-

2037 2666 2166 2724 scha
2197 2666 2431 2734 Domini,
2463 2668 2704 2738 quinque
2727 2668 2914 2724 diebus
2933 2667 3626 2740 jejunium-sineiiutermis-

2037 2757 2191 2814 sione
2207 2767 2455 2824 tenetur,
2490 2759 2654 2815 salvo
2677 2773 2768 2824 eo,
2805 2761 2950 2831 quod
2972 2775 3195 2832 semper
3238 2762 3628 2818 infirmioribus

2026 2849 2320 2918 tfratribus,
2373 2851 2768 2923 humerumque
2798 2852 3230 2923 inaequalitatem
3262 2855 3626 2926 patientibus,

2039 2949 2202 3013 prout
2226 2955 2450 2998 necesse
2487 2939 2671 3007 fuerit,
2703 2941 3130 2999 misericorditer
3154 2945 3492 3002 subvenitur.
3524 2945 3630 3001 Nc-

352 3043 616 3102 nttdaltll';
649 3053 774 3092 cum
805 3035 934 3090 illud
963 3033 1137 3089 solum
1161 3030 1310 3086 nullo
1331 3036 1582 3085 manente
1599 3032 1936 3126 permanent,
1965 3041 2344 3136 c'moautem
2375 3048 2465 3088 me
2494 3032 2764 3089 mendacii
2794 3034 3119 3089 temerarius
3137 3043 3351 3104 arguat,
3384 3035 3513 3091 dum
3541 3049 3628 3092 me

352 3140 410 3184 et
439 3129 582 3183 velut
600 3126 944 3182 coharedum
970 3131 1256 3195 superstes
1281 3121 1334 3176 in
1359 3121 1617 3175 fraterna:
1638 3115 1941 3189 possessio-

353 3218 444 3274 nis
466 3219 589 3289 jura
613 3216 889 3272 succedat.
921 3215 1060 3281 Quid
1093 3223 1272 3267 autem
1305 3211 1708 3282 uitelligeudum
1740 3208 1796 3263 in
1825 3208 1941 3262 .hu-

339 3309 441 3381 jus
458 3307 546 3362 .rei
564 3305 1006 3363 consideratione
1026 3302 1380 3374 relinquiwr,
1414 3302 1517 3356 nisi
1547 3301 1674 3372 quia
1701 3313 1942 3355 necar-

351 3404 504 3457 boris
527 3401 728 3455 folium
761 3405 939 3471 potest
961 3397 1178 3462 cadere,
1224 3395 1328 3451 nisi
1359 3395 1598 3450 divinum
1634 3410 1684 3465 λ)
1713 3401 1943 3472 resumat

343 3492 681 3568 imperium?

2041 3139 2148 3180 non
2175 3121 2658 3197 extraneisvloqui,
2704 3125 2799 3180 sed
2829 3124 2934 3188 his,
2974 3124 3067 3194 qui
3119 3140 3232 3180 rem
3259 3125 3446 3196 perite
3463 3140 3629 3182 nove-

2041 3213 2694 3283 rint,,.praaseutibus:bec
2737 3228 2964 3268 narrare
2982 3213 3336 3270 considerat:
3373 3225 3429 3271 et
3470 3225 3627 3272 certe

2042 3319 2148 3361 non
2182 3302 2904 3370 "itumeritoserubescerem,
2936 3303 2982 3358 si
3023 3304 3167 3360 inter
3182 3305 3490 3375 discipulos
3530 3321 3626 3362 ve-

2029 3394 2238 3461 ritatis,
2276 3393 2408 3465 ipsis
2447 3392 2764 3461 scientibus,
2807 3406 3130 3454 commento
3156 3396 3397 3454 Jaﬂacize
3436 3399 3627 3457 deser-

2027 3499 2232 3540 mrem.

430 3562 567 3654 Quid
578 3598 708 3654 ergo
729 3580 1030 3648 mirum,si,
1046 3579 1311 3636 deﬂuente
1324 3578 1438 3648 jam
1452 3595 1518 3634 ex
1533 3577 1766 3634 maxima
1787 3587 1942 3649 parte
2101 3572 2224 3628 Etsi
2251 3562 2395 3628 θυὶηί
2412 3588 2538 3641 θοεν
2564 3573 3026 3644 (ιυῑερθειηιοάυηι
3043 3577 3296 3634 audituri
3323 3588 3468 3647 5m".
3523 3583 3627 3638 Ικιο

359 3675 660 3732 monastico
683 3673 895 3738 ordine,
925 3673 1184 3741 quosdam
1220 3685 1409 3726 servos
1435 3685 1563 3725 suos
1601 3669 1945 3738 omnipmens
2037 3663 2127 3734 jus
2153 3663 2227 3719 rei
2264 3663 2650 3735 plenitudinem
2673 3664 2933 3723 fraudare
2959 3683 3067 3723 non
3091 3668 3338 3736 debeam,
3370 3671 3512 3728 malo
3544 3683 3628 3728 ta-

348 3770 503 3824 -lleus
552 3762 956 3835 iuperferendo
983 3762 1318 3816 diversarum
1337 3759 1709 3814 .teutationum
1757 3757 1946 3812 labore
2033 3773 2166 3814 men
2185 3771 2250 3812 ex
2271 3773 2360 3824 eo,
2384 3758 2527 3828 quod
2540 3768 2644 3826 est,
2677 3759 2824 3815 salva
2847 3761 3435 3832 veritate-relinquere;
3463 3779 3625 3834 quam

357 3859 696 3923 corroborat,
724 3856 1048 3925 quietqua:
1067 3853 1181 3908 vult
1203 3851 1566 3908 inarboribus
1583 3849 1756 3916 folia,
1785 3859 1948 3905 crete.
2045 3849 2118 3916 id,
2151 3849 2297 3921 quod
2339 3857 2599 3915 nonest,
2639 3864 2783 3905 vana
2825 3852 3176 3920 persuasione
3201 3851 3433 3920 jactare.
3485 3853 3628 3910 Ecce

361 3954 436 4005 ris
461 3943 1237 4018 decidentibus,.ligat?‘.llnde
1251 3959 1361 3999 non
1385 3942 1656 3999 immerito
1676 3950 1949 3997 scrutator
2043 3941 2188 3996 enim
2217 3940 2285 3995 de
2306 3939 2538 3996 duabus
2563 3937 2670 3995 illis
2699 3940 3146 4012 quadragesimis,
3169 3957 3302 4012 quae
3345 3941 3626 3999 vel-Nasa-

360 4039 449 4094 ille
496 4038 690 4093 divina:
729 4035 1013 4107 patientiae
1043 4032 1120 4087 'B.
1161 4031 1294 4089 Job:
1337 4048 1357 4084 t
1386 4030 1489 4100 Qui
1545 4030 1694 4098 facit,
1747 4029 1946 4102 inquit,
2034 4029 2150 4086 dem
2175 4029 2418 4097 Domini,
2461 4027 2550 4086 vel
2584 4037 2832 4085 sanctum
2859 4029 3078 4087 “Pascha
3114 4033 3444 4103 praecedunt,
3501 4033 3629 4088 licet

361 4143 577 4198 magna,
605 4135 662 4181 et
685 4122 1274 4194 incomprehensibilia,
1315 4129 1372 4177 et
1399 4119 1688 4188 mirabilia,
1716 4133 1948 4191 quorum
2044 4136 2148 4194 ego
2168 4130 2404 4188 taceam,
2426 4136 2524 4178 vos
2548 4129 2729 4176 tamen
2755 4121 2929 4188 scitis,
2951 4121 3076 4194 quia
3104 4122 3343 4178 nonnulli
3361 4123 3450 4179 hie
3475 4131 3628 4191 sunt,

361 4233 469 4271 non
503 4225 591 4271 est
635 4227 894 4269 nmnerus
938 4211 1062 4272 (Job
1100 4210 1190 4283 τ).
1225 4230 1245 4265 ι
1281 4210 1624 4282 Quapropter
1657 4209 1950 4266 immensas
2047 4215 2142 4287 qui
2159 4215 2370 4286 absque
2392 4214 2584 4271 diebus
2604 4211 2926 4280 Dominicis,
2947 4212 3142 4284 duplex
3164 4213 3293 4270 illud
3326 4213 3630 4286 quadrage-

360 4304 604 4361 Creatori
647 4318 768 4358 meo
794 4301 998 4375 gratias
1031 4299 1245 4368 refero,
1279 4301 1374 4374 qui
1416 4315 1504 4358 me
1543 4301 1820 4374 indignum
1849 4301 1958 4358 mi-.
2049 4304 2238 4361 simale
2285 4304 2520 4376 spatium
2573 4310 2746 4360 totum
2794 4299 3091 4372 jejuuando
3139 4313 3518 4360 transcurrere
3543 4319 3630 4360 so-

361 4395 570 4450 nisterii
601 4394 776 4450 locum
800 4394 1000 4449 habere
1025 4392 1204 4449 voluit
1235 4393 1288 4448 in
1315 4402 1584 4449 conventu
1604 4407 1710 4448 non
1752 4391 1949 4448 multo-
1967 4395 2218 4493 D'leant,
2274 4394 2514 4466 exceptis
2557 4394 2733 4451 tribus
2784 4391 3239 4459 solemnitatibus,
3276 4391 3338 4449 5.
3377 4391 3633 4450 videlicet

351 4504 506 4550 runt.
531 4486 626 4541 sed
653 4486 940 4550 bonorum.
964 4499 1100 4555 quos
1123 4483 1252 4538 mihi
1278 4497 1502 4539 necesse
1522 4483 1594 4540 sit
1619 4480 1946 4552 adpatriam’
1967 4480 2020 4493 "
2051 4489 2305 4553 Andreae,
2335 4495 2392 4542 et
2436 4486 2614 4542 sancti
2633 4484 2936 4550 Benedicti,
2979 4494 3036 4541 et
3055 4485 3503 4542 Annuntiationis
3527 4486 3634 4543 Do-

362 4580 634 4634 redeundo
651 4578 994 4648 praisedere;
1027 4576 1120 4633 sed
1141 4575 1482 4648 gaudendum
1505 4585 1612 4644 est,
1639 4576 1683 4632 si
1706 4575 1946 4649 fraterna
2052 4581 2285 4636 minicae.
2331 4577 2436 4633 Per
2479 4577 2614 4634 alias
2642 4586 2824 4633 autem
2871 4575 3212 4642 festivitates,
3262 4592 3384 4647 qua:
3421 4593 3632 4648 magna:

363 4672 564 4742 possim
587 4668 984 4742 vestigiaparili
998 4667 1339 4726 consistione
1362 4675 1577 4724 tenere:
1607 4675 1669 4724 ut
1688 4667 1944 4735 fructum,

353 4761 455 4831 qui
491 4775 829 4830 nequaquam
879 4759 1011 4814 mihi
1061 4774 1128 4814 ex
1176 4758 1412 4829 spatiosa
1446 4767 1602 4814 terra
1655 4759 1943 4831 colligitur,

362 4851 589 4908 uberius
616 4853 866 4908 videatur
909 4860 1148 4924 angustae
1199 4850 1492 4908 fertilitatis
1531 4865 1946 4922 recompensans

354 4951 680 5014 proventus.

438 5035 574 5091 Volo
601 5043 805 5102 stiterit,
834 5033 1033 5090 fratres
1062 5032 1189 5100 mei,
1218 5033 1285 5089 de
1307 5032 1951 5090 vestrasconversatiouis

357 5129 558 5183 ordine
596 5141 770 5197 pauca
795 5125 1180 5197 perstringere,
1233 5131 1292 5180 ut
1334 5124 1476 5194 quod
1505 5124 1557 5179 in
1584 5124 1781 5181 vestris
1809 5140 1952 5182 nunc

359 5220 506 5275 vivis
533 5218 788 5289 cperibus
833 5217 1049 5289 legitur,
1082 5217 1252 5273 etiam
1299 5216 1547 5286 apicibus
1579 5216 1831 5272 traditum
1882 5217 1951 5273 ad

361 5328 578 5376 eorum,
606 5310 696 5381 qui
724 5309 878 5366 nobis
904 5311 956 5364 in
1000 5310 1102 5366 hoc
1128 5308 1246 5365 loco
1271 5307 1574 5365 successuri
1616 5316 1760 5372 sunt,
1809 5307 1951 5365 noti-

363 5401 502 5456 tiam
533 5399 922 5455 trausferatur:
955 5407 1223 5469 quatenus
1258 5405 1319 5454 et
1340 5397 1390 5454 si
1417 5413 1520 5453 non
1545 5398 1833 5470 contigerit
1857 5413 1952 5455 eos

363 5491 444 5545 ad
467 5489 665 5550 altiora
686 5489 1080 5556 conscendere,
1121 5489 1365 5545 eamdem
1394 5489 1585 5545 saltem
1623 5490 1836 5545 vivendi
1863 5505 1950 5544 re-

361 5578 580 5649 gulam,
598 5595 760 5649 quam
783 5594 879 5634 vos
903 5581 1140 5634 tenuisse
1159 5578 1466 5644 didicerint,
1496 5590 1550 5634 et
1580 5578 1676 5649 ipsi
1703 5579 1952 5634 studeant

362 5668 608 5726 fideliter
643 5669 966 5725 observare:
993 5677 1055 5722 ut
1096 5669 1186 5738 qui
1216 5669 1561 5726 habitationis
1591 5669 1792 5726 fuerint
1832 5685 1953 5726 suc-

816 5762 1090 5821 Ps'rnou.
1145 5758 1390 5820 CXLV.

2051 4670 2290 4742 quidem,
2339 4669 2434 4724 sed
2463 4668 2608 4724 adeo.
2626 4683 2734 4723 non
2769 4674 2894 4722 sunt
2927 4667 3235 4736 praecipua,
3257 4667 3374 4722 sive
3410 4666 3464 4722 in
3492 4683 3630 4738 qua-

2051 4761 2676 4834 dragesimaliwtempore,
2700 4762 2815 4816 sive
2833 4775 2942 4830 per.
2956 4758 3118 4814 totius
3138 4758 3264 4814 anni
3277 4759 3630 4827 curriculum,

2050 4853 2370 4908 cellerarius
2389 4867 2511 4907 cum
2537 4851 2642 4915 his,
2673 4850 2765 4920 qui
2790 4849 2946 4919 juxta
2975 4849 3259 4906 ecclesiam
3289 4863 3632 4906 commoran-

2055 4954 2164 5009 tur,
2190 4959 2314 5000 cum
2352 4941 2638 4999 duodecim
2671 4940 2955 4998 celebrent
3000 4941 3338 5008 lectionibus,
3372 4950 3539 5012 atque
3585 4941 3631 4998 si

2055 5033 2222 5104 priori
2261 5032 2495 5099 videtur,
2531 5030 2713 5103 aliqua
2760 5031 2867 5089 illis
2910 5031 3279 5090 misericordia
3324 5033 3635 5090 refectionis

2056 5126 2406 5196 impenditur.
2442 5125 2708 5181 Caeterum
2734 5126 2823 5191 hi.
2862 5128 2956 5198 qui
2984 5135 3107 5183 sunt
3131 5143 3228 5198 per
3253 5127 3476 5184 cellulas
3503 5137 3634 5183 colt-

2057 5215 2256 5282 stituti,
2303 5215 2443 5271 trina
2483 5214 2713 5273 lectione
2752 5217 3016 5280 contenti.
3051 5217 3180 5272 dum
3227 5216 3372 5271 foras
3402 5217 3634 5275 minime

2059 5307 2341 5377 prodeant,
2361 5303 2625 5375 jcjun’um
2658 5323 2815 5364 suum
2845 5324 2911 5364 ex
2946 5323 3096 5364 more
3115 5316 3462 5365 conservant.

2124 5397 2381 5478 ieiunare
2429 5407 2608 5454 autem
2665 5399 2784 5456 illos
2833 5400 3084 5463 diximus,
3141 5401 3232 5472 qui
3270 5417 3462 5473 panem
3511 5418 3632 5458 cum

2056 5489 2170 5547 sale
2194 5477 2251 5546 εἰ
2275 5504 2412 5563 aqua
2439 5490 2772 5561 percipiunt:
2802 5491 2892 5546 ubi
2918 5499 3098 5546 autem
3128 5502 3326 5562 praeter
3349 5495 3462 5549 lucc
3489 5492 3632 5551 aliud

2057 5581 2262 5653 aliquid
2313 5583 2550 5649 additur,
2605 5580 2896 5652 perfectum
2919 5581 3181 5652 jejunium
3237 5601 3341 5640 non
3386 5595 3634 5653 vocatur.

2035 5671 2322 5729 Solebant
2370 5683 2548 5729 autem
2600 5671 2687 5728 hic
2737 5673 2952 5742 quidam
2995 5686 3052 5732 et
3102 5676 3396 5734 Dominicis
3442 5679 3634 5733 diebus

3123 5767 3190 5829 11
