3996 6184
440 313 536 371 531

904 310 969 368 S.
1001 309 1209 368 PETRI
1238 307 1526 366 DAMIANI
1565 308 1715 366 OPP.
1750 306 1990 366 TOMUS
2023 306 2154 364 SEU
2199 306 2396 365 PARS.
2432 307 2517 366 111.
2550 339 2617 350 -
2644 307 3008 367 OPUSCULA
3049 308 3281 365 VARlA.

3601 316 3713 371 532

435 431 722 501 utriusque
742 428 1169 500 quadragesima:
1195 426 1537 483 coctionibns
1556 424 1850 487 abstinere,
1885 421 2027 492 quod
2057 428 2100 485 Α
2134 433 2237 477 tur.
2287 424 2492 478 Dantur
2520 432 2701 479 autem
2752 438 2819 479 ex
2870 436 3022 477 more
3064 423 3164 477 tria
3208 423 3374 478 millia
3425 439 3711 496 scoparum

438 540 539 579 nos
561 523 632 577 ob
657 522 1013 577 reverentiam
1041 535 1211 575 sacrae
1235 519 1342 574 diei
1376 517 1663 588 prohibere
1692 514 2021 572 curavimus.

437 612 647 667 Famuli
700 622 899 675 autem,
949 610 1039 679 qui
1068 609 1349 663 nobiseum
1376 615 1520 671 sunt,
1558 621 1655 675 per
1703 604 1869 660 totius
1897 598 2023 657 anni

438 704 699 760 circulum
734 702 905 756 tribus
930 716 1028 771 per
1074 700 1473 755 hebdomadam
1508 698 1697 752 diebus
1731 704 1916 752 tenent
1956 706 2025 748 ex

442 809 591 847 more
613 791 896 862 jejunium.
926 791 980 846 In
1014 791 1122 845 illis
1160 800 1340 845 autem
1363 789 1571 845 duabus
1598 784 2025 856 quadragesimis

436 893 669 951 quatuor
714 882 831 935 dies
859 880 1243 935 convenienter
1268 879 1580 942 observant,
1633 877 1875 945 exceptis
1919 874 2023 938 his,

437 971 530 1040 qui
566 972 617 1024 in
646 971 729 1024 via
758 970 970 1039 longius
996 969 1318 1037 diriguntur.
1366 968 1409 1021 A
1438 967 1562 1021 vino
1586 974 1792 1031 autem,
1833 973 1891 1017 ut
1922 977 2023 1017 uo-

440 1064 560 1127 stis,
595 1063 869 1131 aliquanto
920 1070 1161 1130 tempore
1209 1059 1607 1123 continuimus;
1649 1058 1722 1110 ita
1765 1066 1825 1110 ut
1851 1067 2026 1123 neque

439 1152 585 1217 laici,
622 1167 795 1220 neque
835 1151 1175 1204 extrinsecus
1205 1152 1505 1213 ven'cntcs,
1537 1146 1621 1202 vel
1646 1145 1808 1201 etiam
1846 1145 1896 1198 in
1923 1143 2026 1197 Pa-

440 1242 571 1295 scha
604 1239 837 1301 Domini,
871 1238 1069 1307 aliquid
1121 1238 1229 1302 hic,
1272 1245 1467 1306 prmter
1508 1250 1703 1305 aquam
1733 1232 1980 1287 biberent
2009 1247 2025 1288 ;

438 1345 615 1399 neque
647 1330 826 1382 vinum
865 1327 971 1392 hic,
1005 1327 1106 1380 nisi
1131 1340 1229 1395 pro
1267 1323 1535 1379 sacrificio
1568 1322 1875 1377 haberetur.
1920 1318 2027 1374 Sed

429 1421 697 1492 quoniam
733 1427 787 1473 ct
827 1418 915 1471 hic
948 1426 1226 1471 manentes
1254 1423 1541 1483 cmperunt
1575 1420 1902 1483 aegrotantes
1931 1409 2028 1463 de-

439 1517 622 1577 ﬁcere,
649 1523 704 1566 et
725 1511 941 1581 quidam
970 1510 1035 1562 ad
1061 1523 1303 1562 eremum
1334 1508 1567 1563 transire
1592 1506 1891 1575 cupientes,
1930 1502 2030 1556 hu-

434 1605 525 1674 jus
554 1603 751 1673 rigoris
784 1599 1181 1655 observantiam
1196 1597 1425 1668 penitus
1452 1598 1776 1661 abhorrere;
1834 1597 2031 1648 frater-

438 1710 542 1757 nze,
568 1689 731 1761 324
766 1691 902 1753 sive,
934 1698 991 1742 ut
1026 1688 1205 1743 verius
1246 1686 1444 1751 dicam,
1472 1686 1747 1741 communi
1781 1682 2027 1739 imbecil-

2127 528 2224 581 pro
2256 514 2414 568 unius
2455 514 2581 568 anni
2621 514 2973 584 paenitentia,
3032 514 3146 569 sive
3192 514 3374 585 viginti
3426 518 3713 587 psalteria,

2126 614 2221 657 ant
2248 604 2435 673 viginti
2467 605 2705 674 quinque
2735 604 2935 660 missae.

2197 696 2272 751 De
2313 696 2611 764 psalmodia
2649 711 2777 750 vero
2809 696 3145 751 consuetudo
3182 705 3300 761 est,
3331 707 3390 752 ut
3435 714 3557 753 cum
3607 700 3717 755 duo

2127 786 2323 842 fratres
2347 787 2508 843 simul
2540 795 2945 843 commorantur
2974 787 3027 841 in
3059 788 3214 851 cella,
3253 789 3357 844 duo
3407 791 3718 860 persolvant

2127 876 2179 930 in
2208 876 2296 930 die
2326 875 2602 945 psalteria,
2634 892 2797 930 unum
2832 892 2929 947 pro
2955 876 3109 938 vivis.
3142 877 3371 932 alterum
3394 894 3494 948 pro
3525 880 3717 935 defun-

2126 968 2250 1023 ctis.
2287 968 2351 1022 Et
2382 967 2507 1022 illud
2537 968 2785 1038 quidem,
2818 969 2960 1037 quod
3007 978 3090 1022 est
3123 969 3369 1024 vivorum
3390 1011 3407 1036 ,
3457 986 3578 1026 cum
3610 972 3719 1027 illis

2126 1058 2324 1113 dicitur
2365 1059 2769 1122 additamentis,
2798 1073 2918 1128 quae
2966 1059 3156 1114 beatus
3187 1059 3523 1117 Romnaldus
3547 1078 3717 1133 appo-

2128 1148 2265 1213 suit;
2300 1148 2440 1217 quod
2462 1163 2589 1204 vero
2618 1163 2716 1218 pro
2740 1147 3004 1203 defunctis
3029 1164 3149 1202 cum
3178 1165 3367 1205 novem
3393 1150 3718 1207 lect’Onibus

2129 1237 2348 1301 dicitur,
2396 1236 2567 1290 tribus
2609 1236 2865 1290 nimirum
2897 1251 2990 1306 per
3020 1236 3431 1308 quinquagenos
3456 1239 3715 1309 psalmos.

2129 1328 2229 1394 Qui
2264 1338 2443 1383 autem
2474 1326 2621 1383 solus
2644 1338 2911 1390 moratur,
2952 1325 3276 1381 Psalterium
3322 1328 3536 1397 quidem
3569 1334 3719 1385 vivo-

2130 1434 2248 1471 rum
2274 1425 2442 1472 totum
2466 1432 2562 1486 per
2592 1415 2832 1486 singulos
2862 1417 2975 1470 dies
3002 1416 3262 1486 adimplet
3290 1434 3303 1470 :
3335 1417 3719 1474 defunctorum

2126 1518 2308 1562 autem
2339 1509 2451 1563 sive
2478 1507 2737 1571 medium,
2767 1506 2879 1589 sivp
2912 1515 3085 1561 totum
3105 1547 3120 1571 ,
3157 1504 3314 1576 juxta
3345 1509 3487 1579 quod
3518 1510 3723 1564 virium

2128 1600 2461 1670 possibilitas
2488 1599 2855 1654 administrat.
2891 1598 3161 1653 Horarum
3204 1608 3385 1655 autem
3417 1602 3724 1671 psalmodia

2131 1691 2394 1747 canonica
2442 1691 2685 1755 omnino,
2712 1690 2851 1744 sicut
2894 1688 2949 1743 in
2982 1689 3351 1757 monasterio,
3393 1690 3466 1745 ita
3504 1692 3592 1747 hic
3621 1707 3726 1763 per

440 1784 579 1837 litati
605 1780 1012 1850 'dispensatorie
1041 1778 1532 1835 condescendentes
1575 1776 1926 1839 indulsimus,
1962 1782 2023 1828 ut
2056 1794 2098 1852 Β
2124 1784 2391 1847 ordinem,
2414 1789 2526 1835 tota
2548 1780 2901 1835 nihilominus
2932 1778 3278 1849 adiuiplctur.

439 1873 621 1925 vinum
636 1872 725 1925 hic
748 1880 961 1925 servato
988 1867 1300 1923 sobrietatis
1324 1865 1690 1921 moderamine
1710 1865 2020 1919 biberetnr:

439 1964 668 2034 utquod
718 1978 838 2017 cum
871 1961 1077 2015 Joanne
1114 1976 1217 2013 non
1257 1974 1544 2028 possumus
1589 1971 1667 2013 ex,
1702 1966 1814 2012 toto
1867 1955 2026 2010 relin-

394 2108 397 2109 ν
436 2071 627 2124 qnerc,
659 2053 851 2107 saltem
882 2066 1004 2104 cum
1033 2050 1316 2103 Timotheo
1338 2048 1490 2102 Pauli
1519 2048 1780 2117 discipulo
1806 2046 2025 2101 studea-

439 2160 560 2197 mus
610 2142 823 2196 infirmo
849 2141 1133 2194 stomacho
1184 2140 1393 2202 sobrie,
1448 2147 1503 2191 et
1545 2138 1818 2191 humiliter
1861 2136 2024 2189 n'tini-

438 2244 612 2286 sttare
644 2230 690 2301 (I
724 2229 857 2282 Tim.
883 2230 939 2297 ν)
974 2246 985 2281 :
1019 2237 1073 2281 et
1111 2228 1203 2296 qui
1242 2243 1466 2297 prorsus
1489 2227 1737 2281 abstemii
1771 2240 1891 2280 esse
1921 2240 2026 2278 non

439 2336 747 2393 possumus,
773 2335 893 2374 esse
918 2319 1110 2373 saltem
1151 2318 1315 2371 sobrii
1360 2320 1694 2371 Studeamus.
1744 2314 2029 2369 Verumta-

428 2431 559 2467 men
589 2413 640 2465 iu
672 2412 943 2481 praedictis
986 2412 1193 2464 duabus
1219 2410 1649 2479 quadragesimis
1692 2407 2028 2462 consuetudo

428 2507 645 2569 tonuit,
690 2515 748 2557 ut
786 2518 959 2573 neque
987 2503 1307 2565 monachis,
1365 2516 1537 2570 neque
1584 2501 1734 2554 laicis
1778 2500 1886 2552 vini
1944 2497 2029 2553 vel

423 2598 596 2648 etiam
631 2595 790 2663 piscis
821 2593 1095 2663 perceptio
1145 2590 1493 2646 concedatur.
1523 2588 1865 2643 Pnlmentum
1897 2602 2031 2656 quo-

436 2706 541 2757 quo
580 2690 631 2742 in
680 2690 898 2741 cisdem-
926 2685 1356 2755 quadragesimis
1400 2700 1678 2753 nunquam
1725 2686 1798 2737 sit
1835 2692 2030 2752 prtetcr

439 2795 625 2842 unum,
660 2780 759 2831 nisi
787 2778 870 2830 his
894 2784 1125 2845 quatuor
1150 2774 1564 2837 festivitatibus,
1593 2775 1801 2829 scilicet
1824 2774 1882 2827 B.
1915 2775 2028 2826 Au-

438 2872 602 2932 drew,
630 2870 685 2921 S.
712 2867 1011 2931 Benedicti,
1040 2866 1093 2919 in
1119 2865 1395 2919 Dominica
1426 2865 1754 2932 Palmarum,
1787 2873 1841 2918 et
1863 2864 2027 2917 (luam

440 2959 674 3020 Domini,
702 2956 895 3027 quibus
915 2956 1174 3013 nimirum
1204 2955 1589 3009 sacratissimis
1613 2955 1803 3009 diebus
1826 2954 2024 3023 pisces,

428 3064 493 3109 et
532 3054 713 3108 vinum
747 3067 869 3106 cum
897 3050 1193 3120 gratiarum
1218 3049 1430 3103 actione
1460 3048 1853 3118 percipiuntur.

2198 1872 2360 1943 325
2398 1871 2511 1927 lloc.
2540 1878 2723 1925 autem
2778 1871 2921 1924 inter
2968 1878 3162 1923 czrtera
3190 1868 3724 1938 praetermittendum

2128 1979 2233 2016 non
2270 1972 2387 2027 est,
2417 1962 2542 2031 quia
2594 1961 2650 2015 in
2698 1958 2906 2014 cellulis
2947 1960 3280 2013 continuum-
3317 1968 3547 2025 tenetur,
3574 1960 3728 2018 sicut

2129 2034 2317 2108 re‘vera
2354 2054 2404 2106 in
2439 2054 2706 2115 oratorio,
2741 2066 2808 2105 ex
2837 2064 2988 2105 more
3017 2049 3289 2103 silentium
3320 2068 3334 2104 :
3368 2066 3467 2105 nec
3497 2060 3725 2120 praster-

2130 2145 2379 2207 mittitur,
2409 2153 2467 2195 ut
2499 2142 2607 2197 illic
2633 2141 2828 2211 aliquis
2850 2140 2929 2195 vel
2958 2156 3056 2210 pro
3077 2138 3415 2196 confessione
3438 2140 3723 2210 loquatur;

2127 2245 2349 2305 excepto
2377 2234 2422 2289 si
2454 2233 2618 2303 priori
2667 2234 2841 2287 visum
2875 2232 3073 2296 fuerit,
3118 2240 3177 2285 ut
3212 2232 3461 2298 novitiis,
3496 2248 3723 2288 eorum-

2127 2340 2234 2396 que
2268 2324 2668 2380 iustitutoribus
2690 2324 2755 2376 ad
2791 2333 3000 2391 tempus
3030 2322 3425 2391 aliquantulum
3458 2321 3723 2393 loquendi

2128 2414 2346 2472 licentia
2379 2413 2725 2468 concedatur.
2776 2411 2831 2465 Si
2863 2411 2990 2480 quid
3021 2422 3201 2467 autem
3244 2411 3390 2481 loqui
3440 2411 3723 2480 indigent,

2129 2505 2195 2561 ad
2232 2504 2517 2559 ecclesiam
2559 2503 2918 2573 prodeuntes,
2950 2516 3177 2571 qumque
3233 2510 3363 2556 sunt
3408 2502 3723 2556 necessaria

2141 2592 2513 2648 manifestant.

2199 2685 2334 2740 Illud
2355 2685 2518 2739 etiam
2544 2699 2648 2737 non
2681 2681 2905 2737 minima
2935 2697 3061 2752 pars
3082 2682 3419 2752 pteuitentia‘.
3441 2690 3548 2744 est,
3576 2685 3726 2751 quod

2129 2778 2278 2833 omni
2313 2786 2577 2846 tempore,
2607 2776 2720 2830 sive
2749 2783 2957 2839 aestate,
2988 2774 3102 2828 sive
3133 2774 3331 2839 hieme,
3360 2790 3464 2828 non
3494 2775 3725 2839 calceis,

2130 2882 2236 2920 non
2260 2866 2437 2920 ocreis
2461 2875 2687 2921 utuntur.
2711 2866 2762 2919 in
2792 2865 3027 2926 cellulis;
3054 2866 3147 2920 St'tl
3178 2867 3332 2920 nudis
3360 2882 3573 2936 semper
3592 2882 3727 2921 cru-

2130 2958 2309 3021 ribus,
2341 2966 2395 3012 ct
2423 2958 2650 3028 pedibus
2674 2958 3007 3012 consuetudo
3050 2967 3133 3011 cst
3164 2973 3516 3026 permanere,
3547 2974 3728 3014 exce-

2130 3048 2237 3118 ptis
2264 3048 2348 3102 his
2379 3047 2469 3117 qui
2496 3048 2649 3117 gravi
2682 3047 2925 3101 molestia
2965 3047 3293 3101 intirmimis
3325 3056 3607 3118 urgentur.

497 3146 565 3200 λιι
598 3145 837 3199 Sabbato
871 3153 1050 3197 autem
1080 3150 1271 3196 sancto
1291 3180 1305 3203 ,
1336 3154 1436 3194 nec
1478 3155 1584 3193 non
1628 3147 1684 3193 et
1713 3138 1892 3209 vigilia
1923 3139 2028 3192 Νει-
2055 3140 2099 3200 C
2202 3139 2470 3209 Regulare
2492 3148 2671 3192 autem
2695 3148 2778 3192 est
2805 3138 3171 3202 inouasteriis,
3198 3148 3255 3191 ut
3286 3138 3336 3191 hi
3370 3138 3458 3208 qui
3494 3141 3545 3192 in
3575 3139 3727 3193 viam

426 3236 561 3290 talis
590 3233 820 3295 Domini,
862 3240 919 3285 ut
955 3231 1109 3285 labor
1130 3230 1481 3286 ecclesiastici
1533 3229 1803 3283 relevetur
1829 3230 2018 3294 ollirii,

422 3336 606 3380 totum
636 3340 853 3394 panem,
883 3322 973 3391 qui
997 3321 1284 3387 voluerint,
1318 3322 1608 3375 comedunt
1636 3338 1649 3373 :
1699 3320 1864 3373 alium
1895 3336 2023 3374 vero

424 3420 615 3473 cibum
648 3416 761 3469 sive
812 3413 960 3477 laici,
1005 3412 1119 3466 sive
1168 3410 1420 3465 monachi
1450 3410 1665 3480 penitus
1696 3424 1801 3463 non
1829 3409 2023 3462 admit—

439 3517 577 3560 tunt.
605 3506 740 3558 Tres
769 3512 945 3557 autem
974 3502 1309 3555 solummodo
1348 3511 1555 3554 octavze
1584 3515 1679 3569 per
1707 3515 1906 3552 annum
1949 3500 2021 3552 ita

422 3600 815 3660 celebrantur,
843 3604 901 3649 ut
942 3592 1190 3664 jejunare
1234 3592 1322 3647 hic
1353 3605 1516 3646 nemo
1545 3599 1770 3661 cogatur
1795 3630 1809 3655 ,
1842 3591 1892 3644 id
1916 3598 2019 3653 est,

442 3689 732 3743 llotuinicae
772 3685 1208 3741 Besurrectionis
1231 3724 1245 3749 ,
1282 3693 1337 3737 et
1380 3693 1586 3738 sancta:
1632 3682 1981 3737 Pentecostes
2004 3723 2018 3744 ,

436 3794 602 3850 atque
623 3778 829 3833 Natalis
856 3776 1086 3833 Domini.
1121 3775 1229 3830 Sed
1254 3774 1601 3844 quibusdam,
1634 3773 1761 3843 quia
1803 3782 2025 3844 propter

439 3872 849 3928 desuetudinem
875 3867 941 3941 ll.
954 3863 1697 3937 consuetudinarn]graveest
1718 3866 1881 3919 totius
1901 3864 2024 3918 heb-

438 3965 684 4021 domada:
714 3963 894 4019 binam
922 3961 1241 4016 continuare
1269 3957 1654 4023 refectionem,
1686 3956 2025 4028 quandoqui-

431 4058 561 4110 dem
585 4056 687 4108 hoc
714 4050 989 4106 humiliter
1017 4055 1313 4118 expetunt,
1337 4045 1586 4115 ieiunare
1628 4045 2023 4117 aliquantulum

434 4160 538 4213 pro
559 4138 929 4195 misericordia
954 4138 1349 4193 conceduntur.
1372 4135 1721 4191 Consuetudo
1741 4144 1824 4190 est
1843 4145 2024 4190 autem

433 4233 697 4287 fratribus
726 4230 781 4283 in
808 4229 996 4283 diebus
1022 4226 1315 4281 Dominicis
1349 4226 1496 4280 ontni
1524 4235 1787 4295 tempore,
1828 4237 2025 4294 praeter

439 4319 884 4392 quadragesimas
913 4316 1069 4381 duas,
1110 4316 1215 4370 duo
1237 4315 1439 4371 habere
1477 4314 1784 4386 pulmenta;
1820 4317 1873 4369 in
1904 4316 2026 4371 aliis

440 4426 576 4465 vero
609 4408 797 4462 diebus
824 4420 988 4460 unum
1016 4404 1373 4459 solummodo.
1397 4404 1464 4458 Et
1487 4406 1552 4459 de
1564 4403 1789 4475 jejuuiis
1808 4405 2023 4475 quidem

443 4505 544 4557 ista
569 4498 858 4555 sulliciaut.

513 4595 570 4649 1ιι
599 4592 812 4649 cazteris
840 4600 1021 4645 autem
1061 4588 1357 4661 spiritualis
1382 4588 1625 4645 exercitii
1656 4587 1870 4655 studiis,
1900 4605 2022 4659 qua)

443 4692 513 4746 sit
533 4687 773 4744 continui
804 4685 1032 4741 fervoris
1061 4685 1337 4750 instantia,
1366 4700 1487 4754 qua:
1506 4684 1835 4751 sollicitudo,
1856 4701 2017 4755 quam

444 4782 567 4854 vigil
596 4791 652 4838 et
676 4794 903 4850 operosa
943 4777 1283 4848 frequentia,
1333 4778 1497 4832 timeo
1524 4777 1743 4833 dicere:
1787 4794 1853 4832 ne
1890 4779 2020 4833 mihi

443 4874 729 4935 similibus,
761 4870 1046 4926 desidiosis
1086 4869 1359 4934 videlicet,
1406 4878 1463 4924 et
1504 4870 1899 4941 negligentibus
1945 4872 2023 4923 vi—

445 4967 576 5018 dear
602 4974 867 5017 onerosus
896 4960 1150 5023 existere,
1183 4969 1347 5029 atque
1386 4973 1574 5013 eorum
1612 4960 1665 5013 in
1704 4974 1788 5014 mc
1816 4960 2023 5028 aliqua-

446 5066 604 5109 tenus
634 5050 892 5116 invidiam
929 5047 1203 5102 concitare
1241 5066 1252 5100 :
1305 5049 1407 5102 hoc
1449 5058 1630 5102 tamen
1663 5048 1797 5103 mihi
1838 5048 2021 5111 liceat,

445 5148 572 5214 quia
606 5153 750 5199 tanta
785 5150 869 5195 est
910 5140 1184 5212 diligentia
1239 5139 1291 5191 in
1331 5139 1653 5216 ﬂexionibus
1682 5156 1941 5209 genuum,
1971 5143 2023 5193 iu

445 5236 743 5305 disciplinis
769 5246 1083 5301 scoparum,
1118 5240 1174 5283 et
1224 5230 1274 5282 in
1328 5231 1537 5283 caeteris
1586 5231 1914 5300 hujusmodi,
1969 5244 2027 5286 ιιι

446 5346 565 5393 cum
597 5326 823 5398 quilibet
866 5323 1135 5392 pteniteus
1167 5320 1385 5374 incertae
1416 5321 1610 5373 mentis
1642 5332 1811 5385 tuetu,
1846 5323 2021 5391 injun-

447 5433 585 5475 ctam
611 5417 985 5490 ptenitentiam
1014 5429 1109 5483 per
1151 5413 1264 5466 hcce
1294 5412 1532 5465 remedia
1579 5413 1799 5481 implere
1828 5416 2020 5484 ρι’ωοί-

448 5513 610 5575 pitur,
654 5510 800 5563 brevi
832 5518 1070 5576 tempore
1098 5504 1252 5573 longa
1290 5502 1605 5571 pmuitcntia
1654 5512 2019 5567 consumatur,

450 5599 593 5655 salva
627 5609 803 5653 tamen
848 5595 1270 5659 consuetudine,
1320 5604 1377 5647 ut
1424 5595 1469 5648 si
1526 5595 1866 5664 postmodum
1911 5596 2020 5651 vita

448 5694 681 5753 hominis
723 5695 773 5746 in
806 5693 1017 5760 longum
1050 5692 1280 5753 ducitur.
1322 5689 1585 5759 jejunium
1616 5702 1720 5740 non
1753 5684 2025 5755 relinqua-

2124 3226 2449 3298 diriguntur,
2498 3226 2629 3280 foris
2677 3241 2781 3280 non
2831 3225 3222 3291 comedant,si
3258 3240 3323 3279 eo
3369 3226 3455 3281 die
3497 3238 3731 3296 ενα-,λιιι

2124 3320 2317 3375 reverti
2358 3337 2370 3348 ο
2402 3320 2487 3374 cui
2520 3319 2767 3373 videlicet
2815 3319 3176 3373 observantia:
3213 3317 3340 3371 illud
3371 3318 3533 3372 etiam
3575 3320 3728 3389 apud

2123 3427 2222 3465 nos
2257 3410 2476 3465 additur
2508 3429 2520 3463 :
2555 3419 2613 3463 ut
2642 3411 2757 3464 sive
2806 3409 2954 3478 ipso,
2990 3410 3104 3463 sive
3140 3408 3244 3463 alio
3276 3408 3363 3463 die
3406 3405 3572 3463 fuerit
3596 3410 3729 3479 quis

2122 3518 2370 3573 egressus
2392 3543 2406 3566 ,
2430 3500 2646 3568 jejunus
2674 3488 2887 3569 semper
2924 3503 2990 3555 ad
3041 3516 3283 3555 eremum
3318 3511 3646 3557 revertatur.

2194 3594 2270 3647 De
2301 3594 2512 3647 caeteris
2545 3607 2673 3646 vero
2706 3592 3019 3647 monasticae
3066 3592 3424 3648 institutionis
3448 3592 3727 3649 observa-

2127 3682 2362 3738 tionibus
2407 3682 2668 3752 quidquid
2699 3682 2749 3735 in
2781 3682 3048 3754 regulari,
3080 3692 3138 3737 et
3165 3684 3413 3739 districto
3441 3697 3730 3739 monaste-

2126 3778 2204 3830 rio
2234 3784 2468 3837 tenetur,
2486 3775 2627 3829 idem
2653 3776 2815 3830 etiam
2845 3777 2934 3831 hic
2960 3786 3141 3841 caute,
3169 3789 3224 3832 et
3247 3778 3480 3833 solerter
3507 3779 3691 3834 nihilo
3710 3812 3725 3820 -

2125 3868 2302 3921 minus
2338 3865 2640 3921 custoditur
2678 3884 2692 3919 :
2737 3865 2987 3921 videlicet
3037 3867 3106 3921 de
3144 3868 3550 3939 promptissima
3589 3869 3733 3925 obe-

2126 3959 2367 4020 dientia,
2417 3967 2477 4012 ut
2524 3960 2886 4028 quodcunque
2928 3960 3262 4030 praecipitur,
3320 3959 3734 4020 ferventissime

2125 4058 2454 4121 peragatur:
2489 4049 2555 4103 de
2600 4064 2707 4104 non
2740 4048 2919 4104 dando
2941 4089 2958 4115 ,
2992 4049 3071 4105 vel
3104 4050 3423 4120 accipiendo
3452 4050 3572 4106 sine
3591 4050 3729 4119 ius-

2126 4141 2279 4195 sione
2300 4138 2498 4209 prioris
2525 4156 2538 4192 :
2566 4137 2633 4193 de
2655 4138 2875 4209 proprio
2904 4156 3011 4195 non
3038 4140 3287 4195 habendo
3314 4159 3327 4194 :
3358 4151 3416 4196 ut
3438 4141 3564 4196 dum
3590 4155 3737 4200 sum

2129 4234 2182 4287 in
2210 4231 2469 4295 claustro,
2494 4229 2635 4299 quod
2658 4238 2743 4284 est
2761 4230 2922 4299 juxta
2946 4230 3258 4295 ecclesiam,
3287 4230 3400 4286 sive
3427 4231 3479 4285 in
3506 4229 3737 4289 festivis

2128 4322 2341 4387 diebus,
2364 4321 2479 4376 sive
2501 4319 3261 4391 omnibusjncompetcntibus
3278 4321 3429 4377 horis
3440 4320 3735 4379 silentium

2131 4422 2351 4470 teneant
2380 4431 2392 4466 :
2427 4419 2486 4466 ut
2516 4411 2571 4465 in
2598 4411 2872 4482 capitulo,
2918 4407 2972 4468 in
3023 4414 3298 4479 oratorio,
3343 4414 3396 4469 in
3427 4414 3739 4471 rcfectoriu

2050 4514 2101 4575 ι)
2125 4504 2427 4577 regularem
2455 4502 2902 4558 consuetudinem
2931 4518 3039 4558 non
3080 4512 3409 4573 postponam
3435 4522 3447 4556 :
3497 4490 3558 4557 ut
3592 4519 3736 4560 cum

2127 4597 2428 4667 hospitibus
2472 4608 2579 4648 non
2614 4595 2923 4664 loquantur,
2959 4604 3124 4666 atque
3166 4596 3291 4651 ideo
3328 4612 3357 4649 a
3391 4595 3603 4650 cellulis
3628 4612 3738 4651 us-

2124 4702 2229 4757 que
2258 4685 2324 4739 ad
2355 4684 2641 4740 ecclesiam
2690 4687 2806 4740 sive
2834 4688 3117 4741 venientes
3139 4726 3155 4752 ,
3187 4688 3303 4740 sive
3331 4687 3660 4751 redeuntes,
3699 4704 3736 4741 ει

2124 4796 2352 4839 censura
2383 4780 2581 4836 silentii
2615 4796 2722 4836 non
2755 4783 3042 4846 recedant;
3070 4791 3126 4836 et
3156 4782 3323 4835 multa
3362 4780 3525 4847 lmjus
3549 4797 3739 4851 gene-

2128 4874 2236 4935 ris,
2283 4886 2402 4941 qme
2428 4871 2684 4925 nimirum
2718 4886 2817 4925 nos
2859 4872 3060 4927 idcirco
3089 4886 3410 4926 enumerare
3436 4873 3742 4941 postponi-

2127 4949 2269 5025 mus,
2297 4960 2425 5027 quia
2453 4958 2698 5013 laciniosi
2729 4958 2853 5029 styli
2883 4959 3161 5013 fastidium
3184 4960 3506 5013 devitamus.
3538 4956 3747 5017 Taceo

2126 5053 2193 5107 de
2240 5050 2445 5104 vilitate
2492 5058 2822 5119 spontanea,
2870 5058 2925 5102 et
2984 5050 3280 5120 asperitate
3332 5050 3600 5114 vestium,
3662 5052 3749 5108 de

2128 5141 2356 5203 duritia,
2384 5141 2450 5195 de
2478 5141 2799 5196 austeritate
2824 5140 3107 5203 cubilium,
3140 5150 3195 5195 et
3224 5141 3290 5195 de
3312 5140 3559 5193 districta
3588 5155 3749 5194 cen-

2126 5250 2252 5288 sura
2280 5234 2519 5298 silentii,
2558 5234 2623 5287 de
2655 5248 2839 5287 amore
2864 5242 3136 5303 perpetuae
3166 5231 3506 5287 inclusionis.

2204 5326 2337 5379 lllud
2361 5339 2492 5379 sane
2524 5333 2715 5379 cuncta
2740 5324 2958 5378 videtur
2983 5323 3278 5386 excellere,
3309 5321 3438 5375 illud
3464 5321 3753 5382 omnibus

2130 5428 2315 5472 sancte
2340 5418 2646 5473 viventibus
2668 5418 2830 5487 digne
2861 5426 3113 5472 censetur
3138 5415 3428 5470 virtutibus
3453 5415 3755 5483 eminere,

2126 5509 2271 5576 quod
2302 5516 2450 5561 tanta
2487 5519 2569 5561 est
2598 5509 2738 5562 inter
2787 5508 2987 5562 fratres
3036 5508 3307 5567 Charitas,
3344 5514 3491 5560 tanta
3534 5504 3754 5560 unitas

2131 5599 2463 5652 voluntatum
2504 5599 2693 5653 vicarii
2728 5599 2929 5653 amoris
2979 5598 3102 5667 igne
3151 5596 3417 5659 conﬂata;
3464 5604 3524 5647 ut
3556 5610 3763 5653 unus-

2129 5692 2359 5760 quisque
2393 5706 2451 5745 sc
2498 5708 2603 5745 non
2652 5692 2792 5754 sibi,
2841 5691 2937 5745 sed
2984 5689 3235 5745 oumibus
3266 5697 3449 5743 natum
3482 5684 3699 5742 credat
3739 5705 3758 5742 :
