3994 6188
299 334 402 393 333

1180 316 1421 376 OPUSC.
1455 315 1594 373 XIV.
1625 345 1691 356 —
1720 314 1810 372 DE
1829 308 2085 372 ORDINE
2122 310 2428 379 EREMIT.,
2454 308 2606 368 ETC.

3443 309 3551 368 33$

298 442 440 513 quod
484 437 720 492 alienum
768 439 882 496 est,
919 428 1031 500 ipse
1076 427 1393 498 possideat:
1446 433 1500 481 et
1532 423 1676 495 quod
1709 407 1875 479 suum
1906 426 1952 486 Α
1983 421 2068 477 his
2109 421 2201 492 qui
2233 421 2330 476 tibi
2377 419 2591 513 subditi
2617 418 2854 513 fuerint,
2907 434 3016 476 non
3051 419 3296 513 declines
3339 436 3370 478 a
3415 422 3562 482 bono

300 545 379 591 est
399 575 415 598 ,
445 534 498 586 in
529 542 720 586 omnes
749 533 976 580 extenso
1001 533 1185 575 amore
1217 515 1580 573 transfundat.

369 622 483 678 Hoc
524 618 658 674 mihi
702 615 864 670 etiam
910 625 1016 666 non
1064 607 1412 663 mediocriter
1454 605 1658 676 placet,
1689 602 1885 659 fratres

303 712 404 770 mei
428 750 444 776 ,
480 708 608 780 quia
634 705 679 760 si
702 702 824 773 quis
854 701 997 755 inter
1025 712 1122 752 vos
1149 695 1380 750 debilior
1402 693 1734 764 apparuerit,
1758 706 1883 746 mox

301 819 488 862 omnes
515 798 768 857 certatim
789 836 804 862 ,
833 794 962 866 quid
1005 791 1262 864 patiatur,
1312 789 1619 860 inquiritis,
1647 796 1706 842 ut
1735 803 1795 843 se
1818 785 1886 841 de

303 895 459 952 solito
488 890 668 960 rigore
718 884 999 939 remittere
1047 895 1155 934 non
1209 887 1472 944 moretur,
1507 877 1802 940 instantes,
1832 883 1888 930 et

301 1000 408 1040 non
437 980 610 1036 solum
643 972 950 1030 necessaria
982 983 1212 1040 quaeque
1234 980 1527 1038 suggerere
1546 1006 1560 1030 ,
1594 965 1690 1019 sed
1721 964 1886 1019 etiam

302 1071 664 1141 vosmetipsos
691 1065 757 1120 ad
805 1064 921 1134 ejus
967 1059 1271 1117 custodiam
1321 1056 1598 1112 ultroneos
1643 1053 1889 1126 gaudetis

251 1205 266 1218 κ
303 1166 520 1222 offerre.
1678 1161 1682 1164 “

372 1254 505 1308 Illud
527 1251 692 1306 etiam
722 1245 936 1303 silentio
962 1242 1225 1314 praeteriri
1257 1240 1481 1313 dignum
1508 1252 1630 1295 esse
1654 1252 1762 1293 non
1791 1237 1890 1292 du-

305 1346 511 1408 cimus,
542 1341 668 1410 quia
695 1353 818 1393 cum
846 1334 1014 1390 frater
1043 1332 1310 1403 quispiam
1335 1345 1404 1386 ex
1433 1329 1638 1387 nostris
1666 1327 1886 1391 obierit,

303 1435 674 1504 unusquisque
719 1443 817 1498 pro
857 1442 924 1483 eo
953 1431 1178 1494 'scptem
1232 1423 1350 1478 dies
1393 1419 1634 1492 jejunat,
1683 1429 1890 1489 septem

304 1524 620 1596 disciplinas
649 1535 771 1576 cum
821 1516 1055 1572 millenis
1102 1529 1390 1586 scoparum
1432 1513 1632 1567 ictibus
1663 1509 1889 1580 accipit,

304 1618 676 1688 septingentas
719 1620 1011 1666 metanmas
1040 1605 1201 1672 facit,
1238 1604 1461 1674 triginta
1490 1602 1715 1672 insuper
1739 1598 1891 1654 Psal-

305 1709 442 1762 teria
488 1719 554 1758 ex
600 1715 750 1756 more
797 1699 1084 1761 decantat,
1111 1693 1384 1751 continuis
1413 1706 1628 1762 quoque
1669 1689 1891 1759 triginta

1988 514 2201 568 tramite
2220 552 2236 578 ,
2261 527 2358 584 per
2387 525 2550 582 quem
2580 511 2634 566 in
2662 511 2766 567 hoc
2791 510 2912 566 loco
2941 526 3085 566 nunc
3133 512 3424 580 inceditur,
3453 530 3562 572 non

1987 604 2228 659 oberres.
2261 602 2469 657 Pudeat
2515 616 2612 658 vos
2641 601 2709 657 ab
2747 600 2958 656 illorum
3002 603 3283 659 nobilitate
3323 605 3443 660 fieri
3483 605 3566 663 vi-

1985 694 2162 749 vendo
2186 694 2516 764 degeneres,
2540 693 2632 762 qui
2672 691 2799 748 facti
2829 693 2963 748 estis
2992 693 3302 750 habitaculo
3345 710 3565 752 succes-

1985 797 2158 839 sores.
2189 783 2377 847 Absit,
2404 792 2466 838 ut
2510 782 2677 838 divini
2711 782 2953 852 obsequii
2999 798 3194 839 census
3223 794 3404 841 vestro
3429 795 3569 842 tem-

1985 888 2118 943 pore
2140 874 2388 928 videatur
2417 873 2688 938 imminui,
2717 873 2808 944 qui
2833 874 2945 929 Deo
2970 890 3035 930 ex
3067 875 3228 946 hujus
3255 875 3357 931 loci
3387 876 3563 933 reditu

1987 964 2196 1020 solebat
2221 972 2348 1020 anle
2368 963 2600 1035 persolvi
2630 983 2643 1019 :
2672 981 2779 1019 non
2809 964 2985 1035 impar
3003 966 3201 1036 quippe
3229 981 3454 1036 pensum
3477 968 3572 1022 de-
3596 996 3598 1000 τ

1987 1057 2086 1113 1ιίιὶ
2119 1059 2359 1115 muneris
2401 1059 2604 1128 exigit,
2655 1058 2748 1129 qui
2793 1060 3188 1128 possessionem
3231 1076 3384 1115 suam
3415 1061 3571 1116 novis

1989 1149 2241 1221 agricolis
2268 1147 2487 1220 antiqua
2516 1148 2779 1204 censitam
2809 1148 3068 1220 pensione
3093 1149 3310 1207 locavit.

2060 1236 2176 1293 Non
2201 1253 2332 1310 ergo
2357 1253 2452 1295 vos
2479 1252 2576 1310 per
2601 1239 2850 1310 spatiose
2882 1241 2985 1295 vite
3042 1240 3381 1297 latitudinem
3427 1241 3574 1298 deleo
3633 1247 3636 1250 ’

1990 1338 2099 1385 ctet
2129 1330 2399 1396 incedere,
2430 1330 2521 1400 qui
2560 1328 2824 1398 jubemini
2851 1345 2952 1400 per
2997 1340 3282 1402 angustam
3324 1341 3572 1402 portam,

1991 1431 2112 1486 qme
2150 1417 2300 1472 ducit
2346 1418 2413 1471 ad
2461 1419 2663 1484 vitam,
2694 1418 2900 1472 intrare
2942 1416 3158 1489 (Matth.
3207 1418 3328 1491 vn).
3372 1419 3574 1476 Stricta

1993 1522 2226 1579 namque
2253 1509 2337 1562 via
2365 1517 2452 1564 est
2486 1524 2607 1578 quae
2635 1507 2784 1564 ducit
2809 1511 2877 1564 ad
2912 1509 3139 1576 caelum;
3181 1509 3356 1579 ampla
3389 1518 3572 1565 autem

1993 1605 2106 1662 est,
2135 1612 2256 1667 qua:
2283 1599 2479 1670 mergit
2509 1599 2563 1653 in
2598 1607 2884 1653 tartarum.
2933 1597 3050 1652 Non
3081 1599 3265 1669 itaque
3291 1599 3358 1653 ad
3385 1615 3576 1654 mona-

1995 1688 2271 1744 sterialem
2320 1689 2673 1744 laxitudinem
2708 1689 2778 1744 ab
2825 1687 3110 1744 cremitica
3157 1703 3254 1744 vos
3283 1689 3449 1744 libeat
3493 1689 3576 1744 di-

305 1812 403 1868 pro
445 1809 512 1850 eo
561 1792 753 1848 diebus
798 1789 1089 1844 missarum
1133 1784 1395 1840 solemnia
1426 1781 1733 1853 specialiter
1755 1778 1902 1834 cele-
1925 1776 1970 1836 Β
1998 1778 2279 1833 strictione
2297 1780 2655 1834 descendere:
2678 1779 2958 1846 et,relicta
2979 1779 3098 1852 lege
3123 1780 3371 1850 spiritus,
3392 1781 3575 1836 carnis

303 1889 554 1942 brantur.
588 1881 715 1936 llaec
747 1879 912 1950 igitur
949 1876 1109 1948 hujus
1142 1875 1244 1931 loci
1274 1873 1460 1944 regula
1489 1871 1630 1926 nulla
1655 1870 1764 1924 voti
1791 1885 1889 1946 va-

306 1979 502 2034 rietate
526 1975 871 2044 postponitur
896 1987 908 2023 :
934 1970 1051 2025 luec
1077 1968 1418 2027 consuetudo.
1439 1965 1585 2021 circa
1611 1962 1893 2019 defunctos

307 2066 556 2124 districta
591 2061 756 2134 326
792 2075 1020 2131 prorsus
1054 2067 1110 2114 et
1146 2055 1443 2112 inviolabili
1472 2068 1686 2125 semper
1707 2053 1894 2107 obser-

309 2157 526 2211 vatione
557 2161 787 2208 tenetur.
813 2150 870 2205 Si
903 2148 1026 2219 quis
1058 2155 1237 2202 autem
1270 2145 1501 2200 fortasse
1530 2143 1787 2206 novitius,
1811 2139 1894 2195 vel

307 2246 546 2318 quolibet
591 2243 752 2298 modo
801 2249 974 2296 morte
1003 2246 1340 2308 praeventus,
1393 2234 1685 2304 injunctam
1718 2234 1893 2302 pumi-

308 2339 530 2394 tentiam
569 2345 950 2390 consummare
977 2345 1085 2384 non
1114 2328 1309 2398 potuit,
1331 2341 1456 2390 mox
1483 2335 1540 2380 ut
1567 2325 1632 2380 ad
1663 2324 1893 2378 fratrum

308 2429 556 2483 notitiam
608 2438 696 2480 res
731 2421 996 2494 patefacta
1026 2419 1370 2491 pervenerit,
1407 2433 1529 2472 cum
1561 2432 1759 2487 magno
1789 2415 1895 2471 fer-

307 2533 439 2574 vore
469 2526 577 2572 tota
607 2513 924 2586 pretiitentia
955 2511 1111 2581 parili
1142 2509 1285 2565 facta
1315 2510 1459 2564 inter
1483 2522 1578 2562 eos
1606 2506 1893 2573 divisione,

309 2611 606 2680 suscipitur
638 2627 652 2662 :
680 2615 735 2662 et
759 2604 1095 2675 quantalibet
1120 2603 1231 2666 sit,
1272 2599 1423 2655 brevi
1474 2599 1651 2668 spatio
1687 2613 1784 2668 per
1813 2598 1927 2651 ili--

309 2717 498 2757 versos
526 2699 879 2754 alllictionum
920 2695 1108 2750 modos
1136 2701 1362 2748 ovanter
1395 2690 1661 2761 expletur.
1691 2688 1898 2744 Felices

310 2796 570 2851 nimirum
599 2790 800 2847 divitiae
827 2786 1133 2850 cbaritatis,
1161 2800 1280 2854 qua:
1311 2784 1483 2853 gratis
1513 2797 1572 2838 se
1602 2797 1708 2836 non
1738 2781 1898 2835 modo

287 2883 621 2938 .viventibus
665 2881 952 2948 ingerunt,
980 2877 1074 2932 sed
1103 2884 1159 2930 et
1189 2883 1432 2929 mortuos
1476 2883 1894 2942 prosequuntur.

311 2973 549 3034 Felices,
581 2971 830 3038 inquam,
859 2981 981 3035 qua:
1011 2964 1119 3019 illic
1151 2963 1307 3018 nobis
1328 2977 1393 3016 ex
1423 2961 1596 3015 aliena
1629 2960 1780 3015 bona:
1800 2974 1898 3014 vo-

311 3063 534 3117 luntatis
564 3061 810 3115 ubertate
839 3042 1180 3118 succurrunt,
1207 3052 1296 3106 ubi
1339 3051 1541 3121 proprii
1571 3049 1752 3119 Oper-is
1773 3064 1901 3117 sup-

285 3155 288 3158 ’
310 3155 582 3222 plementa
614 3149 872 3205 deﬁciunt
917 3163 931 3200 :

313 3259 419 3297 nou
451 3240 802 3304 habentibus,
825 3235 1086 3308 quidquid
1114 3233 1393 3297 debemus,
1417 3231 1673 3302 exigitur,
1703 3245 1769 3284 ex
1791 3227 1898 3283 fra-

315 3341 483 3386 ter-nm
511 3330 796 3386 cbaritatis
817 3316 1144 3385 abundantia
1179 3324 1346 3381 debiti
1382 3323 1554 3395 nostri
1584 3322 1720 3379 libra
1751 3338 1901 3378 com-

311 3424 455 3494 pletu
465 3439 510 3475 r.

386 3511 563 3566 Pauca
597 3512 712 3567 haec
759 3511 826 3564 de
855 3525 952 3574 ea,
1003 3523 1124 3577 qua:
1171 3506 1317 3562 nunc
1363 3513 1473 3569 est,
1527 3501 1683 3572 hujus
1731 3503 1902 3558 eremi

312 3601 726 3655 conversatione
770 3598 1036 3653 sulliuiant
1056 3638 1072 3662 ,
1106 3607 1166 3650 ut
1205 3584 1302 3666 per
1330 3595 1446 3650 luce
1469 3633 1485 3658 ,
1515 3609 1636 3663 quze
1666 3594 1905 3649 breviter

316 3699 669 3754 annotantur,
699 3688 874 3742 valeat
901 3687 1078 3758 colligi
1111 3687 1240 3756 quid
1269 3699 1333 3738 ex
1365 3685 1448 3740 his
1471 3723 1486 3749 ,
1520 3696 1644 3754 qua:
1686 3683 1904 3739 silentio

316 3780 681 3850 prmtermissa
731 3787 887 3842 sunt,
921 3777 1113 3832 debeat
1145 3775 1427 3830 aestimari.
1460 3773 1566 3828 Sed
1607 3788 1766 3840 ecce,
1797 3773 1905 3828 fra-

320 3878 432 3922 tres
476 3867 816 3931 charissimi,
850 3868 976 3921 dum
1023 3867 1090 3920 de
1129 3864 1328 3919 Vestris
1365 3862 1659 3918 virtutibus
1703 3862 1904 3931 aliquid

321 3959 480 4012 vobis
536 3959 892 4027 praesentibus
949 3954 1158 4022 refero,
1224 3955 1386 4009 timeo
1445 3964 1592 4020 certe
1636 3954 1795 4009 simul
1851 3964 1906 4009 et

319 4051 630 4103 erubesco:
668 4050 832 4102 timeo
873 4047 1079 4102 scilicet
1127 4059 1224 4102 vos
1252 4046 1566 4112 oll‘endere;
1617 4047 1904 4110 erubesco,

323 4154 392 4190 ne
439 4139 625 4192 videar
662 4136 1116 4192 assentationibus
1167 4136 1458 4192 deservire.
1515 4134 1622 4190 Sed
1677 4135 1744 4189 ad
1805 4135 1906 4188 hoc

317 4231 696 4294 scribendum,
755 4239 890 4284 teste
932 4228 1304 4295 conscientia,
1367 4228 1525 4283 bonae
1580 4241 1668 4282 me
1731 4226 1908 4280 inten-

323 4320 487 4374 tionis
533 4321 769 4374 studium
809 4327 1102 4387 provocat,
1132 4317 1381 4372 fraternze
1415 4315 1605 4372 salutis
1647 4331 1801 4370 amor
1831 4315 1907 4369 in-

317 4409 482 4479 stigat
525 4425 540 4462 :
590 4418 854 4478 quatenus
887 4423 993 4463 non
1033 4407 1206 4463 solum
1237 4407 1392 4462 vobis
1438 4406 1569 4460 talia
1615 4406 1902 4461 scribendo

1994 1869 2265 1925 illecebris
2301 1879 2358 1925 et
2403 1871 2685 1926 lenociniis
2720 1871 3047 1927 consentire.
3081 1871 3146 1926 Et
3173 1873 3391 1942 quidem
3431 1872 3575 1927 bona

1994 1972 2121 2016 sunt
2145 1962 2264 2030 illa,
2295 1963 2389 2017 sed
2423 1963 2523 2018 ista
2553 1963 2799 2018 meliora.
2843 1964 2910 2019 Et
2957 1963 3086 2035 quid
3116 1971 3198 2018 est
3224 1964 3372 2020 aliud
3401 1979 3433 2019 a
3462 1979 3580 2021 nte-

1993 2053 2218 2109 lioribus
2265 2055 2330 2109 ad
2376 2055 2515 2109 bona
2548 2054 2914 2121 descendere,
2961 2055 3065 2110 nisi
3112 2055 3181 2110 ab
3229 2054 3458 2112 excelsis
3505 2055 3576 2110 ad

1996 2146 2220 2201 humilia
2241 2147 2534 2213 declinare,
2559 2162 2589 2200 a
2607 2155 2762 2203 recto
2795 2161 2954 2203 cursu
2983 2155 3344 2218 post-tergum
3369 2147 3571 2213 redire,

1997 2238 2066 2292 ab
2114 2239 2306 2293 ardore
2350 2239 2573 2308 spiritus
2608 2238 2660 2292 in
2699 2247 2940 2308 teporem
2990 2239 3209 2294 noxium
3256 2237 3612 2303 deferverei.’

1997 2339 2160 2397 atque
2186 2329 2265 2385 sic
2289 2329 2545 2398 paulatim
2573 2329 2895 2384 sublimibus
2916 2330 2972 2384 in
2996 2329 3357 2400 praecipitium
3387 2327 3579 2383 rueret

2065 2418 2226 2488 327
2255 2418 2379 2479 lliec
2425 2418 2589 2487 igitur
2631 2433 2823 2488 pauca,
2859 2435 2981 2489 qua:
3033 2420 3249 2488 scripsi,
3295 2433 3581 2474 successor

1998 2509 2092 2572 mi,
2133 2507 2350 2562 sedulus
2402 2507 2606 2576 inspice
2639 2525 2652 2561 :
2685 2516 2847 2576 atque
2895 2508 2963 2563 ad
2999 2507 3414 2578 imprimendum
3465 2506 3580 2562 for-

1999 2613 2140 2651 mam
2177 2607 2282 2650 ture
2308 2607 2628 2667 tuorumque
2661 2599 3078 2666 conversationi,
3125 2600 3277 2671 quasi
3305 2600 3580 2670 quoddam

1999 2689 2332 2760 signaculum
2363 2699 2503 2744 tene.
2529 2681 2814 2762 Nunquam
2847 2692 2987 2761 apud
3013 2700 3065 2748 te
3093 2693 3207 2749 inec
3255 2691 3582 2764 depravetur

1999 2772 2176 2849 in'tago
2208 2797 2221 2832 :
2257 2795 2527 2850 nunquam
2559 2791 2648 2836 tuo
2687 2790 2928 2851 tempore
2966 2781 3080 2838 haec
3108 2783 3361 2840 salutaris
3407 2785 3581 2841 forma

1997 2886 2096 2942 per
2119 2873 2382 2927 incuriam
2407 2873 2713 2940 deteratur;
2739 2891 2829 2940 ne,
2851 2877 2994 2945 quod
3020 2877 3180 2942 absit,
3204 2879 3586 2948 paracbaraxi-

1999 2979 2119 3019 mus
2141 2979 2240 3034 pro
2266 2980 2486 3019 nummo
2523 2975 2738 3022 moneta
2795 2967 3155 3038 degenerante
3189 2973 3466 3040 procedat.
3516 2973 3585 3028 Et

2002 3066 2150 3112 certe
2177 3073 2283 3112 non
2311 3058 2550 3132 ignoras,
2587 3059 2711 3129 quia
2738 3060 2994 3118 falsarios
3039 3066 3320 3133 trapezita,
3353 3066 3442 3136 qui
3475 3083 3586 3121 mo-

979 3154 1034 3200 ct
1073 3160 1194 3199 cum
1239 3143 1352 3214 jam
1398 3140 1646 3197 dislricte
1684 3156 1714 3194 a
1744 3138 1899 3194 nobis
1926 3143 1970 3205 C
2003 3155 2179 3201 nolam
2203 3147 2432 3204 violasse
2469 3150 2830 3215 convincitur,
2855 3152 3171 3224 plerumque
3202 3155 3444 3226 judiciali
3476 3157 3587 3212 cal-

2005 3237 2127 3291 culo
2161 3253 2351 3292 manus
2381 3239 2709 3294 abscissionc
2737 3241 3015 3297 multatur.

2075 3328 2144 3385 Ut
2177 3338 2356 3384 autem
2381 3331 2448 3385 ad
2485 3330 2600 3385 haec
2631 3333 2967 3387 observanda
3023 3333 3200 3390 nullus
3247 3337 3583 3393 excusationi

2002 3429 2182 3491 pateat
2209 3419 2382 3487 locus,
2415 3419 2569 3488 juxta
2614 3421 2686 3487 id,
2717 3423 2862 3492 quod
2899 3425 3192 3496 exiguitate
3237 3424 3337 3480 loci
3367 3427 3587 3482 humilis

2003 3509 2364 3580 competebat,
2397 3511 2699 3568 studuimus
2731 3521 2955 3570 eotenus
2999 3515 3369 3584 possessiones
3395 3516 3586 3587 aequi-

2005 3619 2162 3660 rere:
2198 3613 2257 3658 ut
2281 3605 2594 3674 praadictum
2641 3604 2869 3661 fratrum
2910 3604 3191 3663 numerum
3248 3609 3443 3679 possis,
3479 3610 3588 3666 nisi

2005 3697 2291 3754 exercendi
2323 3712 2454 3753 cura
2491 3696 2744 3762 defuerit,
2782 3708 3111 3754 sustentare.
3137 3699 3423 3756 Librorum
3454 3716 3589 3772 quo-

2005 3803 2111 3858 que
2135 3802 2417 3842 numerum
2448 3804 2553 3842 non
2581 3789 2861 3844 minimum
2890 3790 3296 3858 dereliquimus,
3330 3801 3388 3845 ut
3410 3793 3589 3846 fratri-

2003 3879 2105 3933 bus
2155 3877 2377 3941 noslris,
2415 3877 2506 3947 qui
2547 3893 2644 3945 pro
2693 3875 2846 3933 nobis
2893 3895 3050 3934 orare
3085 3879 3391 3949 dignentur,
3422 3880 3592 3934 medi-

2006 3964 2151 4020 tandi
2203 3965 2411 4034 copiam
2472 3962 2857 4035 praeberemus.
2909 3965 3298 4022 Bibliothecam
3357 3984 3589 4038 namque

2005 4055 2243 4111 omnium
2269 4052 2479 4110 Veteris
2504 4064 2557 4110 et
2579 4055 2708 4110 Novi
2735 4053 3066 4113 Testamenti
3093 4057 3442 4126 voluminum,
3464 4062 3590 4118 licet

2005 4145 2232 4208 cursim,
2265 4159 2328 4199 ac
2355 4157 2453 4213 per
2473 4145 2575 4199 hoc
2596 4160 2701 4200 non
2726 4155 2917 4202 exacte
2943 4147 3094 4203 vobis
3121 4151 3410 4206 emendare
3431 4167 3590 4208 cura-

2005 4237 2200 4292 vimus.
2235 4236 2310 4290 Ex
2337 4238 2675 4307 passionibus
2700 4253 2913 4309 quoque
2933 4241 3214 4295 beatorum
3242 4253 3539 4316 martyrum
3568 4262 3584 4311 ;

2004 4338 2069 4381 ex
2121 4326 2356 4382 liomiliis
2401 4336 2708 4382 sanctorum
2757 4329 3011 4395 Patrum;
3063 4346 3130 4386 cx
3162 4337 3586 4401 commentariis,

2009 4416 2322 4488 allegoricas
2346 4432 2513 4475 sacra:
2543 4417 2837 4490 Scriptura:
2866 4423 3162 4478 sententias
3180 4425 3586 4493 exponentium,

318 4499 638 4563 consulere,
669 4499 764 4554 sed
805 4509 861 4554 et
904 4499 1136 4569 posteris
1185 4498 1382 4554 vestris
1429 4497 1639 4554 valeam
1689 4498 1899 4568 longius

2005 4487 2253 4576 Gregorii
2283 4507 2506 4572 scilicet,
2558 4487 2850 4574 Ambrosii,
2893 4511 3201 4582 Augustini,
3252 4487 3587 4588 llierouymi,

317 4587 625 4656 providere.
657 4585 926 4642 Nimirum
947 4627 964 4653 ,
995 4595 1056 4641 ut
1082 4596 1138 4643 et
1163 4601 1262 4642 vos
1292 4588 1395 4643 ista
1420 4586 1662 4658 legentes
1688 4588 1906 4642 studea-

324 4679 395 4733 tis
418 4681 466 4733 ei
484 4720 499 4746 ,
527 4679 669 4750 quod
696 4679 863 4735 semel
894 4680 1136 4750 coepistis
1153 4721 1168 4747 ,
1198 4681 1342 4736 bono
1369 4683 1522 4751 operi
1552 4694 1906 4750 perseveran-

325 4780 410 4824 ter
436 4771 686 4826 insistere
720 4787 736 4825 :
765 4780 823 4826 et
866 4771 942 4826 illi
971 4772 1025 4826 in
1054 4772 1140 4828 his
1166 4772 1416 4839 discant,
1463 4772 1591 4842 quid
1622 4773 1688 4827 de
1715 4782 1904 4826 nostra

321 4863 554 4917 debeant
579 4861 880 4916 imitatione
923 4871 1126 4918 tenere.
1174 4861 1310 4929 Quia
1355 4863 1500 4917 enim
1528 4863 1582 4916 in
1614 4863 1716 4916 hoc
1754 4863 1902 4927 loco,

321 4956 428 5010 nisi
458 4957 636 5010 divina
664 4958 1000 5026 providentia
1039 4958 1198 5012 aliter
1223 4959 1490 5023 senserit,
1523 4975 1630 5014 non
1660 4960 1750 5013 diu
1782 4969 1905 5029 post

319 5062 482 5115 spero
505 5063 589 5103 me
610 5049 915 5104 habiturum
939 5064 1058 5105 esse
1080 5050 1384 5121 sepulcrum
1414 5065 1429 5104 :
1454 5066 1560 5105 non
1587 5051 1763 5106 minus
1782 5067 1901 5106 sum

319 5135 390 5190 de
419 5134 596 5190 futura
622 5137 783 5207 hujus
814 5138 916 5193 loci
963 5139 1223 5209 religione
1266 5139 1560 5205 sollicitus,
1593 5156 1754 5210 quam
1783 5142 1902 5207 his,

321 5241 443 5293 qua:
489 5227 587 5282 sub
614 5229 898 5297 praesentia
928 5239 1235 5294 versantur,
1265 5234 1524 5285 intentus.
1561 5231 1715 5286 Unde
1758 5242 1840 5297 te,
1870 5246 1904 5286 ο

319 5317 492 5386 prior,
519 5318 824 5386 quicunque
855 5319 984 5372 milii
1014 5319 1346 5388 quotuslibet
1374 5321 1428 5375 in
1461 5321 1621 5390 hujus
1660 5322 1760 5376 loci
1808 5327 1903 5376 atl-
1972 5323 1975 5327 ’

320 5409 720 5464 ministratione
782 5411 1138 5474 successeris,
1206 5427 1302 5481 per
1348 5407 1636 5467 adventum
1689 5415 1900 5469 Domini

321 5500 493 5554 nostri
520 5499 646 5554 Jesu
674 5499 872 5554 Christi
892 5543 906 5567 ,
939 5516 1037 5569 per
1077 5510 1341 5557 terrorem
1389 5503 1556 5558 divini
1579 5503 1774 5572 judicii
1797 5544 1813 5569 ,
1849 5511 1902 5559 te

320 5587 746 5658 lacrymabiliter
773 5587 1029 5655 obsecro,
1057 5605 1157 5661 per
1187 5606 1383 5646 nomen
1430 5601 1481 5647 te
1511 5594 1705 5648 divinze
1735 5595 1900 5660 maje-

320 5680 481 5733 statis
505 5678 770 5748 obtestor,
798 5690 854 5736 ul
877 5681 945 5736 ab
968 5682 1128 5752 hujus
1153 5683 1514 5740 observantiae
1545 5685 1748 5755 regula,
1772 5702 1896 5740 cum

2005 4596 2278 4666 Prosperi,
2310 4597 2487 4664 Bedzn,
2517 4599 2771 4670 Remigii,
2793 4602 2955 4655 etiam
2983 4611 3036 4656 et
3062 4603 3340 4670 Amalarii,
3372 4605 3592 4676 insuper

2005 4697 2062 4743 et
2095 4686 2389 4751 llaimonis,
2433 4697 2596 4759 atque
2644 4688 2942 4756 Pascliasii,
2978 4691 3156 4747 divina
3187 4695 3358 4764 gratia
3390 4696 3590 4752 nostris

2005 4778 2372 4835 allubescente
2422 4777 2717 4842 laboribus,
2749 4780 2930 4848 plures
2991 4781 3158 4836 libros
3207 4783 3590 4854 babetis,qui-

2004 4871 2105 4924 bus
2131 4885 2323 4925 vacare
2347 4867 2598 4938 potestis;
2629 4879 2688 4922 ut
2709 4880 2907 4923 sancta:
2945 4871 3138 4926 anima:
3163 4878 3356 4928 vcstrze
3376 4890 3481 4930 non
3503 4889 3589 4930 δοτ

2010 4959 2119 5013 lum
2143 4959 2387 5015 oratione
2421 4966 2688 5024 crescant,
2720 4959 2814 5013 sed
2851 4967 2907 5029 et
2933 4959 3166 5018 lectione
3210 4963 3585 5036 pinguescant.

2011 5049 2088 5104 Ex
2119 5050 2313 5119 quibus
2347 5049 2601 5104 nimirum
2633 5050 2914 5108 codicibus
2958 5054 3244 5110 nonnullos
3270 5073 3370 5127 pro
3398 5069 3582 5113 nostra

2010 5137 2366 5207 possibilitate
2391 5141 2762 5205 correximus;
2793 5142 2924 5198 utin
2961 5159 3128 5200 sacra:
3154 5147 3446 5216 disciplina:
3471 5158 3580 5204 stu-

2010 5228 2114 5282 diis
2143 5227 2503 5299 intelligentize
2528 5228 2680 5284 vobis
2705 5231 2910 5286 aditum
2947 5234 3328 5302 panderemus.

2081 5317 2383 5373 Claustrum
2405 5333 2617 5389 quoque
2636 5320 2788 5391 juxta
2829 5323 3112 5378 ecclesiam
3141 5326 3380 5381 construi
3419 5326 3588 5400 328

2007 5411 2108 5466 hac
2140 5411 2436 5466 intentione
2463 5415 2802 5479 censuimus;
2835 5425 2891 5470 ut
2916 5415 2960 5470 si
2991 5430 3150 5485 quem
3181 5416 3357 5473 adhuc
3401 5419 3584 5476 inolita

2006 5502 2400 5557 monasterialts
2452 5504 2659 5558 ordinis
2713 5506 3042 5581 consuetudo
3091 5506 3345 5574 delectat,
3387 5510 3584 5568 habeat

2005 5595 2091 5648 ubi
2126 5594 2178 5648 in
2205 5594 2487 5664 praecipuis
2536 5595 2914 5652 festivitatibus
2961 5598 3274 5656 solemnitcr
3323 5617 3388 5657 ex
3433 5618 3585 5660 more

2003 5687 2300 5755 procedat:
2325 5688 2410 5742 cui
2441 5697 2494 5744 et
2522 5689 2855 5760 processioni
2892 5706 3106 5749 crucem
3137 5703 3449 5765 argenteam
3493 5709 3585 5752 n-
