3996 6184
328 289 439 360 357.

1223 279 1464 338 OPUSC.
1493 279 1606 335 XV.
1637 312 1702 320 —-
1732 280 1817 334 DE
1854 276 2240 349 lNSTlTlJTlS
2277 277 2435 333 0RD.
2478 276 2760 332 EREMl'l'.

3498 281 3612 337 338

328 422 457 464 cum
487 402 750 459 uxoribus
778 398 947 456 Iacob
975 397 1058 475 vel
1085 412 1113 452 a
1142 398 1410 469 gignenda
1442 396 1626 452 sobole
1656 394 1915 451 sterilitas
1946 396 1992 456 Α
2022 392 2349 463 Redemptor
2376 401 2579 458 noster,
2612 392 2956 473 illucescente
2992 390 3103 474 jam
3138 392 3389 450 videlicet
3428 394 3606 451 Evan-

327 499 543 570 privet,
572 493 657 550 vel
692 508 722 547 a
753 498 1039 546 venustate
1069 489 1247 561 vultus
1276 487 1540 561 lippitudo
1564 484 1722 559 331
1756 486 1917 561 dedc-

325 596 525 653 ceret;
562 585 658 643 sed
698 583 845 639 illam
885 578 1164 653 profecto,
1200 596 1320 650 quae
1351 580 1423 635 sit
1448 588 1502 635 et
1539 580 1669 634 cuin
1698 577 1795 633 Lia
1834 576 1917 631 fe-

325 680 541 743 cunda,
592 685 649 733 et
690 690 815 731 eum
862 670 1097 727 Rachele
1144 670 1400 727 formosa.
1447 669 1715 725 Nimirum
1764 678 1822 724 ut
1862 677 1918 724 et

328 748 429 839 tibi
469 770 738 825 clarescat
773 763 997 821 obtutus
1034 758 1102 818 ad
1138 761 1429 839 videndum
1464 760 1824 832 principium,
1863 766 1920 815 et

325 838 552 934 plurimi
582 857 793 914 nobiles
825 854 904 911 tui
934 852 1169 923 fervoris
1198 854 1480 908 imitentur
1508 853 1843 925 exemplum.

401 952 529 1007 meo
566 942 812 1020 profecto
850 954 937 1002 est
968 940 1185 1011 mulier,
1224 945 1289 999 de
1313 959 1418 1015 qua
1447 943 1649 999 dicitur
1679 960 1694 998 :
1730 963 1749 994 ε
1777 942 1915 1011 Quia

326 1042 632 1107 fortitudo,
671 1049 727 1113 et
781 1041 945 1095 decor
1000 1045 1083 1094 est
1131 1037 1503 1105 indumentum
1544 1035 1662 1105 ejus
1710 1035 1915 1106 (Prov.

327 1151 460 1190 xxxi
571 1153 589 1187 ι
624 1131 899 1201 Solitarizc
946 1144 1141 1201 nempe
1191 1128 1627 1184 conversationis
1677 1128 1917 1185 ofﬁcium

326 1235 451 1292 est,
478 1232 536 1278 ω
562 1208 641 1279 sic
672 1204 899 1277 desudet
924 1210 1046 1289 quis
1070 1218 1123 1272 in
1155 1216 1335 1289 magni
1365 1218 1551 1289 operis
1576 1216 1923 1280 fortitudine,

328 1326 602 1387 quatenus
635 1328 853 1383 semper
886 1294 1152 1366 sollicitus
1180 1310 1250 1365 sit
1292 1309 1346 1365 in
1387 1309 1691 1364 exhibenda
1733 1308 1925 1364 decori

327 1407 499 1463 animi
536 1407 793 1477 puritate.
831 1404 959 1460 llam
1006 1412 1119 1470 est,
1166 1403 1417 1475 inquam,
1467 1402 1534 1458 de
1577 1418 1682 1471 qua
1729 1417 1920 1456 rursus
2012 1424 2017 1433 ν

330 1499 579 1554 dicitur:
628 1496 767 1563 Quia
802 1513 821 1547 ι
851 1511 1074 1550 manum
1119 1510 1274 1567 suam
1327 1494 1477 1550 misit
1523 1495 1589 1567 ad
1626 1494 1822 1557 fertia,
1865 1490 1929 1549 et'

325 1588 483 1659 digiti
530 1585 650 1655 ejus
695 1584 1172 1669 apprehenderunt
1217 1565 1396 1669 fusum
1439 1584 1459 1654 (
1482 1565 1623 1639 Ibid.
1649 1585 1689 1655 ).
1725 1604 1742 1634 ι
1783 1583 1919 1652 Quia

2020 484 2146 557 gelii
2177 482 2353 557 gratia
2375 525 2391 552 ,
2418 476 2663 541 'e‘remum
2692 484 3052 540 consecravit.
3086 483 3248 541 Teste
3280 485 3483 554 Marco,
3511 491 3604 559 qui

2018 568 2563 647 post'enarrationem
2596 574 2882 647 baptismi,
2910 585 3106 646 praesto
3132 577 3457 634 subintulit:
3488 598 3507 631 ι
3540 580 3608 635 Et

2018 669 2203 724 statim
2243 668 2478 741 Spiritus
2514 670 2719 739 expulit
2754 684 2877 724 eum
2914 670 2965 723 in
2999 668 3160 740 332
3196 670 3472 726 desertum
3498 713 3513 735 ,
3552 678 3609 727 et

2017 772 2137 818 erat
2166 762 2218 817 in
2251 764 2471 819 deserto
2497 762 2861 833 quadraginta
2906 762 3097 817 diebus
3117 803 3132 825 ,
3162 770 3217 817 et
3245 765 3605 833 quadraginta

2020 852 2305 917 noctibus,
2337 865 2393 908 et
2440 852 2753 908 tentabatur
2781 868 2811 907 a
2841 852 3047 908 Satana
3066 894 3080 919 ,
3111 865 3337 923 eratque
3365 871 3485 910 cum
3515 855 3607 911 be-

2021 940 2143 995 stiis
2195 939 2411 1011 (Marc.
2445 942 2525 1013 ι).
2566 961 2583 993 ι
2611 941 2852 1013 Baptista
2902 958 3118 1012 quoque
3164 942 3401 999 Joannes
3446 944 3611 1013 hujus

2020 1029 2385 1100 professionis
2412 1039 2655 1086 assertor
2684 1048 2789 1085 non
2838 1030 3187 1088 mediocriter
3226 1036 3465 1100 exstitit,
3508 1035 3604 1105 qui

2021 1120 2140 1175 sine
2182 1120 2422 1176 humano
2466 1121 2612 1175 victu
2656 1122 2709 1176 in
2753 1121 2972 1177 deserto
3014 1122 3196 1179 vivere
3237 1138 3344 1179 non
3372 1124 3608 1180 humana

2019 1213 2221 1267 virtute
2263 1213 2505 1269 decrevit
2536 1212 2555 1285 (
2582 1211 2723 1266 Ibid.
2753 1215 2792 1283 ).

2621 1302 2864 1359 'CAPUT
2900 1302 2985 1377 tu.

2362 1394 2437 1449 De
2465 1393 2664 1465 duplici
2687 1396 3024 1449 eremitarum
3055 1412 3261 1465 genere.

2089 1482 2429 1555 Quapropter
2447 1495 2502 1539 et
2524 1500 2590 1539 ex
2620 1485 2734 1555 ipsa
2764 1486 3037 1540 nascentis
3068 1487 3225 1557 hujus
3254 1487 3610 1544 institutionis

2019 1575 2246 1645 origine,
2277 1586 2330 1631 et
2360 1586 2703 1646 posterorum
2755 1577 2949 1632 deinde
3000 1579 3324 1634 succedente
3352 1596 3609 1649 processu

324 1679 587 1734 videlicet
632 1678 792 1748 hujus
836 1678 961 1731 vim
1002 1666 1233 1733 idoneus
1274 1664 1565 1733 exsecutor
1612 1676 1692 1732 sic
1729 1691 1787 1732 se
1825 1690 1922 1745 per
2022 1666 2306 1724 manifeste
2329 1666 2622 1739 colligitur,
2660 1664 2803 1739 quod
2843 1670 3191 1726 eremitarum
3224 1672 3359 1728 ordo
3387 1673 3613 1744 biparti-

329 1771 536 1839 majora
566 1752 829 1840 Opera'ex
857 1767 1109 1824 desiderii
1153 1766 1366 1823 fervore
1404 1766 1628 1832 dilatat,
1666 1773 1725 1821 ut
1753 1765 1919 1821 etiam
1948 1752 1993 1812 B
2025 1762 2110 1816 tus
2135 1769 2220 1816 est
2244 1778 2257 1815 :
2281 1776 2513 1831 quorum
2541 1760 2793 1817 videlicet
2821 1759 2911 1817 alii
2959 1758 3181 1820 cellulas
3224 1764 3485 1832 incolunt,
3520 1765 3613 1820 alii

335 1868 532 1916 cautus
562 1873 683 1927 qua:
711 1864 840 1912 sunt
869 1856 1093 1910 minima
1125 1871 1232 1911 non
1265 1846 1559 1925 relinquat.
1601 1854 1726 1909 Hmc
1756 1855 1917 1926 plane

326 1961 689 2020 utrarumque
718 1938 966 2004 sororum
1007 1946 1197 2025 Lazari
1237 1946 1341 2019 sibi
1399 1942 1639 2023 vindicat
1689 1944 1921 2015 dignita-

336 2053 447 2112 tem
482 2062 495 2097 :
526 2042 657 2112 quia
686 2038 742 2096 ét
769 2056 892 2097 cum
922 2030 1093 2096 Maria
1125 2039 1323 2121 sedens
1351 2034 1421 2094 ad
1449 2037 1677 2110 vestigia
1706 2036 1923 2093 Domini

330 2134 457 2204 ejus
485 2133 673 2189 verbis
704 2132 971 2197 intendit,
1013 2140 1069 2187 et
1106 2122 1230 2188 cum
1268 2122 1493 2189 Martha
1524 2122 1775 2185 eumdem
1814 2126 1920 2193 D0-

329 2200 543 2280 minum
578 2222 810 2279 diversis
850 2212 1476 2303 sanctarnmvi'rtutum
1523 2204 1702 2297 epulis
1732 2216 1923 2272 ‘rcficit

330 2313 507 2384 (Luc.
602 2312 708 2383 x).
890 2308 895 2309 ί

351 2460 357 2467 ,
403 2403 508 2459 Sed
535 2384 635 2457 cur
664 2403 717 2474 in
746 2400 1119 2489 describendis
1145 2399 1307 2475 hujus
1332 2407 1535 2473 sanctae
1560 2397 1686 2475 vita:
1712 2395 1921 2453 meritis

327 2495 534 2553 diutius
562 2492 869 2549 immorer?
894 2482 1059 2567 Plane
1082 2487 1163 2547 'ut'
1189 2482 1624 2567 compendiosius
1659 2488 1885 2559 eloquar
1903 2527 1919 2554 ,

327 2587 513 2643 multae
541 2566 669 2642 sunt
698 2586 798 2653 vise
834 2564 1043 2659 quibus
1067 2574 1177 2663 itur
1213 2564 1486 2663 adﬁciunt
1511 2584 1533 2648 ;’
1568 2574 1768 2635 diversi
1796 2587 1923 2634 sunt

328 2679 551 2735 ordines
600 2678 653 2733 in
704 2658 1343 2747 universitate'lidelinm
1376 2691 1389 2727 :
1418 2658 1527 2729 sed
1570 2671 1626 2727 in
1666 2671 1922 2728 omnibus

328 2770 415 2826 his
464 2769 611 2824 nulla
650 2768 895 2839 profecto
936 2767 1025 2822 via
1070 2775 1153 2833 est
1196 2762 1533 2840 tam'rccta,
1582 2772 1694 2819 tam
1735 2771 1918 2830 certa,

328 2871 439 2917 tam
490 2862 775 2932 expedita,
827 2871 990 2939 atque
1038 2852 1252 2939 eunetis
1281 2854 1931 2939 supplantatorimimpa;

325 2952 526 3007 ctionis
552 2935 895 3007 oﬂendiculis
927 2936 1104 3023 aliena
1128 2965 1145 3021 ;
1326 2956 1379 3025 et
1404 2961 1594 3002 omnes
1622 2935 1921 3001 fere‘occa-

325 3044 544 3106 siones,
576 3040 774 3115 quibus
813 3020 1022 3110 peceari
1047 3020 1249 3113 possit;
1285 3020 1568 3115 eliminat:
1603 3042 1658 3091 et
1690 3034 1923 3113 plurima

325 3133 593 3186 virtutum
614 3172 630 3196 ,
663 3113 859 3200 quibus
888 3120 998 3192 Deo
1016 3104 1294 3201 placeat,2
1319 3107 1657 3184 incrementa
1697 3110 1923 3183 conver#
1948 3102 1996 3167 ο

327 3233 453 3292 tat:
502 3223 578 3277 ita
626 3230 685 3277 ut
728 3214 1128 3298 quodammodo
1178 3217 1470 3293 facultates
1518 3220 1723 3275 adimat
1749 3218 1923 3274 delin-

328 3311 565 3384 quendi,
600 3319 658 3367 et
686 3296 849 3366 bonis
892 3296 1151 3383 operibus
1182 3304 1484 3367 'insi's'tendi
1528 3304 1642 3383 vim
1687 3307 1927 3364 necessi-

328 3406 456 3460 tatis
499 3403 766 3481 imponat.
817 3403 971 3481 Quod
1014 3394 1291 3471 nimirum
1317 3403 1408 3481 qui
1436 3396 1562 3457 non
1607 3400 1927 3477 dedignatur

329 3496 636 3567 inquirere,
668 3493 724 3571 in
754 3484 880 3559 aliis
910 3482 1110 3573 nostra:
1139 3484 1428 3565 parvitatis
1465 3484 1740 3567 opusculis
1780 3484 1926 3546 valet

326 3587 645 3659 expressius
678 3570 942 3665 invenire.
974 3576 1113 3661 lluic
1146 3600 1280 3669 ergo
1312 3578 1535 3669 sancta),
1575 3591 1658 3650 et,
1694 3574 1762 3638 ‘ut
1797 3598 1926 3662 vere

329 3676 529 3741 fatear,
568 3675 802 3753 viviﬁca:
837 3675 964 3755 vita:
993 3674 1125 3730 illud
1166 3691 1275 3731 non
1314 3675 1736 3757 incongruenter
1768 3684 1925 3745 apta-

332 3776 442 3835 tur,
472 3767 619 3837 quod
646 3782 747 3838 per
777 3764 1124 3841 Salomonem
1151 3767 1351 3824 dicitur
1378 3782 1393 3823 :
1422 3785 1441 3820 ι
1470 3760 1682 3834 Multae,
1716 3762 1924 3839 inquit,

330 3858 458 3923 filiae
499 3864 970 3931 congregaverunt
1013 3840 1268 3926 divitias,
1294 3840 1351 3913 et
1381 3866 1434 3913 tu
1465 3873 1817 3929 supergressa
1865 3858 1927 3914 es

331 3950 621 4019 universas
650 3949 671 4022 (
696 3946 857 4005 Prov.
886 3930 1021 4005 xxxi
1043 3948 1085 4020 ).
1117 3967 1137 4002 ι
1216 3936 1221 3937 ί
1412 3936 1413 3939 “

975 4038 1204 4115 CAPUT
1231 4037 1296 4101 ll.

726 4130 806 4199 De
843 4132 1044 4203 origine
1082 4133 1200 4189 vita:
1224 4134 1527 4209 erendticie.

405 4228 799 4285 Verumtamen
837 4227 915 4284 rei
952 4228 1088 4289 ordo
1124 4218 1391 4299 postulat,
1432 4236 1493 4301 ut
1521 4234 1807 4296 antequam
1836 4242 1928 4281 ra-

266 4380 269 4381 ν
331 4335 457 4393 mos
494 4318 929 4375 conversationis
967 4319 1267 4391 attingam,
1308 4318 1481 4389 ipsam
1521 4318 1720 4393 radicis
1757 4318 1925 4387 origi-

332 4423 462 4465 nem
505 4407 735 4463 solerter
775 4407 1091 4478 inquiram:
1132 4416 1187 4479 et
1225 4408 1319 4480 qui
1360 4407 1521 4482 hujus
1564 4408 1925 4463 institutionis

333 4506 593 4553 auctores
625 4496 859 4563 fuerint,
888 4497 1172 4564 evidenter
1209 4498 1514 4571 expediam.
1554 4498 1782 4579 Dignum
1823 4498 1926 4553 sci-

331 4590 461 4646 licet
489 4590 729 4647 arbitror
758 4588 965 4651 fontem
1002 4590 1155 4660 prius
1194 4589 1476 4661 aspicere,
1512 4597 1573 4663 ut
1609 4596 1733 4666 post
1769 4604 1928 4645 secu-

333 4684 452 4740 rius
488 4683 700 4739 valeam
739 4684 889 4739 rivos
927 4684 1168 4740 haurire.
1258 4702 1261 4707 ί
1426 4670 1429 4671 ⁷
1880 4678 1885 4683 ’

409 4773 583 4845 Hujus
621 4775 807 4846 itaque
844 4775 969 4849 vita:
1008 4790 1296 4842 normam,
1337 4782 1399 4830 ut
1453 4775 1733 4831 anteriora
1787 4793 1926 4847 prae-

332 4876 544 4924 teream
566 4908 581 4934 ,
612 4868 668 4921 in
698 4867 883 4937 Veteri
924 4867 1247 4928 Tetamento
1281 4866 1433 4932 Elias
1469 4867 1635 4939 cmpit
1660 4858 1678 4933 ;Δ
1718 4867 1926 4943 Eliseus

330 4973 467 5015 vero
495 4968 657 5014 aucto
683 4958 1073 5035 discipulorum
1108 4958 1337 5031 collegio
1374 4958 1641 5026 dilatavit.
1677 4956 1734 5039 In
1773 4956 1924 5025 Novo

330 5059 515 5105 autem
572 5048 770 5107 Paulus
825 5062 882 5106 et
932 5050 1205 5128 Antonius
1264 5065 1373 5119 non
1428 5049 1677 5117 dissimili
1735 5049 1928 5105 abhis

332 5142 572 5197 invicem
606 5142 960 5212 proportione
998 5142 1316 5215 creduntur.
1358 5143 1499 5199 Dum
1530 5149 1747 5207 constet
1764 5140 1923 5212 juxta

332 5232 495 5287 ﬁdem
527 5240 803 5304 gesturum
841 5233 987 5304 quod
1025 5241 1081 5288 et
1112 5232 1314 5289 Paulus
1363 5234 1416 5289 in
1459 5246 1645 5301 eremo
1682 5230 1924 5303 singula-

328 5324 468 5379 riter
503 5324 680 5390 vixit,
719 5333 776 5380 et
798 5324 1001 5397 plures
1046 5324 1319 5397 Antonius
1355 5325 1413 5381 in
1451 5325 1553 5382 hac
1587 5325 1921 5396 professione

327 5414 627 5484 discipulos
677 5415 955 5471 enntrivit.
1006 5415 1327 5486 Quanquam
1375 5424 1431 5472 et
1466 5417 1576 5479 hoc
1620 5404 1769 5473 certe
1813 5433 1920 5472 non

324 5502 534 5571 lateat,
575 5505 721 5575 quod
758 5514 814 5562 et
851 5506 1065 5579 Moyses
1102 5507 1205 5565 sub
1242 5509 1363 5580 ipso
1402 5518 1530 5564 tunc
1565 5510 1923 5581 promulgatae

325 5593 467 5665 legis
496 5595 656 5657 initio
685 5597 1049 5668 quadraginta
1078 5600 1240 5655 annis
1271 5599 1528 5670 populum
1568 5616 1665 5671 per
1702 5584 1919 5655 deserta

322 5684 643 5742 ductaverit
680 5684 904 5758 (Exod.
946 5704 1078 5751 xxiv
1104 5691 1168 5762 );
1208 5690 1541 5762 totidemque
1573 5690 1765 5757 diebus
1803 5690 1922 5762 ipse

1954 4460 2004 4520 D

2022 1853 2223 1922 passim
2267 1869 2365 1924 per
2406 1853 2574 1909 eremi
2624 1853 2839 1909 deserta
2888 1855 3218 1924 gradientes,
3263 1866 3442 1912 certas
3468 1857 3613 1912 {edes

2024 1941 2225 1997 habere
2247 1936 2620 1997 contemnunt.
2654 1940 2759 2005 Sed
2801 1942 2890 2012 qui
2919 1954 3017 2013 per
3045 1960 3286 1999 eremnm
3332 1946 3613 2016 spatiando

2022 2033 2375 2100 discurrunt,
2406 2034 2779 2113 anachoretm;
2810 2035 2906 2105 qui
2955 2026 3083 2090 vero
3120 2035 3327 2092 cellulis
3371 2037 3612 2092 contenti

2022 2134 2169 2191 sunt,
2199 2112 2689 2181 usitato-vocabulo
2716 2114 2956 2182 eremita:
2985 2114 3237 2182 dieuntur
3263 2143 3278 2182 :
3304 2129 3501 2198 quibus
3531 2129 3616 2181 ni-

2022 2218 2222 2274 mirum
2249 2235 2445 2275 nomen
2475 2234 2765 2275 commune
2792 2204 2992 2293 iactum
3021 2230 3105 2278 est
3140 2222 3397 2292 speciale.
3427 2223 3613 2290 Quan-

2022 2323 2185 2377 quam
2215 2307 2375 2377 hujus
2416 2306 2675 2380 temperis
2718 2309 2918 2367 fratres
2963 2298 3255 2384 Superbum
3283 2312 3481 2368 ducant
3513 2313 3617 2369 hoc

2023 2392 2241 2455 sibimet
2289 2405 2547 2471 arrogare
2583 2388 2923 2465 vocabulum,
2965 2401 3061 2456 sed
3094 2402 3417 2457 humilitatis
3447 2418 3621 2458 causa»

2022 2491 2349 2561 pmnitentes
2382 2506 2441 2546 se
2470 2490 2649 2561 potius
2678 2492 2950 2562 gaudeant
2983 2491 3264 2563 appellari.
3296 2492 3620 2549 Anaehore-

2024 2572 2199 2639 tarum
2252 2591 2435 2638 autem
2463 2581 2575 2653 jam
2624 2591 2751 2638 tunc
2805 2582 2899 2638 filii
2947 2570 3475 2655 Junadab‘primitize
3500 2585 3617 2640 fue-

2023 2682 2171 2741 rant,
2192 2674 2308 2745 qui,
2331 2674 2764 2749 sicutJeremias
2792 2683 3043 2741 testatur,
3068 2676 3253 2753 vinum
3282 2686 3338 2733 et
3379 2678 3614 2735 siceram

2023 2782 2131 2823 non
2167 2765 2423 2822 bibebant
2445 2764 2581 2838 (Jer.
2615 2766 2806 2836 xxxv).
2851 2765 3182 2824 Habitabant
3204 2782 3369 2838 porro
3399 2768 3452 2823 in
3497 2777 3624 2824 ten-

2023 2858 2199 2923 toriis,
2228 2866 2282 2914 et
2322 2844 2459 2929 quas
2501 2858 2604 2913 nox
2637 2859 2995 2929 compulerat,
3028 2860 3185 2917 sedes
3227 2861 3517 2917 habebant.
3550 2861 3627 2918 lli.

2024 2948 2256 3020 denique
2280 2950 2597 3028 scribuntur
2638 2952 2691 3006 in
2733 2950 2948 3023 Psalan
2995 2950 3166 3025 (Ρωις
3198 2954 3444 3026 cxxxvt),
3473 2955 3629 3026 quocf

2024 3030 2182 3119 primi
2212 3039 2583 3115 captivitatem
2611 3044 2723 3100 sint
2763 3042 2864 3100 sub
2890 3043 3196 3115 hujusmodi
3239 3045 3632 3117 persecutione

2027 3132 2268 3205 perpessi
2305 3152 2317 3188 :
2351 3132 2486 3205 quia
2527 3135 2595 3190 ab
2648 3138 2894 3193 exercitu
2949 3134 3322 3195 Chaldaeorum
3369 3151 3618 3198 vastante

2024 3214 2289 3290 Judzeam,
2348 3218 2511 3282 nrbes
2560 3212 2696 3283 sunt
2739 3228 2965 3283 introire
3000 3226 3284 3300 compulsi.
3322 3230 3435 3286 Hac
3469 3232 3619 3287 vide—

2025 3315 2150 3393 licet
2178 3308 2409 3382 ratione,
2436 3304 2582 3386 quod
2608 3318 2805 3390 oppida
2827 3313 3075 3374 carceres
3102 3310 3384 3385 ducerent,
3409 3330 3465 3376 et
3495 3321 3616 3377 dul‘

2026 3408 2107 3464 eis
2133 3405 2428 3479 habitaculi
2461 3406 2703 3480 requiem
2754 3410 2954 3465 deserti
2988 3409 3335 3481 solitudinem
3376 3413 3615 3467 (estima-

2028 3485 2169 3577 rent.
2200 3498 2309 3556 Sed
2341 3516 2441 3556 nos
2478 3498 2681 3559 Sanctis
2710 3488 3211 3577 anachoretis’,’qui
3234 3500 3344 3560 hoc
3375 3502 3615 3575 tempore

2028 3578 2124 3675 aut
2156 3592 2262 3671 rari
2291 3582 2441 3659 sunt,
2472 3603 2567 3675 aut
2608 3586 2763 3661 nulli,
2807 3588 2978 3650 solam
3012 3590 3369 3652 reverentiam
3398 3584 3622 3652 exhibe;

2028 3665 2174 3757 inus,
2202 3665 2270 3741 ad
2292 3665 2551 3742 eremitas
2578 3695 2763 3742 autem
2788 3678 3004 3744 omnem
3040 3676 3205 3760 ’lmjns
3238 3682 3627 3759 disputationis-

2027 3764 2331 3831 articulum
2350 3760 2628 3855 vertimus.
2826 3762 2833 3775 ἠ
2931 3766 2936 3771 ’
2991 3762 2997 3775 ’
3239 3768 3243 3776 ’
3604 3776 3607 3779 ’

2544 3852 2550 3861 “
2636 3866 2866 3933 CAPUT
2922 3868 3025 3924 tv.

2032 3953 2151 4026 Qua
2180 3955 2455 4028 diligentia
2500 3956 2846 4028 resistendum
2883 3958 3062 4013 carnis
3104 3974 3167 4013 ac
3220 3958 3416 4028 diaboli
3449 3968 3625 4014 lenta-

2279 4021 2361 4039 "‘
2501 4034 2587 4051 "‘
2694 4027 3049 4082 tionibus.“
3106 4040 3147 4061 "
3226 4021 3292 4049 "‘
3548 4040 3551 4043 ’

2100 4134 2361 4207 Quisquis
2387 4135 2553 4207 igitur
2584 4135 2832 4192 cellulam
2863 4153 2986 4193 eum
3017 4137 3235 4194 diabolo
3262 4139 3633 4198 dimicaturus

2031 4226 2364 4298 ingreditur,
2411 4236 2469 4283 et
2514 4228 2568 4283 in
2611 4217 2777 4283 arena
2810 4216 3106 4299 spiritualis
3141 4231 3306 4301 pra-lii
3358 4231 3620 4288 ferventis

2031 4316 2375 4372 anim‘ositate
2424 4308 2663 4388 pectoris
2709 4310 2990 4385 incitatur,
3038 4304 3113 4375 ‘ad
3156 4312 3475 4378 hoc'tota’nt
3507 4316 3621 4379 sua:

2032 4410 2229 4489 mentis
2251 4410 2606 4491 intentionem
2634 4411 2852 4489 dirigat,
2879 4421 2939 4468 ut
2971 4412 3383 4477 delectationem
3414 4415 3629 4483 carnis,

2024 4500 2115 4585 (vel
2166 4500 2231 4557 ad
2265 4492 2599 4580 momentum
2644 4492 2888 4574 quidem
2902 4493 3015 4573 jam
3054 4494 3192 4561 ultra
3232 4522 3339 4562 non
3388 4507 3616 4574 sentiat;

2024 4595 2124 4667 sed
2153 4594 2400 4665 sibimet,
2428 4594 2591 4650 simul
2621 4604 2675 4651 et
2707 4597 2911 4651 mundo
2943 4608 3190 4652 mortuus
3226 4599 3388 4654 vivat.
3417 4599 3499 4653 Ad
3539 4607 3629 4655 to—

2024 4684 2276 4741 lerandas
2302 4686 2483 4755 itaque
2512 4686 2874 4752 calamitates,
2907 4695 3070 4757 atque
3102 4689 3352 4745 miserias
3380 4692 3625 4746 animum

2022 4786 2315 4853 praeparet,
2368 4779 2532 4853 morti
2579 4792 2639 4859 se
2680 4793 2781 4849 pro
2809 4778 3031 4859 Christo
3069 4764 3361 4859 devoveat,
3389 4782 3633 4859 diversis

2026 4852 2286 4943 virtutum
2321 4852 2442 4943 telis
2467 4852 2682 4924 lumbos
2707 4852 2906 4924 mentis
2946 4854 3229 4942 accingat;
3268 4858 3452 4925 omnia
3483 4856 3621 4926 sibi-

2031 4954 2143 5017 met
2170 4975 2382 5039 aspe‘ra,
2416 4970 2471 5017 et
2512 4954 2647 5037 dura
2676 4970 2988 5037 pneponat;
3024 4971 3087 5039 ut
3129 4976 3253 5018 cum
3299 4963 3625 5024 acciderint,

2030 5064 2137 5105 non
2204 5036 2545 5120 improvidus
2609 5050 2883 5107 enerviter
2942 5036 3229 5118 concidat,
3294 5052 3389 5108 sed
3439 5051 3629 5107 omnia

2029 5126 2407 5210 (equanilniter
2428 5140 2593 5196 ferat.
2626 5127 2794 5197 Plane
2824 5142 2975 5198 sicut
3002 5120 3197 5198 fluvius
3238 5156 3306 5197 ex
3342 5141 3425 5197 sui
3455 5132 3625 5197 fontis

2031 5232 2241 5303 origine
2261 5217 2588 5311 perexiguos
2611 5234 2810 5301 oritur,
2838 5234 2933 5290 sed
2960 5222 3216 5306 processu
3244 5218 3506 5311 longioris
3536 5232 3623 5288 de-

2030 5321 2198 5388 clivii,
2231 5308 2363 5407 rivis
2384 5318 2514 5380 hinc
2536 5308 2665 5405 inde
2691 5316 3090 5382 confluentibus
3106 5323 3362 5379 dilatatur
3387 5308 3510 5380 :I‘sic
3533 5324 3619 5379 in-

2030 5415 2203 5471 terior
2228 5400 2418 5493 noster
2444 5416 2607 5473 homo
2634 5400 2687 5472 in
2715 5426 2917 5474 sanctae
2957 5418 3385 5474 conversationis
3425 5419 3622 5477 ttinere

2030 5508 2230 5571 tenuis,
2252 5518 2309 5564 et
2332 5509 2483 5585 velut
2506 5510 2688 5583 aridus
2718 5512 2907 5583 incipit
2932 5530 2944 5565 :
2970 5510 3230 5587 paulatim
3257 5526 3386 5589 vero
3414 5494 3510 5585 per
3537 5504 3622 5569 iu—

2029 5610 2308 5658 crementa
2345 5605 2608 5659 virtutum
2639 5604 2794 5674 quasi
2836 5604 2967 5659 rivis
3016 5604 3254 5676 undique
3284 5620 3621 5663 concurren-

2034 5694 2174 5753 tibus
2198 5696 2547 5781 convalescit.
