3996 6184
409 335 515 392 539
610 378 611 381 η

867 334 925 390 s.
954 292 1155 391 rem!
1193 334 1475 391 nanum
1503 335 1656 394 opp.
1690 335 1925 393 TOMUS
1965 335 1986 392 ε

2087 336 2098 392 l
2136 336 2321 392 rans
2379 336 2464 393 ut.
2494 368 2561 377 -ν
2592 298 2955 393 OPUSCULA
2982 337 3211 395 VARIA.
3246 408 3251 412 δ

3571 300 3676 401 sio

479 441 738 520 Quisquis
787 463 916 519 ergo
963 448 1155 503 nititur
1216 450 1392 504 amnis
1442 448 1638 503 ﬂuenta
1694 450 1986 520 restringe-
2014 452 2062 512 Α
2089 447 2367 501 moderate
2390 445 2625 516 repletur
2645 446 2804 513 cibis,
2828 455 3020 501 eastera
3043 461 3269 523 qua:un
3293 448 3532 504 membra
3559 452 3680 506 inti-

407 559 492 608 re,
538 542 691 611 juxta
737 538 902 593 fontis
953 540 1181 604 aditum,
1231 555 1454 595 necesse
1496 548 1579 594 est
1628 547 1841 607 satagat
1890 539 1988 593 ob-

408 633 612 688 stat-uia
668 640 1037 685 convectare:
1073 640 1129 684 ut
1172 631 1261 683 ubi
1327 632 1561 685 nondum
1631 632 1842 693 amnis,
1894 631 1988 685 sed

406 722 566 794 333
595 722 769 775 adhuc
803 720 1003 775 rivulus
1031 722 1304 785 cernitur,
1338 721 1443 776 illic
1470 722 1712 777 obicibus
1744 721 1990 790 impactis

406 810 561 866 facile
593 810 939 879 reprimatur.
966 810 1067 876 Qui
1099 811 1165 863 ad
1193 810 1369 865 aulam
1395 826 1607 880 quoque
1640 811 1839 881 regiam
1865 825 1991 880 pro-

406 915 597 972 perare
622 901 879 970 disponit,
912 901 963 954 in
995 901 1109 968 ipso
1138 901 1351 954 demum
1380 901 1738 970 expeditionis
1766 902 1989 956 exordio

405 1008 529 1047 cum
577 992 761 1062 paucis
805 992 1081 1059 egreditur
1119 1008 1133 1044 :
1172 992 1490 1047 conﬂuentis
1532 1001 1712 1073 autem
1762 993 1988 1049 subinde

405 1099 662 1139 numerus
692 1084 963 1138 societatis
997 1092 1243 1153 augetur.
1288 1083 1544 1153 Quisquis
1589 1085 1817 1154 denique
1865 1086 1990 1140 huic

405 1172 567 1226 struit
597 1171 817 1226 insidias
836 1211 850 1233 ,
891 1187 995 1225 non
1024 1171 1210 1242 procul
1247 1186 1276 1225 a
1304 1173 1461 1227 domo
1482 1212 1496 1237 ,
1524 1173 1665 1227 unde
1692 1174 1986 1244 egreditur,

404 1262 582 1315 latitat
628 1280 641 1316 :
694 1271 753 1316 ut
799 1264 1024 1318 necdum
1074 1265 1407 1334 constipatus
1456 1265 1795 1319 multitudine
1842 1280 1987 1319 com-

406 1352 699 1406 meantium
733 1354 1040 1422 repentinos
1068 1353 1301 1422 impetus
1330 1369 1434 1408 non
1466 1356 1676 1409 evadat.
1709 1355 1859 1410 Tunc
1890 1372 1987 1409 au-

403 1450 510 1496 tem
552 1443 814 1520 veraciter
860 1444 927 1498 ad
978 1459 1158 1514 regem
1206 1454 1447 1499 nostrum
1496 1456 1848 1515 properantes
1886 1447 1989 1501 iter

403 1532 687 1602 incipimus
714 1574 728 1597 ,
772 1549 893 1587 cum
944 1535 1106 1589 rudes
1152 1536 1365 1599 adhuc,
1404 1537 1636 1605 novique
1679 1538 1883 1592 tirones
1933 1539 1984 1592 in

402 1624 665 1692 spirituali
697 1625 885 1678 militia
916 1634 1253 1680 sacramenta
1274 1626 1543 1697 juramus.
1576 1626 1681 1682 Sed
1711 1629 1836 1698 quia
1864 1643 1991 1683 nece

402 1712 527 1766 dum
579 1714 935 1782 Spiritualium
981 1715 1284 1770 studiorum
1330 1718 1544 1787 agmine
1592 1719 1982 1774 circumfundi-

2089 538 2197 592 ciat
2226 536 2389 589 vitiis.
2410 536 2621 606 Lingua
2653 552 2781 590 vero
2824 536 3195 607 restringitur,
3229 539 3355 607 quia
3385 540 3676 611 indiscipli-

2087 638 2213 683 nate
2241 628 2436 691 laxata,
2470 643 2715 698 supernae
2748 629 2936 697 gratiae
2961 629 3146 700 vigore
3182 630 3417 684 animam
3460 645 3673 699 vacuat,

2087 716 2249 789 334
2276 725 2331 771 et
2357 732 2386 770 a
2446 726 2585 771 statu
2635 716 2897 772 salutiferi
2947 720 3143 789 rigoris
3169 732 3411 775 enervat.
3444 723 3675 778 Verum-

2091 818 2267 863 tamen
2302 809 2490 863 modus
2516 819 2676 878 atque
2713 810 2965 865 discretio
3001 811 3053 865 in
3084 812 3279 867 talibus
3308 821 3393 867 est
3419 814 3678 870 adhiben-

2088 900 2186 965 da;
2220 915 2285 955 ne
2319 900 2460 970 quod
2488 900 2854 955 indifferenter
2878 902 3073 971 agitur,
3105 903 3254 958 velut
3291 919 3427 958 onus
3471 905 3677 974 impor—

2090 988 2285 1054 tabile,
2326 1004 2425 1058 per
2469 988 2869 1043 intolerantiam
2914 990 3328 1060 pusillanimiter
3357 993 3676 1063 deponatur.

2090 1079 2243 1135 Sicut
2293 1094 2423 1150 ergo
2479 1096 2640 1150 supra
2690 1081 3036 1149 promisimus
3064 1122 3078 1147 ,
3112 1097 3233 1152 qua:
3264 1084 3319 1137 in
3362 1084 3464 1139 hac
3493 1099 3680 1139 eremo

2088 1171 2299 1225 vivendi
2346 1169 2527 1241 regula
2575 1180 2823 1225 teneatur
2851 1210 2866 1236 ,
2931 1170 3171 1225 breviter
3214 1171 3584 1241 explicemus:
3619 1184 3679 1228 ut

2088 1261 2214 1315 dum
2261 1262 2401 1316 hanc
2427 1261 2578 1330 quasi
2616 1262 2885 1331 quoddam
2916 1262 3126 1317 vivendi
3154 1272 3385 1318 metrum
3428 1265 3679 1320 conside-

2091 1355 2314 1410 rationis
2356 1365 2460 1410 tuae
2495 1355 2667 1411 oculis
2695 1356 3007 1426 apposueris
3033 1396 3048 1420 ,
3079 1355 3193 1411 sive
3230 1357 3530 1422 excedens,
3562 1359 3679 1415 sive

2088 1445 2315 1501 inferius
2340 1446 2621 1517 gradiens,
2651 1447 2716 1500 ad
2764 1446 2905 1502 hanc
2953 1446 3134 1502 sedula
3167 1446 3465 1504 intentione
3494 1464 3681 1506 recur-

2088 1550 2236 1603 rens,
2260 1550 2455 1592 errare
2483 1551 2587 1591 non
2612 1535 2807 1606 possis.

2708 1625 2937 1683 CAPUT
2976 1626 3061 1682 Vl.

2456 1714 2652 1785 Regula
2667 1715 2863 1784 jejunii
2892 1732 2954 1769 ac
2986 1715 3300 1785 refectionis.

402 1817 563 1868 mur,
618 1804 844 1856 necdum
897 1803 1243 1873 perfectionis
1287 1785 1577 1862 virtutibus
1626 1809 1984 1873 roborantur;
2021 1785 2063 1843 Β
2162 1806 2242 1862 Ab
2266 1806 2446 1862 Idibus
2473 1807 2655 1876 itaque
2679 1805 3010 1875 Septembris
3039 1822 3210 1876 usque
3228 1808 3295 1862 ad
3320 1810 3679 1865 resurrectio-

402 1900 530 1946 tunc
555 1901 869 1948 veternosus
893 1894 1061 1949 hostis
1088 1904 1214 1949 ante
1236 1896 1409 1966 ipsum
1439 1898 1764 1967 egressionis
1791 1909 1988 1955 nostrze

403 1981 726 2037 vestibulum
760 1983 983 2038 insidias
1027 1994 1327 2055 praeparat,
1358 1985 1430 2040 ibi
1463 1987 1712 2041 versutize
1741 2003 1851 2042 suae
1895 1989 1989 2043 do-

401 2072 512 2138 los,
545 2074 616 2128 ibi
648 2072 998 2144 malignitatis
1046 2085 1190 2131 artes
1228 2086 1282 2131 et
1324 2077 1567 2146 laqueos,
1605 2078 1676 2132 ibi
1714 2079 1984 2148 deceptio-

401 2179 529 2217 num
562 2164 860 2231 machinas,
889 2174 945 2220 et
978 2167 1155 2220 omnia
1186 2166 1455 2237 pestiferae
1480 2167 1792 2224 calliditatis
1829 2185 1987 2239 argu-

401 2266 581 2310 menta
618 2258 911 2312 concinnat
958 2277 970 2312 :
1018 2269 1285 2330 quatenus
1327 2262 1501 2315 rivum
1548 2262 1726 2317 adhuc
1772 2271 1984 2317 tenuem

401 2340 523 2396 boni
551 2345 732 2413 operis
755 2344 1020 2412 obstruat,
1049 2356 1103 2402 et
1141 2348 1495 2418 gradientem,
1527 2352 1814 2421 antequam
1840 2368 1986 2407 com-

400 2436 701 2489 meantium
725 2437 938 2505 agmine
964 2437 1233 2501 fulciatur,
1267 2440 1592 2510 exstinguat.

470 2521 575 2578 Sed
623 2526 765 2580 inter
805 2527 901 2580 bas
943 2526 1246 2596 jaculorum
1276 2531 1734 2585 crebrescentium
1764 2532 1984 2602 grandi-

400 2632 528 2681 nes,
563 2618 704 2673 intcr
735 2619 866 2673 istas
907 2619 1169 2674 bellorum
1216 2621 1579 2691 ingruentium
1617 2631 1982 2693 tempestates,

367 2745 376 2776 ι
399 2706 598 2762 Christi
636 2709 792 2763 miles
825 2726 932 2763 non
963 2711 1252 2764 formidine
1277 2713 1628 2767 eontabes’cat
1651 2753 1666 2776 ,
1720 2729 1825 2768 non
1877 2712 1986 2768 fra-

365 2810 370 2868 ς
398 2806 521 2850 etus
548 2797 732 2852 labore
758 2798 1003 2864 deﬁciat;
1034 2800 1125 2854 sed
1155 2800 1369 2855 invicta:
1394 2803 1515 2857 ﬁdei
1544 2804 1728 2875 clypeo
1754 2821 1984 2875 przemu-

401 2889 565 2950 nitus,
590 2904 697 2957 quo
721 2890 928 2943 acriora
953 2889 1318 2945 infestantium
1343 2892 1665 2948 luctatorum
1690 2896 1982 2950 certamina

402 2978 626 3044 tolerat,
654 2996 717 3034 eo
743 2981 944 3035 certius
983 2981 1049 3034 de
1077 2981 1254 3036 vicina
1296 2984 1388 3037 Dei
1437 2986 1747 3041 auxiliantis
1776 2987 1983 3055 aspira-

401 3069 548 3121 tione
576 3069 830 3123 conﬁdat.
860 3068 967 3125 Nec
996 3085 1217 3140 prorsus
1246 3072 1546 3138 addubitet,
1570 3075 1695 3142 quia
1724 3075 1769 3129 si
1799 3077 1985 3145 primae

402 3159 716 3215 tcntationis
752 3160 1035 3215 articulum
1087 3162 1283 3218 ilhesus
1319 3165 1555 3218 evaserit
1599 3181 1613 3217 :
1661 3165 1821 3235 paulo
1865 3176 1986 3235 post

401 3250 704 3313 roboratus,
737 3262 789 3304 et
816 3251 1046 3317 validus,
1076 3260 1222 3325 terga
1250 3256 1585 3312 vertentibus
1633 3273 1698 3313 ac
1731 3273 1985 3317 succum:

401 3343 652 3399 bentibus
680 3347 793 3401 suis
821 3347 1166 3414 adversariis,
1200 3352 1533 3420 prmvalebit.
1563 3353 1767 3409 Idcirco
1796 3371 1987 3425 nempe

402 3435 685 3490 insidiator
707 3438 929 3507 spiritus
956 3449 1124 3494 totum
1156 3440 1226 3495 fel
1252 3457 1363 3496 sua:
1387 3444 1638 3511 nequitiae
1660 3444 1805 3499 circa
1834 3446 1986 3501 novi-

403 3527 505 3579 tios
530 3528 748 3581 evomit.
790 3528 911 3583 Ideo
956 3544 1114 3584 omne
1140 3531 1287 3585 virus
1311 3532 1617 3587 artiﬁciosae
1647 3549 1708 3589 ac
1736 3535 1986 3603 decepto-

405 3616 498 3668 rize
525 3616 833 3672 calliditatis
856 3618 1081 3673 effundit
1113 3637 1126 3672 ε
1160 3621 1284 3689 quia
1316 3637 1422 3675 non
1465 3621 1709 3691 ignorat,
1732 3624 1983 3692 quoniam

404 3706 446 3759 si
482 3714 607 3761 tunc
631 3705 881 3762 eﬁ‘ectum
905 3708 1145 3777 perversi
1174 3718 1399 3763 conatus
1428 3710 1694 3775 amiserit,
1725 3720 1985 3781 opportu-

403 3796 629 3851 nitatem
675 3797 898 3853 lzedendi
930 3799 1270 3868 postmodum
1304 3814 1409 3853 non
1457 3799 1697 3854 habebit.
1748 3801 1857 3855 lmo
1893 3802 1984 3872 qui

403 3890 751 3960 supplantare
795 3906 902 3947 non
932 3891 1137 3961 potuit,
1175 3892 1344 3945 ruinae
1385 3893 1724 3961 postmodum
1757 3893 1987 3961 turpiter

405 3979 728 4048 subjacebit;
758 3988 813 4034 et
838 3980 930 4051 qui
957 3980 1077 4035 rudi
1107 3995 1209 4035 non
1237 3982 1511 4051 pnevalet,
1539 3981 1834 4037 exercitato
1859 3996 1983 4038 suc-

405 4070 642 4125 cumbet.

1042 4158 1267 4216 CAPUT
1304 4160 1368 4215 V.

476 4248 556 4303 De
586 4248 777 4320 quiete,
805 4249 1040 4315 silentio,
1068 4261 1114 4303 et
1142 4251 1369 4332 jejunio,
1400 4251 1627 4305 eremitis
1658 4254 1917 4323 praecipue

1044 4335 1346 4374 necessariis
1355 4358 1366 4369 .

2092 1913 2216 1953 nem
2260 1898 2619 1964 Dominicam,
2651 1898 2888 1967 quinque
2918 1913 3013 1968 per
3059 1899 3446 1955 hebdomadam
3489 1901 3679 1958 diebus

2089 1999 2303 2044 tenetur
2349 1990 2437 2044 hic
2484 2006 2547 2044 ex
2603 2004 2754 2043 more
2798 1988 3079 2059 jejunium.
3131 1992 3211 2045 Ab
3261 1992 3467 2047 oetavis
3495 1984 3693 2049 autem

2087 2080 2363 2135 Paschalis
2394 2079 2703 2135 festivitatis
2735 2094 2904 2149 usque
2950 2081 3017 2134 ad
3049 2090 3258 2135 sextum
3304 2083 3443 2137 diem
3487 2082 3679 2138 Pente-

2088 2179 2303 2235 co-tes,
2359 2180 2591 2241 quatuor
2638 2180 2843 2225 tantum
2898 2186 2994 2241 per
3048 2172 3437 2226 hebdomadam
3490 2174 3679 2231 diebus

2081 2263 2343 2335 jejunium
2373 2264 2694 2320 celebratur.
2737 2264 2849 2320 Hac
2892 2263 3141 2319 videlicet
3189 2266 3515 2322 discretione
3561 2283 3679 2322 sero

2087 2366 2210 2411 vata
2239 2364 2297 2410 ut
2324 2365 2543 2426 propter
2569 2355 2907 2411 Dominicum
2934 2355 3074 2411 diem
3094 2396 3110 2420 ,
3142 2355 3209 2410 de
3260 2358 3413 2427 cujus
3458 2358 3678 2427 speciali

2087 2446 2385 2501 reverentia
2416 2444 2591 2501 nullus
2631 2445 2944 2512 addubitat,
2991 2445 3155 2499 etiam
3204 2447 3361 2500 tertia
3406 2456 3461 2502 et
3488 2448 3675 2517 quinta

2086 2536 2217 2591 feria
2253 2536 2335 2591 bis
2364 2537 2415 2590 in
2449 2536 2534 2591 die
2577 2535 2824 2590 reﬁciant
2862 2534 3079 2589 fratres.
3110 2534 3202 2589 lllo
3244 2535 3387 2604 enim
3439 2545 3679 2605 tempore

2085 2627 2212 2681 licet
2266 2626 2546 2696 aliquanto
2597 2625 2876 2680 remissius
2927 2624 3110 2678 vivere
3153 2625 3410 2678 :tametsi
3460 2626 3679 2682 minime

2086 2720 2481 2789 prohibeantur
2526 2718 2777 2775 monachi
2820 2718 3143 2773 auctoritate
3194 2732 3471 2772 sacrorum
3514 2732 3679 2771 cano-

2088 2827 2214 2864 num
2241 2810 2504 2881 jejunare.
2540 2810 2620 2864 Ab
2649 2818 2841 2864 octava
2872 2824 3001 2865 vero
3040 2809 3387 2863 Pentecostes
3412 2823 3581 2876 usque
3608 2809 3677 2861 ad

2088 2900 2431 2955 Nativitatem
2460 2901 2519 2953 B.
2549 2899 2795 2967 Joannis,
2824 2900 2983 2955 tertia
3014 2899 3233 2969 quidem
3266 2899 3397 2953 feria
3428 2898 3673 2968 pulmen-

2036 3050 2039 3053 λ
2090 3001 2199 3046 tum
2226 2986 2485 3046 fratribus
2514 2992 2645 3045 hora
2682 3006 2824 3046 nona
2854 2991 3130 3055 tribuitur,
3160 2990 3345 3060 quinta
3378 3004 3506 3043 vero
3538 2988 3673 3042 feria

2090 3081 2313 3136 refectio
2339 3083 2584 3136 iteratur.
2614 3081 2780 3136 Porro
2806 3096 2837 3134 a
2858 3080 3153 3135 festivitate
3174 3079 3232 3135 S.
3255 3078 3478 3139 Joannis
3501 3094 3674 3150 usque

2090 3172 2155 3227 ad
2187 3172 2308 3226 ldus
2338 3171 2692 3242 Septembris,
2728 3172 2883 3225 tertia
2923 3180 2979 3225 et
3001 3169 3186 3239 quinta
3215 3169 3345 3224 feria
3378 3169 3499 3223 bina
3530 3169 3674 3223 refe-

2088 3262 2196 3317 ctio
2245 3262 2296 3316 in
2350 3263 2436 3317 die
2482 3270 2770 3317 teneatur:
2798 3260 3015 3330 reliquis
3046 3274 3183 3339 vero,
3218 3267 3451 3330 quatuor
3485 3259 3678 3315 diebus

2082 3353 2346 3423 jejunium
2377 3369 2442 3407 ex
2479 3368 2630 3408 more
2657 3361 2923 3407 servetur.
2955 3350 3116 3406 Salvo
3144 3350 3394 3406 videlicet
3421 3349 3675 3419 eo,quod

2087 3444 2131 3500 si
2162 3445 2281 3514 quis
2321 3445 2459 3497 inter
2487 3441 2682 3497 fratres
2720 3442 3003 3495 inﬁrmari.
3025 3440 3353 3510 conspicitur
3375 3480 3390 3503 ,
3424 3456 3546 3494 mox
3579 3438 3674 3507 illi,

2088 3544 2245 3604 prout
2290 3547 2510 3588 necesse
2556 3532 2755 3596 fuerit,
2786 3531 3207 3586 misericorditer
3243 3530 3583 3585 subvenitur.
3618 3528 3675 3583 In

2088 3623 2473 3678 festivitatibus
2520 3620 2803 3675 duodecim
2856 3620 3145 3675 lectionum
3170 3660 3185 3683 ,
3216 3632 3550 3688 quaecunque
3582 3622 3675 3671 ve;

2087 3714 2242 3768 niunt
2268 3713 2335 3767 ab
2359 3712 2537 3767 Idibus
2559 3711 2894 3781 Septembris
2912 3725 3083 3779 usque
3108 3709 3172 3764 ad
3202 3709 3673 3764 Resurrectionem

2091 3804 2343 3869 Domini,
2396 3801 2562 3857 semel
2617 3810 2824 3856 tantum
2876 3801 3124 3855 reﬁciant
3176 3799 3403 3863 fratres;
3434 3797 3674 3865 exceptis

2087 3893 2341 3957 videlicet
2392 3893 2474 3946 his
2529 3891 2997 3953 solemnitatibus,
3037 3888 3277 3943 omnium
3330 3895 3672 3949 sanctorum,

2091 3982 2146 4038 S.
2174 3983 2384 4050 Martini
2407 3992 2462 4036 et
2482 3981 2538 4036 S.
2569 3982 2819 4046 Andreae,
2848 3979 3179 4034 hebdomada
3211 3978 3412 4032 Natalis
3437 3975 3673 4039 Domini,

2088 4080 2145 4127 et
2167 4087 2275 4126 uno
2314 4072 2400 4126 die
2442 4070 2757 4140 Epiphaniae
2786 4109 2799 4133 ,
2820 4078 2887 4123 et
2921 4065 3245 4138 Hypopanti.
3278 4065 3482 4131 Quibus
3514 4064 3678 4115 nimi-

2090 4177 2209 4216 rum
2263 4161 2450 4216 diebus
2496 4160 2725 4215 iteratur
2757 4173 2856 4228 pro
2891 4172 3040 4213 more
3088 4154 3328 4211 refectio.
3361 4155 3417 4208 ln
3460 4153 3676 4208 ueteris

2089 4260 2269 4305 autem
2298 4250 2682 4305 festivitatibus
2712 4265 2817 4304 una
2848 4246 3220 4303 tantummodo
3250 4246 3360 4301 sint
3382 4244 3674 4300 refectione

2089 4341 2348 4396 contenti.

477 4428 782 4485 Notandum
817 4437 1028 4493 autem,
1057 4430 1182 4499 quia
1220 4446 1342 4484 cum
1378 4430 1629 4487 omnibus
1672 4433 1739 4487 ad
1784 4441 1985 4490 aeterna
2019 4469 2067 4529 ι)
2162 4431 2466 4486 Notandum
2497 4439 2696 4497 autem,
2725 4429 2849 4500 quia
2884 4443 2990 4483 non
3014 4442 3225 4493 omnes,
3253 4440 3373 4495 quae
3402 4423 3455 4479 in
3483 4438 3672 4529 mona-
3702 4439 3711 4444 -

408 4517 791 4573 festinantibus
820 4518 1086 4573 universa:
1113 4518 1339 4573 virtutes
1371 4519 1536 4573 animi
1572 4520 1678 4574 sint
1703 4521 1983 4589 habendae,

408 4607 662 4663 solitariae
687 4609 808 4663 vita:
836 4608 1112 4679 proposito
1140 4608 1239 4663 tria
1268 4619 1391 4663 sunt
1419 4611 1688 4680 przecipue
1718 4612 1987 4667 exteriora

407 4701 681 4766 videlicet,
713 4717 948 4772 congrua
981 4702 1197 4772 speciali
1238 4719 1347 4772 pra:
1372 4705 1578 4759 caeteris
1614 4705 1988 4762 observatione

408 4789 638 4845 tenenda
664 4807 676 4843 :
715 4792 870 4860 quies
896 4790 1121 4858 scilicet,
1152 4792 1421 4847 silentium
1445 4833 1460 4856 ,
1494 4803 1655 4863 atque
1676 4793 1936 4865 jejunium
1967 4813 1982 4851 :

409 4891 464 4933 et
507 4890 700 4934 cmtera
731 4881 947 4949 quidem
997 4883 1351 4937 instrumenta
1378 4883 1600 4954 justitite
1646 4885 1699 4939 in
1730 4886 1843 4941 sola
1877 4888 1987 4955 ple-

409 4986 637 5042 rumque
665 4972 982 5038 devotione,
1011 4974 1096 5028 vel
1126 4976 1343 5041 habitu;
1385 4978 1486 5031 ista
1528 4988 1706 5034 autem
1752 4981 1803 5034 in
1832 4996 1986 5035 exer-

408 5064 539 5119 citio
591 5063 784 5118 debent
843 5065 1092 5119 familiari
1148 5069 1374 5135 quadam
1428 5070 1710 5125 sedulitate
1756 5074 1983 5127 versari.

411 5154 564 5208 Sicut
600 5155 742 5208 enim
788 5154 1082 5210 sacerdotis
1112 5167 1198 5212 est
1225 5158 1502 5226 proprium
1540 5161 1820 5215 sacriﬁciis
1852 5160 1984 5217 oﬁ'e-

412 5244 594 5299 rendis
640 5244 930 5308 insistere,
979 5240 1214 5300 doctoris
1259 5253 1343 5300 est
1390 5248 1718 5316 praedicare;
1770 5250 1844 5303 ita
1901 5251 1986 5304 ni-

412 5333 700 5389 hilominus
726 5335 967 5390 eremitae
994 5335 1225 5389 cilicium
1254 5346 1366 5401 est,
1399 5337 1451 5390 in
1484 5336 1720 5407 jejunio,
1750 5340 1988 5394 silentio-

413 5438 517 5492 que
543 5425 841 5495 quiescere.
877 5426 1029 5482 Unde
1068 5443 1172 5481 non
1218 5429 1418 5482 frustra
1460 5430 1727 5496 reperitur
1753 5430 1822 5483 ab
1852 5432 1991 5484 anti—

413 5515 535 5583 quis
560 5516 683 5570 vita:
712 5517 869 5586 hujus
908 5518 1302 5574 institutoribus
1327 5520 1526 5575 dictum
1559 5539 1571 5572 :
1604 5520 1739 5575 Sede
1768 5523 1821 5574 in
1858 5521 1989 5576 cella

408 5616 527 5667 tua,
550 5615 596 5658 et
622 5608 781 5659 retine
802 5606 1035 5676 linguam
1061 5620 1227 5675 tuam,
1254 5621 1302 5663 et
1328 5620 1573 5673 ventrem,
1596 5621 1641 5664 et
1672 5612 1844 5665 salvus
1864 5614 1987 5665 eris.

422 5697 612 5752 Venter
643 5698 904 5767 siquidem
936 5701 1304 5769 reprimendus
1342 5712 1443 5771 est,
1478 5719 1543 5759 ne
1586 5705 1710 5760 dum
1744 5705 1855 5774 ipse
1886 5704 1988 5759 im;

2093 4522 2455 4586 sterio,etiam
2478 4522 2532 4574 in
2562 4535 2746 4575 eremo
2772 4516 3472 4574 celebranturfestivitates.
3498 4512 3561 4565 Et
3586 4512 3674 4567 ba:
3730 4567 3735 4571 ,

2093 4626 2214 4682 quae
2243 4611 2348 4666 illic
2378 4611 2541 4675 ﬁunt,
2565 4610 2883 4680 plerumque
2927 4615 3377 4669 transmutantur,
3414 4614 3474 4657 ut
3498 4611 3591 4656 aut
3615 4602 3673 4655 in

2096 4702 2275 4766 tertia,
2301 4710 2394 4756 aut
2420 4700 2474 4755 in
2504 4701 2691 4769 quinta
2722 4696 2861 4753 feria‘
2902 4696 3240 4752 celebrentur
3267 4712 3280 4748 :
3306 4691 3545 4761 exceptis
3581 4690 3672 4744 ni-

2092 4794 2288 4848 mirum
2313 4791 2598 4861 prazcipuis
2624 4789 3037 4853 festivitatibus,
3070 4802 3189 4856 quae
3215 4785 3286 4841 ob
3313 4782 3673 4840 reverentiam

2092 4885 2369 4955 dignitatis
2392 4882 2591 4938 mutari
2616 4897 2721 4937 non
2744 4888 2987 4952 possunt.
3007 4878 3301 4946 Plerasque
3320 4884 3497 4929 autem
3519 4872 3676 4927 festi-

2090 4976 2306 5039 vitates,
2352 4989 2472 5043 qua
2507 4989 2611 5028 non
2641 4972 2778 5027 adeo
2802 4978 2929 5026 sunt
2955 4968 3236 5040 praecipua:
3259 5006 3274 5031 ,
3298 4966 3416 5021 sive
3443 4964 3497 5018 in
3535 4979 3673 5033 qua-

2090 5067 2429 5138 dragcsimali
2462 5076 2699 5136 tempore
2721 5104 2736 5129 ,
2769 5064 2881 5118 sive
2911 5078 3008 5132 per
3050 5061 3215 5117 totius
3259 5059 3387 5113 anni
3427 5056 3676 5112 curricu-

2088 5156 2198 5210 lum
2222 5196 2238 5221 ,
2268 5156 2581 5211 cellerarius
2628 5170 2749 5209 cum
2780 5154 2864 5207 his
2889 5153 2979 5223 qui
3004 5152 3160 5222 juxta
3199 5148 3483 5205 ecclesiam
3515 5161 3670 5201 com-

2090 5256 2369 5300 morantur
2391 5285 2405 5310 ,
2436 5260 2555 5300 cum
2584 5245 2863 5299 duodecim
2909 5242 3181 5298 celebrent
3208 5240 3564 5297 lectionibus:
3588 5246 3675 5291 at-

2089 5351 2195 5405 que
2220 5337 2261 5390 si
2292 5335 2457 5405 priori
2486 5334 2716 5399 videtur,
2759 5333 2938 5403 aliqua
2966 5332 3070 5387 illis
3094 5371 3110 5397 ,
3141 5330 3414 5385 rarissime
3445 5338 3626 5383 tamen
3650 5366 3670 5392 ,

2093 5429 2460 5485 misericordia
2518 5426 2830 5483 refcctionis
2887 5426 3245 5496 impendatur.
3304 5422 3569 5478 Cancrum
3631 5420 3672 5476 ii

2090 5519 2180 5585 qui
2226 5534 2321 5586 per
2349 5519 2589 5572 diversas
2620 5528 2745 5573 sunt
2770 5518 2989 5573 cellulas
3027 5514 3301 5571 constituti
3332 5553 3348 5577 ,
3379 5514 3504 5567 dum
3535 5511 3672 5565 foris

2093 5610 2314 5663 minime
2356 5611 2639 5679 prodeant,
2675 5610 2815 5663 trina
2857 5609 3086 5664 lectione
3125 5607 3380 5667 contenti,
3399 5602 3669 5671 jejunium

2092 5715 2157 5756 ex
2190 5718 2337 5758 more
2364 5711 2701 5762 conservent.
2732 5703 2981 5774 Jejunare
3019 5711 3198 5758 autem
3246 5697 3365 5754 illos
3410 5696 3666 5761 diemus,

3674 4334 3764 4365 3.7-
