3996 6184
372 281 474 336 3H

1225 284 1466 344 OPUSC.
1499 284 1614 344 XV.
1639 279 1809 343 L—DE
1846 285 2233 346 lNSTlTUTlS
2270 290 2435 349 0RD.
2468 293 2745 350 EREMIT.

3528 306 3635 363 διε

370 395 466 463 qui
496 408 530 463 p
565 406 690 449 nem
712 407 835 449 cum
865 393 976 449 sale
1018 404 1074 451 et
1115 410 1255 466 aqua
1280 397 1600 467 percipiunt.
1631 396 1732 455 Ubi
1762 408 1956 467 pratter
1984 407 2032 463 Α
2058 401 2201 457 tibus
2226 442 2241 466 ,
2277 403 2452 458 sancti
2482 404 2685 460 scilicet
2713 406 2969 473 Andreae,
3011 404 3072 462 Β.
3104 408 3375 465 Benedicti
3400 451 3416 471 .
3446 422 3501 468 ct
3528 413 3635 469 Do-

371 486 493 541 haec
524 482 672 538 al‘ud
717 484 847 552 quid
877 485 1121 553 additur,
1145 487 1201 542 in
1243 501 1425 543 eremo
1444 487 1706 558 jejunium
1734 503 1842 544 non
1865 504 1960 544 vo-

369 582 545 628 catur.
576 572 794 628 limbus
828 584 1008 629 au'em
1054 576 1159 631 illis
1203 578 1630 646 quadragesimis
1655 575 1816 649 335
1841 593 1962 647 qua:

367 662 455 715 vel
486 658 532 715 N
566 661 675 716 tale
699 661 943 726 Domini,
981 664 1064 718 vel
1104 674 1349 721 sanctum
1391 665 1599 722 Pascha
1628 669 1958 737 praecedunt,

371 754 615 809 ronnulli
666 754 864 810 fratres
910 755 998 811 hic
1042 766 1208 823 sunt,
1250 758 1341 827 qui
1373 765 1539 814 totam
1567 760 1961 817 hebdomadam

363 847 660 913 jejuuando
688 853 1065 901 transcurrunt
1090 864 1103 909 ;
1132 856 1190 902 et
1216 849 1488 917 quotidie,
1515 850 1758 920 exceptis
1781 850 1963 905 Domi-

372 937 533 996 ltiris.
565 938 616 990 in
648 952 787 1007 pane
811 947 863 992 et
905 954 1045 1008 aqua
1075 940 1280 994 vivunt.
1314 942 1544 1007 Quidam
1572 942 1739 997 etiam
1765 941 1963 997 fratres

370 1027 429 1081 in
476 1031 759 1098 utriusque
810 1043 919 1097 qua
956 1029 1237 1100 ragcsimas
1281 1044 1389 1085 non
1439 1030 1612 1086 solum
1659 1029 1964 1100 quibusque

370 1119 799 1186 fest'titatibus.
852 1122 948 1177 sed
1020 1130 1077 1177 et
1147 1122 1442 1179 Dotnin’cis
1513 1122 1704 1177 diebus
1772 1122 1961 1191 coqui-

371 1213 590 1267 natibus
643 1212 935 1268 abstinent.
972 1214 1127 1281 Quod
1178 1230 1278 1270 nos
1320 1216 1376 1270 in
1429 1214 1723 1269 Dominicis
1774 1214 1964 1269 diebus

370 1302 549 1370 primo
578 1301 795 1372 quidem
835 1312 1056 1373 propter
1098 1305 1470 1361 excellentiam
1519 1314 1725 1360 sancta:
1758 1305 1960 1360 Resur-

370 1392 633 1447 rectiouis
680 1394 989 1448 curavimus
1040 1395 1329 1462 prohibere
1355 1436 1370 1461 ,
1416 1396 1512 1451 sed
1555 1411 1741 1451 rursus
1786 1396 1963 1450 coacti

370 1495 563 1536 sumus
599 1480 835 1537 fraterna
864 1483 1258 1552 supplicatione
1292 1484 1627 1553 permittere.
1656 1482 1965 1540 Vescuntur

370 1580 554 1625 autem
600 1573 774 1639 pernis
798 1613 812 1637 ,
843 1582 897 1627 et
928 1574 1218 1629 herbarum
1247 1574 1520 1643 radicibus
1544 1616 1559 1642 ,
1587 1590 1651 1631 ac
1681 1575 1964 1644 legumini-

368 1662 475 1716 bus
504 1660 721 1727 infusis,
760 1663 842 1717 vel
867 1664 1029 1718 etiam
1054 1664 1230 1720 elixis.

2060 494 2256 549 minica
2279 495 2683 565 palmarum,et
2703 496 2867 552 Coma
2891 498 3102 553 Domini
3130 516 3143 554 :
3167 502 3360 570 quibus
3386 502 3638 558 nimirum

2060 584 2438 639 sacratissimis
2487 585 2675 643 diebus
2720 588 2925 656 pisces,
2956 598 3012 645 et
3050 590 3233 644 vinum
3263 592 3642 648 excellentium

2060 674 2459 729 solemnitatum
2482 674 2665 731 latitia
2695 676 2956 733 invitante
2982 680 3302 748 percipiunt.
3321 680 3378 735 lu
3404 664 3645 738 sabbato

2062 772 2241 818 autem
2273 772 2464 819 sancto
2481 806 2511 831 ,ο
2546 779 2785 841 necnon
2825 774 2880 821 et
2909 767 3089 837 vigilia
3141 767 3348 823 Natalis
3394 770 3642 834 Domini,

2061 860 2121 905 ut
2149 852 2301 907 labor
2338 854 2709 935 ecclesiastici.
2735 856 3005 911 relevetur
3035 858 3193 912 oﬂicii
3226 868 3392 913 totum
3423 876 3643 929 panem,

2060 940 2224 1013 336
2249 942 2347 1013 qui.
2378 943 2679 1009 voluerint,
2710 948 2999 1001 comedunt
3029 964 3042 1001 :
3080 948 3242 1002 alium
3270 965 3399 1003 vero
3439 951 3643 1017 cibum,

2062 1034 2175 1087 sive
2208 1034 2350 1100 laici,
2382 1035 2494 1090 sive
2524 1037 2774 1092 monachi
2806 1039 3021 1107 penitus
3043 1055 3152 1093 non
3174 1041 3483 1095 admittunt.
3511 1041 3646 1096 Tres

2062 1134 2242 1179 autem
2274 1125 2612 1181 solummodo
2640 1137 2845 1181 octava:
2874 1144 2970 1198 per
3004 1145 3201 1183 annum
3249 1130 3319 1184 ita
3360 1131 3644 1185 celebran-

2062 1222 2169 1273 tur.
2202 1222 2260 1267 ut
2282 1212 2528 1289 jejunare
2558 1217 2645 1272 hic
2677 1233 2834 1272 nemo
2867 1230 3112 1288 cogatur,
3162 1220 3212 1273 id
3242 1230 3323 1273 est
3354 1222 3647 1276 Dominica:

2062 1305 2477 1360 resurrectionis
2495 1346 2510 1371 ,
2536 1316 2591 1360 et
2617 1316 2818 1369 sanctae
2842 1309 3189 1365 Pentecostes
3206 1350 3219 1374 ,
3247 1321 3411 1379 atque
3440 1310 3647 1364 Natalis

2061 1392 2295 1448 Domini.
2330 1394 2435 1449 Sed
2460 1396 2805 1464 quibusdam,
2840 1398 2965 1468 quia
2998 1408 3216 1469 pr0pter
3240 1400 3656 1454 desuetudinem

2062 1500 2224 1553 grave
2253 1494 2336 1541 est
2372 1486 2536 1541 totius
2566 1488 2915 1544 hebdomadas
2947 1490 3127 1544 binam
3155 1474 3474 1545 continuare
3511 1490 3647 1545 refe-

2058 1576 2296 1630 ctionem
2317 1616 2332 1642 ,
2362 1578 2617 1646 quoniam
2648 1580 2866 1649 quidem
2913 1580 3016 1635 hoc
3062 1581 3338 1636 humiliter
3365 1590 3661 1652 expetunt,

2054 1664 2301 1737 jejunare
2321 1668 2716 1739 aliquantulum
2734 1686 2833 1740 pro
2854 1671 3226 1727 misericordia
3245 1674 3646 1728 conceduntur:

444 1750 555 1808 Nec
586 1753 715 1807 illud
745 1754 901 1825 plane
948 1755 1172 1811 silenter
1215 1757 1534 1824 omittimus,
1568 1759 1710 1829 quod
1738 1759 1790 1814 in
1822 1774 1957 1830 qna-
1986 1764 2033 1823 Β
2060 1773 2371 1827 quanquam
2419 1758 2476 1812 in
2523 1760 2731 1814 octavis
2788 1761 3137 1817 Pcntccostes
3180 1771 3235 1816 et
3276 1762 3663 1817 ecclesiastica

368 1844 691 1914 dragesima:
718 1847 999 1917 utriusque
1028 1848 1293 1919 principio
1321 1865 1513 1906 omnes
1536 1851 1811 1916 monachi,
1841 1865 1959 1908 nec-

368 1954 479 1994 non
526 1948 581 1994 et
622 1940 747 1997 laici
779 1943 1082 1999 triduanum
1125 1944 1389 2016 jejunium
1447 1946 1693 2001 districte
1735 1954 1957 1999 conser-

368 2038 504 2083 vant
532 2047 546 2082 :
575 2030 649 2084 ita
692 2040 751 2084 ut
778 2036 868 2102 qui
897 2049 927 2087 a
955 2035 1317 2105 percipiendis
1358 2022 1629 2091 alimentis
1654 2034 1875 2090 omnino
1900 2050 1960 2090 se

370 2134 721 2190 emttpescere
766 2135 1077 2195 nequeunt,
1127 2128 1243 2183 solo
1292 2139 1468 2183 tamen
1515 2143 1653 2198 pane
1696 2126 1857 2182 simul
1906 2134 1962 2181 et

371 2227 512 2279 aqua
560 2214 799 2268 contenti
849 2216 1052 2271 vivant.
1100 2218 1194 2273 Est
1217 2226 1398 2274 autem
1422 2219 1757 2274 consuetudo
1780 2218 1961 2272 fratri-

371 2303 475 2357 bus
519 2305 667 2358 omni
700 2315 940 2375 tempore
984 2309 1090 2363 duo
1128 2310 1179 2363 in
1213 2309 1506 2366 Dominicis
1538 2309 1727 2365 diebus
1753 2309 1960 2365 habere

369 2393 648 2462 pulmenta
673 2436 687 2459 ,
720 2406 941 2466 propter
982 2398 1116 2453 duas
1162 2399 1368 2454 scilicet
1395 2400 1835 2471 quadragesimus
1865 2414 1957 2454 su-

370 2485 557 2552 perius
603 2488 909 2543 nominatas
942 2506 955 2541 :
984 2490 1037 2543 iu
1080 2491 1274 2560 quibus
1311 2506 1408 2561 per
1436 2506 1624 2546 omnes
1650 2516 1665 2557 δ
1696 2501 1750 2545 et
1780 2491 1961 2546 Domi-

370 2574 525 2629 nicas
559 2574 846 2643 videlicet,
875 2588 931 2632 et
968 2589 1279 2634 sanctorum
1307 2578 1627 2635 festivitates
1655 2621 1667 2645 ,
1698 2595 1806 2635 uno
1834 2581 1963 2635 dun-

373 2674 527 2719 taxat
551 2668 852 2736 probantur
877 2683 996 2724 esse
1019 2670 1279 2725 contenti.
1297 2670 1517 2724 Caeteris
1546 2679 1726 2723 autem
1748 2671 1958 2736 diebus,

370 2757 571 2824 quibus
598 2758 856 2813 nimirum
884 2760 1401 2831 temperatojejunio
1426 2762 1705 2816 remissius
1734 2761 1959 2827 vivunt,

370 2849 422 2902 si
456 2850 540 2904 bis
593 2852 647 2904 in
689 2852 775 2905 die
820 2853 1147 2917 comedunt,
1178 2854 1283 2908 duo
1331 2852 1434 2907 illis
1484 2853 1757 2922 pulmenta
1804 2852 1961 2918 fiunt,

369 2942 770 3008 prandentibus
791 2958 975 3007 unum,
998 2946 1299 2997 cmuaturis
1320 2944 1545 2998 alterum
1574 2942 1959 2998 exhibendum.

370 3029 471 3083 Sin
500 3038 680 3083 autem
715 3046 821 3083 una
850 3032 920 3085 sit
951 3030 1173 3087 refectio
1204 3043 1408 3087 tantum
1436 3074 1450 3098 ,
1477 3050 1640 3087 ttnum
1665 3034 1735 3087 sit
1762 3033 1961 3086 nihilo-

2065 1851 2304 1915 traditio,
2333 1860 2387 1906 et
2416 1850 2635 1905 Patrum
2665 1851 2924 1907 decernat
2953 1853 3250 1908 auctoritas
3270 1852 3667 1923 jejunandum-.

2060 1943 2119 1997 lu
2166 1943 2387 2013 reliquis
2430 1959 2565 1998 vero
2611 1944 2818 2000 octavis
2861 1944 3228 2014 quarumlibet
3274 1944 3671 2009 festivitatum..

2062 2032 2489 2087 ecclesiasticum
2510 2033 2754 2101 quidem,
2768 2042 2931 2103 prout
2951 2033 3217 2103 regularis
3234 2033 3369 2088 ordo
3390 2033 3647 2103 postulat,

2064 2131 2308 2176 tenemus
2332 2122 2590 2189 cilicium,
2623 2132 2867 2179 tenorem
2898 2138 3027 2179 vero
3053 2122 3663 2192 consuetijejunii-non.

2063 2223 2351 2270 mutamus.

2666 2302 2892 2359 CAPUT
2938 2302 3045 2358 νιι.

2504 2394 2580 2447 De
2615 2412 2880 2447 servorum
2918 2393 3214 2463 disciplina.
3658 2446 3661 2455 ,

2137 2482 2207 2537 Ut
2238 2495 2415 2539 autem
2455 2474 2565 2537 tota
2608 2485 2799 2539 domus
2836 2484 2929 2537 Dei
2962 2486 3061 2539 sub
3106 2484 3336 2554 regulari
3382 2485 3665 2549 custodiar

2065 2584 2119 2629 ct
2147 2576 2425 2644 disciplina
2468 2584 2747 2639 teneatur,
2788 2584 2842 2629 et
2886 2578 3301 2646 unumquodque
3348 2579 3656 2631 membrum

2065 2674 2319 2734 operetur
2350 2666 2400 2719 in
2430 2680 2679 2735 corpore,
2703 2665 2857 2735 juxta
2886 2680 2996 2718 sua:
3026 2666 3371 2734 proprietatis
3395 2666 3663 2729 officium,

2067 2755 2252 2810 famuli
2299 2772 2545 2827 quoque,
2574 2758 2673 2827 qui
2714 2758 2837 2812 huic
2872 2757 3334 2811 loco-deserviunt
3360 2798 3385 2823 ,η
3419 2759 3487 2811 ab
3519 2758 3656 2812 assi-

2068 2860 2232 2921 gnato
2258 2851 2358 2905 sibi
2386 2850 2596 2907 vivendi
2625 2852 2814 2907 ordine
2860 2866 2965 2905 non
3010 2850 3267 2907 recedunt
3298 2869 3310 2904 :
3352 2853 3443 2920 qui
3488 2852 3653 2906 nimi-

2071 2957 2189 2994 rum
2221 2956 2317 3010 per
2347 2942 2512 2995 totius
2556 2941 2765 2996 annalis
2809 2941 2966 3011 spatii
2994 2958 3213 2996 cursum
3244 2942 3416 2997 tribus
3444 2958 3538 3011 per
3562 2943 3657 2995 hes

2069 3033 2390 3087 bdomadam
2419 3034 2610 3088 diebus
2643 3043 2917 3103 tenent_ex
2947 3048 3096 3089 more
3134 3032 3419 3103 jejunium.
3464 3034 3519 3087 In
3553 3033 3604 3087 ill
3632 3050 3657 3087 s

372 3122 558 3177 minus
609 3133 665 3178 ct
720 3124 1075 3192 pulmentum.
1126 3127 1278 3192 Quod
1324 3138 1503 3180 autem
1553 3127 1605 3179 in
1668 3126 1962 3180 Dominicis
1990 3117 2035 3176 Ο
2067 3122 2504 3176 autem.duabus
2548 3123 2975 3193 quadragesimis
3021 3133 3255 3191 quatuor
3296 3124 3411 3178 dies
3449 3122 3657 3191 jejunio

372 3214 572 3269 diebus
618 3216 726 3269 duo
755 3217 843 3270 hic
891 3217 1005 3269 ﬁeri
1058 3217 1232 3271 solere
1278 3198 1550 3286 pulmenta
1598 3216 1966 3281 meminimus,

372 3314 599 3359 constat
643 3315 799 3361 extra
864 3307 1198 3360 eremiticam
1259 3306 1501 3378 regulam
1556 3306 1757 3361 idcirco
1804 3298 1971 3363 fuisse

369 3398 704 3465 permissum
732 3437 747 3460 ,
778 3398 901 3466 quia
934 3413 1156 3467 perraro
1185 3399 1292 3453 huc
1334 3398 1400 3451 ab
1445 3398 1716 3452 extraneis
1744 3397 1971 3452 oblatio-

371 3502 505 3539 num
561 3486 838 3541 deferatur
922 3489 1163 3541 xcnium.
1214 3485 1479 3542 Caeterum
1519 3487 1608 3547 ubi
1663 3487 1813 3542 locus
1866 3487 1971 3541 fre-

372 3584 676 3644 quentatur
723 3576 1006 3631 devotione
1059 3576 1293 3631 fidelium
1323 3617 1337 3643 ,
1367 3586 1547 3633 cessat
1586 3578 1774 3649 procul
1807 3578 1969 3633 dubio

372 3667 671 3736 geminatio
699 3667 1113 3735 pulmentorum.

450 3755 607 3811 Unde
633 3759 691 3810 lit
729 3768 787 3811 ut
835 3760 888 3812 in
928 3760 1013 3813 illa
1044 3776 1227 3816 eremo
1252 3802 1265 3828 ,
1308 3778 1470 3833 quam
1508 3772 1729 3820 auctore
1759 3765 1867 3819 Deo
1914 3765 1969 3820 in

370 3847 548 3903 latere
580 3847 876 3913 Suavicinii
909 3851 1104 3907 montis
1132 3853 1231 3921 ipsi
1278 3854 1696 3921 construximus,
1729 3855 1971 3925 pulmen-

372 3949 488 3993 tum
520 3947 721 4007 praeter
748 3956 914 3994 unttm
942 3982 956 4007 ,
984 3944 1194 3999 cunctis
1216 3959 1367 4014 aeque
1402 3946 1730 4015 temporibus
1756 3946 1971 4015 penitus

372 4030 680 4097 ignorttur.
721 4031 766 4084 Α
797 4033 921 4086 vino
957 4042 1135 4087 autem
1180 4035 1456 4104 aliquanto
1508 4045 1749 4106 tempore
1798 4036 1973 4091 conti-

370 4124 622 4184 nuitnus,
645 4121 715 4175 ita
743 4135 803 4176 ut
829 4139 1004 4193 neqtte
1029 4124 1170 4189 laici,
1199 4140 1372 4193 neque
1396 4125 1734 4181 extrinsecus
1755 4126 1972 4179 venien-

372 4220 482 4276 tes,
536 4212 618 4265 vel
648 4213 810 4266 etiarn
842 4214 894 4268 in
928 4215 1135 4271 Pascha
1181 4216 1390 4270 Domini
1418 4216 1619 4287 aliquid
1659 4216 1747 4271 hic
1776 4225 1971 4286 praeter

369 4319 579 4371 aquam
630 4303 874 4358 liberent
901 4322 914 4359 :
940 4320 1114 4375 neque
1158 4307 1343 4360 vinum
1372 4306 1493 4370 hic,
1523 4305 1625 4360 nisi
1666 4321 1763 4375 pro
1804 4306 1970 4360 sacri-

368 4392 501 4446 ﬁcio
532 4393 848 4449 haberetur.
891 4395 996 4451 Sed
1024 4396 1282 4467 quoniam
1331 4408 1386 4451 et
1434 4397 1523 4451 hic
1549 4407 1830 4452 manentes
1859 4413 1969 4452 caa-

369 4492 577 4552 pet'unt
605 4485 918 4552 aegrotando
939 4463 1193 4552 deﬁcere,
1220 4494 1276 4540 et
1296 4486 1511 4556 quidam
1539 4487 1605 4542 ad
1632 4488 1966 4542 ercmiticam
1995 4463 2045 4523 D

366 4583 549 4637 vitam
594 4576 821 4629 transire
849 4578 1146 4645 cupientes,
1177 4576 1333 4645 hujus
1358 4577 1550 4648 rigoris
1572 4578 1969 4633 observantiam

368 4662 707 4717 videbanzur
754 4664 967 4734 penitus
1015 4668 1345 4733 abhorrere,
1387 4668 1638 4724 fraterna:
1669 4710 1682 4732 ,
1713 4670 1860 4734 sive,
1913 4677 1973 4722 ut

368 4755 565 4807 verius
612 4754 785 4808 dicam
818 4795 833 4819 ,
874 4761 1147 4811 communi
1196 4758 1549 4814 imbecillitati
1580 4760 1971 4829 dispensatorie

370 4847 880 4902 condesccndentes
928 4848 1265 4915 indulsimus,
1298 4859 1358 4903 ut
1401 4851 1583 4904 vinum
1630 4860 1846 4905 servato
1877 4867 1969 4906 so»

367 4936 633 4991 brietatis
655 4937 1019 4991 moderamine
1043 4939 1336 4995 biberetur.
1373 4940 1439 4995 Ut
1458 4943 1739 5011 quodcum
1760 4941 1966 4997 Joanne

368 5045 486 5083 non
541 5045 829 5098 possumus
872 5047 936 5085 ex
993 5040 1105 5086 toto
1154 5033 1460 5102 relinquere
1500 5032 1965 5105 (Luc.ttt),saltem

368 5134 502 5172 cum
537 5118 824 5173 Timotheo
852 5117 1001 5174 Pauli
1031 5121 1297 5191 discipulo
1320 5123 1727 5178 meminerimus
1752 5124 1967 5178 inlirmo

366 5213 664 5267 stomacho
678 5222 990 5282 parcere,et
1011 5213 1286 5269 humiliter
1308 5213 1645 5282 ministrare(
1670 5218 1698 5277 1
1717 5218 1891 5273 Tim.v
1917 5212 1965 5285 );

364 5318 429 5362 et
478 5307 574 5375 qui
630 5321 854 5376 prorsus
883 5306 1131 5361 abstemii
1178 5320 1299 5360 csse
1346 5320 1449 5359 non
1503 5320 1819 5375 possumus.
1851 5318 1973 5360 esse

365 5399 574 5454 saltem
606 5398 773 5451 sobrii
821 5398 1151 5452 studeamus.
1184 5396 1567 5451 Verumtamen
1604 5397 1654 5449 in
1706 5395 1975 5465 praedictis

366 5489 595 5543 duabus
648 5487 1077 5557 quadragesimis
1127 5488 1459 5542 consuetudo
1488 5478 1688 5550 tenuit,
1714 5496 1771 5539 ut
1797 5502 1973 5554 neque

366 5578 671 5634 monachis
697 5618 711 5641 ,
740 5593 918 5648 neque
944 5578 1096 5633 laicis
1136 5577 1249 5632 vini
1273 5617 1286 5640 ,
1313 5577 1399 5632 vel
1430 5578 1593 5632 etiam
1643 5576 1806 5645 piscis
1846 5592 1969 5645 per-

366 5674 561 5743 ceptio
612 5670 945 5727 concedatur
978 5686 994 5726 :
1034 5669 1274 5742 exceptis
1312 5669 1397 5725 his
1427 5677 1659 5739 quatuor
1710 5666 1973 5723 festivita-

2072 3210 2347 3278 dcdicaut,
2378 3213 2620 3280 exceptis
2645 3213 2755 3277 his,
2782 3213 2881 3282 qui
2906 3214 2958 3267 in
2990 3214 3130 3266 viam
3174 3214 3396 3282 longius
3414 3204 3657 3282 dirigun-

2072 3316 2181 3361 tur.
2206 3307 2374 3361 Porro
2403 3321 2725 3376 quocunque
2758 3308 3050 3376 prodeant,
3085 3306 3232 3359 omni
3268 3315 3507 3375 tempore
3534 3321 3657 3359 car—

2071 3399 2230 3454 nibus
2253 3413 2359 3452 non
2386 3406 2676 3452 vescuntur
2701 3414 2713 3449 :
2742 3397 3016 3466 proprium
3043 3396 3204 3451 etiam
3230 3396 3429 3465 aliquid
3455 3396 3658 3449 habere

2072 3491 2442 3555 nihilominus,
2476 3490 2625 3544 sicut
2665 3498 2719 3545 et
2763 3489 3041 3554 monachi,
3084 3489 3459 3557 prohibentur.
3514 3487 3657 3539 Non.-

2072 3582 2200 3636 nulli
2232 3594 2446 3651 quoque
2485 3580 2552 3635 ad
2589 3580 2837 3645 audiendi
2870 3579 3112 3634 Psalterii
3148 3579 3358 3649 vigilias
3394 3579 3658 3632 maturius

2070 3681 2317 3742 surgunt,
2347 3686 2469 3724 cum
2502 3669 2586 3724 his
2609 3669 2861 3725 videlicet
2890 3668 3171 3733 fratribus,
3197 3668 3289 3737 qui
3312 3669 3451 3737 apud
3479 3669 3657 3723 eccle-

2071 3764 2206 3818 siam
2240 3768 2664 3816 commorantur.
2690 3758 3112 3814 Promissionem
3144 3767 3324 3821 autem
3355 3759 3658 3829 ingredien-

2074 3863 2152 3910 tes
2197 3854 2337 3908 hanc
2372 3853 2577 3913 faciunt
2618 3870 2630 3905 :
2678 3851 2789 3921 Ego
2820 3850 2987 3919 frater
3028 3850 3102 3904 N.
3144 3851 3388 3920 promitto
3416 3851 3657 3923 obediette

2071 3945 2198 3997 tiam
2227 3954 2274 3997 et
2314 3942 2749 4013 perseverantiam
2788 3942 3025 3995 omnibus
3067 3941 3248 3994 diebus
3295 3942 3409 3993 vim:
3452 3955 3577 3992 metu
3604 3938 3657 3991 in

2071 4036 2171 4087 hac
2204 4051 2409 4096 eremo,
2450 4050 2567 4103 qum
2601 4042 2676 4087 est
2724 4032 2988 4099 wdiﬁcata
3032 4031 3099 4083 ad
3140 4030 3385 4083 honorem
3431 4028 3559 4092 Dei,
3608 4036 3657 4079 et

2071 4134 2266 4179 sancto:
2299 4123 2518 4189 Crucis;
2553 4140 2647 4194 pro
2680 4122 2866 4175 timore
2898 4120 3112 4174 Domini
3153 4120 3317 4173 nostri
3345 4118 3470 4172 Jesu
3504 4116 3655 4191 Cltrie

2070 4215 2158 4281 sti,
2187 4223 2235 4269 et
2267 4214 2491 4268 remedio
2520 4214 2709 4267 animae
2741 4228 2899 4285 metu.
2931 4210 3083 4276 Quod
3123 4212 3168 4265 si
3212 4209 3387 4280 aliqua
3426 4225 3656 4283 unquam

2073 4316 2301 4376 tempore
2329 4305 2449 4359 hinc
2478 4304 2677 4373 fugere,
2705 4302 2780 4357 vel
2808 4301 2953 4355 abire
2981 4312 3277 4366 teutavero;
3305 4294 3457 4354 liceat
3493 4300 3652 4379 servis

2077 4396 2171 4450 Dei
2199 4396 2287 4466 qui
2315 4396 2399 4449 Itic
2431 4394 2641 4461 fuerint,
2672 4408 2752 4447 me
2788 4391 2942 4463 plena
2969 4393 3054 4445 sui
3074 4391 3217 4469 juris
3244 4391 3553 4445 auctoritate
3580 4406 3656 4442 re.-

2072 4487 2306 4558 quirere,
2348 4494 2394 4540 et
2441 4493 2645 4538 coarcte
2693 4499 2757 4537 ac
2812 4484 3061 4538 violenter
3103 4483 3158 4535 in
3201 4498 3356 4536 suum
3391 4482 3657 4562 servitium

2072 4591 2335 4629 revocare.
2390 4573 2615 4643 Scripta:
2671 4587 2803 4642 ergo
2853 4573 2980 4628 huic
3042 4570 3387 4641 promissioni
3446 4570 3657 4638 sigumn

2073 4668 2249 4721 crucis
2298 4665 2397 4736 ipsi
2448 4665 2730 4735 praefigunt
2772 4684 2785 4718 :
2828 4672 2881 4719 et
2930 4664 2995 4717 ab
3040 4664 3218 4732 aliquo
3266 4662 3433 4714 fratre
3473 4676 3657 4714 coram

2072 4757 2321 4813 omnibus
2348 4756 2539 4809 lcctatn
2569 4762 2775 4823 ponunt
2803 4769 2964 4823 super
2989 4752 3176 4805 altare.
3203 4750 3448 4804 Monaclti
3478 4759 3659 4802 autem

2076 4848 2274 4903 nullam
2314 4846 2726 4916 promissionem
2769 4844 3011 4908 faciunt,
3056 4850 3251 4909 prmtcr
3274 4855 3392 4895 eam
3428 4849 3656 4901 tantum,

2074 4953 2194 5007 quae
2242 4938 2293 4990 iu
2340 4935 2686 4990 monasteriis
2729 4934 2845 4989 fieri
2892 4933 3206 4997 consuevit;
3244 4930 3360 4986 solo
3395 4930 3660 4984 duntaxat

2075 5028 2242 5085 eremi
2274 5028 2489 5083 nomine
2523 5034 2848 5097 permutato.
2886 5025 3175 5080 Enimvero
3198 5032 3254 5079 et
3293 5020 3571 5077 monachis
3604 5027 3660 5074 et

2073 5120 2227 5177 laicis
2272 5119 2497 5174 introire
2541 5118 2883 5181 volentibus,
2939 5114 3119 5171 omnia
3166 5116 3296 5169 dura
3360 5120 3415 5167 et
3466 5126 3653 5180 aspera

2076 5221 2452 5281 proponuntur
2480 5229 2493 5265 :
2518 5210 2769 5264 videlicet
2791 5208 3126 5271 extremitas,
3149 5205 3230 5259 vel
3256 5204 3417 5258 etiam
3442 5201 3659 5255 nuditas

2076 5303 2326 5366 vestium,
2360 5302 2879 5373 penurtsciborum,
2922 5298 3150 5369 propria:
3179 5295 3467 5349 voluntatis
3500 5306 3666 5379 avero

2074 5394 2190 5459 sio,
2222 5392 2522 5447 durissima:
2559 5388 2916 5458 correptionis
2960 5385 3255 5455 asperitas,
3296 5381 3656 5445 contumeliae.

2076 5481 2575 5552 reprehensionum,
2605 5478 2836 5542 laboris,
2867 5483 2922 5529 et
2950 5474 3179 5529 assidua:
3206 5472 3533 5543 fatigationis
3572 5472 3658 5525 in-

2073 5575 2290 5630 stantia.
2321 5573 2463 5637 Haec,
2491 5580 2548 5627 et
2572 5568 2876 5641 hujustnodi
2906 5566 3092 5634 multa,
3124 5566 3525 5637 quanimirurn
3559 5558 3659 5619 nos
3736 5584 3743 5591 ·

2074 5666 2278 5723 idcirco
2304 5665 2579 5736 prosequi,
2601 5660 2658 5719 et
2681 5674 2999 5719 enumerare
3023 5658 3361 5732 negligimus,
3386 5657 3510 5727 quia
3541 5656 3672 5711 ham.
