3996 6184
343 277 450 333 353

809 276 866 332 s.
891 274 1100 334 rem
1128 272 1419 335 asinam
1447 269 1597 335 ore.
1626 274 1863 336 renus
1898 277 1928 357 s

2069 270 2249 335 PARS
2285 275 2369 334 ιη.
2393 307 2461 318 --
2483 271 2846 338 OPUSCUBA
2871 273 3097 335 VARIA.

3490 275 3597 335 εει

343 390 534 443 eadem
574 387 630 444 in
665 387 1006 445 monasteriis
1035 388 1152 444 fieri
1192 388 1435 460 regulari
1473 388 1762 446 traditione
1808 403 1925 446 me-
1950 395 1999 455 Α
2027 388 2307 456 nicalibus,
2337 403 2438 446 nec
2461 402 2566 444 non
2591 395 2648 444 et
2675 388 2843 444 notius
2875 387 3222 444 hebdomade
3247 388 3474 446 cantici
3499 406 3596 447 es-

345 479 617 535 mlnimus.
1323 540 1328 546 .

836 566 1000 642 337
1037 565 1264 626 CAPUT
1301 569 1433 626 vnt.

468 654 544 716 De
577 655 730 730 panis
772 675 1040 727 mensura,
1069 670 1118 716 et
1145 654 1806 732 spiritualibus'ezereitiis.

418 751 586 808 Panis
608 761 790 809 autem
815 755 1012 809 eadem
1029 754 1082 809 in
1103 768 1307 822 eremo,
1338 763 1468 826 qtm‘
1486 763 1544 813 et
1576 755 1630 810 in
1651 762 1926 813 monaste-

348 845 430 900 rio
449 852 532 900 est
573 845 855 912 mensura»,
887 846 992 904 hac
1023 855 1203 904 tamen
1247 848 1569 905 discretione
1593 851 1840 928 servata,
1867 855 1928 904 ut

347 935 403 990 in
431 935 620 992 diebus
641 937 858 1007 quidem
886 929 1196 995 refectionis
1220 938 1335 994 sive
1361 938 1605 1008 singulae,
1634 939 1750 995 sive
1763 939 1922 1004 binm,

348 1027 393 1084 si
429 1029 602 1084 totum
647 1028 764 1086 vult
810 1029 978 1087 frater
1022 1031 1330 1097 comedere,
1377 1030 1785 1102 reprehensioni
1815 1041 1925 1088 non

347 1117 568 1188 cogitur
583 1119 882 1190 subiacere.
913 1119 972 1178 in
995 1121 1184 1178 diebus
1214 1135 1342 1178 vero
1362 1120 1574 1193 jejunii,
1596 1123 1723 1194 quia
1755 1137 1923 1179 unus—

344 1208 576 1279 quisque
617 1209 787 1266 frater
835 1211 1018 1268 lances
1071 1211 1238 1267 habet
1289 1211 1341 1267 in
1381 1211 1539 1280 cella,
1580 1211 1684 1267 illis
1709 1219 1927 1283 setnper

346 1298 528 1365 librat,
560 1300 703 1369 quod
745 1300 962 1356 sibimet
1003 1310 1318 1358 cenaturus
1366 1312 1618 1374 apponat.
1672 1297 1923 1358 Mensura

345 1395 529 1446 autem
578 1387 666 1448 illa
698 1392 839 1448 hunc
863 1391 1028 1450 habet
1056 1393 1296 1461 modum,
1331 1403 1392 1450 ut
1417 1395 1766 1465 superaddite
1793 1409 1926 1465 qua-

344 1483 456 1539 dra:
499 1483 721 1540 dimidio
765 1483 1045 1542 dimidium
1097 1485 1352 1542 buccellae
1392 1484 1557 1542 totius
1605 1486 1921 1558 appendat:

344 1575 552 1644 quadra
597 1572 847 1633 videlicet
900 1576 1216 1633 remanente
1263 1578 1477 1650 integra
1524 1578 1711 1634 semis.
1757 1575 1826 1634 Et
1867 1587 1925 1636 ut

344 1661 490 1716 nulla
528 1663 775 1721 dubietas
811 1679 975 1737 super
1009 1664 1322 1738 huiusmodi
1343 1683 1596 1724 mensura
1622 1677 1923 1735 remaneat,

343 1762 538 1807 novem
568 1752 840 1825 ornicum,
866 1748 954 1810 vel
979 1752 1079 1812 tria
1109 1769 1362 1813 anserum
1384 1764 1488 1814 ova
1511 1757 1724 1816 libratis
1761 1759 1926 1816 lanci-
1957 1746 2002 1807 Β

342 1841 447 1897 bus
472 1843 804 1900 tantumdem
828 1849 1074 1916 pensant.
1107 1845 1175 1902 Et
1192 1847 1259 1902 de
1275 1846 1496 1920 ieiuniis
1521 1850 1762 1921 quidem,
1791 1850 1928 1908 etde

345 1928 599 1988 mensura
619 1932 862 1989 ciborum
889 1936 990 1992 ista
1011 1934 1299 1992 suﬂciant.

415 2021 473 2076 in
503 2023 718 2079 cancris
756 2034 938 2080 autem
958 2025 1261 2097 spiritualis
1289 2028 1534 2085 exercitii
1563 2029 1776 2096 studiis,
1806 2034 1927 2102 quin

342 2114 416 2169 sit
441 2114 531 2170 hic
568 2116 810 2172 continui
835 2116 1066 2174 fervoris
1117 2119 1409 2188 instantia,
1434 2121 1555 2191 qua;
1598 2121 1923 2191 sollicitudo,

345 2219 507 2274 quam
539 2205 662 2278 vigil
697 2215 754 2262 et
800 2221 1024 2288 operosa
1051 2208 1384 2280 frequentia,
1432 2210 1596 2267 timeo
1644 2212 1924 2281 scribere;

343 2307 414 2348 ne
438 2302 496 2348 et
545 2294 808 2366 meipsum
859 2295 1087 2353 forsitan
1130 2298 1211 2354 eis
1236 2299 1664 2372 cohabitantem,
1687 2303 1788 2359 etsi
1817 2320 1926 2361 non

343 2392 746 2452 cooperantem,
799 2397 937 2440 vana
1011 2386 1199 2442 videar
1257 2387 1491 2444 elatione
1527 2388 1761 2460 jactare.
1813 2386 1929 2449 Hoc

344 2480 556 2528 tantum
589 2475 729 2530 mihi
744 2475 927 2532 dicere
953 2475 1135 2546 liceat,
1179 2478 1306 2550 quia
1343 2469 1655 2551 non'parva
1682 2477 1769 2539 hic
1808 2483 1929 2538 dili-

298 2602 310 2629 κ
341 2565 530 2635 gentia!
555 2566 716 2622 estin
744 2566 1069 2624 ﬂexionibus
1095 2567 1350 2642 genuum,
1380 2572 1434 2627 in
1483 2569 1781 2645 disciplinis
1809 2587 1930 2632 sco-

300 2663 312 2692 δ
340 2668 554 2724 parum,
585 2663 641 2711 et
661 2656 713 2711 in
743 2658 954 2714 ceteris
983 2656 1287 2728 huiusmodi
1320 2676 1336 2716 ε
1368 2677 1490 2732 qua:
1515 2663 1790 2732 nimirum,
1817 2663 1931 2720 fra—

342 2751 430 2798 ter
457 2741 794 2810 cbarissime,
822 2748 949 2818 quia
978 2749 1295 2804 eorumdem
1327 2750 1443 2806 haec
1463 2752 1819 2822 satagentium
1850 2753 1932 2808 vi-

294 2827 307 2892 ι
345 2832 430 2887 vis
451 2827 682 2889 vecibua
695 2833 896 2892 clarius
938 2844 1093 2906 petes
1119 2838 1422 2906 addiscere,
1441 2854 1551 2896 non
1578 2842 1796 2912 expedit
1841 2842 1932 2900 hic

346 2922 538 2978 omnia
568 2923 765 2981 litteris
787 2926 1068 2983 adnotare.

952 3020 1182 3078 CAPUT
1217 3022 1313 3079 lx.

916 3107 998 3165 De
1043 3109 1362 3180 psalmodia.

416 3197 493 3251 De
540 3197 837 3268 psa’imodia
869 3215 1000 3260 vero
1026 3203 1144 3260 hac
1193 3205 1529 3263 consuetudo
1579 3217 1686 3275 est,
1711 3217 1771 3264 ut
1807 3215 1930 3267 cum

346 3278 456 3343 duo
482 3289 1084 3350 sisnuic‘ommorantur
1109 3284 1164 3352 in
1193 3297 1351 3365 cella,
1387 3299 1495 3355 duo
1540 3301 1851 3372 persolvant
1878 3302 1931 3360 in

345 3381 433 3437 die
458 3381 719 3440 Psalteria
741 3401 765 3453 ;.
788 3402 955 3442 unum
1002 3404 1104 3459 pro
1141 3390 1300 3459 vivis,
1331 3391 1561 3449 alterum
1612 3410 1712 3466 pro
1741 3395 1934 3452 defuit.

343 3475 470 3530 ctis.
520 3476 590 3530 Bt
627 3476 762 3530 illud
787 3479 1003 3548 quidem
1027 3481 1172 3550 quod
1216 3484 1591 3548 estvivorum,
1647 3499 1771 3540 cum
1827 3487 1932 3541 illis

345 3564 546 3619 dicitur
575 3567 978 3636 additamentis,
1024 3573 1146 3640 quae
1198 3570 1262 3626 Β.
1311 3572 1642 3630 Romualdus'
1690 3576 1930 3646 apponit,

345 3667 466 3722 qua:
490 3656 662 3710 etiam
694 3669 793 3713 nos
820 3675 925 3714 non
954 3676 1243 3731 gravcmur
1281 3663 1557 3730 inserere;
1589 3677 1657 3722 ne
1684 3683 1783 3722 nos
1806 3681 1933 3722 con-

343 3753 607 3814 queratur
652 3747 794 3804 forte
831 3750 1086 3816 novitius,
1134 3767 1256 3824 qua:
1297 3753 1403 3808 sibi
1457 3755 1787 3826 'magnopcre
1836 3771 1932 3812 nos

344 3841 545 3896 scenda
587 3851 732 3908 sunt,
797 3845 1122 3913 prmt’eri‘sse.
1174 3846 1429 3903 Decursis
1484 3848 1646 3918 plane
1691 3849 1931 3924 quinque

343 3931 592 4002 psalmisIr
615 3934 863 4003 protinus
891 3935 1227 3993 subinfertur
1255 3955 1269 3994 :
1303 3936 1488 3994 Gloria
1533 3941 1648 4006 tibi,
1675 3940 1928 4009 Trinitas,

345 4023 564 4094 trqaalis
595 4041 701 4079 una
754 4023 958 4094 Deitas,
993 4037 1042 4082 et
1071 4037 1193 4085 ante
1221 4035 1371 4083 omne
1415 4030 1688 4098 amulum,
1716 4037 1764 4086 et
1792 4047 1932 4087 nunc

343 4120 392 4169 ιι
423 4117 480 4170 in
513 4121 837 4184 perpetuum.
873 4117 1037 4173 Orate
1065 4119 1161 4189 pro
1205 4120 1378 4188 nobis,
1409 4138 1586 4177 omnes
1608 4125 1780 4177 sancti
1811 4123 1929 4189 Dei,

345 4215 402 4258 ut
427 4204 573 4273 digni
601 4205 888 4274 efﬁciamur
924 4209 1359 4276 promissionibus
1398 4209 1610 4264 Domini
1638 4211 1735 4265 Dei
1764 4214 1929 4266 nostri

345 4295 476 4349 Iesu
499 4295 715 4349 Christi.
746 4293 908 4351 Pater
938 4309 1132 4353 noster.
1171 4299 1268 4355 His
1314 4299 1560 4370 expletis,
1587 4309 1712 4356 me:
1741 4302 1926 4357 subdi-

345 4388 481 4439 tur:
517 4404 536 4437 ι
572 4385 913 4455 Adiutorium
965 4398 1208 4444 nostmm
1254 4390 1308 4445 in
1325 4391 1541 4446 nomine
1568 4392 1802 4459 Domini,
1834 4393 1926 4464 qui
1957 4417 2006 4478 ο

347 4478 478 4532 fecit
507 4479 703 4532 cmlum
751 4488 806 4534 et
849 4487 1049 4535 terram
1079 4477 1253 4547 (Psal.
1281 4483 1497 4554 cum).
1537 4501 1555 4536 ι
1587 4483 1654 4538 Et
1693 4484 1928 4541 evolutis

348 4567 471 4623 aliis
501 4570 737 4640 quinque
794 4570 1035 4642 psalmis,
1075 4580 1204 4629 tunc
1254 4570 1452 4629 dicitur
1480 4593 1493 4628 :
1528 4571 1597 4630 Te
1621 4574 1790 4631 Deum
1814 4573 1925 4631 Pa-

349 4669 480 4715 trem
501 4661 813 4733 ingenitnm,
830 4671 880 4716 te
905 4661 1161 4732 Spiritum
1175 4675 1410 4718 sanctum
1437 4666 1782 4736 paracletum,
1804 4685 1928 4723 san-

350 4751 497 4804 ctam'
532 4761 580 4806 et
629 4752 952 4807 individuam
997 4751 1335 4820 Trinitatem,
1377 4765 1484 4810 toto
1527 4758 1684 4812 corde
1739 4768 1787 4812 et
1839 4773 1931 4814 ore

350 4843 678 4912 conﬁtemur,
725 4844 1028 4911 laudamus,
1057 4855 1210 4916 atque
1251 4845 1617 4915 benedicimus,
1646 4849 1738 4903 tibi
1758 4851 1928 4920 gloria

350 4931 406 4984 in
435 4931 650 4986 sa'cttla.
699 4933 886 4988 Amen.
937 4951 958 4986 π
1018 4935 1244 4990 Domine
1297 4931 1456 5003 Deus,
1491 4937 1544 4992 in
1603 4937 1928 5006 adiutorium

351 5033 531 5077 meum
562 5022 795 5086 intende,
825 5022 1075 5090 Domine,
1114 5023 1181 5077 ad
1212 5020 1572 5094 adiuvandum
1604 5040 1691 5081 me
1711 5026 1926 5081 festina.

351 5101 786 5181 Cou'fuudantur,
805 5123 860 5170 et
889 5123 1246 5171 revereantur
1266 5116 1469 5172 inimici
1510 5117 1635 5182 mei,
1666 5117 1755 5186 qui
1779 5133 1928 5188 qua:-

351 5214 479 5260 runt
524 5206 760 5261 animam
835 5218 1029 5260 meam.
1086 5205 1316 5276 Adjutor
1360 5219 1533 5272 meus,
1574 5215 1629 5261 et
1675 5206 1933 5264 liberator

351 5312 506 5352 meus
559 5305 698 5364 esto,
725 5295 968 5363 Domine,
1001 5309 1068 5350 ne
1115 5293 1414 5350 tardaveris
1469 5292 1641 5367 (Psal.
1696 5297 1866 5368 ms).
1908 5317 1926 5350 ι

355 5387 538 5442 Gloria
555 5387 730 5455 Patri,
743 5399 792 5443 et
809 5387 1032 5452 Filio,‘et
1061 5387 1283 5456 Spiritui
1297 5397 1500 5442 sancto.
1517 5386 1633 5454 Quo
1651 5387 1802 5443 linito
1814 5404 1933 5442 rur-

354 5495 447 5534 sus
475 5479 675 5534 dicilur
702 5499 715 5534 :
752 5481 1086 5552 Adjutorium
1111 5488 1345 5535 nostrum
1369 5479 1425 5533 in
1454 5479 1658 5533 nomine
1699 5479 1928 5534 Domini.

356 5568 666 5641 3331!:ec
691 5569 854 5640 igitur
875 5583 972 5643 per
994 5572 1332 5643 quinqucnos
1359 5569 1596 5641 psalmos
1625 5570 1930 5627 alternatim

364 5675 579 5731 semper
596 5659 886 5728 adduntur,
903 5663 1068 5718 donec
1085 5655 1405 5720 Psalterium
1429 5677 1546 5720 cum
1567 5661 1738 5719 tribus
1750 5660 1930 5718 Domi-

2027 477 2255 549 plea'tur.
2289 479 2388 533 llis
2409 477 2574 534 etiam
2604 493 2713 534 non
2758 477 3040 548 neglectis,
3069 492 3191 547 quae
3217 477 3278 535 in.
3301 477 3406 533 line
3445 476 3598 533 Psal-

2026 569 2152 625 terii
2173 569 2426 625 videntur
2441 569 2672 642 adjecut,
2697 569 2978 634 videlicet,
3003 567 3077 623 Te
3093 569 3270 624 Deum
3286 567 3607 631 laudamus;

2029 657 2191 716 Nune
2216 660 2470 727 dimittis,
2496 660 2738 728 Domine,
2763 673 2968 715 aereum
2991 669 3182 724 tuum;
3221 658 3443 715 duobus
3456 675 3604 730 sym-

2026 753 2191 820 bolis;
2225 751 2412 809 Gloria
2432 754 2492 809 in
2515 751 2734 808 excelsis
2761 752 2906 818 Deo;
2939 751 3097 807 Pater
3127 760 3321 816 noster,
3347 765 3470 806 cum
3499 750 3606 807 title

2026 847 2323 915 catholica;
2367 855 2644 918 postremo
2682 845 2885 901 litanias
2937 853 3060 901 cum
3100 841 3442 899 orationibus
3487 841 3607 897 bare

2019 940 2205 1010 munia
2226 948 2484 997 consueto
2503 939 2610 994 ﬁne
2633 937 2981 995 concludunt.
3008 934 3331 992 Psalterium
3359 947 3488 988 vero
3507 946 3608 1002 pro

2025 1029 2294 1088 defunctis
2332 1046 2455 1088 cum
2486 1037 2679 1087 novem
2717 1027 3289 1089 lectionibus-uicinia
3319 1025 3494 1082 tribu
3520 1025 3609 1080 ni-
3719 1062 3734 1076 .

2026 1121 2220 1176 mirum
2248 1125 2347 1191 per
2373 1119 2779 1190 quinquagenos
2805 1116 3043 1190 psalmos
3071 1132 3088 1170 :
3117 1115 3212 1186 qui
3240 1123 3418 1170 autem
3457 1111 3610 1170 solus

2026 1219 2271 1264 moratur
2310 1206 2508 1276 irater',
2554 1203 2878 1264 Psalterium
2913 1205 3135 1277 quidem
3163 1204 3406 1259 vivorum
3433 1210 3608 1256 totum

2025 1312 2125 1370 per
2150 1297 2390 1371 singulos
2410 1297 2528 1354 dies
2547 1296 2841 1368 adimplet;
2870 1294 3250 1351 defunctorum
3277 1295 3458 1348 autem
3492 1291 3612 1347 sive

2001 1377 2260 1449 ‘medi‘um
2283 1432 2299 1459 ,
2339 1392 2456 1447 sive
2481 1399 2672 1456 totum,
2690 1389 2846 1460 juxta
2874 1389 3018 1460 quod
3047 1387 3244 1442 virium
3279 1384 3610 1456 possibilitas

2026 1482 2400 1538 administrat;
2441 1481 2716 1538 Horarum
2765 1488 2947 1536 autem
2995 1477 3294 1549 psalmodia.
3343 1475 3608 1532 canonica

2026 1571 2248 1628 σπηιίηο
2287 1569 2430 1626 sicut
2476 1570 2534 1625 in
2566 1568 2932 1635 monasterio,
2982 1567 3062 1623 ita
3083 1565 3173 1622 hic
3220 1578 3322 1637 per
3362 1563 3607 1620 ordinem

2027 1660 2378 1719 nihilominus
2401 1668 2512 1718 tota
2538 1660 2888 1732 persolvitur.

2656 1748 2886 1806 CAPUT
2921 1747 2993 1803 x.
3170 1815 3171 1818 γ

2561 1839 2638 1896 Ds
2663 1839 2857 1895 silentii
2886 1839 3080 1910 rigore.

2099 1931 2215 1989 Hoc
2236 1941 2419 1988 autem
2441 1930 2586 1988 inter
2609 1940 2804 1988 caetera
2826 1926 3347 2002 prastermitteadum
3370 1936 3478 1981 non
3501 1933 3612 1990 cst,

2028 2024 2156 2096 quia
2201 2022 2259 2079 in
2299 2021 2506 2079 cellulis
2541 2021 2858 2079 continuum
2890 2029 3132 2086 tenetur,
3161 2019 3302 2075 sicut
3341 2033 3526 2075 revera
3551 2017 3607 2071 in

2029 2111 2289 2177 oratorio,
2321 2127 2385 2167 ex
2414 2126 2568 2167 more
2587 2111 2894 2166 silentium:
2917 2124 3020 2166 nec
3038 2109 3391 2181 permittitur,
3419 2116 3478 2163 ut
3501 2107 3613 2162 illic

2029 2201 2168 2258 alter
2196 2201 2428 2258 alterum
2455 2200 2541 2258 vel
2579 2215 2680 2272 pro
2716 2199 3060 2256 confessione
3083 2198 3356 2269 loquatur,
3385 2205 3614 2267 excepto

2029 2293 2076 2348 si
2099 2293 2265 2363 priori
2294 2293 2466 2349 visum
2497 2291 2680 2359 fuerit,
2707 2300 2768 2348 ut
2792 2292 3030 2358 novitiis,
3065 2305 3361 2361 eorumque
3395 2290 3613 2346 institu-

1981 2415 1988 2421 ι
2033 2383 2243 2439 toribus
2290 2383 2360 2439 ad
2407 2392 2619 2452 tempus
2652 2381 3048 2452 aliquantulum
3101 2380 3350 2452 loquendi
3393 2379 3611 2435 licentia

2030 2472 2377 2530 concedatur.
2405 2472 2462 2529 Si
2492 2472 2622 2544 quid
2645 2480 2826 2527 autem
2855 2472 3000 2542 loqui
3033 2471 3308 2544 indigent,
3332 2471 3398 2526 ad
3424 2469 3617 2526 Eccle-

2030 2564 2168 2620 siam
2195 2564 2542 2634 prodeuntes,
2583 2577 2810 2635 quaeque
2841 2571 2971 2619 sunt
3011 2563 3347 2628 necessaria,
3386 2560 3614 2616 mnifec

2030 2663 2195 2710 stant.
2226 2654 2320 2710 Est
2341 2655 2484 2710 enim
2516 2658 2724 2720 revera,
2753 2663 2812 2708 ut
2845 2653 3218 2725 experimento
3239 2651 3612 2725 cognovimus,

2031 2744 2336 2800 animarum
2365 2759 2556 2814 magna
2583 2743 2882 2800 destructio
2899 2782 2916 2810 ,
2944 2742 3035 2798 ubi
3065 2742 3266 2813 passim
3313 2741 3427 2797 fieri
3451 2739 3616 2797 collo-

2031 2835 2218 2904 quium
2240 2834 2294 2890 in
2320 2834 2453 2890 cella
2482 2835 2831 2905 permittitur.
2856 2833 2990 2888 Nam
3027 2833 3157 2889 dum
3181 2833 3382 2888 in-llrmi
3411 2832 3620 2903 quiquo

2033 2923 2250 2992 fratres,
2281 2924 2373 2995 qui
2401 2925 2502 2982 sub
2529 2923 2888 2981 confessionis
2913 2924 3095 2995 specie
3121 2939 3181 2980 se
3206 2922 3436 2980 invicem
3475 2922 3616 2979 visi-

2035 3026 2175 3085 tant,
2199 3018 2438 3075 brevitcr
2455 3017 2672 3089 explent
2694 3017 2836 3088 quod
2858 3027 3156 3088 caperant,
3179 3015 3246 3072 ad
3273 3015 3376 3071 alia
3405 3029 3466 3071 se
3486 3030 3620 3070 mox

1959 3079 2008 3142 ο
2038 3079 2228 3168 frivola
2251 3123 2308 3167 et
2323 3079 2674 3176 otiosa-data
2697 3079 2867 3166 semel
2892 3079 3110 3179 procaci
3143 3079 3338 3179 linguae
3364 3105 3617 3162 libertate

2036 3202 2264 3260 dilatant
2291 3221 2305 3258 :
2332 3213 2386 3259 et
2409 3202 2560 3260 obliti
2604 3211 2828 3273 repente
2853 3215 3026 3274 quare
3069 3199 3454 3266 convenerint,
3485 3212 3616 3254 mox

2034 3293 2296 3350 fratribus
2337 3293 2482 3356 suis,
2531 3291 2619 3348 vel
2665 3291 2833 3348 etiam
2882 3290 3156 3363 prioribus
3194 3289 3526 3346 detrahunt:
3555 3295 3620 3344 et

2032 3403 2171 3460 quos
2211 3399 2396 3442 amare
2423 3385 2742 3451 sinceriter,
2784 3394 2840 3440 et
2878 3399 3012 3456 pure
3041 3383 3340 3440 debuerant
3369 3421 3386 3448 ,
3415 3382 3617 3445 dente,-

2032 3486 2092 3533 ut
2123 3477 2195 3532 ita
2225 3477 2448 3546 loquar,
2477 3475 2644 3532 livido
2674 3475 3006 3531 mordaciter
3051 3473 3268 3528 rodunt.
3317 3470 3520 3528 Deinde
3544 3469 3616 3525 ad

2033 3565 2313 3623 sm‘cularia
2344 3573 2660 3630 transeunt,
2692 3571 2750 3620 et
2790 3563 3051 3634 quidquid
3075 3571 3176 3625 est,
3216 3561 3362 3633 quod
3386 3559 3441 3614 in
3466 3558 3617 3613 urbi-

2033 3660 2134 3715 bus
2159 3657 2368 3730 agitur,
2399 3658 2466 3712 de
2495 3671 2560 3711 eo
2592 3655 2647 3710 in
2692 3654 2883 3711 cellula
2923 3654 3248 3724 disputatur.
3286 3650 3524 3707 Necdum
3560 3649 3616 3704 id

2033 3749 2099 3803 ad
2133 3763 2292 3803 aures
2323 3746 2466 3818 vulgi
2501 3745 2642 3800 fama
2665 3743 2920 3815 pertulit,
2951 3745 3091 3799 unde
3117 3742 3432 3814 plerumque
3461 3753 3616 3794 mon-

2030 3837 2167 3893 tium
2187 3835 2300 3905 jam
2322 3845 2532 3892 secreta
2560 3834 2870 3904 complevit.
2898 3832 3053 3889 Adde
3073 3871 3089 3899 ,
3117 3833 3262 3904 quod
3297 3831 3616 3887 absentibus

2031 3929 2293 3994 arbitris,
2341 3935 2546 3997 quanto
2591 3924 3028 3996 reprehensionis
3088 3923 3393 3979 securiores
3440 3929 3567 3976 sunt
3593 3957 3614 3984 ,

2029 4032 2218 4088 tanto,
2248 4020 2510 4092 quidquid
2558 4018 2755 4088 linguae
2795 4014 3159 4071 conﬂuxerint
3181 4051 3197 4079 ,
3228 4011 3451 4067 liberius
3491 4007 3617 4063 {un-

2027 4115 2187 4168 dunt.
2221 4110 2422 4180 Sicque
2453 4110 2544 4174 tit,
2582 4116 2644 4164 ut
2660 4108 2752 4179 qui
2781 4105 3040 4178 purgandi
3067 4118 3190 4159 sese
3224 4117 3392 4158 causa
3416 4115 3618 4156 conve-

2029 4209 2227 4258 nerant
2245 4240 2262 4267 ,
2287 4199 2566 4257 cumulato
2594 4198 2790 4269 lingua:
2813 4194 3064 4267 contagio
3095 4210 3127 4249 a
3155 4209 3215 4250 se
3241 4191 3471 4249 invicem
3494 4205 3615 4246 sor-

2026 4293 2268 4350 didiores
2296 4290 2608 4350 abscedant.

2645 4379 2874 4437 CAPUT
2913 4379 3000 4434 XI.

2233 4473 2313 4528 De
2341 4471 2642 4528 monasticaz
2668 4471 3009 4526 institutionis
3041 4465 3414 4523 obseruatione.

2102 4564 2235 4620 illud
2264 4561 2428 4618 etiam
2450 4573 2555 4617 non
2583 4561 2804 4616 minima
2835 4576 2962 4631 pars
2989 4560 3322 4632 pmniteutia:
3341 4565 3449 4621 est,
3467 4555 3611 4626 quod

2029 4653 2180 4710 omni
2212 4661 2456 4722 tempore
2477 4651 2594 4706 sive
2621 4659 2839 4716 testate,
2869 4651 2984 4706 sive
3019 4649 3214 4713 hieme,
3226 4663 3332 4702 non
3377 4645 3608 4710 calceis,

2033 4759 2145 4802 non
2174 4745 2352 4800 ocreis
2402 4749 2634 4798 utuntur
2662 4743 2716 4797 in
2763 4741 3004 4808 cellulis;
3051 4741 3149 4798 sed
3199 4740 3358 4796 nudis
3396 4751 3612 4809 semper

2026 4834 2304 4900 cruribus,
2344 4841 2403 4890 et
2432 4833 2657 4904 pedibus
2681 4835 3018 4890 consuetudo
3041 4842 3127 4889 est
3149 4846 3496 4905 permanere,
3517 4847 3613 4886 ex-

2029 4927 2203 4998 ceptis
2234 4927 2339 4994 his,
2357 4928 2447 4997 qui
2466 4927 2702 4996 graviori
2719 4926 2962 4984 molestia
2983 4925 3314 4984 inﬁrmitatis
3328 4932 3609 4994 urgentur.

2031 5019 2301 5092 Regulare
2356 5027 2540 5075 autem
2584 5029 2670 5076 est
2719 5020 3066 5076 monasteriis
3111 5019 3192 5090 (S.
3235 5018 3440 5072 Bene».
3484 5014 3609 5084 Reg.

2026 5121 2154 5178 cap.
2189 5107 2300 5179 5|),
2348 5119 2409 5163 ut
2434 5107 2510 5174 ii,
2540 5109 2631 5179 qui
2674 5108 2728 5163 in
2776 5110 2921 5164 viam
2957 5107 3296 5178 diriguntur,
3330 5106 3461 5160 foris
3501 5119 3610 5158 non

2030 5199 2337 5266 comedam,
2367 5198 2412 5253 si
2445 5213 2514 5254 eo
2541 5199 2628 5255 die
2653 5209 2874 5269 sperant
2899 5197 3063 5270 339
3086 5196 3303 5252 reverti.
3333 5195 3434 5251 Cui
3465 5193 3614 5248 vide-

2032 5289 2162 5346 licet
2187 5289 2553 5346 observantiae
2583 5289 2717 5346 illud
2755 5290 2924 5346 etiam
2965 5289 3109 5360 apud
3135 5303 3235 5344 nos
3272 5286 3491 5342 additur
3511 5322 3529 5348 ,
3552 5289 3613 5339 ut

2031 5382 2148 5436 sive
2175 5382 2312 5452 ipso,
2336 5381 2452 5436 sive
2476 5380 2587 5437 alio
2611 5381 2698 5436 die
2730 5381 2896 5437 fuerit
2919 5382 3042 5452 quis
3073 5393 3346 5451 egressus,
3370 5376 3612 5447 exceptis

2032 5472 2318 5543 praecipuis
2347 5470 2748 5538 festivitatibus,
2769 5470 2988 5544 jejunus
3017 5485 3233 5542 semper
3260 5470 3330 5526 ad
3366 5479 3612 5525 erectum

2027 5579 2338 5626 revertatur
2364 5588 2376 5623 :
2405 5569 2487 5625 sin
2523 5569 2656 5625 alias
2680 5567 2996 5640 ptrnitentia
3025 5582 3132 5623 non
3162 5565 3356 5623 deerit.

2108 5662 2181 5713 ne
2224 5661 2432 5718 exteris
2457 5677 2584 5718 vero
2611 5661 2920 5717 mtastica:
2941 5658 3303 5717 institutionis
3349 5657 3605 5712 observa-
