3996 6184
352 267 465 326 345

1166 263 1410 332 οιξιιδε.
1445 264 1560 328 XV.
1589 297 1659 318 -.-
1696 266 1795 335 DE?
1822 264 2210 334 ιικιδπιξευτιδ
2249 264 2416 336 ORD.
2451 267 2732 324 EREMIT.

3508 278 3615 335 556

355 380 616 445 tionibus,
639 374 900 450 quidquid
924 375 981 431 in
1004 375 1238 448 regulari
1264 387 1322 434 et
1340 377 1595 441 districto
1610 375 1942 441 monasterio
1966 381 2020 454 Α
2042 377 2442 438 hebdomadam.
2471 376 2766 459 jehtnando
2823 376 2983 436 facile
3010 368 3359 454 transigunt,
3397 387 3621 458 quidam
3665 435 3668 439 .

357 479 598 536 tenetur,
631 470 774 526 idem
818 467 982 526 etiam
1013 468 1100 523 hic
1133 477 1300 530 caute
1327 478 1384 524 et
1407 469 1637 531 solerter
1665 469 1938 530 nihilomi-

354 579 463 618 nus
495 559 800 618 custoditur
829 576 843 613 :
871 555 1129 614 videlicet
1151 559 1218 614 de
1244 559 1648 629 promptissima
1682 559 1940 616 obedien-

356 654 459 719 tia,
488 661 547 706 ut
573 650 933 721 quodcunque
959 647 1302 719 prrecipitur,
1331 649 1610 706 humiliter
1641 659 1699 704 et
1724 649 1939 710 ferven-

356 742 570 797 tissime
609 747 936 811 peragatur;
990 738 1057 794 de
1099 753 1216 794 non.
1253 738 1466 804 dando,
1512 737 1597 795 vel
1622 737 1939 809 accipiendo

353 834 477 888 sine
505 830 754 900 jussione
792 829 1012 900 prioris.
1046 829 1114 886 de
1147 829 1370 900 proprio
1403 845 1511 886 non
1565 829 1846 896 habendo;
1880 837 1940 886 ut

353 926 483 982 dum
542 933 671 980 sunt
725 924 780 978 in
829 922 1088 987 claustro,
1118 922 1261 991 quod
1294 929 1380 977 est
1411 921 1568 994 juxta
1624 920 1935 989 ecclesiam,

350 1016 473 1072 sive
502 1013 732 1070 infestis
763 1013 988 1078 diebus,
1017 1013 1135 1084 sive
1159 1012 1412 1070 omnibus
1448 1011 1938 1083 incompetentibus

351 1107 505 1164 boris
530 1106 804 1163 silentium
834 1113 1084 1170 teneant;
1113 1112 1175 1164 nt
1196 1104 1247 1158 in
1285 1103 1555 1174 capitulo,
1578 1104 1630 1160 in
1665 1105 1933 1170 oratorio,

349 1199 408 1255 in
437 1198 727 1254 refeetorio
758 1196 1060 1268 regularem
1087 1196 1535 1254 consuetudinem
1581 1212 1687 1252 non
1717 1205 1938 1266 pompo-

348 1299 513 1355 nant;
548 1298 607 1344 ut
632 1305 756 1344 cum
783 1288 1086 1358 hospitibus
1118 1303 1223 1343 non
1263 1287 1594 1358 loquantur;
1622 1298 1786 1358 atque
1814 1289 1936 1344 ideo

346 1379 618 1435 acellnlis
663 1393 834 1448 usque
880 1377 946 1431 ad
991 1377 1283 1434 ecclesiam
1329 1378 1448 1434 sive
1489 1378 1788 1438 venientes,
1819 1377 1936 1433 sive

347 1470 662 1533 redeuntes,
693 1483 725 1520 a
756 1481 984 1522 censura
1022 1466 1340 1522 silentiinon
1353 1467 1702 1539 recedant(S.
1728 1467 1928 1522 Basso.

343 1558 475 1629 Reg.
491 1575 605 1630 cap.
627 1559 680 1622 Ξ),
694 1558 786 1625 35,
798 1557 959 1624 54;?1,
975 1557 1065 1624 55,
1078 1557 1252 1624 ηδε
1265 1558 1420 1629 et53)
1437 1576 1450 1612 :
1464 1574 1783 1614 enumerare
1793 1567 1936 1632 post-

342 1650 622 1724 ponimus,
650 1650 779 1723 quia
809 1649 1058 1710 laciniosi
1085 1649 1210 1722 styli
1250 1649 1529 1708 fastidium
1551 1650 1871 1708 devitamus.

959 1743 1188 1802 CAPUT
1226 1745 1341 1803 Xll.

763 1835 840 1895 De
861 1836 1054 1906 pietate
1070 1853 1195 1906 erga
1217 1836 1515 1906 defunctos.

417 1929 548 1986 Illud
587 1938 756 1984 etiam
802 1928 1019 1984 silentio
1065 1928 1331 1999 prmteriri
1385 1929 1606 2000 dignum
1657 1944 1780 1989 esse
1825 1946 1933 1987 non

343 2021 612 2085 ducimus,
643 2020 772 2090 quia
800 2034 928 2074 cum
951 2018 1122 2074 frater
1147 2019 1416 2090 quispiam
1459 2034 1525 2077 ex
1558 2020 1760 2078 nostris
1781 2021 1934 2078 obie-

343 2113 437 2178 rit,
462 2111 555 2183 qui
576 2110 828 2167 videlicet
852 2110 1134 2168 nobiscum
1163 2110 1386 2180 degunt,
1413 2126 1512 2180 pro
1537 2125 1604 2172 eo
1634 2113 1931 2183 unusquis-

339 2221 451 2276 que
499 2213 706 2275 septem
749 2203 866 2258 dies
907 2200 1119 2272 jejunat
1147 2241 1163 2267 ,
1200 2209 1409 2272 septem
1454 2201 1769 2272 disciplinas
1805 2217 1931 2259 cum

343 2296 579 2353 millenis
610 2309 902 2365 scoparum
939 2293 1137 2348 ictibus
1163 2292 1391 2361 accipit,
1423 2293 1792 2362 septingentas
1820 2307 1938 2349 ωας

341 2401 556 2445 tanteas
580 2387 734 2453 facit,
777 2385 1000 2457 triginta
1025 2385 1247 2454 insuper
1270 2383 1535 2442 Psalteria
1562 2399 1630 2442 ex
1658 2399 1811 2440 more
1841 2385 1934 2440 de-

339 2488 563 2546 cantat,
600 2489 654 2536 et
692 2478 1064 2548 unusquisque
1101 2474 1360 2532 sacerdos
1389 2485 1594 2547 septem
1633 2475 1828 2534 missas
1857 2475 1936 2538 illi

339 2588 442 2643 pro
465 2587 564 2626 sua
595 2584 826 2640 persona
857 2567 1148 2638 persolvit,
1177 2568 1328 2626 salvo
1357 2583 1424 2626 eo
1445 2609 1460 2635 ,
1487 2569 1630 2639 quod
1657 2567 1937 2626 continuis

341 2675 558 2732 quoque
582 2659 804 2729 triginta
834 2658 1025 2714 diebus
1049 2673 1148 2728 pro
1173 2672 1240 2714 eo
1273 2658 1562 2714 missarum
1591 2657 1853 2715 solemnia
1879 2657 1936 2716 in

347 2759 616 2828 conventu
648 2749 1022 2806 communiter.
1034 2746 1400 2807 celebrantur.
1435 2747 1562 2806 Haec
1585 2748 1751 2822 igitur
1774 2748 1936 2819 hujus

341 2840 448 2898 loci
490 2841 678 2914 regula
722 2839 869 2896 nulla
913 2842 1025 2896 voti
1065 2839 1333 2899 varietate
1388 2840 1763 2910 postponitur;
1818 2841 1936 2902 haec

331 2931 678 2988 consuetudo
723 2931 869 2987 circa
909 2929 1200 2987 defunctos
1252 2931 1503 2989 districta
1556 2947 1783 3003 prorsus
1813 2971 1829 3000 ,
1876 2939 1936 2996 et

341 3023 644 3084 inviolabili
669 3037 886 3094 semper
906 3023 1285 3080 observatione
1310 3031 1545 3081 tenetur.

414 3116 474 3174 Si
497 3124 680 3172 autem
708 3114 831 3187 quis
851 3114 1082 3172 fortasse
1111 3114 1370 3180 novitius,
1397 3115 1483 3170 vel
1508 3114 1749 3186 quolibet
1773 3115 1933 3174 modo

347 3207 649 3280 iniunctam
692 3206 1073 3279 penitentiam
1126 3215 1304 3263 morte
1327 3216 1636 3278 praventus
1679 3222 1936 3266 consum-

345 3316 498 3356 mare
541 3314 653 3356 non
696 3298 890 3371 potuit,
921 3312 1046 3354 mox
1078 3306 1138 3353 ut
1176 3297 1246 3354 ad
1285 3297 1517 3354 fratrum
1566 3298 1813 3357 notitiam
1845 3312 1934 3357 res

219 3402 246 3418 ⁸
345 3391 618 3462 patefacta
646 3388 976 3460 pervenerit,
1001 3404 1126 3444 cum
1153 3403 1349 3460 magno
1375 3387 1589 3446 fervore
1619 3397 1729 3446 tota
1758 3387 1935 3459 peniv

346 3482 540 3547 tentia,
563 3479 723 3551 parili
746 3479 892 3536 facta
921 3478 1065 3534 inter
1085 3493 1180 3534 eos
1201 3477 1470 3534 divisione
1495 3478 1793 3547 suscipitur
1823 3493 1838 3532 ι
1877 3485 1933 3535 et

345 3569 687 3643 quantalibet
709 3569 804 3635 sit,
849 3569 999 3625 brevi
1026 3567 1204 3639 spatio
1228 3581 1327 3638 per
1354 3566 1602 3625 diversos
1625 3567 1933 3639 salictionis

349 3660 538 3715 modos
579 3667 806 3714 ovantcr
849 3656 1118 3728 expletur.
1159 3655 1339 3713 Pauca
1381 3657 1546 3728 igitur
1571 3658 1640 3716 de
1683 3671 1781 3723 ea,
1812 3671 1933 3727 qua

349 3767 494 3806 nunc
535 3758 649 3816 est,
693 3749 854 3820 hujus
877 3748 1046 3806 eremi
1091 3748 1508 3807 conversatione
1540 3747 1806 3804 sufﬁciant
1833 3766 1846 3802 :
1874 3759 1933 3805 ut

347 3858 442 3912 per
488 3842 626 3903 haec.
674 3856 798 3911 qua:
839 3841 1082 3898 breviter
1120 3840 1491 3906 adnotantur,
1537 3840 1714 3896 valeat
1753 3840 1930 3911 colligi

345 3931 474 4001 quid
499 3946 568 3986 ex
595 3931 700 3998 his,
729 3945 850 4003 qua:
889 3929 1108 3986 silentio
1147 3931 1518 4002 praetermissa
1543 3941 1696 4000 sunt,
1738 3932 1933 3989 debeat

289 4077 302 4086 ,
344 4020 626 4078 ωδῑίιιιπὶ.

926 4111 1158 4170 CAPUT
1194 4111 1333 4170 XIII.

984 4204 1320 4261 Adhortatio.

413 4297 541 4354 flare
568 4298 775 4366 itaque,
801 4295 1150 4354 dilectissime
1179 4296 1254 4351 fili
1273 4337 1287 4360 ,
1329 4310 1451 4367 qua:
1472 4295 1540 4353 de
1567 4295 1794 4354 fratrum
1836 4313 1934 4354 nos

2041 484 2170 525 vero
2196 470 2360 530 etiam
2389 470 2534 526 bidui
2557 468 2821 542 jejunium
2861 471 3448 544 molestissimeferunt
3480 495 3494 531 :
3523 479 3630 534 sed.

2037 559 2093 623 in
2122 560 2213 623 his.
2235 560 2554 622 exhibendis
2584 576 2693 618 non
2740 561 2924 632 dispar
2953 563 3201 630 meritum
3239 575 3464 636 uterque
3501 583 3620 631 sor-

2039 652 2196 728 titur,
2229 660 2292 708 et
2330 654 2584 720 robustus
2622 651 2905 724 videlicet,
2950 655 3042 728 qui
3089 652 3262 723 fortia
3298 657 3542 734 peragit;
3565 666 3626 712 ct

2036 745 2251 811 debilis,
2303 746 2396 818 qui
2447 759 2543 814 ea,
2600 760 2722 818 qua
2767 745 3055 818 praevalet,
3116 731 3344 824 minima
3372 731 3479 820 non
3527 765 3618 808 re-

2033 835 2250 910 linquit.
3129 914 3133 918 η

2106 928 2451 1001 Quapropter
2475 929 2690 994 difﬁcile
2709 939 2794 987 est
2818 930 3154 1000 definitivam
3171 947 3629 1009 communemque

2035 1021 2280 1090 regulam
2312 1035 2477 1092 super
2501 1021 2726 1092 jejuniis
2747 1023 3098 1092 constituere,
3123 1039 3196 1080 ne
3212 1039 3406 1095 cogere
3428 1009 3625 1095 vides?

2037 1127 2158 1164 rnnr
2180 1110 2272 1173 vel.
2289 1110 2544 1174 fortiores
2577 1126 2607 1176 a
2635 1127 2730 1176 sua
2771 1112 3105 1182 perfectione
3143 1113 3510 1187 languescere.
3533 1115 3620 1172 vel

2035 1201 2238 1256 debiles
2290 1200 2496 1263 viribus
2541 1201 2654 1266 suis
2705 1201 2907 1270 majora
2962 1212 3174 1274 tentare
3213 1203 3624 1275 :Unusquisque

2034 1293 2178 1348 enim
2205 1293 2474 1363 praprium
2519 1293 2714 1355 donum
2740 1293 2891 1354 habet
2915 1310 2980 1359 ea:
3017 1294 3146 1360 Deo,
3175 1295 3314 1363 alia;
3339 1296 3434 1366 sic,
3481 1294 3624 1350 alius

2034 1393 2207 1438 autem
2257 1383 2354 1440 sic.
2393 1381 2528 1444 Nam
2575 1393 2632 1442 et
2677 1383 2816 1453 apud
2859 1383 3114 1454 antiquos
3148 1383 3342 1451 Patres
3378 1393 3621 1458 nostros,

2032 1472 2320 1542 plerosque
2344 1471 2574 1542 legimus
2597 1472 2893 1537 exstitisse,
2915 1472 3008 1542 qui
3025 1472 3187 1526 etiam
3211 1472 3370 1527 simul
3397 1472 3450 1527 in
3466 1488 3630 1528 com-.,

2035 1563 2185 1620 muni
2231 1562 2653 1634 congregatione
2691 1562 2959 1626 viventes,
3000 1577 3105 1626 non
3159 1576 3502 1626 communem
3541 1561 3624 1615 vi-

2031 1654 2196 1712 vendi
2222 1653 2460 1724 regulam
2486 1658 2793 1718 tenuerunt.
2841 1651 2998 1719 Vires
3026 1668 3156 1725 ergo
3178 1669 3304 1710 suas
3329 1653 3628 1724 unusquis-.

1963 1729 2144 1818 Bque
2188 1747 2566 1806 considerans.
2615 1761 2722 1802 non
2771 1746 3128 1815 semetipsum
3156 1746 3390 1815 inaniter
3429 1744 3621 1816 fallat:

2034 1852 2142 1893 non
2169 1852 2230 1893 se
2257 1836 2513 1895 simulata
2529 1837 2810 1897 debilitate
2839 1837 3076 1906 decipiat
3105 1855 3118 1891 :
3149 1838 3244 1905 sed
3283 1844 3448 1906 prout
3473 1835 3632 1892 vide».

2033 1929 2107 1984 rit
2130 1942 2190 1984 se
2218 1941 2404 1998 posse,
2434 1928 2535 1986 sub
2578 1927 2895 1996 sobrietatis
2926 1926 3155 2000 legibus,
3184 1935 3244 1996 et
3278 1925 3630 1998 abstinentia;

2030 2033 2094 2076 se
2115 2019 2300 2090 rigore
2319 2019 2680 2090 constringat.

2623 2109 2850 2174 CAPUT
2889 2109 3028 2175 XIV.

2078 2200 2156 2256 De
2177 2201 2244 2257 iis
2263 2202 2354 2272 qui
2400 2203 2619 2258 arctieri
2649 2203 2848 2261 vivendi
2871 2220 3058 2275 genere
3082 2220 3137 2264 se
3164 2202 3575 2270 obstriwruqt.
3607 2208 3622 2218 ’

2102 2291 2275 2348 Porro
2308 2301 2364 2349 et
2387 2294 2528 2349 inter
2576 2309 2675 2348 nos
2701 2309 2914 2364 quoque
2945 2294 3186 2349 nonnulli
3228 2295 3425 2362 fratres
3471 2299 3627 2363 sunt,

2033 2383 2127 2453 qui
2163 2381 2322 2454 longe
2367 2383 2497 2449 alia,
2544 2399 2704 2454 quam
2744 2385 2832 2440 hic
2861 2384 3123 2454 scriptum
3145 2393 3247 2452 est,
3278 2384 3365 2448 via
3393 2399 3624 2452 conver-

2032 2474 2260 2534 sationis
2289 2473 2571 2539 incedunt;
2617 2483 2674 2535 et
2709 2473 2935 2540 arctiori
2987 2489 3047 2538 se
3082 2489 3188 2538 non
3230 2473 3514 2540 minimum
3545 2471 3624 2526 vi-

2031 2561 2189 2618 vendi
2215 2562 2333 2634 lege
2363 2564 2758 2635 constringunt.
2781 2563 2888 2629 Alii
2916 2563 3184 2633 siquidem
3206 2562 3352 2622 nullo
3381 2576 3625 2632 unquam,

2035 2661 2280 2724 tempore
2324 2654 2512 2715 vinum
2552 2655 2766 2721 bibunt,
2829 2655 2916 2719 vel
2959 2663 3172 2722 acetum
3216 2652 3624 2725 quomodolibet

2033 2744 2295 2801 hauriunt
2321 2763 2335 2802 :
2363 2745 2456 2803 alii
2483 2761 2614 2802 vero
2641 2747 2780 2812 ovis,
2817 2745 2960 2811 lacte
2989 2745 3149 2810 simul
3175 2754 3231 2810 et
3257 2758 3439 2816 caseo,
3463 2743 3622 2812 suilla

2033 2852 2254 2908 quoque
2281 2838 2606 2910 pinguedine
2643 2854 2752 2896 non
2780 2848 3111 2905 vescuntur;
3141 2837 3389 2908 plerique
3422 2843 3622 2903 matter.

2034 2943 2156 2984 rum
2186 2928 2334 2984 velut
2380 2929 2564 2986 mollia
2588 2939 2761 2991 strata
2783 2930 3113 3008 despiciunt,
3142 2937 3198 2993 et
3247 2925 3524 3012 papyrinis
3550 2924 3622 2995 ad

2037 3023 2428 3094 quiescendum
2453 3026 2695 3090 contenti
2725 3033 2854 3082 sunt
2881 3025 3100 3091 storeis,
3131 3023 3204 3084 ita
3235 3031 3297 3087 ιιι
3339 3020 3618 3093 palearum.

2037 3131 2254 3187 quoque
2273 3125 2580 3176 stramenta
2625 3116 2817 3186 subjici
2859 3132 3088 3189 prorsus
3130 3115 3501 3180 abhorreant:
3529 3111 3620 3182 alii

2035 3206 2339 3275 asperrima
2381 3221 2613 3277 quasque
2655 3207 2836 3264 cilicia
2867 3215 3126 3278 tanquam
3159 3203 3366 3271 mollia,
3393 3218 3459 3270 ac
3486 3201 3622 3270 deli:

2015 3305 2155 3352 .eata
2186 3295 2500 3352 indumenta
2531 3304 2909 3360 contemnunt,
2961 3304 3018 3353 et
3047 3295 3233 3360 loricis
3281 3293 3350 3350 ad
3397 3305 3619 3359 carnem

2032 3386 2228 3444 ferreis
2281 3387 2601 3444 induuntur.
2641 3386 2761 3446 Non
2791 3389 2965 3455 deest,
3013 3387 3104 3458 qui
3139 3387 3304 3452 totius
3333 3383 3459 3448 anni
3490 3391 3623 3441 tenh

2032 3494 2166 3550 pore
2202 3493 2301 3549 per
2345 3479 2592 3552 singulos
2619 3495 2728 3538 non
2776 3481 2937 3538 modo
2961 3493 3299 3544 communes,
3328 3476 3422 3545 sed
3451 3473 3619 3543 etiam

2031 3571 2275 3637 festivos,
2297 3579 2463 3642 atque
2487 3570 2802 3630 Dominicos.
2821 3571 2966 3638 dies,
2988 3570 3211 3635 dimidio
3232 3569 3304 3635 sit
3339 3583 3477 3639 pane
3493 3583 3625 3635 conc

2033 3668 2239 3717 tentus.
2270 3660 2371 3716 ilic
2411 3660 2555 3728 idem
2585 3660 2761 3720 frater
2789 3675 2888 3731 per
2932 3661 3203 3730 integrum
3245 3666 3304 3713 et
3337 3657 3622 3728 dimidium

2030 3751 2258 3807 circiter
2308 3768 2514 3819 annum
2544 3741 2790 3825 quinque
2832 3751 3027 3814 diebus
3054 3749 3404 3817 hebdomadas
3435 3749 3622 3818 cibum

2031 3856 2141 3896 non
2168 3841 2366 3914 tetigit,
2416 3841 2550 3905 solis
2595 3850 2778 3903 autem
2827 3841 3130 3908 Dominica,
3177 3847 3235 3904 et
3261 3838 3450 3907 quinta
3481 3837 3620 3904 feria

2029 3933 2318 3989 comedere
2349 3941 2639 3994 contentus
2657 3931 2781 3994 fuit,
2812 3929 2969 3995 Nunc
2995 3930 3158 3996 etiam
3183 3927 3478 3982 Dominicis
3505 3927 3621 3984 die-,-

2031 4021 2154 4089 bus,
2199 4031 2257 4079 et
2299 4023 2488 4096 quinta
2535 4021 2670 4086 feria
2726 4029 2850 4092 post
2896 4021 3085 4088 horam
3121 4017 3373 4073 videlicet
3417 4030 3617 4086 nonam

2031 4113 2114 4169 sic
2144 4129 2252 4169 uno
2302 4112 2584 4185 pulmento
2633 4112 2902 4177 reficitur,
2962 4122 3022 4167 ut
3051 4109 3346 4166 secundum
3395 4122 3621 4178 prorsus

2033 4206 2266 4278 ignoret.

2103 4297 2203 4354 Est
2238 4298 2405 4355 etiam
2453 4297 2550 4368 qui
2603 4295 2956 4364 continentia:
3001 4303 3057 4360 et
3098 4291 3407 4364 sobrietatis
3433 4304 3622 4362 amore

341 4399 580 4446 strornm
607 4388 704 4444 tibi
730 4387 1504 4474 eonversationeprotulimus,
1530 4389 1824 4460 diligenter
1846 4391 1930 4450 in-
1954 4418 2010 4490 Β
2031 4408 2143 4448 non
2172 4392 2329 4447 modo
2363 4392 2566 4462 pontis,
2594 4391 2691 4450 sed
2718 4400 2773 4452 et
2795 4390 2961 4461 capis
2986 4389 3270 4461 etporris.
3302 4383 3522 4454 cunctis
3537 4381 3620 4452 Vir

341 4483 541 4538 tuenda
573 4495 686 4551 prie
720 4479 899 4538 oculis
938 4494 1111 4549 pone;
1146 4481 1293 4537 vires
1328 4481 1496 4540 etiam
1529 4491 1649 4538 tuas
1681 4482 1828 4544 velut
1873 4482 1928 4545 iu
1954 4475 1996 4490 ’⁷
2031 4483 2232 4544 delicet
2260 4483 2554 4540 herbarum
2612 4482 2955 4547 acuminibus
2989 4496 3051 4546 lie
3100 4479 3408 4548 decreverit
3448 4475 3622 4540 absti-r

337 4581 544 4628 statera
563 4569 824 4628 districta
846 4569 1265 4626 examinationis
1286 4571 1562 4642 appende:
1589 4579 1648 4631 ut
1666 4572 1788 4631 sive
1799 4572 1931 4630 subv

335 4664 515 4728 sidas,
545 4661 661 4718 sive
691 4661 864 4732 magis
891 4660 1156 4738 emineas,
1191 4661 1320 4719 dum
1344 4661 1464 4718 triti
1489 4671 1690 4722 metam
1723 4663 1932 4735 jugiter

337 4753 732 4825 mntemplaris
775 4752 1028 4819 itineris,
1078 4768 1180 4822 per
1222 4752 1564 4818 anfractum
1607 4754 1930 4818 diverticula

339 4859 569 4916 prorsus
589 4843 846 4900 oberrare
868 4859 976 4899 non
999 4844 1194 4914 possis.
1210 4841 1346 4900 Nam
1360 4845 1627 4914 etpictor.
1637 4845 1926 4917 imaginem

338 4935 930 5009 350~compilationis
957 4934 1134 5006 gratia
1165 4935 1389 4992 sibimet
1436 4951 1536 5007 pro
1567 4936 1764 4996 scheda
1793 4953 1930 4994 conv

336 5028 542 5091 stituit,
572 5025 664 5096 qui
693 5034 876 5081 tamen
923 5025 992 5081 ad
1016 5040 1329 5084 mensuram
1362 5025 1724 5097 tabulamque
1751 5043 1929 5091 versa-

343 5120 505 5174 turin
536 5116 809 5183 manibus,
833 5117 1015 5172 omnia
1045 5115 1264 5188 redigit,
1292 5124 1351 5172 et
1374 5117 1503 5174 huic
1530 5126 1780 5190 coaptata
1812 5135 1926 5174 ruu-

341 5209 478 5266 tuati
504 5210 687 5282 operis
718 5210 1038 5266 libramenta
1065 5210 1366 5282 componit.
1399 5207 1477 5269 Tu
1526 5212 1691 5270 etiam
1726 5213 1926 5268 nihilo-

339 5301 524 5358 minus
567 5313 723 5371 juxta
755 5300 975 5359 modum
1015 5299 1234 5366 virium,
1281 5314 1444 5374 quem
1491 5302 1588 5360 tibi
1623 5301 1930 5359 ctelestium

332 5391 732 5447 charismatum
762 5391 1014 5464 Largitor
1033 5390 1310 5458 infuderit,
1337 5392 1452 5449 bare
1479 5394 1575 5450 tibi
1601 5394 1680 5450 sic
1701 5394 1754 5450 in
1775 5410 1932 5451 excr-

2030 4587 2188 4629 nere.
2210 4572 2278 4628 Et
2307 4573 2400 4643 qui
2431 4582 2668 4644 utroque
2719 4572 3172 4644 quadragesimali
3218 4581 3461 4640 tempore
3506 4570 3624 4637 sin.-

2026 4661 2178 4733 gulis
2200 4662 2512 4733 quibusque
2532 4663 2750 4730 diebus,
2776 4662 2920 4724 alliis
2953 4661 3228 4733 geminato
3251 4659 3454 4732 pugillo
3471 4658 3620 4729 eice.-

2029 4753 2313 4820 .risvi-vat,
2360 4755 2554 4826 quinta
2605 4769 2735 4812 vero
2781 4753 2919 4815 feria
2970 4767 3204 4822 semper,
3237 4752 3402 4818 tertia
3433 4759 3616 4819 autem

2027 4861 2162 4902 raro
2183 4861 2378 4916 panem
2405 4844 2744 4904 solumnodo
2770 4844 3037 4907 comedat.
3074 4842 3175 4908 Hic
3199 4843 3366 4912 ﬁliam
3401 4839 3618 4912 ιιιιηιιοε

2028 4955 2165 4996 suos
2212 4938 2389 4994 ferrea
2439 4938 2598 5012 34],
2647 4953 2866 5008 semper
2921 4945 3113 5001 catena
3161 4935 3486 5004 cireumdat,
3545 4945 3620 5006 ne

2029 5031 2250 5103 quando
2277 5030 2495 5086 modum
2523 5030 2719 5086 sobriae
2743 5030 3058 5092 refectionis
3077 5029 3323 5086 excedat.

2107 5125 2398 5194 Confessus
2441 5133 2528 5179 est
2550 5123 2682 5182 mihi
2721 5123 2943 5194 quidam
2961 5139 3032 5182 ,ex
3061 5121 3366 5188 senioribus
3392 5117 3620 5193 nostri;

2037 5216 2164 5286 quia
2195 5231 2317 5270 cum
2371 5215 2520 5270 solus
2543 5214 2597 5268 in
2627 5213 2762 5269 cella
2789 5215 3122 5278 comederet,
3159 5227 3267 5267 non
3303 5209 3416 5279 sibi
3458 5209 3620 5283 juxta

2035 5304 2306 5376 pruriturn
2334 5302 2494 5359 famis
2542 5303 2798 5367 alimenta
2831 5302 2993 5364 citius
3036 5300 3360 5370 indulgeret,
3407 5299 3500 5354 sed
3533 5313 3618 5353 re~

2036 5394 2321 5460 morando,
2390 5409 2456 5449 ac
2501 5389 2897 5464 protrahenda,
2946 5406 3072 5446 raro
3128 5388 3399 5470 videlicet,
3451 5396 3617 5458 atque

337 5483 535 5539 citium
567 5484 769 5552 arripe,
799 5494 858 5539 ut
891 5482 1134 5551 noveris,
1159 5494 1421 5556 quantum
1447 5486 1662 5558 cogaris
1715 5501 1783 5544 ex
1835 5502 1933 5543 ne-
2031 5486 2296 5547 tuinutius
2346 5486 2519 5544 micas
2565 5485 2745 5558 potius
2779 5499 2942 5554 quam
3001 5482 3200 5537 frustra
3239 5480 3401 5554 panis
3453 5478 3505 5534 in
3551 5494 3619 5537 os

331 5576 602 5631 cessitate
635 5577 902 5644 minuere,
938 5575 1022 5632 vel
1078 5585 1340 5647 quantum
1393 5578 1508 5633 hinc
1539 5579 1591 5632 in
1636 5587 1688 5633 te
1716 5594 1812 5648 per
1840 5594 1930 5635 ac-

337 5680 555 5721 cessum
584 5666 771 5740 gratia:
801 5665 978 5736 possis
1003 5681 1218 5736 augere.
1250 5665 1501 5732 Nonnulli
1532 5683 1727 5738 nempe
1757 5677 1925 5724 totam

2024 5578 2300 5644 mitteret,
2316 5584 2382 5638 ,ει
2407 5575 2486 5634 sic
2509 5591 2576 5636 .se
2614 5575 2755 5638 inter
2783 5574 2897 5644 ipsa
2926 5572 3173 5648 corporis
3221 5571 3476 5632 alimenta
3515 5570 3617 5634 dn-

2023 5669 2147 5732 .rius
2195 5684 2297 5749 per
2340 5667 2580 5748 inopiam
2630 5665 2938 5730 crueiaret;
2981 5677 3039 5723 ut
3083 5664 3200 5749 ipse
3245 5664 3409 5737 etiam
3447 5659 3615 5735 .gciltus
