3996 6184
342 269 447 326 ΞΠ

821 262 880 318 s.
899 259 1103 319 PETRI
1126 226 1407 315 naniam
1446 253 1599 313 ore.
1627 249 1864 309 TOMUS
1892 251 2024 312 seu
2052 250 2235 311 mas
2263 248 2352 307 ιιι.
2385 278 2456 291 -
2478 246 2843 306 OPUSCULA
2875 246 3104 303 vanu.

3505 252 3611 307 548

345 394 454 432 non
498 384 605 430 tam
638 364 939 429 resolveret
957 385 1117 445 quam
1144 368 1383 437 puniret,
1415 373 1469 420 et
1492 362 1715 420 refectio
1742 362 1924 432 potius
1950 367 2000 425 Α
2025 371 2262 433 aegrotus
2289 361 2379 427 sit,
2406 360 2479 416 ita
2508 369 2567 414 ut
2601 359 2889 415 decumbat
2927 352 3149 428 quidem
3174 374 3226 414 In
3258 359 3471 427 lectulo,
3503 372 3617 419 toto

344 470 626 527 vult-retur
679 481 799 522 esse
848 463 1075 519 d'cenzla
1125 458 1397 523 defectio,
1448 456 1577 511 dum
1620 470 1729 511 non
1777 453 1929 510 dele-

349 561 549 616 ctando
603 558 874 622 reficeret,
929 551 1023 607 sed
1055 548 1339 620 aﬂligendo
1385 547 1566 618 potius
1611 545 1927 615 castigaret.

351 649 598 722 Cortilui
630 646 1025 717 adolescentem
1056 650 1299 696 nostrum
1323 637 1518 694 indolis
1548 635 1723 691 adhuc
1766 633 1932 705 ephe-

351 743 457 808 bze,
499 739 697 796 acriori
736 738 961 806 insuper
1008 733 1235 789 verbere
1282 728 1564 802 castigavi,
1617 727 1746 798 quia
1801 740 1934 782 can-

352 832 562 887 tabricii
618 830 796 899 [anis-
826 827 1031 896 quadra
1082 824 1297 879 vivebat
1344 822 1395 875 in
1450 822 1566 884 die,
1625 831 1680 874 et
1724 819 1799 873 ita
1842 818 1935 871 vix

350 923 591 986 demum,
623 931 681 975 ut
718 920 785 975 ad
809 901 1046 973 medium
1092 929 1263 983 usque
1290 912 1651 974 relaxaretur,
1679 909 1885 964 obtinui
1915 922 1930 971 ;

351 1013 442 1083 qui
472 1012 729 1066 nimirum
778 1019 907 1064 tunc
948 1006 1124 1061 ferrea
1168 1004 1428 1057 loricatus
1484 999 1717 1054 interula
1769 1015 1798 1053 a
1833 998 1938 1052 Do-

352 1103 552 1156 minico
590 1102 677 1156 die
714 1114 884 1168 usque
909 1097 962 1152 in
995 1096 1239 1166 quintam
1292 1093 1484 1147 feriam
1534 1090 1741 1145 nullum
1786 1089 1939 1158 peni-

354 1189 647 1245 tuStihum
702 1192 1031 1256 sumpserat,
1070 1183 1242 1238 tribus
1294 1196 1423 1236 vero
1469 1179 1689 1249 rt-lquis
1736 1177 1940 1233 hebdo—

356 1281 530 1334 madas
582 1278 773 1335 die'us
822 1274 937 1330 solo
992 1288 1130 1343 pane
1191 1270 1431 1327 vivebat.
1481 1268 1753 1323 Habemus
1800 1268 1940 1321 inter

355 1386 453 1426 nos
494 1369 716 1423 fratrem
768 1365 947 1420 adhuc
995 1372 1049 1417 et
1098 1372 1257 1418 aetate
1306 1360 1671 1430 iuvenculum,
1703 1366 1760 1413 et
1804 1372 1941 1413 con-

358 1462 616 1516 versione
662 1459 947 1520 novitium,
984 1455 1077 1523 qui
1122 1462 1295 1509 totum
1344 1451 1568 1522 implere
1614 1450 1940 1506 Psalterium

356 1551 591 1605 extensis
623 1549 676 1601 in
704 1547 871 1601 altum
898 1543 1141 1599 brachiis
1188 1542 1506 1605 consuevit;
1541 1555 1637 1610 per
1678 1538 1943 1609 quinqua-

358 1656 521 1712 genos
542 1639 794 1694 videlicet
827 1636 1064 1708 psalmos
1108 1633 1329 1689 brachia
1372 1631 1595 1702 fatigata
1638 1632 1938 1700 deponens,

2031 453 2157 508 anni
2206 461 2446 522 tempore
2473 490 2488 516 ,
2529 452 2642 506 sive
2684 459 2873 506 aestate
2924 451 3213 517 videlicet,
3261 453 3374 507 sive
3414 454 3614 521 hieme,

2032 544 2205 600 tribus
2236 560 2331 614 per
2358 543 2748 598 hebdomadam
2795 542 2985 598 diebus
3021 541 3270 613 jejunare
3316 547 3369 598 in
3399 560 3537 614 pane
3561 555 3619 601 et

2032 649 2171 705 aqua
2193 650 2314 688 cum
2346 634 2439 688 Dei
2469 632 2739 702 adjutorio
2764 632 3018 690 facillime
3044 650 3205 706 posse
3237 645 3330 690 :et
3360 638 3615 707 quoniam

2035 723 2537 796 Sabbatojejunare
2567 725 2729 781 etiam
2762 727 3039 781 canonica:
3064 727 3370 782 traditionis
3394 729 3617 782 authen-

2036 815 2200 868 ticum
2229 824 2333 881 ρει,
2363 830 2469 868 non
2507 829 2671 886 grave
2709 817 2956 871 videatur
2994 815 3147 870 fratri
3182 816 3345 869 etiam
3378 815 3617 871 Sabbato

2035 906 2389 964 refectionem
2415 908 2481 962 ad
2510 923 2707 963 nonam
2736 910 2924 964 horam
2952 925 3126 980 usque
3149 894 3364 966 differre
3388 927 3403 977 ;
3448 920 3507 965 ut
3529 927 3620 966 se-

2037 1000 2140 1054 mel
2185 998 2403 1069 quidem
2444 1000 2559 1069 ipso
2589 999 2678 1055 die
2726 1000 3025 1068 reficiatur,
3074 1003 3167 1058 sed
3218 1011 3394 1057 tamen
3430 1003 3621 1056 vinum

2036 1103 2201 1164 atque
2225 1095 2559 1166 pulmentum
2599 1092 2877 1161 percipere
2900 1106 2964 1147 ex
2986 1091 3147 1163 hujus
3178 1104 3377 1150 nostrae
3405 1096 3624 1152 institu-

2039 1185 2201 1239 tionis
2257 1182 2583 1254 indulgentia
2648 1197 2753 1237 non
2808 1190 3043 1236 vetetur.
3109 1182 3178 1237 Et
3240 1184 3343 1239 hoc
3401 1185 3623 1254 quidem

2040 1285 2245 1330 testate.
2270 1273 2405 1329 Nam
2430 1273 2500 1327 ab
2523 1272 2702 1328 Idibus
2728 1271 3065 1342 Septembris
3088 1289 3255 1344 usque
3277 1276 3343 1330 ad
3365 1276 3625 1334 Paschale

2042 1366 2319 1437 gaudium,
2354 1373 2587 1433 quatuor
2625 1378 2723 1433 per
2768 1363 3160 1419 hebdomadam
3191 1366 3379 1421 diebus
3412 1369 3625 1423 noverit

2037 1453 2389 1527 jejunandum
2418 1472 2430 1508 :
2462 1454 2555 1509 sed
2585 1453 2687 1508 etsi
2712 1453 3001 1522 aliquando
3028 1462 3176 1508 tanta
3212 1455 3456 1510 debilitas
3480 1451 3626 1511 acci-

2044 1549 2204 1615 derit,
2229 1548 2456 1603 hiberno
2480 1547 2642 1602 etiam
2668 1556 2909 1615 tempore
2930 1544 3017 1601 die
3036 1543 3260 1601 Sabbati
3283 1555 3377 1600 aut
3400 1547 3630 1617 legumi-

2045 1641 2205 1696 nibus
2257 1637 2467 1701 infusis,
2502 1644 2596 1692 aut
2644 1638 2932 1692 herbarum
2983 1636 3281 1702 radicibus,
3315 1638 3429 1692 sive
3458 1638 3627 1692 etiam

358 1708 454 1788 sed
503 1739 798 1801 antequam
862 1727 946 1782 vel
998 1740 1167 1779 unum
1212 1721 1615 1794 productiorem
1675 1717 1942 1789 psalmum

2055 1712 2220 1804 pomis
2257 1732 2473 1787 solitum
2501 1730 2687 1786 licebit
2723 1729 3110 1801 aliquantisper
3154 1740 3457 1800 temperare
3484 1730 3628 1800 jeju-

359 1818 655 1879 decurrere
704 1819 906 1883 valeat,
964 1816 1162 1871 iterum
1212 1813 1516 1882 subrigens.
1571 1809 1847 1865 Habemus
1887 1814 1944 1861 et

362 1910 528 1968 alium
559 1912 839 1967 incurvum
864 1908 979 1979 jam
1014 1921 1223 1972 senem,
1260 1903 1353 1973 qui
1393 1903 1498 1958 duo
1547 1899 1812 1956 PSaIteria
1844 1898 1945 1952 sub

361 2020 466 2059 una
495 2002 843 2058 brachiorum
893 1997 1212 2053 extensione
1242 1996 1536 2050 decantat:
1588 2005 1753 2045 unum
1804 1988 1949 2043 vide-

361 2093 492 2148 licet
536 2107 660 2148 cum
718 2090 948 2145 canticis
1001 2096 1058 2143 et
1102 2084 1341 2150 litaniis,
1396 2082 1687 2151 multisque
1741 2080 1945 2134 oratio-

361 2184 524 2239 nibus
557 2200 571 2248 ;
612 2182 839 2235 alterum
874 2192 1003 2233 vero
1034 2191 1133 2248 pro
1180 2172 1453 2229 defunctis
1495 2186 1619 2226 cum
1650 2183 1845 2225 novem
1874 2166 1951 2221 le-

366 2275 656 2331 utionibus.
1052 2283 1056 2286 ’

398 2388 401 2389 ν
436 2366 644 2430 Dicam,
670 2365 765 2420 sed
803 2362 926 2433 quis
955 2360 1115 2425 sciat,
1141 2367 1322 2413 utrum
1367 2355 1503 2411 ﬁdes
1549 2350 1834 2409 assertioni
1891 2350 1952 2403 ti-

366 2457 658 2512 delissimae
705 2457 1013 2525 praebeatur
1053 2453 1076 2506 ?
1132 2451 1238 2507 Sed
1297 2447 1793 2520 parvipendendum
1836 2454 1949 2507 est,

365 2552 412 2605 si
444 2551 677 2606 humana
707 2547 988 2603 temeritas
1029 2555 1245 2615 arguat,
1289 2558 1454 2613 quem
1494 2554 1705 2596 summa
1738 2538 1954 2595 Veritas

366 2642 618 2696 falsitatis
648 2648 892 2695 excusat.
947 2638 1092 2692 ldem
1129 2651 1316 2700 senex,
1357 2633 1673 2688 Dominicus
1710 2629 1951 2694 nomine,

367 2744 755 2798 neununquam
782 2744 891 2781 uno
914 2727 1001 2781 die
1032 2725 1350 2781 continuato
1378 2738 1501 2776 cum
1547 2730 1729 2783 nocte,
1758 2732 1954 2773 novem

365 2820 631 2876 Psalteria
666 2816 975 2872 meditando
1022 2815 1284 2878 decurrit,
1310 2822 1367 2867 et
1394 2812 1612 2866 interim
1648 2824 1788 2878 pene
1820 2823 1957 2863 sem-

368 2926 468 2980 per
520 2920 748 2978 utraque
798 2923 960 2961 manu
1003 2906 1183 2975 scopis
1241 2912 1452 2959 armata
1508 2903 1711 2956 nudum
1760 2913 1957 2968 corpus

372 3000 554 3054 afficit.
581 3000 886 3053 Notandum
914 3005 1119 3059 autem,
1150 2995 1277 3064 quia
1303 2993 1429 3046 dum
1455 3004 1712 3062 peragere
1734 2989 1953 3057 satagit,

371 3102 551 3157 nocte,
584 3094 666 3145 vel
690 3092 775 3146 die
803 3091 903 3145 sibi
936 3089 1176 3144 dormire
1200 3102 1305 3141 non
1330 3094 1511 3151 vacat,
1538 3085 1632 3139 sed
1664 3080 1954 3152 aliquando

371 3200 544 3254 genua
573 3183 815 3248 flectens,
855 3183 978 3236 dum
1030 3187 1192 3249 caput
1224 3186 1385 3232 terra)
1424 3174 1662 3244 deponit,
1707 3173 1788 3228 sic
1813 3169 1956 3225 nudo

371 3287 595 3347 repente
647 3291 871 3331 somnus
920 3272 1155 3343 obrepit,
1211 3285 1319 3341 quo
1362 3268 1612 3324 videlicet
1662 3263 1778 3321 solo
1825 3278 1956 3319 con-

374 3380 555 3425 tentus
587 3378 689 3423 est.
748 3358 844 3433 llic
876 3365 1008 3420 mihi
1049 3362 1338 3431 aliquando
1383 3360 1624 3415 fraterna
1679 3354 1957 3410 familiari-

374 3468 486 3514 tate
523 3466 851 3526 conquestus
883 3465 987 3519 est,
1021 3456 1148 3523 quia
1181 3467 1305 3509 cum
1337 3464 1530 3505 novem
1577 3448 1659 3502 sic
1694 3444 1957 3499 Psalteria

370 3565 513 3618 sepe
540 3549 861 3607 molulando
892 3548 1197 3617 perliceret,
1248 3542 1316 3597 ad
1368 3541 1642 3596 decimum
1682 3551 1956 3605 nunquam

374 3641 613 3711 potuerit
673 3638 980 3708 pervenire.
1031 3635 1168 3690 Novi
1219 3634 1465 3697 fratrem,
1520 3629 1612 3698 qui
1664 3643 1724 3690 se
1759 3627 1959 3681 fatere-

373 3740 460 3786 tur
485 3733 641 3787 toties
680 3731 959 3800 psallcndo
988 3743 1162 3798 genua
1203 3725 1440 3788 flectere,
1471 3728 1603 3792 quot
1634 3720 1687 3773 in
1719 3733 1780 3773 se
1838 3733 1959 3772 ver-

376 3839 470 3878 sus
527 3833 697 3877 totum
758 3821 1079 3877 Psalterium
1132 3818 1491 3881 contineret;
1549 3828 1671 3868 cum
1712 3809 1962 3865 videlicet

374 3916 698 3971 Psalterium
728 3926 961 3985 quatuor
990 3912 1107 3968 fere
1132 3910 1297 3966 millia
1347 3922 1602 3964 versuum
1649 3906 1852 3961 habere
1877 3902 1963 3957 di-

371 4018 551 4072 catur,
591 4009 733 4063 sicut
783 4014 1036 4062 asserunt
1080 4003 1173 4075 qui
1216 3999 1577 4073 supputandis
1617 4011 1839 4069 Operam
1868 3995 1961 4050 deo

371 4106 584 4159 derunt.
1420 4149 1423 4151 .

446 4194 554 4247 Sed
610 4204 665 4247 et
710 4192 829 4247 haec
882 4188 1147 4259 prolixius
1196 4186 1404 4241 idcirco
1460 4199 1565 4238 non
1614 4193 1957 4251 prosequor,

377 4283 505 4352 quia
533 4290 589 4335 et
640 4274 757 4345 eos,
804 4280 870 4335 de
922 4277 1118 4347 quibus
1166 4276 1382 4345 loquor,
1423 4271 1697 4327 offendere
1752 4270 1957 4324 timeo:

374 4382 432 4427 et
470 4372 575 4427 illis
599 4371 937 4434 cohabitare,
978 4368 1175 4436 quibus
1221 4380 1330 4419 non
1378 4376 1660 4431 conperor,
1707 4360 1962 4413 aliorum-

378 4476 486 4532 que
535 4474 762 4515 narrare
818 4458 1091 4513 fervorem
1142 4454 1372 4525 frigidus
1417 4452 1699 4506 erubesco.
1734 4450 1963 4519 Dignum

379 4561 561 4608 autem
594 4552 756 4608 credo
811 4549 1049 4606 robustis
1102 4563 1168 4603 ac
1218 4542 1634 4617 perfectioribus
1680 4540 1811 4597 viris
1856 4540 1963 4596 ista

386 4645 734 4714 relinquere:
770 4624 873 4698 sed.
889 4651 945 4697 et
995 4642 1113 4696 haec
1158 4640 1275 4709 ipsa
1305 4637 1521 4691 mitiora
1567 4648 1687 4704 quae
1713 4632 1964 4703 superius

381 4738 584 4804 scripta
609 4744 758 4799 sunt,
805 4734 1200 4803 aliquantisper
1229 4729 1329 4785 sub
1353 4728 1598 4783 modesto
1619 4722 1964 4780 discretionis

377 4829 666 4882 libramine
723 4836 1072 4897 temperare;
1123 4830 1182 4877 ut
1232 4823 1357 4876 dum
1386 4819 1717 4874 valentiores
1762 4817 1964 4887 quique

382 4935 477 4989 per
502 4918 671 4973 altqu
698 4920 958 4971 virtutum
997 4916 1245 4986 pelagum
1276 4914 1446 4968 citato
1480 4910 1691 4965 fervent
1735 4906 1960 4975 remigio

383 5026 629 5075 currere,
665 5008 962 5064 imbecilles
1009 5009 1174 5062 etiam
1215 5005 1412 5060 littoris
1464 5003 1640 5057 vicina
1685 5008 1959 5063 secantes,

382 5121 490 5161 non
518 5103 913 5172 compellantur
931 5100 1159 5155 haerenti
1184 5099 1360 5154 lembo
1382 5098 1435 5152 in
1459 5095 1703 5150 arenosis
1723 5092 1961 5162 syrtibus

381 5210 686 5252 remanere.

880 5282 1042 5354 31.2
1086 5279 1314 5336 CAPUT
1351 5278 1469 5334 xv.

816 5374 892 5430 De
939 5374 1272 5428 eremitarum
1310 5369 1539 5442 jejunio.

454 5491 842 5569 Verumtamen
873 5504 940 5544 ne
970 5487 1113 5559 quod
1138 5484 1442 5546 scribimus,
1466 5495 1686 5552 prorsus
1712 5493 1743 5534 a
1767 5476 1965 5549 regulae

384 5582 620 5639 solutum
655 5581 770 5651 lege
799 5591 991 5638 nutare
1019 5578 1286 5644 videatur,
1317 5572 1585 5629 credimus
1608 5584 1964 5639 unumquem-

385 5670 494 5744 ‘que
525 5670 751 5728 fratrem
782 5669 836 5727 in
883 5668 1074 5726 cellula
1104 5674 1555 5733 commorantem,
1592 5659 1696 5720 nisi
1741 5658 1963 5719 omnino

2046 1825 2211 1880 nium.
2243 1824 2320 1878 Ita
2350 1832 2529 1876 tamen
2557 1820 2682 1884 utsi
2704 1835 2869 1874 unum
2898 1819 3173 1889 quodlibet
3214 1820 3405 1875 horum
3428 1829 3629 1886 sumat,

2048 1915 2217 1980 aliud,
2256 1914 2358 1969 nisi
2405 1927 2549 1967 verre
2601 1910 2941 1967 necessitatis
2983 1926 3145 1965 causa
3192 1910 3496 1975 dictaverit,
3523 1925 3631 1965 non

2050 2006 2288 2077 adjiciat.
2314 2003 2596 2060 Postremo
2618 2011 2795 2058 tamen
2822 2012 3042 2073 propter
3062 2002 3447 2073 pusillanimes,
3470 2003 3516 2057 si
3543 2002 3634 2057 hic

2052 2097 2349 2153 necessitas
2400 2095 2622 2150 omnino
2651 2093 2994 2164 poposcerit,
3034 2108 3154 2162 quae
3204 2092 3318 2148 fieri
3368 2093 3631 2161 permissa

2052 2197 2137 2243 est
2166 2188 2218 2241 in
2260 2195 2470 2250 aestate,
2500 2184 2689 2239 eadem
2722 2183 3080 2239 Sabbatorum
3109 2184 3359 2239 discretio
3384 2192 3636 2239 servetur

2052 2284 2104 2336 in
2136 2281 2334 2335 hieme.

2124 2371 2199 2424 De
2248 2367 2634 2424 festivitatibus
2680 2380 2893 2437 quoque
2918 2406 2933 2431 ,
2974 2381 3095 2435 qua:
3131 2364 3348 2421 hiemali
3395 2375 3638 2435 tempore

2053 2459 2418 2524 celebrantur,
2452 2458 2505 2512 in
2536 2457 2735 2527 quibus
2764 2472 2862 2510 nos
2888 2444 3223 2511 asseruimus
3258 2456 3424 2511 semel
3464 2456 3518 2510 in
3548 2457 3637 2511 die

2053 2551 2227 2606 solere
2264 2551 2567 2613 comedere,
2607 2548 2766 2603 liceat
2808 2548 3081 2617 geminare
3108 2548 3309 2612 cibum,
3344 2548 3485 2603 sicut
3518 2564 3638 2603 mos

2053 2650 2137 2696 est
2178 2640 2593 2694 cmnobitarum.
2642 2638 2810 2693 Porro
2855 2638 2906 2691 in
2954 2638 3162 2692 duabus
3186 2639 3636 2709 quadragesimis.

2056 2732 2324 2796 videlicet,
2354 2746 2472 2799 qua:
2498 2728 2832 2783 Dominicam
2860 2729 3229 2796 Nativitatem,
3263 2729 3639 2784 Resurrectio-

2056 2837 2287 2891 nemque
2321 2822 2651 2892 praecedunt,
2683 2821 2843 2875 tertia
2884 2822 3103 2891 quidem
3164 2821 3320 2885 feria,
3361 2831 3419 2877 et
3440 2823 3630 2892 quinta

2056 2912 2392 2981 pulmentum
2423 2919 2635 2975 sumat;
2680 2909 2978 2965 Dominicis
3006 2922 3186 2965 autem
3214 2910 3402 2965 diebus
3427 2919 3485 2965 et
3505 2926 3642 2979 prm-

2059 3002 2231 3072 cipuis
2273 3000 2697 3064 festivitatibus,
2748 3001 2929 3055 addita
2982 3000 3202 3069 insuper
3243 3000 3430 3070 quinta
3478 3001 3641 3066 feria,

2058 3094 2220 3147 etiam
2244 3091 2428 3146 vinum
2456 3091 2624 3145 bibat.
2672 3090 2959 3145 Pulmento
2988 3099 3169 3145 autem
3196 3106 3304 3146 uno
3341 3090 3646 3161 quadrage-

2057 3184 2233 3239 simali
2272 3192 2511 3253 tempore
2546 3183 2787 3239 contenti
2830 3182 2938 3237 sint
2968 3182 3182 3246 fratres,
3216 3184 3435 3253 quando
3474 3182 3642 3238 semel

2057 3275 2338 3340 reficiunt;
2382 3276 2595 3345 quando
2624 3289 2755 3329 vero
2798 3274 3149 3330 refectionem
3181 3276 3478 3344 geminant,
3510 3275 3644 3329 alte-

2057 3380 2177 3419 rum
2207 3364 2555 3433 prandentes,
2587 3363 2817 3419 alterum
2857 3371 3137 3417 caenantes
3175 3365 3463 3433 accipiant.
3498 3363 3647 3418 Reli-

2058 3469 2166 3524 quo
2188 3462 2369 3507 autem
2398 3453 2523 3506 anni
2553 3461 2792 3521 tempore
2814 3452 2922 3507 duo
2946 3467 3161 3521 semper
3184 3452 3436 3509 habeant.
3461 3452 3645 3508 Domi-

2058 3546 2195 3601 nicis
2223 3559 2438 3615 quoque
2479 3544 2687 3607 diebus,
2738 3553 2793 3599 et
2837 3542 3132 3612 majoribus
3172 3543 3644 3611 festivitatibus,si

2057 3634 2285 3691 facultas
2313 3632 2548 3698 affuerit,
2577 3634 2740 3688 etiam
2762 3633 2979 3687 tertium
3010 3649 3116 3689 non
3146 3648 3428 3704 negamus.

2651 3742 2881 3799 CAPUT
2918 3742 3059 3798 XVI.

2233 3834 2486 3891 Discretio
2524 3833 2729 3905 prwlati
2767 3835 2821 3888 in
2857 3833 3193 3888 moderandis
3232 3833 3475 3888 subditis.

2132 3926 2520 3980 Discretionem
2560 3933 2743 3979 tamen
2793 3924 3051 3980 debilium
3098 3924 3151 3978 in
3184 3923 3383 3995 prioris
3417 3923 3646 3980 arbitrio

2059 4017 2335 4088 ponimus,
2383 4016 2639 4071 nimirum
2685 4025 2744 4069 ut
2780 4014 2895 4085 ipse
2926 4014 3343 4085 possibilitatem
3386 4013 3646 4068 uniuscu-

2054 4108 2253 4179 jusque
2280 4109 2587 4164 eonsideret
2613 4125 2626 4161 :
2660 4115 2714 4162 et
2734 4116 2893 4177 prout
2922 4107 3118 4177 cuique
3142 4105 3339 4161 viderit
3366 4105 3646 4175 expedire,

2060 4199 2147 4269 pie
2172 4198 2277 4253 illis
2302 4198 2556 4252 alimenta
2578 4197 2873 4265 dispenset.
2903 4195 3040 4250 Nam
3063 4204 3117 4250 et
3140 4210 3241 4250 nos
3261 4194 3645 4265 approbamus,

2059 4291 2203 4359 quod
2234 4290 2347 4345 suis
2377 4305 2520 4360 saepe
2542 4288 2822 4359 discipulis
2848 4287 2909 4341 B.
2934 4286 3268 4342 Romualdus
3295 4286 3496 4340 dixisse
3524 4300 3649 4355 per-

1987 4390 2039 4472 D
2065 4378 2287 4472 hibetur
2313 4396 2327 4432 :
2358 4378 2662 4432 Dummodo
2682 4417 2697 4444 ,
2736 4376 2943 4446 inquit,
2985 4374 3157 4429 frater
3184 4373 3411 4443 quilibet
3455 4371 3647 4426 cellam

2064 4482 2172 4523 non
2203 4466 2445 4532 deserat,
2493 4468 2657 4522 etiam
2700 4482 2896 4523 carnes
2937 4466 3283 4537 permittatur
3330 4477 3400 4518 ex
3444 4463 3645 4517 discre-

2063 4558 2209 4613 tione
2230 4558 2533 4625 comedere,
2568 4558 2613 4613 si
2645 4567 2755 4612 tam
2791 4556 3122 4613 inevitabilis
3152 4552 3398 4611 videatur
3420 4552 3651 4610 necessi-

2061 4656 2146 4704 tas
2175 4650 2479 4707 imminere.
2527 4648 2777 4705 Addebat
2822 4651 3043 4719 insuper
3070 4664 3087 4704 :
3123 4646 3251 4702 Tale
3278 4646 3423 4702 enim
3452 4660 3651 4717 prope-

2062 4740 2281 4797 modum
2323 4754 2407 4797 est
2432 4742 2497 4797 de
2517 4757 2702 4798 eremo
2733 4741 2800 4796 ad
2823 4741 3214 4797 monasterium
3243 4738 3462 4803 reverti,
3488 4735 3650 4808 quale

2062 4833 2129 4888 de
2153 4833 2523 4889 monasteriali
2550 4834 2743 4888 ordine
2781 4833 2849 4888 ad
2885 4832 3142 4888 saeculum
3172 4830 3460 4902 asportari.
3495 4828 3651 4885 Unde

2062 4938 2285 4981 necesse
2311 4934 2431 4993 est,
2478 4934 2540 4981 ut
2582 4925 2743 4997 343
2772 4926 3082 4996 quicunque
3120 4923 3414 4979 eremitica:
3452 4929 3655 4992 praest

2063 5015 2419 5083 fraternitati,
2463 5019 2628 5073 robur
2662 5017 2923 5088 cujusque
2949 5017 3235 5087 diligenter
3268 5008 3563 5079 examinet,
3595 5021 3654 5068 et

2056 5109 2213 5179 juxta
2245 5111 2443 5166 virium
2474 5111 2788 5169 facultatem
2827 5113 3135 5169 necessaria
3164 5112 3557 5168 subtninistret.
3584 5108 3655 5164 Et

2065 5202 2280 5272 quidem
2310 5203 2354 5259 si
2392 5219 2582 5261 omnes
2612 5206 2714 5261 sub
2756 5206 2919 5262 unius
2956 5205 3155 5277 regula:
3185 5219 3439 5261 mensura
3464 5204 3653 5258 vivere

2068 5296 2383 5363 praevalent,
2418 5297 2681 5367 Optimum
2708 5307 2822 5366 est;
2856 5298 3092 5368 alioquin
3125 5299 3169 5353 si
3213 5312 3371 5362 unus,
3412 5304 3507 5351 aut
3533 5294 3650 5350 for-

2069 5395 2215 5442 tasse
2257 5388 2441 5458 plures
2488 5389 2749 5461 indigent,
2794 5393 2936 5462 quod
2967 5392 3025 5457 ii,
3069 5391 3161 5462 qui
3198 5390 3499 5446 incolumes
3524 5395 3656 5443 sunt

2074 5492 2300 5532 necesse
2336 5492 2443 5533 non
2487 5479 2712 5547 habent,
2739 5480 2879 5535 clam
2908 5480 3176 5546 videlicet,
3214 5488 3270 5535 et
3317 5478 3527 5535 occulte
3570 5476 3655 5533 sic

2067 5569 2297 5625 infirmis
2334 5571 2422 5640 pia
2471 5571 2793 5628 exhibeatur
2818 5572 3146 5639 humanitas,
3174 5583 3236 5628 ut
3264 5571 3504 5627 valentes
3533 5569 3655 5625 sine

2069 5659 2285 5717 invidia:
2310 5662 2528 5720 stimulo
2554 5663 2607 5719 in
2629 5662 2714 5721 sui
2745 5663 2940 5736 rigoris
2961 5669 3316 5735 permaneant
3343 5658 3650 5728 disciplina.
