3996 6184
364 359 472 419 519

364 561 512 618 illico
539 566 788 635 regulare
808 570 1059 628 omnibus
1088 574 1178 630 fiat
1206 591 1220 630 :
1253 594 1375 634 cum
1402 591 1455 636 et
1483 583 1621 640 idem
1647 561 1948 657 frater,vqui

364 653 527 709 hodie
565 658 841 714 subveniri
871 660 973 716 sibi
1000 678 1098 733 per
1125 665 1517 728 humanitatem
1564 675 1824 745 postulat,
1854 653 1945 734 se-

367 745 544 800 cunda
590 746 839 806 fortassis
889 754 1227 816 confortatus
1281 763 1614 823 hebdomada
1644 809 1658 834 ,
1707 770 1949 840 ejusdem

367 838 728 896 humanitatis
757 844 1027 914 impendia
1065 866 1172 906 non
1213 857 1476 926 requirat.
1527 860 1662 916 Nam
1713 838 1767 918 et
1805 864 1946 920 idem

365 923 425 978 B.
451 925 804 999 Romualdus,
827 946 886 990 ut
911 939 993 994 sui
1023 923 1422 1003 consueverurlt
1445 950 1649 1007 referre
1675 953 1947 1024 discipuli,

363 1018 443 1070 sic
486 1023 658 1076 aestivi
693 1029 950 1095 temporis
990 1031 1356 1092 hebdomadas
1383 1039 1719 1109 alternabat,
1754 1018 1948 1100 ut-una

364 1113 581 1182 quidem
612 1125 642 1168 a
674 1115 950 1174 Dominica
996 1123 1050 1176 in
1082 1125 1413 1183 Dominicam
1462 1131 1516 1185 in
1557 1148 1694 1202 pane
1724 1143 1780 1189 et
1807 1150 1946 1206 aqua

359 1201 655 1273 jejunando
704 1211 1068 1281 transigeret;
1120 1215 1343 1274 alterius
1400 1235 1528 1276 vero
1560 1201 1563 1202 ν
1595 1201 1948 1280 hebdoma—da:

364 1293 700 1361 pulmentum
728 1298 912 1370 quinta
956 1299 1092 1357 feria
1143 1309 1510 1366 manducarct.
1554 1312 1630 1366 De
1673 1315 1948 1371 conversis

363 1396 578 1452 quoque
604 1397 865 1453 quantum
886 1389 1153 1459 jejunent,
1179 1395 1416 1466 ejusdem
1444 1399 1640 1470 prioris
1666 1403 1947 1472 provideat

363 1473 664 1544 diligentia.

945 1575 1175 1632 CAPUT
1214 1578 1375 1634 XVII.

895 1665 970 1722 De
997 1670 1166 1725 somni
1200 1675 1418 1727 ratione.

432 1749 509 1804 De
542 1765 732 1807 somno
769 1769 984 1825 quoque
1026 1775 1131 1813 non
1173 1769 1280 1816 tam
1329 1764 1461 1818 dura
1503 1766 1818 1835 quibusdam
1863 1771 1944 1826 di-

357 1838 569 1894 atrictio
595 1856 758 1909 quam
791 1844 1033 1902 modesta
1061 1848 1318 1907 discretio
1365 1857 1669 1911 necessaria
1707 1867 1807 1913 est.
1836 1860 1945 1915 Me-
1975 1865 2021 1924 Β

357 1928 463 1985 lius
506 1933 705 2004 quippe
747 1947 830 1991 εει
867 1953 1118 1994 somnum
1167 1944 1318 1998 carni
1371 1953 1664 2017 temperata
1710 1952 1940 2019 quadam

357 2019 762 2090 dispensatione
811 2028 1138 2095 concedere,
1182 2041 1236 2086 et
1273 2031 1547 2090 ferventer
1599 2041 1940 2106 postmodum

359 2108 413 2184 in
443 2109 538 2166 Dei
579 2112 832 2171 laudibus
861 2120 1152 2186 excubare,
1190 2137 1353 2191 quam
1383 2137 1758 2184 summotenus
1784 2145 1943 2199 sopo-

358 2209 536 2255 ratum
573 2202 852 2260 dissolutis
888 2216 996 2263 tota
1033 2211 1118 2265 die
1153 2209 1309 2268 labiis
1351 2215 1604 2270 oscitare.
1655 2217 1942 2275 Enimvero

357 2295 688 2362 uuperrimis
718 2297 879 2352 etiam
927 2301 1419 2369 praedecessoribus
1465 2308 1668 2362 nostris
1711 2325 1941 2365 consue-

358 2383 486 2436 tudo
516 2399 623 2440 non
653 2395 794 2453 erat,
823 2397 879 2442 ut
906 2390 1086 2459 aliquo
1117 2403 1358 2463 tempore
1383 2397 1680 2453 dormirent
1727 2399 1781 2453 in
1813 2401 1936 2467 die;

356 2488 456 2527 nos
481 2485 662 2530 autem
701 2479 904 2535 mstivis
935 2483 1127 2538 diebus
1163 2485 1461 2542 dormimus
1490 2491 1730 2558 quidem,
1760 2495 1853 2549 sed
1884 2503 1941 2548 ut

355 2561 724 2621 indubitanter
766 2573 973 2640 experti
1021 2589 1226 2640 sumus,
1262 2577 1522 2647 quidquid
1567 2593 1856 2650 provectus
1883 2585 1938 2640 in

357 2654 444 2708 die
476 2656 809 2713 dormientes
845 2663 1177 2728 amittimus,
1225 2664 1328 2721 hoc
1371 2677 1426 2720 et
1472 2672 1734 2726 maturius
1781 2685 1939 2730 nocte

355 2761 660 2818 surgentes,
689 2761 743 2805 ct
770 2755 1072 2823 expeditius
1099 2757 1296 2813 divinis
1328 2758 1642 2816 insistentes
1665 2764 1938 2835 obsequiis

356 2855 474 2893 ('Olll
483 2857 794 2910 pensamus.

425 2930 730 2988 Notandum
780 2946 999 3005 autem,
1042 2941 1168 3010 quia
1220 2951 1348 2998 ante
1395 2953 1674 3000 nocturna:
1719 2947 1938 3017 synaxis

353 3023 620 3093 ollicium,
649 3026 695 3081 si
744 3028 825 3082 vel
864 3029 1183 3098 profundior
1225 3034 1402 3088 adhuc
1432 3051 1558 3100 nox,
1589 3035 1671 3090 vel
1700 3038 1939 3106 quolibet

352 3115 515 3170 modo
540 3131 734 3187 graves
765 3119 1014 3174 videntur
1050 3136 1171 3178 esse
1200 3123 1417 3194 vigiliae,
1447 3134 1693 3195 repetere
1722 3128 1942 3182 accubi-

1323 377 1566 437 orasc.
1601 381 1718 439 xv.
1749 413 1820 426 —
1849 383 1942 440 nr:
1968 347 2362 446 msrtrurts
2399 390 2562 449 0RD.
2599 394 2883 454 EREMIT.

363 469 551 542 Neque
595 472 740 529 enim
789 487 1166 548 ne:esse‘cst,
1215 488 1359 555 quod
1404 491 1496 546 uni
1527 509 1686 550 casus
1724 495 1946 567 irrogat,
1979 499 2023 557 A

3528 413 3640 468 330

2053 495 2292 569 ingluvie
2329 503 2536 573 pmndii
2575 509 2917 566 manifestum
2958 523 3040 569 est
3086 519 3393 586 provenire.
3434 523 3564 580 Nam
3589 529 3640 584 si

2052 589 2380 662 frugalitatis
2421 607 2620 653 metam
2664 601 2717 654 in
2753 605 2982 671 prandio
3012 623 3118 661 non
3161 614 3510 680 excederent,
3543 633 3635 673 ve-

2052 681 2350 749 spertinam
2406 700 2648 740 mensam
2704 705 2809 743 non
2863 699 3143 764 tantopere
3189 697 3515 760 fastidirent.
3567 707 3638 763 Ut

2054 783 2184 840 ergo
2211 787 2430 828 coenare
2464 776 2585 846 quis
2634 777 2830 844 valeat,
2872 798 2935 836 ac
2983 800 3105 839 mox
3148 788 3444 856 quiescenti
3477 808 3638 864 sopor

2051 859 2346 925 incumbat,
2381 873 2433 918 et
2484 866 2667 922 sobrie
2708 871 2990 937 prandeat,
3033 884 3086 929 et
3116 877 3514 938 dormitationis
3539 859 3638 955 vig-

2053 951 2266 1005 naviam
2297 969 2403 1008 non
2461 956 2730 1012 admittat.
2771 960 3020 1017 Nonnulli
3071 977 3270 1033 autem,
3309 973 3451 1040 quod
3499 951 3636 1043 prai-

2050 1043 2368 1098 t‘ereundum
2400 1061 2505 1100 non
2556 1058 2660 1114 est,
2725 1059 2782 1105 ut
2837 1063 2993 1110 nocte
3049 1060 3291 1115 securius
3342 1064 3631 1132 dormiant,

2050 1138 2105 1184 et
2157 1147 2327 1201 usque
2395 1135 2463 1190 ad
2518 1140 2825 1195 satietatem
2888 1143 3060 1214 longis
3116 1149 3368 1217 profundi
3425 1157 3634 1223 soporis

2050 1223 2447 1280 stertitionibus
2497 1227 2896 1296 intumescant,
2953 1236 3078 1289 dum
3131 1241 3314 1302 adhuc
3361 1244 3475 1299 dies
3526 1256 3632 1311 est,

2051 1313 2407 1382 psalmodiam
2479 1320 2780 1388 anticipare
2833 1322 3092 1381 festinant
3147 1349 3160 1384 :
3229 1333 3421 1400 quibus
3476 1336 3634 1391 nimi-

2052 1415 2176 1454 rum
2245 1403 2492 1460 districto
2554 1409 2948 1476 prohibendum
3011 1427 3094 1470 est
3131 1458 3147 1482 ,
3219 1435 3286 1474 ne
3340 1433 3629 1494 antequam

2048 1505 2147 1545 suo
2189 1500 2430 1564 tempore
2467 1495 2894 1568 Completorium
2931 1506 3156 1576 dicant,
3195 1513 3432 1582 psalmos
3487 1517 3627 1572 inci-

2043 1581 2226 1652 piant._

2618 1681 2845 1738 CAPUT
2885 1684 3069 1741 XVI".

2045 1763 2126 1819 De
2148 1766 2444 1837 psalmodia
2469 1773 2674 1856 privata
2729 1793 2790 1828 ac
2840 1778 3078 1861 publica,
3111 1797 3203 1834 nec
3243 1799 3346 1836 non
3369 1784 3489 1840 aliis
3513 1802 3628 1842 ere-

2567 1854 2814 1899 mitarum
2843 1854 3124 1904 exercitiis.

2115 1943 2440 2003 Psalterium
2493 1961 2674 2008 autem
2745 1960 3112 2029 unusquisque
3178 1962 3345 2020 frater
3393 1969 3632 2037 quotidie

2043 2047 2209 2088 unum
2259 2037 2541 2106 decantet,
2568 2043 2612 2096 si
2652 2059 2781 2100 vero
2819 2062 2917 2115 pro
2960 2049 3229 2106 defunctis
3276 2054 3388 2108 vult
3435 2055 3632 2113 addere

2043 2121 2127 2175 vel
2168 2131 2336 2180 totum
2367 2127 2718 2199 Psalterium,
2753 2135 2834 2189 vel
2862 2138 3094 2193 medium
3117 2181 3129 2202 ,
3160 2142 3273 2198 sive
3304 2145 3492 2199 saltem
3525 2155 3632 2201 ter-

2044 2211 2174 2266 tiam
2205 2225 2411 2284 partem
2435 2259 2449 2283 ,
2482 2229 2574 2275 aut
2602 2236 2668 2276 ex
2704 2231 2814 2279 toto
2845 2225 3145 2294 dimittere,
3179 2230 3415 2299 ejusdem
3451 2233 3633 2290 fratris

2043 2303 2380 2376 relinquatur
2405 2312 2669 2379 arbitrio;
2707 2317 2833 2370 dum
2882 2327 3056 2373 tamen
3085 2324 3391 2378 meminerit
3416 2342 3630 2381 omnem

2040 2392 2350 2462 psalmodize
2403 2401 2647 2456 ordinem
2676 2445 2690 2468 ,
2732 2407 3027 2462 viventium
3095 2413 3303 2467 scilicet
3346 2401 3426 2468 'et
3483 2433 3630 2470 mor-

2043 2493 2274 2547 tuorum,
2305 2487 2442 2542 sicut
2473 2489 2524 2544 in
2550 2498 2896 2552 monasteriis
2922 2501 3194 2566 actitatur,
3223 2503 3457 2572 explere.
3487 2504 3633 2572 Qua-

2042 2582 2164 2628 tuor
2213 2587 2393 2633 autetn
2446 2581 2552 2637 illis
2603 2587 2831 2652 diebus,
2873 2591 3066 2657 quibus
3108 2592 3458 2662 jejuuandum
3510 2612 3633 2652 esse

2037 2667 2347 2723 censuimus
2370 2709 2384 2732 ,
2412 2669 2685 2728 silentium
2719 2684 2935 2731 teneant
2963 2719 2977 2744 ,
3025 2681 3124 2734 nisi
3151 2679 3290 2737 forte
3332 2685 3631 2742 necessitas

2038 2760 2423 2826 superveniens
2449 2763 2609 2820 aliter
2639 2767 3009 2837 imperaverit.
3041 2770 3097 2825 lu
3141 2773 3270 2842 ipsis
3305 2785 3483 2829 autem
3516 2776 3630 2831 cel-

2037 2847 2160 2903 lulis
2197 2866 2472 2920 nunquam
2513 2853 2807 2923 loquantur
2846 2859 3046 2926 alicui,
3093 2863 3194 2917 nisi
3221 2863 3362 2918 forte
3398 2874 3490 2919 aut
3518 2882 3634 2921 om-

2038 2941 2166 2996 nino
2210 2953 2492 2998 morentur
2541 2947 2766 3014 inclusi,
2816 2960 2909 3005 aut
2957 2953 3119 3007 etiam
3157 2955 3267 3009 sint
3306 2955 3459 3024 juxta
3517 2973 3635 3012 mo-

2039 3033 2338 3087 nasterium
2370 3036 2672 3091 constituti.
2707 3037 2814 3093 Sed
2843 3057 2941 3095 nec
2969 3041 3133 3096 alium
3166 3060 3288 3098 cum
3331 3045 3436 3100 alio
3465 3046 3632 3103 fratre

2038 3124 2152 3177 s'tve
2189 3123 2254 3178 de
2299 3127 2517 3194 proprio
2555 3139 2844 3195 conventu,
2888 3132 3001 3186 sive
3045 3149 3166 3187 cum
3197 3143 3458 3191 extraneo
3494 3153 3636 3206 prae-

353 3217 466 3260 tum
496 3207 625 3264 licet
653 3225 668 3263 :
697 3221 819 3280 post
849 3223 1171 3268 nocturnum
1205 3225 1383 3271 autem
1415 3219 1635 3272 omnino
1666 3233 1768 3271 non
1795 3218 1938 3274 licet.

2048 3223 2222 3266 sumat
2263 3214 2551 3284 aliquando
2589 3219 2748 3272 simul
2799 3222 2849 3274 in
2891 3222 3024 3276 cella
3055 3225 3376 3292 comedere,
3427 3227 3508 3280 vel
3554 3229 3624 3283 ad

358 3298 510 3355 Unde
537 3317 661 3367 nos,
693 3312 751 3356 ut
785 3303 900 3358 haec
927 3306 1190 3375 regularis
1228 3309 1570 3362 observantia
1601 3318 1785 3378 posset
1811 3311 1941 3364 faci-

350 3388 456 3446 lius
498 3393 787 3458 custodiri,
825 3393 928 3449 llOC
969 3397 1324 3463 instituimus,
1362 3408 1420 3453 ut
1450 3401 1939 3484 quotidie‘signum

335 3484 606 3552 primitus
635 3486 702 3539 ad
729 3486 938 3557 vigilias
976 3498 1165 3555 sonet,
1212 3491 1406 3547 deinde
1434 3493 1647 3562 expleto
1691 3508 1757 3547 ex
1791 3508 1942 3548 more

352 3578 639 3644 Psalterio,
673 3582 760 3635 vel
802 3591 1064 3651 quantum
1111 3585 1250 3639 ratio
1295 3572 1551 3655 temporis
1599 3587 1940 3641 considerata

351 3669 652 3738 permittit,
699 3679 930 3725 sonante
961 3672 1159 3725 iterum
1222 3673 1408 3742 signo,
1448 3673 1766 3728 nocturnale
1821 3690 1942 3744 per-

353 3771 549 3829 agatur
581 3760 818 3815 cilicium
854 3779 866 3815 :
903 3771 962 3816 ut
996 3760 1155 3830 juxta
1185 3763 1498 3828 diluculum,
1543 3780 1650 3833 quo
1693 3764 1943 3820 videlicet

353 3862 600 3921 tempore
619 3853 835 3922 gravius
865 3853 1124 3909 incumbit
1170 3855 1376 3916 acedia,
1403 3862 1613 3909 stantes
1641 3869 1739 3909 nos
1768 3865 1821 3909 et
1845 3871 1940 3910 ca-

355 3939 565 3993 nonicis
590 3939 830 3994 inveniat
860 3951 1151 4010 occupatos
1195 3941 1405 3998 olliciis.
1441 3943 1597 3998 Absit
1638 3944 1782 3998 enim
1815 3953 1942 3998 tunc

353 4047 452 4087 nos
478 4034 662 4104 sopori
695 4035 780 4089 vel
829 4035 1056 4106 ignavia:
1095 4039 1321 4104 cedere,
1368 4053 1473 4108 qua
1521 4037 1773 4092 videlicet
1808 4039 1939 4092 hora

353 4131 569 4176 constat
619 4122 1034 4193 Redemptorem
1100 4137 1343 4181 nostrum
1410 4127 1691 4180 destructo
1751 4127 1940 4200 mortis

354 4210 584 4282 imperio
615 4215 948 4282 surrexisse;
986 4231 1056 4272 ne
1092 4217 1136 4272 si
1169 4226 1296 4272 tunc
1337 4218 1689 4282 dormiamus,
1727 4217 1942 4287 quando

354 4304 568 4358 oriente
615 4305 728 4360 solo
759 4321 1020 4377 corporeo
1041 4349 1056 4374 ,
1097 4311 1259 4364 etiam
1307 4311 1534 4365 interior
1563 4320 1748 4365 noster
1779 4310 1942 4366 homo

353 4393 530 4449 lucem
553 4395 714 4450 debet
737 4397 1074 4454 inocciduam
1095 4411 1434 4470 exspectare,
1458 4401 1601 4472 quod
1627 4403 1788 4466 absit,
1813 4402 1942 4458 irri-

355 4486 436 4541 sio
482 4486 643 4542 nobis
682 4488 930 4544 videatur
971 4490 1060 4544 illa
1108 4505 1406 4561 congruere
1439 4508 1452 4544 :
1491 4509 1508 4542 ι
1540 4491 1798 4562 Discipuli
1825 4492 1941 4563 ejus

354 4585 514 4629 nocte
550 4587 834 4641 venerunt,
879 4586 934 4634 et
964 4579 1118 4635 nobis
1145 4560 1556 4647 dormientibus,
1607 4560 1773 4635 furati
1815 4560 1941 4636 sunt
1969 4560 2017 4619 D

356 4681 479 4720 eum
506 4667 726 4737 (.llatth.
760 4668 975 4740 uvm).
1010 4688 1028 4718 ι
1542 4727 1554 4738 _

427 4756 739 4813 Cavendum
782 4768 868 4814 est
908 4769 1110 4828 autem,
1140 4775 1210 4815 ne
1239 4774 1431 4815 somno
1467 4759 1591 4830 quis
1618 4759 1702 4815 vel
1730 4760 1797 4816 ad
1821 4775 1938 4815 mo-

356 4856 600 4902 mentum
645 4848 867 4918 quidem
916 4849 1405 4921 incompetentibus
1451 4851 1604 4906 horis
1653 4850 1936 4906 assentiat.

354 4937 489 4994 Nam
537 4941 584 4996 si
632 4942 840 4997 sedenti
881 4943 1120 5012 quidem,
1163 4944 1251 4999 vel
1293 4944 1457 5000 etiam
1497 4943 1663 4998 stanti
1695 4942 1940 5012 frequen-

357 5035 440 5081 ter
505 5030 813 5099 obrepserit
841 5071 858 5097 ,
927 5032 1306 5114 postmodum__
1348 5048 1472 5099 cum
1553 5031 1790 5086 dormire
1851 5046 1948 5086 vo-

357 5115 541 5184 luerit,
590 5119 757 5192 344
803 5123 874 5176 ab
921 5120 1039 5191 ejus
1081 5107 1479 5194 oculisvmsopor
1534 5122 1798 5178 abscedit.
1851 5121 1944 5178 Sic

357 5209 618 5264 nimirum
668 5211 984 5268 dormitatio
1041 5213 1302 5282 vigiliam,
1350 5221 1406 5269 et
1457 5213 1644 5284 vigilia
1680 5212 1943 5266 dormita-

360 5300 562 5356 tionem
592 5301 780 5371 parit:
830 5319 954 5359 cum
981 5313 1036 5361 et
1072 5305 1166 5374 qui
1213 5304 1496 5370 dormitat,
1545 5304 1747 5359 invitus
1793 5313 1943 5373 post-

356 5390 576 5443 modum
618 5391 834 5462 vigilet,
873 5402 928 5448 et
983 5409 1173 5450 rursus
1227 5393 1318 5462 qui
1365 5393 1566 5449 diutius
1611 5391 1819 5462 vigilat,
1873 5407 1940 5447 ex

358 5483 686 5537 necessitate
714 5484 990 5540 dormitet.
1022 5484 1122 5539 Cui
1164 5485 1394 5540 similem
1441 5486 1607 5540 etiam
1653 5485 1943 5541 indiscrete

360 5569 772 5626 comedentibus
793 5587 932 5642 saepe
953 5573 1204 5643 contigit.
1231 5574 1369 5629 llinc
1401 5591 1637 5646 namque
1665 5584 1767 5640 est,
1799 5575 1940 5645 quod

357 5660 600 5715 nonnulli
656 5661 880 5719 ridicule
928 5664 1240 5731 delirantes,
1279 5665 1550 5737 superﬂuo
1600 5681 1942 5736 conquerun-

361 5760 452 5805 tur
474 5768 533 5809 se
555 5769 774 5810 cmnare
799 5771 905 5812 non
936 5773 1120 5828 posse,
1147 5759 1291 5827 quod
1317 5767 1466 5815 certe
1501 5775 1566 5816 ex
1599 5759 1939 5816 immoderati

2024 3307 2428 3364 comedendum
2473 3310 2609 3364 alios
2651 3313 2923 3377 invitare,
2976 3316 3062 3368 ubi
3104 3316 3356 3370 nimirum
3402 3334 3509 3372 non
3557 3318 3632 3373 li-

2039 3406 2126 3450 cet
2152 3398 2318 3451 etiam
2369 3397 2763 3456 confessionem
2791 3419 2913 3458 cum
2950 3404 3054 3460 alio
3099 3405 3268 3462 fratre
3297 3407 3476 3464 verbis
3505 3408 3631 3464 vul-

2041 3491 2258 3558 garibus
2288 3507 2467 3562 agere.

2115 3581 2172 3635 Si
2210 3582 2316 3646 duo
2368 3584 2530 3637 simul
2583 3585 2784 3640 fratres
2828 3587 2880 3641 in
2929 3588 3064 3643 cella
3120 3590 3456 3658 cohabitant,
3487 3607 3630 3648 unus

2041 3686 2254 3740 semper
2309 3675 2512 3743 praesit,
2560 3684 2616 3730 et
2653 3676 2791 3731 alter
2849 3678 3083 3741 obediat,
3125 3677 3279 3748 juxta
3327 3682 3631 3738 communis

2040 3760 2294 3815 videlicet
2321 3764 2518 3832 prioris
2554 3765 2870 3835 imperium:
2899 3767 3040 3837 quod
3080 3769 3123 3822 si
3158 3768 3412 3824 uterlibet
3439 3784 3630 3825 eorum

2025 3846 2278 3908 'novitius
2332 3864 2439 3920 est,
2498 3857 2686 3921 semel,
2745 3866 2839 3912 aut
2877 3859 2958 3913 bis
3006 3861 3059 3913 in
3118 3860 3454 3914 hebdomada
3509 3869 3632 3931 post

2043 3956 2330 4009 vesperam
2357 3943 2699 4014 colloquendi
2753 3947 3026 4002 licentiam
3059 3949 3330 4004 habeant:
3373 3958 3430 4005 at
3481 3961 3632 4021 post-

2041 4047 2205 4101 quam
2242 4034 2476 4088 novitius
2511 4049 2632 4089 esse
2687 4036 2930 4101 desierit,
2960 4053 2990 4091 a
3024 4048 3209 4092 mutua
3236 4039 3489 4110 deinceps
3514 4043 3630 4097 col-

2040 4123 2317 4177 locutione
2360 4127 2670 4179 cessabunt.
2726 4125 2770 4180 A
2828 4126 3033 4182 cellulis
3081 4128 3382 4194 venientes,
3424 4130 3508 4185 vel
3563 4132 3630 4186 ad

2041 4213 2259 4268 easdem
2298 4215 2608 4280 redeuntes,
2641 4216 2784 4271 sicut
2813 4218 3064 4286 superius
3092 4217 3294 4272 dictum
3324 4227 3427 4283 est,
3474 4235 3626 4276 sem-

2041 4320 2139 4376 per
2191 4304 2465 4359 silentium
2516 4313 2754 4361 teneant.
2813 4305 2945 4360 Cum
3001 4309 3213 4378 signum
3268 4309 3512 4363 sonuerit
3557 4310 3629 4364 ad

2044 4395 2457 4466 congregandos
2498 4395 2720 4463 fratres,
2768 4397 3080 4468 quicunque
3126 4397 3475 4466 intellexerit,
3523 4414 3630 4455 non

2045 4483 2242 4538 habeat
2271 4484 2568 4551 licentiam,
2607 4487 2734 4541 dum
2789 4502 2849 4541 se
2896 4495 3189 4567 prteparat,
3238 4488 3545 4544 remorandi
3574 4488 3630 4544 in

2043 4575 2259 4642 cellula,
2293 4576 2435 4631 ultra
2466 4593 2629 4647 quam
2678 4579 2915 4650 quinque
2953 4579 3190 4650 psalmos
3227 4580 3404 4638 valeat
3430 4582 3630 4638 decan-

2045 4674 2183 4720 tare.

2113 4754 2315 4810 Caveat
2341 4764 2520 4812 autem
2548 4756 2695 4813 utilis
2725 4756 2912 4825 frater,
2963 4774 3047 4837 ne
3074 4774 3162 4816 res
3191 4761 3305 4817 suis
3321 4763 3628 4842 necessita-

2045 4852 2187 4907 tibus
2217 4852 2522 4923 deputatas,
2553 4869 2648 4908 seu
2669 4853 2922 4923 qualibet
2946 4854 3199 4910 utensilia
3220 4855 3470 4930 deterere
3492 4873 3632 4926 prae-

2044 4952 2245 5008 sumat,
2262 4946 2347 4999 vel
2371 4947 2587 5001 incaute
2612 4953 2852 5002 tractare
2870 4965 2885 5002 :
2909 4955 3096 5017 utpote
3114 4957 3318 5015 vestes,
3331 4949 3633 5024 ferramen-

2053 5041 2127 5096 ta,
2144 5033 2398 5098 vasa,.vel
2423 5035 2508 5090 his
2534 5035 2751 5092 similia.
2778 5035 3091 5093 Praesertim
3117 5037 3287 5093 libros
3315 5046 3534 5093 sanctos
3555 5037 3630 5093 ita

2051 5123 2349 5190 custodiat,
2386 5135 2736 5197 utnunquam
2766 5144 2986 5183 manum
3010 5144 3176 5198 super
3195 5129 3404 5184 litteras
3429 5137 3630 5193 teneat,
3689 5193 3692 5196 ξ

2049 5225 2329 5284 nunquam
2359 5213 2509 5270 fumo
2538 5217 2868 5287 nigrescere,
2885 5217 2970 5273 vel
2993 5218 3130 5290 ignis
3155 5219 3376 5272 odorem
3392 5215 3634 5288 [[.ardo-

2025 5347 2032 5353 .
2059 5304 2198 5376 rem]
2225 5305 2388 5378 345
2414 5309 2709 5376 permittat.
2740 5308 2914 5365 Ponat
2950 5318 3130 5366 autem
3153 5307 3305 5379 juxta
3326 5323 3386 5363 se
3404 5323 3632 5378 quaeque

2052 5397 2152 5450 sibi
2180 5406 2305 5452 sunt
2323 5397 2640 5456 familiarius
2665 5402 2990 5468 necessaria,
3015 5411 3076 5457 ut
3099 5416 3220 5457 cum
3249 5416 3406 5458 usum
3436 5401 3632 5458 horum

2047 5489 2345 5546 necessitas
2386 5491 2643 5561 postulat,
2692 5491 2807 5562 ipse
2849 5493 2915 5546 ad
2967 5491 3327 5548 exhibendum
3375 5491 3478 5548 sibi
3521 5491 3632 5546 frc-

2046 5581 2302 5650 quentius
2347 5589 2552 5652 surgat.
2588 5582 2892 5652 Tantopere
2935 5581 3134 5653 quippe
3156 5583 3374 5654 vagatio
3409 5593 3496 5638 est
3541 5584 3626 5638 vi-

2050 5673 2237 5739 tanda,
2269 5680 2325 5726 ut
2372 5689 2472 5728 nec
2502 5688 2599 5744 per
2649 5673 2821 5743 ipsam
2852 5673 3098 5729 cellulam
3133 5675 3355 5745 spatiari
3393 5675 3630 5731 inaniter

2049 5760 2227 5818 liccat.
2254 5760 2425 5820 Porro
2448 5762 2491 5818 si
2517 5761 2770 5833 voluerit,
2799 5762 2999 5822 calceis
3049 5773 3230 5822 utatur
3259 5764 3313 5822 in
3339 5763 3556 5822 cellula.
