3996 6184
369 326 478 385 553

1317 320 1563 382 UPUSC.
1604 318 1719 379 XV.
1760 349 1829 365 —-
1858 321 1946 378 DE
1982 318 2369 381 lNSTlTUTlS
2395 322 2554 381 0RD.
2600 322 2865 409 EREMIT

3537 326 3645 390 35's

364 438 522 500 ηῖικιε
547 430 829 512 appetere;
868 422 934 495 in
967 418 1087 509 post
1130 414 1409 508 peractum
1445 452 1658 501 munus,
1691 452 1799 509 quo
1846 436 1953 492 cibi
1983 432 2031 497 Α
2059 432 2271 502 placere
2315 436 2668 504 cognoveris,
2711 451 2834 490 cum
2884 437 3117 506 quadam
3164 438 3415 497 videlicet
3454 446 3644 500 condi-

371 526 725 607 reponantur,
771 522 1011 585 attende.
1070 526 1126 583 Si
1153 529 1297 583 enim
1341 529 1502 600 digne
1548 529 1955 601 perpendimus,

366 609 613 696 ejusdem
643 623 753 678 fere
783 612 1025 697 vesania:
1045 613 1539 699 estesculentiores
1567 608 1757 691 epulas
1782 620 1954 701 inhia-

370 700 454 782 re,
484 725 539 770 et
570 699 831 791 anitergia
875 727 997 766 cum
1026 710 1228 765 eisdem
1257 709 1310 764 in
1342 709 1621 765 cuniculos
1666 699 1957 787 mergenda

368 792 665 877 depingere
694 820 709 858 :
737 818 890 874 mque
917 796 1169 856 nimirum
1200 800 1427 855 ambitio
1456 809 1689 869 utraque
1729 800 1955 855 ridenda

368 898 493 954 est:
532 896 658 966 quia
703 895 844 949 sicut
870 884 1229 966 egestionum
1275 888 1464 946 sordes
1518 890 1709 946 melius
1747 888 1956 961 pictura

368 1002 478 1042 non
512 964 701 1056 tergit;
742 983 813 1037 ita
852 982 1016 1036 etiam
1048 964 1255 1059 venter
1284 980 1519 1035 hominis
1563 995 1758 1045 suaves
1803 984 1955 1038 cibos

368 1078 401 1130 a
435 1075 799 1147 grossioribus
846 1060 949 1127 non
1002 1056 1280 1127 discernit.
1309 1070 1480 1126 Porro
1515 1082 1698 1126 autem
1742 1071 1955 1141 fauces,

367 1176 425 1221 et
469 1165 588 1235 gula
621 1163 818 1218 callent
840 1161 1060 1231 quidem
1108 1161 1432 1237 suavitatem
1469 1161 1739 1229 ciborum,
1772 1162 1867 1218 sed
1892 1177 1955 1218 ea

368 1254 573 1310 diutius
600 1244 802 1323 perfrui
833 1240 1127 1322 nequeunt,
1154 1238 1285 1323 quia
1315 1254 1493 1331 ventri
1523 1256 1773 1324 protinus
1812 1269 1957 1324 qua:-

367 1337 475 1414 que
500 1343 753 1398 dentibus
782 1342 943 1396 atrita
976 1342 1370 1397 transmittunt.
1408 1341 1501 1398 Sic
1523 1344 1705 1413 itaque
1731 1344 1956 1401 alternis

365 1436 579 1491 vicibus
609 1444 663 1490 et
686 1434 831 1504 gula,
856 1434 941 1488 cui
972 1434 1079 1489 cibi
1121 1430 1358 1503 sapiunt,
1386 1434 1454 1489 ab
1484 1435 1566 1489 eis
1598 1430 1955 1490 in'momento

368 1527 672 1582 deseritur:
703 1534 759 1580 et
787 1524 966 1580 ventri
995 1539 1100 1580 non
1124 1525 1362 1595 sapiunt,
1393 1540 1424 1579 a
1460 1541 1567 1596 quo
1598 1526 1802 1582 diutius
1840 1542 1957 1581 ser-

368 1629 584 1673 vantur.
615 1618 874 1689 Explorat
897 1608 1077 1673 autem
1098 1617 1343 1672 diabolus
1366 1617 1494 1687 quid
1524 1633 1625 1673 nos
1651 1619 1717 1672 ad
1740 1634 1956 1674 vescen—

371 1709 499 1764 dum
527 1709 745 1764 suavius
778 1707 1083 1779 judicemus
1118 1724 1131 1761 :
1171 1692 1275 1762 hoc
1321 1708 1484 1778 igitur
1510 1708 1712 1774 oblato,
1762 1711 1953 1766 suadet

2059 521 2206 577 tione
2255 521 2527 593 disponas,
2564 530 2891 597 omnemque
2924 528 3256 586 voluntatem
3295 541 3444 587 tuam
3483 551 3513 590 a
3550 526 3647 591 Dei

2056 613 2334 695 voluntate
2382 616 2701 686 suspendas.
2752 615 2845 674 Sic
2897 618 3078 690 itaque
3125 623 3191 676 ad
3236 627 3501 695 agendum
3544 628 3649 685 ali-

2057 702 2187 772 quid
2238 692 2579 761 extrinsecus
2627 715 2828 778 satage,
2874 718 2931 763 ut
2979 725 3226 781 supernre
3275 692 3651 785 dispositionis

2056 792 2341 849 arbitrium
2408 797 2623 851 assidue
2679 811 2928 853 versetur
2978 800 3031 856 in
3088 812 3323 859 mente:
3380 816 3649 876 quatenus

2056 880 2103 936 si
2169 894 2395 938 conatus
2463 894 2586 940 tuus
2646 880 2903 943 obviante
2969 890 3255 960 cujuslibet
3319 894 3648 954 diﬂicultatis

2055 968 2337 1028 obstaculo
2381 973 2669 1045 frangitur,
2713 993 2868 1034 mens
2907 989 2994 1035 tua
3043 986 3289 1053 protinus
3334 990 3401 1043 ad
3453 993 3650 1049 divina:

2056 1056 2408 1134 previdentize
2444 1066 2709 1136 judicium
2759 1082 3081 1129 revertatur.
3137 1076 3283 1132 Inter
3327 1078 3655 1140 ﬂuctuantes

2056 1146 2216 1224 'plane
2267 1157 2655 1225 cogitationum
2697 1160 3067 1218 inundantium
3112 1166 3363 1237 impetus,
3413 1185 3649 1230 mentem

2058 1255 2207 1302 tuam
2259 1250 2411 1317 quasi
2469 1260 2585 1305 rete
2635 1254 2904 1309 constitue
2948 1271 2963 1309 :
3018 1272 3139 1327 qua:
3191 1262 3438 1318 videlicet
3501 1275 3648 1322 recta

2056 1341 2301 1407 consilia,
2356 1340 2505 1422 velut
2559 1343 2757 1413 pisces,
2803 1348 3118 1415 contineat;
3171 1361 3228 1407 et
3281 1368 3457 1411 vanas
3498 1358 3650 1429 cogi-

2057 1431 2288 1487 tationes
2337 1430 2573 1498 eﬂluere,
2619 1445 2781 1505 atque
2821 1438 2985 1504 elabi,
3035 1441 3181 1497 velut
3220 1448 3460 1515 repentia
3502 1464 3654 1519 qua:-

2055 1534 2160 1590 que
2204 1522 2566 1578 abominanda
2614 1528 2910 1597 permittat.
2967 1530 3224 1588 Discerne
3274 1536 3647 1606 cogitationes,

2054 1620 2110 1664 et
2151 1628 2255 1667 non
2299 1608 2634 1691 solumquze
2674 1617 2743 1671 ad
2787 1627 3023 1675 mentem
3068 1624 3308 1689 veniant,
3352 1631 3446 1683 sed
3480 1631 3646 1686 etiam

2055 1700 2197 1756 unde
2231 1703 2469 1769 veniant,
2505 1704 2792 1773 vigilanter
2824 1710 3059 1764 attende.
3096 1713 3477 1771 Animadverte
3503 1720 3650 1788 quod

375 1794 691 1864 tenacianf,
732 1808 790 1853 ut
841 1806 1073 1854 exacuat
1101 1796 1282 1866 gulam
1316 1797 1618 1875 :nimirum
1663 1799 1793 1865 dum
1849 1792 1953 1855 hoc
1986 1788 2029 1846 Β
2058 1791 2285 1862 loquor;
2336 1807 2480 1864 εωρθ
2537 1812 2773 1868 namque
2818 1790 3094 1871 'malignus
3154 1806 3324 1862 hostis
3373 1811 3649 1878 pmterita

371 1891 499 1945 nulli
536 1880 666 1945 dare
705 1888 1057 1960 disponimus,
1085 1898 1141 1943 et
1179 1882 1390 1958 tempus
1426 1889 1620 1945 edendi
1659 1905 1953 1962 congruum

370 1976 766 2053 exspectamus,
789 1982 1010 2037 interim
1036 1997 1191 2038 mens
1217 1992 1406 2038 nostra
1435 1974 1750 2053 crapulmfit
1782 1984 1952 2040 medi-

371 2074 646 2138 tatorinm,
677 2080 732 2127 et
760 2071 897 2141 male
927 2072 1216 2129 exundans
1257 2071 1404 2129 lebes
1435 2088 1705 2129 escarum.

441 2162 512 2219 Ut
539 2178 671 2235 ergo
696 2160 977 2217 materiam
1026 2158 1188 2231 huius
1222 2163 1526 2218 vexationis
1555 2164 1800 2230 amittas,
1828 2178 1955 2234 pro-

366 2246 644 2324 iice’qnod
692 2252 832 2308 male
857 2263 1153 2309 servatur:
1192 2261 1248 2308 et
1284 2254 1533 2324 protinus
1572 2242 1731 2309 mens
1758 2253 1949 2319 libera,

371 2344 611 2414 διιροδίιο
641 2344 786 2398 omni
838 2338 1375 2415 quo'premebatur,
1422 2330 1670 2416 erigitur.
1723 2343 1953 2412 Quidam

369 2449 496 2489 vero
520 2450 641 2489 cum
679 2428 935 2489 lautiores
976 2435 1126 2489 cibos
1168 2425 1280 2489 non
1310 2417 1586 2505 appetant,
1620 2420 1843 2490 obtentu
1872 2444 1954 2490 ta-

367 2528 489 2582 nien
540 2527 737 2592 levati,
799 2520 1081 2581 levandive
1140 2525 1328 2597 jejunii
1387 2518 1696 2581 refectionis
1740 2524 1953 2581 frenum

366 2610 627 2689 prrecipiti
679 2619 929 2674 libertate
958 2610 1238 2675 relaxant.
1294 2617 1401 2674 Sed
1428 2629 1635 2675 certum
1667 2629 1770 2686 est,
1826 2618 1952 2689 quia

366 2700 610 2765 ciborum
640 2709 731 2766 illa
754 2711 1106 2767 immoderata
1135 2711 1432 2782 perceptio,
1462 2726 1666 2783 corpus
1700 2727 1804 2767 non
1840 2720 1953 2766 tam

366 2799 575 2854 viribus
598 2796 841 2867 reborat,
876 2816 1036 2872 quam
1069 2798 1210 2856 mole
1254 2810 1467 2873 gravat,
1495 2816 1714 2856 sensum
1753 2800 1950 2855 obtun-

366 2876 467 2957 dit,
499 2884 768 2962 torporem
802 2893 1016 2964 ingerit,
1049 2893 1464 2949 somnolentiam
1490 2892 1669 2963 parit;
1713 2901 1770 2947 et
1818 2892 1949 2947 dum

363 2974 558 3065 utique
597 2987 981 3065 ventositatem
1010 2985 1325 3055 frequenter
1358 2984 1541 3041 efﬂare
1581 2984 1949 3056 compellitur,

362 3063 461 3132 cor
493 3077 656 3132 ﬁxum
693 3077 745 3133 in
772 3063 1023 3134 oratione
1049 3078 1133 3134 vel
1165 3078 1461 3149 psalmodia
1506 3087 1718 3143 tenere,
1753 3087 1954 3142 tumor,

2056 1893 2277 1952 peccata
2340 1886 2409 1939 ad
2458 1895 2694 1943 mentem
2747 1902 3012 1959 revocat,
3058 1903 3124 1948 ut
3169 1895 3372 1952 eisdem
3433 1912 3649 1957 rursum

2055 1972 2326 2031 illecebris
2380 1976 2666 2036 delecteris
2722 1995 2738 2035 :
2789 1997 2932 2054 sape
2992 1986 3205 2044 divinus
3273 1990 3513 2061 Spiritus
3566 1995 3652 2050 id-

2056 2062 2230 2134 ipsum
2278 2066 2430 2134 facit,
2481 2076 2542 2124 ut
2596 2070 2650 2125 in
2693 2060 2908 2130 ﬂetibus
2960 2060 3377 2150 compungaris;
3421 2094 3477 2139 et
3522 2101 3651 2142 cum

2056 2169 2163 2210 una
2201 2158 2498 2230 eademque
2541 2162 2607 2219 ad
2656 2163 2900 2222 diversos
2940 2168 3121 2226 exitus
3162 2174 3367 2241 tendat,
3412 2177 3651 2247 plerum-

2055 2260 2161 2316 que
2199 2264 2361 2341 tnens
2407 2253 2730 2323 improvida,
2778 2258 2907 2327 quid
2953 2260 3100 2316 circa
3164 2280 3223 2319 se
3263 2272 3457 2338 agatur
3494 2270 3651 2341 igno-

2055 2344 2159 2430 rat.
2376 2356 2407 2421 a
2440 2343 2582 2398 bono
2625 2346 2817 2413 spiritu
2852 2349 2993 2405 bona
3026 2353 3285 2424 cogitatio
3306 2336 3651 2430 peragenda:

2054 2426 2306 2483 videlicet
2333 2429 2555 2499 pietatis
2584 2432 2923 2502 immittitur,
2958 2439 3113 2506 cujus
3140 2456 3200 2497 se
3227 2426 3505 2501 auctorem
3532 2452 3649 2506 cal-

2056 2514 2197 2577 lidus
2223 2519 2509 2575 insidiator
2533 2530 2706 2577 astuta
2735 2527 3087 2594 persuasione
3117 2535 3416 2601 mentitur;
3448 2553 3518 2593 ne
3537 2539 3649 2594 sci-
3740 2544 3743 2547 ’

2055 2603 2182 2683 licet
2211 2606 2411 2661 bonum
2443 2609 2557 2674 flat,
2594 2613 2743 2679 quod
2784 2613 3008 2685 decepta
3040 2626 3195 2674 mens
3233 2621 3304 2676 ab
3335 2624 3661 2684 adversario-

2055 2705 2365 2765 suggestum
2394 2707 2570 2767 putat.
2620 2698 2773 2771 Smpe
2838 2704 2965 2760 dum
3017 2708 3317 2778 psallimus,
3389 2723 3664 2786 tanquam:

2055 2786 2307 2843 ofﬁciosis
2376 2791 2803 2871 cogitationibus
2873 2810 2913 2850 ai
2981 2798 3197 2856 diabolo
3277 2805 3666 2865 vehementius:

2055 2889 2459 2947 Oppugnamur;
2494 2889 2554 2934 ut
2593 2881 2725 2936 dum
2769 2899 2925 2941 mens
2950 2897 3137 2943 nostra
3160 2893 3316 2961 quasi
3352 2897 3497 2963 pium
3519 2900 3651 2968 quid

2056 2968 2298 3036 cogitare
2322 2981 2380 3022 se
2399 2970 2736 3038 considerat,
2768 2974 2839 3029 ab
2864 2975 3231 3051 intelligendo,
3265 2986 3409 3055 quod
3436 2988 3649 3056 psallit,

2056 3059 2244 3114 oculos
2272 3059 2498 3116 licenter
2518 3072 2753 3119 avertat.
2996 3098 2999 3101 ι
3708 3066 3711 3067 ⁷

360 3164 473 3234 vel,
506 3179 565 3223 ut
596 3170 679 3225 ita.
702 3157 891 3235 fatear,
922 3170 1150 3245 languor
1177 3169 1461 3225 incolumis
1492 3170 1802 3247 necessario
1828 3183 1953 3240 pro-
1982 3130 2027 3194 ε
2076 3239 2109 3247 __
2128 3148 2451 3247 PO'Ioﬁum
2478 3153 2780 3247 Ρεξιηξηιυξι
2806 3156 3127 3217 Βοσηοδῑτο
3176 3167 3502 3225 sacrificium
3532 3170 3661 3226 lau-

360 3254 603 3314 liibetur.
654 3259 709 3314 Si
748 3262 931 3329 itaque
980 3262 1120 3316 vires
1160 3261 1495 3316 insumendis
1539 3260 1810 3316 alimentis
1860 3275 1955 3315 ex-

360 3344 615 3425 spectas,
633 3366 905 3420 nunquam
938 3351 1156 3407 modum
1186 3360 1496 3421 temperata:
1521 3344 1837 3407 sobrietatis
1860 3366 1955 3406 ex-

359 3441 529 3495 cedas
553 3458 571 3494 :
588 3424 745 3511 quia,
775 3426 916 3513 quod
940 3442 1157 3497 salubre
1182 3452 1265 3498 est
1300 3443 1538 3514 corpori,
1562 3430 1953 3499 constatetiam

361 3522 636 3599 curpurali
663 3518 895 3584 amicum
928 3526 1105 3603 inesse
1134 3530 1343 3593 virtuti.

932 3606 1187 3675 CAPUT
1224 3618 1364 3674 xm.
1450 3662 1452 3665 ,

535 3698 854 3762 Βείτδιὶιιηι
878 3700 1201 3780 paupertate,
1229 3720 1277 3763 et
1313 3708 1509 3765 vilitate
1538 3711 1793 3766 amanda.

439 3792 697 3853 Vestibus
725 3790 1164 3870 quoque'vilibus
1178 3808 1240 3855 et
1271 3802 1462 3870 paucis
1494 3812 1612 3858 esto
1635 3810 1951 3858 contentus.

367 3876 634 3943 Assuesce
660 3878 927 3959 igitur,ut
954 3890 1052 3945 levi
1080 3907 1145 3947 ac
1174 3886 1473 3962 perexiguo
1509 3907 1724 3963 semper
1767 3893 1955 3947 indua-

369 3983 445 4035 ris
468 3970 696 4037 amictu.
735 3982 886 4049 Quod
923 3968 1139 4057 quidem
1169 3982 1226 4041 in
1254 3985 1412 4040 initio
1451 4000 1559 4041 non
1606 3985 1726 4041 sine
1767 3985 1954 4039 labore

370 4071 454 4133 fit,
486 4058 595 4125 sed
622 4073 945 4139 procedente
974 4070 1385 4139 consuetudine,
1418 4073 1545 4128 dum
1574 4074 1729 4144 quasi
1762 4074 1816 4129 in
1861 4091 1958 4127 na-

372 4150 550 4215 turain
578 4160 828 4226 vertitur,
856 4152 1277 4218 incommoditas
1302 4149 1521 4237 frigoris
1546 4163 1706 4218 facile
1744 4154 1955 4234 mitiga.

370 4240 479 4300 iur.
516 4242 690 4327 Porro
722 4251 1038 4329 extremitas
1062 4251 1319 4325 vestium,-
1344 4253 1704 4329 ciborumque
1727 4248 1955 4324 penuria

367 4330 585 4415 omnem
605 4328 893 4395 avaritiam
912 4326 1161 4421 corde
1184 4343 1432 4398 monachi
1463 4326 1687 4421 prorsus
1709 4344 1951 4414 expellit.

366 4410 449 4519 Ad
476 4429 606 4498 quid
629 4430 773 4485 enim
796 4414 926 4486 mihi
951 4418 1337 4515 concupiscere
1361 4410 1504 4505 quod
1529 4418 1629 4490 nec
1658 4410 1950 4501 alim—cutis,
1982 4479 2032 4538 Β

369 4514 809 4578 necindumentis
827 4519 1139 4603 accrescat?
1150 4508 1319 4593 Igitur
1341 4534 1397 4580 et
1421 4527 1717 4581 nuditatem
1731 4528 1951 4599 pedum,

367 4608 789 4692 etexiguitatem
813 4600 1069 4695 vestium,
1086 4600 1211 4695 lecti
1242 4616 1779 4681 duritiam.ciborum
1800 4614 1955 4690 aspe-

368 4689 614 4769 ritatem,
633 4701 798 4775 348
821 4689 985 4774 aqua:~
999 4689 1211 4775 putum,
1234 4702 1577 4778 percipiendo
1598 4689 1951 4779 pulmentum,

368 4800 425 4845 et
471 4803 667 4847 caetera
713 4794 1398 4875 hujusmodi,_incipieutes
1432 4797 1647 4867 quidem
1690 4813 1798 4853 non
1838 4802 1956 4855 sine

366 4882 601 4952 quadam
656 4882 947 4963 formidine
994 4888 1490 4963 perhorrescimus;
1545 4900 1956 4961 perseverantes

366 4980 550 5026 autem
580 5013 599 5039 ,
648 4981 705 5029 et
754 4974 1131 5053 longanimiter
1176 4978 1524 5053 insistentes,
1581 4979 1755 5035 facilia
1808 4996 1962 5051 pror-

364 5076 480 5126 sus,
524 5072 578 5118 et
629 5064 927 5120 tolerabilia
976 5052 1315 5138 deputamus.
1365 5069 1728 5140 Asperitatem
1764 5071 1961 5142 quippe

364 5148 671 5224 frequentia
705 5156 941 5228 mitigat,
967 5146 1198 5228 rigorem
1229 5161 1567 5217 consuetudo
1586 5164 1954 5219 commendat.

938 5265 1166 5324 CAPUT
1224 5268 1388 5323 XXII.

364 5357 446 5411 De
490 5346 623 5413 nihil
674 5375 773 5428 pro
824 5369 965 5413 certo
998 5361 1315 5435 definiendo,
1355 5371 1403 5416 et
1449 5364 1514 5418 de
1552 5364 1954 5435 cogitationibus

973 5430 1349 5486 discernendis.

344 5504 351 5513 ’
438 5516 586 5572 llanc
633 5519 799 5573 etiam
840 5520 1054 5575 tibimet
1092 5521 1328 5577 indicere
1365 5524 1806 5579 consuetudinem
1847 5539 1953 5579 non

358 5608 644 5693 graveris,
691 5617 752 5660 nt
798 5596 1177 5679 aggressurum
1234 5598 1288 5666 te
1336 5612 1560 5682 aliquid,
1618 5613 1957 5669 facturumve

365 5711 649 5764 utinquam
696 5713 793 5767 pro
848 5708 1001 5753 certo
1046 5698 1269 5753 definias
1298 5718 1309 5753 :
1342 5702 1435 5755 sed
1474 5702 1694 5770 potius,
1749 5703 1793 5757 si
1852 5703 1957 5755 Deo

2058 3239 2143 3295 dis
2173 3230 2482 3296 offerimus».
2520 3242 2628 3299 Sed
2650 3245 2777 3300 huic
2821 3250 3088 3306 sacrificio
3118 3257 3440 3324 pestilentes
3490 3263 3669 3332 spiri-z

2057 3340 2173 3423 tus,
2188 3331 2332 3423 velut
2360 3332 2599 3403 harpyiae
2623 3336 3037 3406 circumvolant,
3058 3352 3115 3399 et
3136 3361 3331 3415 pravas
3356 3331 3665 3423 ingerendi»

2056 3420 2425 3491 cogitationes
2436 3430 2688 3493 tauquam
2712 3424 3073 3495 injectis-illuc
3095 3420 3653 3503 quibusdamvsterco-

2054 3509 2207 3565 ribus
2240 3510 2481 3566 findant:
2521 3522 2615 3568 aut
2645 3523 2794 3572 certe
2820 3520 3041 3576 omnino
3069 3523 3349 3596 diripiunt,
3378 3533 3423 3585 si
3471 3541 3652 3589 tenta-

2057 3601 2293 3693 tionibus
2342 3618 2446 3660 nos
2484 3603 2821 3673 infestando,
2852 3610 2930 3666 ab.
2969 3615 3217 3673 oratione
3278 3634 3648 3693 compescunt.

2056 3689 2163 3748 Sed
2201 3694 2347 3751 sicut
2380 3697 2651 3754 sacrificia
2696 3698 2921 3770 placare
2958 3705 3148 3773 Deum,
3196 3710 3241 3765 si
3287 3689 3441 3770 nobis
3494 3731 3651 3788 rapta

2055 3792 2203 3849 sunt,
2240 3795 2516 3855 nequeunt
2547 3803 2572 3854 ;.
2617 3788 2691 3843 ita
2733 3800 2789 3844 et
2814 3806 2944 3862 qua:
2987 3793 3189 3852 fuerint
3228 3798 3527 3869 inquinata,
3554 3821 3651 3860 aus-

2056 3872 2194 3926 ctori
2228 3874 2504 3928 munditiae
2521 3876 2733 3945 placere
2761 3893 2873 3933 non»
2892 3892 3137 3949 possunt.
3166 3884 3334 3942 Unde-
3344 3892 3460 3957 pari
3488 3894 3650 3948 modo

2054 3964 2352 4018 cavendum
2384 3975 2490 4032 est,
2517 3982 2585 4021 ne
2609 3968 2691 4021 vel
2722 3984 2827 4031 nos
2847 3972 3253 4040 acquiescamus
3276 3978 3650 4040 intentatione

2056 4054 2321 4137 deiicere,
2363 4056 2449 4112 vel
2501 4058 2672 4114 hostis
2731 4060 2974 4119 insiliens
3014 4066 3341 4125 sacrificium
3401 4080 3659 4132 nostrum

2055 4144 2404 4215 cogitationis
2435 4145 2591 4203 foedae
2628 4150 2946 4220 contagione
2970 4153 3153 4210 valeat
3188 4156 3490 4227 inquinare.
3523 4161 3659 4220 Sive:

2055 4248 2237 4292 autem
2278 4237 2691 4309 Scripturarum-
2713 4243 3049 4300 meditationi
3090 4248 3326 4315 deditus,
3352 4252 3471 4308 sive
3498 4252 3660 4325 operi

2056 4331 2288 4401 cuipiam
2313 4332 2388 4386 sis
2404 4331 2663 4398 intentus,
2681 4331 2993 4403 frequenter
3006 4338 3073 4391 ad
3086 4340 3388 4397 orationem
3409 4358 3657 4411 recurre,

2056 4429 2111 4475 et
2157 4430 2314 4476 terrae
2362 4430 2659 4491 prostrato
2724 4438 2981 4494 eorpone,
3036 4438 3274 4487 mentem
3327 4433 3397 4488 ad
3447 4437 3648 4493 calum

2060 4513 2227 4584 erige.
2262 4513 2381 4591 Quo
2406 4515 2489 4579 fit,
2512 4524 2572 4570 ut
2592 4522 2647 4572 et
2668 4532 2763 4572 cor
2788 4522 3025 4575 tentatio:
3043 4524 3278 4589 deserat,
3331 4535 3387 4582 et
3413 4529 3482 4582 ah
3508 4545 3649 4586 ocu-

2060 4604 2129 4662 lis
2167 4607 2354 4671 acedia
2404 4607 2495 4662 diu
2542 4608 2856 4666 sedentibus
2886 4612 3191 4682 importuna
3220 4616 3477 4674 discedat
3513 4639 3528 4676 :
3557 4638 3657 4678 ve-

2061 4709 2181 4753 rum
2207 4695 2383 4768 359'
2401 4697 2518 4752 noli.
2537 4698 2628 4752 diu
2652 4708 2962 4767 prostratus
2982 4700 3187 4769 jacere,
3218 4707 3346 4775 quia
3379 4713 3656 4767 tunc-dia-

2060 4788 2237 4854 belus,
2282 4798 2536 4859 tanquam
2570 4798 2623 4845 et
2663 4791 2777 4859 ipsa
2817 4807 2969 4848 mens
3000 4791 3203 4861 jaceat,
3232 4798 3300 4851 ad
3332 4804 3658 4859 tentandum

2064 4878 2244 4935 acrius
2292 4877 2551 4934 infestare
2594 4878 2921 4945 festinat,'et
2950 4881 3109 4938 mista
3139 4894 3335 4941 semno
3366 4890 3659 4959 cogitatio.-

2065 4988 2193 5029 nu'm
2216 4972 2596 5043 phantasmata
2619 4973 3017 5031 subministrat.
3039 4974 3486 5052 Quotiescunque
3501 4985 3658 5039 enim

2062 5066 2305 5122 occultus
2329 5067 2501 5123 hostis
2533 5067 2879 5125 dormitantis
2909 5069 3099 5127 oculos
3122 5073 3387 5145 palpitare
3417 5090 3659 5147 conspe-

2062 5158 2228 5223 xerit,
2263 5172 2397 5213 mox
2420 5158 2644 5215 tazdioso
2672 5160 2819 5216 cordi
2837 5161 3077 5231 iaculum
3104 5165 3656 5237 prava‘oogitationia

2061 5247 2254 5319 infigit.
2295 5248 2433 5317 Quia
2467 5260 2594 5306 tune
2619 5250 2867 5327 videlicet
2898 5259 3273 5324 opportunum:
3300 5259 3526 5315 nocendi
3556 5260 3641 5315 lii-

2060 5354 2183 5397 cum
2228 5342 2461 5399 callidus
2501 5343 2783 5399 insidiator
2829 5345 3064 5412 invenit,
3106 5362 3230 5401 cum
3282 5357 3514 5404 mentem
3548 5366 3650 5407 ito-‘-

2062 5442 2227 5489 stram
2259 5450 2288 5487 a
2321 5434 2579 5489 custodia:
2626 5450 2737 5490 sua:
2776 5435 3262 5507 circumspectione
3297 5438 3658 5511 languescere

2063 5540 2160 5595 per
2210 5525 2352 5581 oculi
2400 5525 2687 5580 exterioris
2740 5525 2999 5580 indicium
3048 5527 3425 5598 deprehendit.
3492 5534 3653 5604 Samo

2064 5629 2259 5669 manus
2290 5614 2356 5668 ad
2392 5615 2698 5668 orationem
2745 5614 2798 5667 in
2842 5614 3062 5670 modum
3098 5615 3237 5688 signi
3268 5618 3521 5676 salutaris
3550 5638 3646 5676 ex.-

2067 5704 2244 5768 lende,
2286 5712 2344 5756 ut
2375 5704 2501 5756 dum
2547 5701 2727 5757 crucis
2760 5702 3046 5772 imaginem
3074 5708 3291 5764 conaris
3318 5709 3629 5779 exprimere
