3996 6184
329 269 436 326 .555

789 267 847 325 S.
869 267 1071 326 PETRI
1108 270 1393 328 DAMIANI
1431 269 1584 327 OPP.
1615 268 1851 325 TOMUS
1886 267 2018 325 SEU
2057 268 2236 325 PARS
2272 268 2357 327 Ill.
2394 303 2459 312 —
2497 271 2861 332 OPUSCULA
2906 276 3135 336 VARIA.

3475 288 3582 345 558

332 362 527 418 merito
566 361 706 432 apud
742 361 1071 421 Cruciﬂxum
1100 364 1311 418 veniam
1342 362 1539 416 debeas
1569 360 1779 415 facilius
1808 361 1907 415 im-
1934 372 1981 426 Α
2010 360 2136 415 dmn
2166 362 2541 433 abiectumque
2572 366 2843 435 pulverem
2886 384 3007 426 esse
3054 372 3384 443 consideras,
3408 382 3583 437 cervi-

258 469 282 523 ;
332 464 571 523 petrare.

887 543 1115 599 CAPUT
1151 542 1337 598 XXI-ll.

330 632 527 689 Contra
552 652 724 689 omnes
747 637 1078 695 tentotiones,
1106 636 1287 688 mortis
1311 632 1693 704 sepulturaeque
1714 646 1908 689 memo-

780 705 914 757 riam
940 704 1162 757 multum
1189 706 1452 773 prodesse.

399 814 456 868 ln
497 814 641 869 omni
691 824 869 869 autem
914 814 1187 870 titillantis
1230 831 1422 885 pugna;
1465 815 1784 879 certamine,
1818 828 1905 870 se-

328 908 572 977 pulcrum
619 911 773 963 stude
816 924 1029 979 semper
1055 911 1121 963 ad
1152 910 1468 963 memoriam
1511 925 1784 965 revocare.
1824 909 1906 963 lra

333 997 577 1052 fortassis
620 997 775 1052 effert
811 999 1047 1053 animum
1071 1040 1085 1065 ,
1132 999 1301 1069 dirige
1345 998 1591 1068 protinus
1629 998 1813 1053 oculos
1840 998 1906 1053 ad

328 1087 663 1156 sepulcrum;
715 1103 839 1142 mox
883 1088 1023 1141 enim
1063 1088 1241 1141 omnis
1268 1088 1571 1141 amaritudo
1599 1087 1905 1157 deponitur,

328 1178 455 1229 dum
481 1191 589 1244 quo
616 1175 767 1230 furor
796 1177 1062 1230 humanus
1099 1184 1305 1246 vergat,
1342 1191 1497 1231 mens
1524 1175 1743 1245 provida
1774 1169 1907 1230 con;

329 1264 634 1333 templatnr.
686 1264 963 1334 Superbiae
1009 1264 1231 1333 spiritus
1285 1264 1459 1331 inﬂat,
1505 1266 1809 1334 sepulcrum
1840 1264 1907 1320 ad

327 1366 564 1409 mentem
612 1356 833 1418 redeat;
882 1356 1195 1410 necessario
1223 1356 1388 1410 etiam
1431 1356 1538 1410 illic
1574 1357 1758 1426 rigida:
1792 1371 1909 1411 cer-

326 1442 460 1497 vicis
506 1451 770 1497 tumorem
818 1444 1155 1513 premimus:
1186 1444 1277 1497 ubi
1325 1444 1561 1498 cinerem
1591 1459 1691 1499 nos
1720 1442 1907 1513 procul

322 1534 490 1589 dubio
530 1535 918 1603 pulveremque
949 1550 1259 1603 pensamus.
1288 1533 1427 1600 Quid
1457 1536 1726 1603 superbis,
1757 1546 1903 1589 terra

320 1634 382 1677 et
430 1624 603 1678 cinis?
648 1624 866 1679 Invidiae
916 1624 1062 1678 faces
1115 1622 1475 1690 inﬂammant,
1523 1635 1576 1679 et
1616 1625 1680 1679 ad
1721 1625 1905 1695 sepul-

2009 468 2126 506 cem
2160 455 2339 508 cordis
2362 458 2618 513 adversus
2643 458 2985 516 Conditorem
3012 465 3063 518 in
3084 468 3448 537 arrogantiam
3476 488 3584 530 non

2007 541 2274 609 extollas;
2304 545 2540 615 dumque
2570 558 2621 601 te
2651 549 2923 621 conspicis
2954 555 3140 621 procul
3170 557 3334 614 dubio
3362 564 3590 620 moritu-

2009 630 2280 699 rum,jam
2328 643 2378 689 te
2424 627 2943 706 pulsantibus‘vitiis
2990 647 3247 704 exhibeas
3274 652 3417 706 velut
3441 670 3587 710 mor-

2007 729 2177 777 tuum.
2222 723 2354 777 Esto
2382 739 2594 795 quoque
2642 728 2926 797 sollicitus,
2958 741 3019 788 ut
3057 750 3180 790 eum
3208 753 3430 807 pravam
3458 747 3579 803 tibi-

2006 821 2119 866 met
2138 814 2518 884 cogitationem
2544 817 2733 874 adesse
2759 827 3111 891 persenseris,
3134 839 3356 888 extenso
3370 837 3584 908 pollice,

2006 904 2252 971 protinus
2271 918 2368 959 cor
2392 910 2539 960 tuum
2564 908 2785 978 signare
2805 910 3058 969 festines:
3086 930 3352 985 quatenus
3372 926 3495 982 dum
3529 904 3584 985 in

2008 989 2178 1059 ipsam
2225 1008 2443 1048 carnem
2500 996 2712 1067 signum
2766 1011 2969 1057 sanetae
3016 1009 3193 1064 crucis
3235 1012 3583 1084 imprimitur,

2008 1084 2262 1138 continuo
2294 1085 2518 1142 interior
2546 1090 2707 1143 homo
2738 1092 2804 1145 ad
2839 1094 3203 1154 dimicandum
3233 1120 3354 1160 cum
3384 1110 3588 1179 cogita?

2009 1169 2154 1226 tione
2193 1188 2446 1242 perversa
2488 1178 2614 1232 lotis
2644 1180 2846 1237 viribus
2874 1186 3159 1242 excitetur.
3186 1192 3381 1264 Sicque
3410 1169 3585 1267 mens,

2008 1261 2219 1316 sublato
2249 1264 2560 1334 triumphali
2592 1270 2806 1336 vexillo,
2838 1274 3082 1332 hostibus
3108 1284 3221 1338 suis
3246 1261 3470 1342 viriliter
3490 1261 3585 1345 ob;

2006 1350 2153 1405 viet:
2182 1362 2238 1407 et
2287 1358 2518 1425 prOpriiS
2576 1362 2817 1429 sedibus,
2853 1366 2979 1422 dum
3026 1371 3202 1428 adhuc
3246 1377 3588 1438 investibulo

2008 1445 2335 1512 rctardatur,
2372 1451 2640 1505 exturbet.
3572 1456 3573 1459 “

2574 1542 2801 1600 CAPUT
2836 1548 3023 1606 XXIV.

2400 1632 2673 1700 Quomodo
2711 1643 2950 1710 conﬁteri
2987 1646 3194 1704 debeas.

324 1726 479 1764 crum
523 1715 762 1781 respice;
808 1721 863 1765 ει
901 1712 1067 1777 disce.
1115 1713 1240 1782 quia
1280 1714 1369 1781 (ιυὶ
1419 1722 1525 1767 tam
1567 1715 1674 1769 Cito
1710 1716 1777 1769 ab
1806 1717 1906 1769 hac
1936 1718 1980 1775 Β
2078 1720 2231 1788 Quod
2281 1723 2325 1777 si
2370 1724 2982 1795 aliquando'consi’stens
3010 1737 3064 1792 in
3105 1741 3294 1798 cellula
3339 1745 3585 1807 illicitum

327 1801 437 1854 vita
470 1802 822 1867 discedimus,
858 1801 1060 1856 frustra
1100 1803 1238 1857 bona
1269 1804 1582 1872 temporalia
1610 1804 1731 1858 aliis
1763 1805 1903 1858 invi-

324 1892 537 1947 demus.
555 1892 827 1947 Iucentiva
852 1892 1089 1948 libidinis
1110 1902 1360 1960 aestuant,
1386 1895 1688 1964 sepulcrum
1714 1897 1905 1952 doceat

324 1994 488 2048 quam
533 1980 790 2035 velociter
836 1982 1057 2035 humani
1107 1983 1352 2050 corporis
1392 1982 1543 2037 viror
1579 1992 1808 2046 arescat,
1850 1992 1906 2038 et

328 2084 494 2137 quam
526 2069 797 2138 superﬂuo
839 2071 1216 2140 voluptuosum
1252 2072 1586 2141 corruptibili
1631 2073 1777 2127 carni
1812 2089 1905 2127 cu-

326 2157 437 2211 bile
485 2158 867 2224 substernitur,
911 2174 1071 2228 quam
1123 2160 1372 2215 videlicet
1404 2161 1687 2217 horrenda:
1715 2162 1905 2217 domus

328 2250 547 2318 requies
574 2250 626 2304 in
655 2251 900 2320 proximo
921 2251 1285 2320 praestolatur.

397 2337 547 2393 Gula:
594 2340 833 2407 pruritus
889 2340 1195 2404 illecebrat,
1249 2342 1495 2408 sepulcro
1550 2342 1793 2412 protinus
1838 2343 1906 2397 ad

327 2446 563 2486 mentem
604 2433 850 2494 reducto,
893 2414 1177 2486 considera
1206 2449 1219 2485 :
1248 2433 1373 2501 quia
1403 2434 1530 2487 dum
1565 2448 1784 2489 carnem
1811 2452 1907 2492 no-

327 2526 497 2571 stram
534 2518 785 2583 delicate,
833 2520 916 2574 vel
951 2530 1133 2576 tenere
1165 2520 1395 2577 fovendo
1423 2523 1802 2592 distendimus,
1834 2525 1907 2581 ci-

326 2605 453 2658 bum
498 2606 683 2673 procul
732 2608 897 2663 dubio
924 2609 1185 2664 vermium
1236 2610 1583 2678 saginamus:
1616 2628 1790 2683 eoque
1825 2616 1902 2680 tit,

326 2704 387 2748 ut
433 2710 539 2763 quo
586 2696 738 2764 plura
777 2699 1139 2765 comedimus,
1180 2716 1209 2751 a
1237 2699 1479 2768 pluribus
1501 2703 1898 2757 comedamur:

327 2787 562 2854 dumque
608 2797 853 2840 ventrem
887 2788 1119 2841 molliter
1156 2788 1372 2855 alimus,
1406 2791 1634 2861 ingratis
1663 2793 1906 2849 convivis

325 2877 544 2947 pinguia
575 2877 829 2931 alimenta
863 2879 1151 2933 nutrimus.

397 2964 940 3035 Avaritiaestimulus
987 2968 1198 3033 incitat,
1248 2969 1315 3022 ad
1372 2970 1677 3039 sepulcrum
1707 2982 1904 3041 prmsto

327 3069 541 3126 semper
570 3072 809 3123 recurre,
855 3059 1036 3128 ibique
1082 3060 1354 3125 condisce,
1398 3064 1524 3132 quia
1555 3065 1900 3121 mortalitatis
1928 3060 1971 3121 C
2006 3086 2079 3139 ιυί
2113 3086 2309 3154 pan-is.

325 3148 442 3214 ejus
488 3151 759 3205 incassum
806 3153 1065 3222 stipendia
1095 3153 1245 3222 plura
1273 3158 1637 3225 congerimus,
1666 3159 1758 3227 qui
1798 3160 1901 3215 iter

332 3241 505 3309 ipsum
533 3242 674 3310 quod
699 3244 994 3313 pergimus,
1017 3253 1124 3299 tam
1149 3246 1297 3301 brevi
1327 3249 1499 3317 spatio
1526 3251 1897 3307 terminamus.

326 3331 562 3385 Accedia
599 3341 670 3396 te,
697 3333 780 3387 vel
807 3334 1168 3389 somnolentia
1203 3335 1473 3405 deprimit,
1509 3339 1811 3408 sepulcrum
1849 3350 1901 3396 te

323 3418 515 3473 doceat
553 3434 652 3488 pro
699 3422 915 3476 :eternis
958 3437 1100 3477 nunc
1145 3424 1383 3492 praemiis
1430 3426 1679 3496 vigilare,
1710 3426 1762 3481 in
1791 3442 1901 3497 quo

323 3509 600 3572 videlicet,
628 3518 680 3563 te
701 3525 926 3565 necesse
950 3519 1034 3565 est
1053 3511 1357 3567 diutissime
1388 3514 1506 3568 sine
1532 3514 1637 3567 ulla
1664 3526 1900 3584 postmo—

323 3600 450 3653 dum
493 3601 932 3655 remuneratione
976 3601 1275 3670 quiescere,
1318 3612 1587 3672 quatenus
1622 3605 1712 3673 qui
1744 3614 1901 3659 mter-

323 3706 449 3745 nam
500 3692 741 3760 requiem
793 3692 974 3761 gaudii
1022 3692 1256 3749 caelestis
1298 3704 1583 3763 exspectas
1622 3696 1896 3763 alacriter,

322 3796 466 3835 nunc
518 3795 642 3836 cum
697 3782 928 3852 propriae
976 3791 1192 3852 torpere
1237 3784 1478 3852 desidiae,
1524 3796 1900 3844 momentaneo

321 3870 507 3925 labore
534 3869 810 3943 conﬂigas.

393 3961 637 4018 Vestiam
670 3972 722 4017 te
744 3963 889 4018 nitor
915 3962 1170 4031 oblectat,
1217 3964 1283 4020 ad
1325 3966 1633 4036 sepulcrum
1658 3982 1897 4034 recurre,

320 4063 483 4125 atque
509 4054 803 4125 perpende,
835 4070 999 4125 quam
1023 4071 1223 4111 vesane
1267 4057 1558 4128 desipiant,
1608 4059 1701 4128 qui
1736 4074 1898 4115 exor-

320 4159 453 4198 nare
482 4145 588 4198 vile
620 4145 978 4213 pulvisculum
1006 4147 1251 4203 vestibus
1278 4150 1583 4205 ambitiosis
1602 4150 1893 4206 anhelant:

318 4235 411 4303 qui
445 4235 706 4288 nimirum
732 4235 933 4290 idcirco
954 4236 1125 4290 lutum
1149 4252 1282 4291 auro
1303 4248 1618 4309 contegunt,
1649 4241 1897 4297 sordibus

320 4324 614 4378 munditias
623 4327 1144 4395 superponunt:quia
1158 4340 1280 4395 qum
1292 4342 1420 4383 vera
1440 4336 1566 4383 sunt
1579 4337 1894 4383 ornamenta

319 4416 593 4471 interioris
606 4417 959 4472 hominisnon
976 4417 1453 4488 intelligunt.Vana
1467 4420 1635 4490 gloria
1647 4420 1895 4476 fortassis

319 4506 533 4561 elevare
571 4516 621 4561 te
648 4506 856 4571 nititur,
892 4508 957 4561 ad
983 4508 1286 4577 sepulcrum
1313 4509 1541 4579 respice,
1572 4519 1755 4582 etquo
1790 4511 1895 4566 ﬂne
1954 4514 1955 4517 “

318 4595 495 4650 ornnis
510 4595 674 4668 350
689 4596 922 4652 humana
944 4597 1113 4669 gloria
1133 4599 1435 4668 claudatur,
1457 4602 1705 4657 attende:
1727 4620 1747 4653 ί
1769 4601 1895 4657 0m-

320 4687 404 4742 nis
426 4690 569 4743 enim
596 4704 728 4744 caro
750 4686 932 4746 fenum
950 4732 967 4758 ,
989 4699 1045 4745 et
1066 4691 1243 4747 omnis
1264 4692 1433 4764 gloria
1461 4692 1774 4763 ejus,§quasi
1797 4692 1896 4749 ﬂos

319 4777 427 4832 feni
451 4778 707 4852 (lsa.x1.).
741 4800 760 4833 ι
791 4781 971 4839 Prurit
997 4783 1175 4855 lingua
1204 4799 1300 4855 per
1331 4794 1575 4851 ventosa,
1600 4787 1714 4842 sive
1744 4802 1896 4842 scur-

320 4871 437 4925 rilia
468 4874 631 4928 verba
668 4874 929 4943 difﬂuere,
966 4878 1271 4948 sepulcrum
1316 4880 1385 4934 ad
1421 4889 1657 4937 mentem
1690 4882 1895 4947 redeat,

318 4970 375 5013 et
413 4961 553 5015 sicut
586 4976 615 5016 a
660 4964 975 5032 criminosa,
1004 4967 1083 5021 sic
1116 4968 1279 5023 etiam
1316 4970 1384 5024 ab
1407 4971 1580 5025 otiosa
1613 4980 1684 5035 te,
1712 4972 1796 5027 vel
1814 4974 1897 5044 jo-

319 5068 447 5107 cosa
487 5053 837 5110 nihilominus
872 5057 1203 5126 loquacitate
1246 5071 1574 5127 compescat.
1604 5062 1715 5117 lllie
1741 5063 1899 5118 nimi-

319 5158 437 5195 rum
489 5145 661 5213 perite
710 5146 914 5201 valebis
962 5148 1264 5215 addiscere,
1301 5164 1460 5217 quam
1514 5150 1758 5205 distriete
1799 5167 1898 5208 nos

318 5234 567 5300 expediat
595 5251 623 5288 a
655 5237 866 5291 cunctis
892 5237 1052 5307 hujus
1080 5237 1203 5292 vitae
1226 5237 1554 5293 vanitatibus
1583 5239 1853 5295 declinare
1880 5257 1893 5295 :

318 5331 373 5374 et
404 5336 472 5375 ne
498 5323 650 5390 plura
702 5326 1066 5381 enumerando
1115 5334 1168 5381 te
1221 5327 1421 5382 diutius
1467 5330 1800 5397 protraham,
1840 5332 1895 5386 in
1991 5358 2086 5405 αι
2141 5367 2229 5407 me
2289 5352 2538 5410 Christus
2598 5354 2675 5410 De

318 5412 463 5466 omni
495 5429 681 5484 pugna:
708 5418 981 5487 surgentis
1004 5417 1231 5473 articulo
1254 5419 1375 5483 bzec
1404 5428 1455 5473 te
1467 5419 1769 5475 sollicitudo
1790 5437 1894 5477 non

320 5500 552 5566 deserat,
589 5513 644 5556 ut
674 5508 918 5572 protinus
952 5508 1146 5563 mentis
1184 5507 1369 5563 oculos
1396 5510 1463 5564 ad
1494 5510 1735 5578 sepulcra
1761 5527 1891 5566 eon-

321 5589 624 5658 teinplanda
652 5607 936 5651 convertas
960 5612 973 5649 :
1008 5605 1272 5668 quatenus
1299 5598 1425 5652 dum
1450 5608 1500 5654 te
1523 5599 1630 5655 illic
1662 5601 1895 5656 immun-

2004 1810 2209 1881 aliquid
2248 1815 2556 1884 cogitando,
2589 1820 2673 1872 vel
2716 1822 2879 1877 etiam
2924 1833 3217 1895 operando,
3249 1840 3585 1907 peccaveris,

2002 1905 2144 1958 unde
2174 1916 2226 1959 te
2252 1909 2645 1974 quantumlibet
2697 1916 3023 1971 conscientia
3077 1923 3355 1989 pavefacta
3383 1905 3589 1986 remon-

2004 1994 2148 2060 deat,
2200 2013 2305 2052 non
2356 2001 2540 2054 statim
2592 2003 2950 2063 confessionis
3002 2013 3173 2081 gratia
3224 2019 3475 2087 prodeas,
3501 2023 3587 2080 vel

2002 2088 2261 2155 propositi
2310 2090 2509 2146 silentii
2560 2094 2790 2164 rigorem
2840 2097 3095 2171 frangas;
3141 2104 3244 2175 ipsi
3270 2118 3448 2163 autem
3477 2111 3587 2168 Deo

2004 2176 2230 2233 Domino
2253 2191 2439 2236 nostro
2466 2180 2592 2237 Jesu
2624 2184 2842 2241 Christo
2872 2190 3088 2246 interim
3125 2196 3477 2263 confitere,et
3499 2201 3586 2255 fu-

2006 2277 2140 2323 tura:
2183 2269 2297 2340 jam
2344 2272 2723 2343 confessionis,
2771 2279 2918 2333 velut
2965 2284 3227 2349 quasdam
3264 2288 3340 2341 illi
3368 2292 3583 2359 arrbas,

2004 2358 2060 2413 in
2124 2360 2268 2415 hunc
2322 2364 2540 2419 modum
2597 2368 2791 2422 trade:
2827 2386 2845 2419 ι
2897 2369 3119 2426 Domine
3167 2373 3292 2430 Jesu
3349 2358 3584 2444 Christe,

2003 2458 2204 2506 aeterne
2233 2452 2502 2519 Pontifex,
2527 2465 2583 2510 et
2628 2468 2937 2514 sanctorum
2993 2464 3580 2544 minister(lfcbr.vtu),

2005 2558 2070 2599 ac
2101 2544 2213 2599 veri
2258 2546 2590 2603 tabernaculi
2625 2553 2879 2607 sacerdos
2915 2554 3065 2623 juxta
3095 2559 3337 2614 ordinem
3370 2561 3589 2619 Melchi-

2004 2634 2224 2700 sedech,
2252 2638 2343 2705 qui
2376 2647 2623 2694 sanctum
2654 2652 2707 2695 et
2738 2642 3138 2701 immaculatum
3163 2652 3366 2719 proprii
3393 2669 3587 2725 corpo-

2006 2724 2083 2779 ris
2106 2726 2178 2778 tui
2211 2741 2429 2794 agnum,
2456 2729 2684 2783 hostiam
2709 2732 2999 2787 salutarem
3030 2736 3272 2793 obtulisti
3304 2740 3415 2795 Deo
3435 2724 3583 2800 Patri

2004 2814 2058 2868 in
2087 2814 2305 2868 odorem
2331 2817 2611 2872 suavitatis
2642 2835 2738 2889 pro
2779 2823 3018 2889 peccatis
3049 2828 3269 2891 nostris,
3296 2840 3349 2884 et
3369 2831 3449 2886 sic
3477 2850 3582 2889 non

2005 2904 2122 2956 sine
2150 2905 2415 2974 sanguine
2467 2908 2634 2961 semel
2687 2910 2739 2963 in
2786 2927 2928 2966 anno
2971 2914 3022 2967 in
3054 2914 3251 2971 Sancta
3276 2931 3583 2978 sanctorum

2008 2992 2240 3055 intrasti,
2274 2995 2374 3049 hoc
2408 3004 2490 3050 est
2542 2998 2594 3051 in
2638 2998 2809 3067 ipsum
2843 3001 3059 3069 osclum,
3099 3014 3157 3059 ut
3188 3023 3445 3078 apparens
3469 3028 3587 3066 vut-

2336 3090 2428 3145 tibi
2458 3093 2716 3148 conﬁteor
2738 3095 2860 3164 quia
2891 3099 3057 3152 cecidi
3081 3101 3132 3153 in
3156 3101 3259 3156 hoc
3280 3114 3580 3173 peccatum,

2003 3176 2143 3243 quod
2175 3177 2360 3237 ocukis
2390 3188 2491 3232 tua:
2518 3182 2817 3251 majestatis
2854 3185 3025 3243 latere
3062 3205 3164 3243 non
3205 3193 3396 3259 potuit.
3431 3193 3582 3251 Unde

2001 3275 2056 3320 et
2079 3276 2294 3336 propter
2318 3268 2532 3333 illud,et
2556 3284 2777 3341 propter
2800 3276 2903 3329 alia
2932 3277 3366 3347 innumerabilia,
3383 3292 3435 3337 et
3457 3301 3581 3355 gra-

2001 3358 2218 3412 vissima
2245 3371 2462 3429 peccata
2488 3377 2603 3417 mea
2634 3379 2739 3418 non
2768 3380 2884 3418 sum
2918 3367 3109 3436 dignus
3132 3369 3372 3427 infelices
3398 3374 3582 3430 oculos

2002 3463 2152 3505 meos
2189 3450 2366 3506 levare
2410 3453 2476 3507 ad
2523 3454 2739 3518 coelum,
2765 3456 2847 3510 vel
2879 3456 3085 3527 ingredi
3122 3460 3173 3514 in
3206 3472 3450 3518 sanctam
3482 3464 3582 3519 Ec-

2000 3538 2221 3594 clesiam
2252 3550 2420 3607 tuam,
2451 3551 2546 3597 aut
2592 3545 2756 3599 etiam
2799 3545 3139 3603 benedictum
3196 3567 3390 3607 nomen
3432 3562 3581 3608 tuum

2001 3633 2223 3702 pollutis
2252 3633 2407 3689 labiis
2433 3637 2567 3690 meis
2598 3638 2921 3706 exprimere.
2951 3640 3293 3712 Quapropter
3318 3643 3583 3715 lacryma-

2001 3720 2182 3776 hiliter
2209 3721 2436 3777 obsecro
2466 3724 2780 3779 immensam
2806 3727 3147 3783 clementiam
3175 3741 3341 3798 tuam,
3364 3735 3455 3803 qui
3482 3749 3580 3804 pro

2002 3813 2379 3880 peccatoribus
2408 3814 2649 3883 mihique
2680 3816 2946 3872 similibus
2975 3821 3111 3873 mori
3141 3821 3391 3892 dignatus
3418 3838 3494 3885 es.
3522 3833 3584 3879 ut

1998 3902 2103 3957 hoc
2130 3903 2259 3958 mihi
2295 3903 2590 3960 clementer
2614 3906 2910 3976 indulgeas,
2935 3919 2991 3963 et
3018 3911 3083 3963 ad
3124 3926 3309 3967 veram
3340 3912 3582 3970 fructuo-

1999 4008 2223 4063 samque
2250 3994 2620 4063 paenitentiam
2651 4013 2739 4053 me
2775 4000 3057 4068 pervenire
3086 4002 3370 4057 concedas.
3412 4021 3430 4055 ο

2070 4084 2223 4152 Quod
2264 4085 2309 4140 si
2355 4086 2533 4142 adhuc
2576 4087 2743 4142 etiam
2796 4090 3015 4159 quaeris,
3039 4093 3307 4160 quomodo
3334 4093 3482 4148 solus
3509 4091 3579 4147 ad

1998 4177 2185 4231 horam
2216 4177 2469 4247 primam,
2501 4177 2615 4232 sive
2641 4179 3055 4248 completorium
3086 4182 3284 4237 debeas
3307 4182 3577 4248 confiteri,

1997 4266 2077 4320 sic
2114 4266 2277 4321 dicito
2306 4282 2318 4319 :
2354 4283 2371 4317 ι
2407 4266 2520 4336 Ego
2554 4267 2889 4323 miserrimus
2916 4279 2971 4324 et
2996 4270 3177 4325 infelix
3207 4272 3469 4328 confitear
3490 4280 3579 4328 co;

1998 4371 2113 4409 ram
2144 4355 2272 4419 Deo,
2304 4357 2421 4420 tibi,
2445 4368 2632 4412 sancta
2668 4367 2723 4412 et
2753 4358 2986 4429 gloriosa
3012 4362 3164 4431 virgo
3188 4361 3372 4427 Maria,
3402 4372 3456 4417 et
3487 4358 3580 4419 vo;

1998 4446 2099 4508 bis,
2128 4460 2316 4500 omnes
2352 4449 2526 4501 sancti
2556 4448 2676 4512 Dei,
2704 4464 2821 4503 mea
2850 4451 3029 4521 culpa,
3055 4453 3273 4520 peccavi
3301 4454 3461 4508 nimis
3483 4469 3581 4525 per

1996 4537 2324 4605 superbiam,
2368 4537 2419 4591 in
2464 4541 2809 4610 suggestione
2830 4580 2845 4605 ,
2878 4542 3253 4610 delectatione,
3283 4560 3577 4616 consensu,

1995 4626 2337 4697 cogitatione,
2363 4626 2520 4697 351
2554 4629 2754 4695 verbis,
2777 4640 2831 4685 et
2857 4644 3039 4702 Opere.
3070 4631 3361 4704 Propterea
3387 4636 3583 4707 deprc-

1996 4732 2091 4771 cor
2134 4724 2205 4779 te,
2235 4716 2475 4786 piissiina
2512 4718 2606 4773 Dei
2655 4719 2928 4787 Cenitrix,
2957 4732 3012 4777 et
3037 4736 3133 4778 vos
3162 4740 3351 4781 omnes
3405 4731 3611 4784 sancti’

1996 4816 2049 4861 et
2078 4806 2234 4861 electi
2268 4807 2379 4872 Dei,
2412 4816 2470 4862 ut
2493 4823 2652 4864 orare
2674 4809 2967 4881 dignemini
2995 4827 3091 4881 pro
3117 4828 3202 4868 me
3228 4816 3427 4871 misero
3447 4832 3576 4887 pec-

2000 4905 2205 4951 catore.
2253 4897 2713 4954 lntercedentibus
2757 4902 2910 4956 vobis
2940 4902 3213 4969 omnibus,
3251 4905 3578 4961 misereatur

2000 4989 2134 5042 mihi
2166 4990 2506 5059 omnipotens
2538 4989 2696 5058 Deus,
2730 4991 2969 5049 dimittat
3002 4994 3132 5048 mihi
3155 4997 3334 5051 omnia
3356 5000 3577 5066 peccatu

2001 5092 2141 5140 mea,
2166 5076 2358 5133 liberet
2380 5096 2465 5133 me
2487 5080 2555 5136 ab
2580 5081 2726 5136 omni
2751 5082 2911 5147 malo,
2926 5072 3238 5150 conservet,
3270 5087 3573 5155 confirmet,

2000 5170 2318 5232 corroboret
2361 5186 2447 5225 me
2478 5172 2530 5226 in
2556 5174 2703 5228 omni
2748 5188 2912 5243 Opere
2947 5176 3109 5241 bono,
3140 5186 3195 5231 et
3219 5177 3459 5232 absolvat
3483 5178 3577 5234 me

2002 5259 2143 5315 Deus
2173 5261 2239 5315 ab
2263 5262 2407 5316 omni
2430 5262 2643 5317 vinculo
2667 5263 2983 5319 delictorum
3011 5281 3273 5332 meorum,
3305 5276 3359 5322 et
3376 5267 3578 5339 perdu-

2678 5354 2694 5408 i
2765 5355 2934 5411 Filius
2978 5355 3047 5411 ad
3090 5358 3256 5413 vitam
3289 5367 3573 5415 sternam.
