  <div class='ocr_page' id='page_1' title='image "/cluster/home/n/w/nwhite01/storage/ocr_20150623/145/hvd.32044048207542/186.png"; bbox 0 0 3996 6184; ppageno 0'>
   <div class='ocr_carea' id='block_1_1' title="bbox 400 300 504 356">
    <p class='ocr_par' dir='ltr' id='par_1_1' title="bbox 400 300 504 356">
     <span class='ocr_line' id='line_1_1' title="bbox 400 300 504 356; baseline 0.019 -2"><span class='ocrx_word' id='word_1_1' title='bbox 400 300 504 356; x_wconf 71' lang='lat'><strong>357</strong></span> 
     </span>
    </p>
   </div>
   <div class='ocr_carea' id='block_1_2' title="bbox 977 417 1460 476">
    <p class='ocr_par' dir='ltr' id='par_1_2' title="bbox 977 417 1460 476">
     <span class='ocr_line' id='line_1_2' title="bbox 977 417 1460 476; baseline 0.01 -4"><span class='ocrx_word' id='word_1_2' title='bbox 977 417 1210 476; x_wconf 80' lang='lat' dir='ltr'><strong>CAPUT</strong></span> <span class='ocrx_word' id='word_1_3' title='bbox 1251 419 1418 476; x_wconf 81' lang='lat' dir='ltr'><strong>XXV.</strong></span> <span class='ocrx_word' id='word_1_4' title='bbox 1456 432 1460 437; x_wconf 87' lang='lat'>&#39;</span> 
     </span>
    </p>
   </div>
   <div class='ocr_carea' id='block_1_3' title="bbox 402 502 1980 633">
    <p class='ocr_par' dir='ltr' id='par_1_3' title="bbox 402 502 1980 633">
     <span class='ocr_line' id='line_1_3' title="bbox 402 502 1980 633; baseline 0.007 -77"><span class='ocrx_word' id='word_1_5' title='bbox 402 502 483 558; x_wconf 74' lang='lat' dir='ltr'><strong>De</strong></span> <span class='ocrx_word' id='word_1_6' title='bbox 505 503 586 557; x_wconf 77' lang='lat' dir='ltr'><strong>his</strong></span> <span class='ocrx_word' id='word_1_7' title='bbox 607 519 726 574; x_wconf 79' lang='lat' dir='ltr'><strong>qua:</strong></span> <span class='ocrx_word' id='word_1_8' title='bbox 743 505 816 559; x_wconf 77' lang='lat' dir='ltr'><strong>ad</strong></span> <span class='ocrx_word' id='word_1_9' title='bbox 839 504 1113 562; x_wconf 72' lang='lat' dir='ltr'><strong>leuandum</strong></span> <span class='ocrx_word' id='word_1_10' title='bbox 1130 509 1334 633; x_wconf 53' lang='lat' dir='ltr'><strong>prng</strong></span> <span class='ocrx_word' id='word_1_11' title='bbox 1355 511 1631 566; x_wconf 71' lang='lat' dir='ltr'><strong>ercmiticc</strong></span> <span class='ocrx_word' id='word_1_12' title='bbox 1655 512 1980 567; x_wconf 76' lang='lat' dir='ltr'><strong>austeritatis</strong></span> 
     </span>
     <span class='ocr_line' id='line_1_4' title="bbox 1100 595 1291 633; baseline 0 -1"><span class='ocrx_word' id='word_1_13' title='bbox 1100 595 1164 632; x_wconf 77' lang='lat' dir='ltr'><strong>ua</strong></span> <span class='ocrx_word' id='word_1_14' title='bbox 1186 595 1213 633; x_wconf 83' lang='lat' dir='ltr'><strong>e</strong></span> <span class='ocrx_word' id='word_1_15' title='bbox 1275 617 1291 632; x_wconf 98' lang='lat'><strong>.</strong></span> 
     </span>
    </p>
   </div>
   <div class='ocr_carea' id='block_1_4' title="bbox 474 684 1985 764">
    <p class='ocr_par' dir='ltr' id='par_1_4' title="bbox 474 684 1985 764">
     <span class='ocr_line' id='line_1_5' title="bbox 474 684 1985 764; baseline 0.008 -25"><span class='ocrx_word' id='word_1_16' title='bbox 474 684 640 740; x_wconf 79' lang='lat' dir='ltr'><strong>Plane</strong></span> <span class='ocrx_word' id='word_1_17' title='bbox 664 685 811 740; x_wconf 92' lang='lat' dir='ltr'><strong>omni</strong></span> <span class='ocrx_word' id='word_1_18' title='bbox 840 695 1066 742; x_wconf 78' lang='lat' dir='ltr'><strong>conatus</strong></span> <span class='ocrx_word' id='word_1_19' title='bbox 1111 687 1390 756; x_wconf 83' lang='lat' dir='ltr'><strong>instantia,</strong></span> <span class='ocrx_word' id='word_1_20' title='bbox 1416 692 1753 764; x_wconf 78' lang='lat' dir='ltr'><strong>summisque</strong></span> <span class='ocrx_word' id='word_1_21' title='bbox 1778 695 1985 751; x_wconf 90' lang='lat' dir='ltr'><strong>viribus</strong></span> 
     </span>
    </p>
   </div>
   <div class='ocr_carea' id='block_1_5' title="bbox 403 773 1988 853">
    <p class='ocr_par' dir='ltr' id='par_1_5' title="bbox 403 773 1988 853">
     <span class='ocr_line' id='line_1_6' title="bbox 403 773 1988 853; baseline 0.008 -27"><span class='ocrx_word' id='word_1_22' title='bbox 403 775 632 836; x_wconf 77' lang='lat' dir='ltr'><strong>en&#39;ttere,</strong></span> <span class='ocrx_word' id='word_1_23' title='bbox 660 781 721 827; x_wconf 91' lang='lat' dir='ltr'><strong>ut</strong></span> <span class='ocrx_word' id='word_1_24' title='bbox 758 775 827 828; x_wconf 89' lang='lat' dir='ltr'><strong>ad</strong></span> <span class='ocrx_word' id='word_1_25' title='bbox 881 773 1248 846; x_wconf 83' lang='lat' dir='ltr'><strong>lacrymarum</strong></span> <span class='ocrx_word' id='word_1_26' title='bbox 1303 779 1532 848; x_wconf 76' lang='lat' dir='ltr'><strong>gratiam</strong></span> <span class='ocrx_word' id='word_1_27' title='bbox 1654 783 1988 853; x_wconf 88' lang='lat' dir='ltr'><strong>contempla-</strong></span> 
     </span>
    </p>
   </div>
   <div class='ocr_carea' id='block_1_6' title="bbox 408 862 1986 940">
    <p class='ocr_par' dir='ltr' id='par_1_6' title="bbox 408 862 1986 940">
     <span class='ocr_line' id='line_1_7' title="bbox 408 862 1986 940; baseline 0.007 -24"><span class='ocrx_word' id='word_1_28' title='bbox 408 862 684 931; x_wconf 92' lang='lat' dir='ltr'><strong>tionisque</strong></span> <span class='ocrx_word' id='word_1_29' title='bbox 705 862 1093 933; x_wconf 82' lang='lat' dir='ltr'><strong>perfectionem</strong></span> <span class='ocrx_word' id='word_1_30' title='bbox 1125 868 1302 936; x_wconf 90' lang='lat' dir='ltr'><strong>possis</strong></span> <span class='ocrx_word' id='word_1_31' title='bbox 1330 870 1621 940; x_wconf 74' lang='lat' dir='ltr'><strong>attingere.</strong></span> <span class='ocrx_word' id='word_1_32' title='bbox 1645 871 1796 938; x_wconf 82' lang='lat' dir='ltr'><strong>Quod</strong></span> <span class='ocrx_word' id='word_1_33' title='bbox 1825 874 1986 927; x_wconf 86' lang='lat' dir='ltr'><strong>nimi-</strong></span> 
     </span>
    </p>
   </div>
   <div class='ocr_carea' id='block_1_7' title="bbox 406 951 1990 1028">
    <p class='ocr_par' dir='ltr' id='par_1_7' title="bbox 406 951 1990 1028">
     <span class='ocr_line' id='line_1_8' title="bbox 406 951 1990 1028; baseline 0.008 -24"><span class='ocrx_word' id='word_1_34' title='bbox 406 967 526 1005; x_wconf 92' lang='lat' dir='ltr'><strong>rum</strong></span> <span class='ocrx_word' id='word_1_35' title='bbox 556 967 664 1006; x_wconf 92' lang='lat' dir='ltr'><strong>non</strong></span> <span class='ocrx_word' id='word_1_36' title='bbox 689 951 757 1006; x_wconf 92' lang='lat' dir='ltr'><strong>ad</strong></span> <span class='ocrx_word' id='word_1_37' title='bbox 785 953 887 1008; x_wconf 88' lang='lat' dir='ltr'><strong>hoc</strong></span> <span class='ocrx_word' id='word_1_38' title='bbox 914 960 1287 1013; x_wconf 88' lang='lat' dir='ltr'><strong>tantummodo</strong></span> <span class='ocrx_word' id='word_1_39' title='bbox 1311 959 1549 1028; x_wconf 84' lang='lat' dir='ltr'><strong>prolicit,</strong></span> <span class='ocrx_word' id='word_1_40' title='bbox 1577 972 1637 1016; x_wconf 92' lang='lat' dir='ltr'><strong>ut</strong></span> <span class='ocrx_word' id='word_1_41' title='bbox 1666 963 1718 1016; x_wconf 94' lang='lat' dir='ltr'><strong>in</strong></span> <span class='ocrx_word' id='word_1_42' title='bbox 1742 962 1834 1016; x_wconf 92' lang='lat' dir='ltr'><strong>illo</strong></span> <span class='ocrx_word' id='word_1_43' title='bbox 1862 965 1990 1018; x_wconf 85' lang='lat' dir='ltr'><strong>bea-</strong></span> 
     </span>
    </p>
   </div>
   <div class='ocr_carea' id='block_1_8' title="bbox 408 1039 1987 1119">
    <p class='ocr_par' dir='ltr' id='par_1_8' title="bbox 408 1039 1987 1119">
     <span class='ocr_line' id='line_1_9' title="bbox 408 1039 1987 1119; baseline 0.01 -28"><span class='ocrx_word' id='word_1_44' title='bbox 408 1039 654 1094; x_wconf 87' lang='lat' dir='ltr'><strong>titudinis</strong></span> <span class='ocrx_word' id='word_1_45' title='bbox 682 1055 849 1110; x_wconf 88' lang='lat' dir='ltr'><strong>regno</strong></span> <span class='ocrx_word' id='word_1_46' title='bbox 875 1044 1074 1112; x_wconf 84' lang='lat' dir='ltr'><strong>gradus</strong></span> <span class='ocrx_word' id='word_1_47' title='bbox 1116 1047 1363 1116; x_wconf 87' lang='lat' dir='ltr'><strong>superior</strong></span> <span class='ocrx_word' id='word_1_48' title='bbox 1406 1049 1725 1119; x_wconf 89' lang='lat' dir='ltr'><strong>acquiratur</strong></span> <span class='ocrx_word' id='word_1_49' title='bbox 1752 1069 1765 1105; x_wconf 89' lang='lat'><strong>:</strong></span> <span class='ocrx_word' id='word_1_50' title='bbox 1800 1053 1894 1106; x_wconf 88' lang='lat' dir='ltr'><strong>sed</strong></span> <span class='ocrx_word' id='word_1_51' title='bbox 1919 1056 1987 1107; x_wconf 93' lang='lat' dir='ltr'><strong>ad</strong></span> 
     </span>
    </p>
   </div>
   <div class='ocr_carea' id='block_1_9' title="bbox 407 1130 1991 1206">
    <p class='ocr_par' dir='ltr' id='par_1_9' title="bbox 407 1130 1991 1206">
     <span class='ocr_line' id='line_1_10' title="bbox 407 1130 1991 1206; baseline 0.008 -24"><span class='ocrx_word' id='word_1_52' title='bbox 407 1131 511 1188; x_wconf 84' lang='lat' dir='ltr'><strong>hoc</strong></span> <span class='ocrx_word' id='word_1_53' title='bbox 531 1130 716 1196; x_wconf 89' lang='lat' dir='ltr'><strong>etiam,</strong></span> <span class='ocrx_word' id='word_1_54' title='bbox 746 1140 806 1184; x_wconf 94' lang='lat' dir='ltr'><strong>ut</strong></span> <span class='ocrx_word' id='word_1_55' title='bbox 831 1131 885 1185; x_wconf 92' lang='lat' dir='ltr'><strong>in</strong></span> <span class='ocrx_word' id='word_1_56' title='bbox 911 1133 1012 1187; x_wconf 88' lang='lat' dir='ltr'><strong>bac</strong></span> <span class='ocrx_word' id='word_1_57' title='bbox 1034 1134 1150 1203; x_wconf 91' lang='lat' dir='ltr'><strong>ipsa</strong></span> <span class='ocrx_word' id='word_1_58' title='bbox 1180 1136 1287 1190; x_wconf 88' lang='lat' dir='ltr'><strong>vita</strong></span> <span class='ocrx_word' id='word_1_59' title='bbox 1320 1151 1481 1206; x_wconf 91' lang='lat' dir='ltr'><strong>quam</strong></span> <span class='ocrx_word' id='word_1_60' title='bbox 1513 1139 1685 1204; x_wconf 90' lang='lat' dir='ltr'><strong>ducis,</strong></span> <span class='ocrx_word' id='word_1_61' title='bbox 1717 1142 1894 1196; x_wconf 91' lang='lat' dir='ltr'><strong>omnis</strong></span> <span class='ocrx_word' id='word_1_62' title='bbox 1916 1142 1991 1195; x_wconf 65' lang='lat' dir='ltr'><strong>rio</strong></span> 
     </span>
    </p>
   </div>
   <div class='ocr_carea' id='block_1_10' title="bbox 344 1207 1989 1301">
    <p class='ocr_par' dir='ltr' id='par_1_10' title="bbox 344 1207 1989 1301">
     <span class='ocr_line' id='line_1_11' title="bbox 344 1207 1989 1301; baseline 0.007 -28"><span class='ocrx_word' id='word_1_63' title='bbox 344 1207 356 1264; x_wconf 62' lang='grc' dir='ltr'>ὲ</span> <span class='ocrx_word' id='word_1_64' title='bbox 407 1223 545 1291; x_wconf 74' lang='lat' dir='ltr'><strong>gida:</strong></span> <span class='ocrx_word' id='word_1_65' title='bbox 571 1223 907 1279; x_wconf 84' lang='lat' dir='ltr'><strong>austeritatis</strong></span> <span class='ocrx_word' id='word_1_66' title='bbox 934 1225 1130 1280; x_wconf 89' lang='lat' dir='ltr'><strong>horror</strong></span> <span class='ocrx_word' id='word_1_67' title='bbox 1157 1226 1412 1282; x_wconf 84' lang='lat' dir='ltr'><strong>abscedat</strong></span> <span class='ocrx_word' id='word_1_68' title='bbox 1437 1245 1450 1294; x_wconf 93' lang='lat'><strong>;</strong></span> <span class='ocrx_word' id='word_1_69' title='bbox 1476 1244 1701 1299; x_wconf 87' lang='lat' dir='ltr'><strong>seseque</strong></span> <span class='ocrx_word' id='word_1_70' title='bbox 1731 1231 1989 1301; x_wconf 88' lang='lat' dir='ltr'><strong>quidquid</strong></span> 
     </span>
    </p>
   </div>
   <div class='ocr_carea' id='block_1_11' title="bbox 408 1311 1988 1387">
    <p class='ocr_par' dir='ltr' id='par_1_11' title="bbox 408 1311 1988 1387">
     <span class='ocr_line' id='line_1_12' title="bbox 408 1311 1988 1387; baseline 0.008 -25"><span class='ocrx_word' id='word_1_71' title='bbox 408 1311 791 1377; x_wconf 90' lang='lat' dir='ltr'><strong>districtionis,</strong></span> <span class='ocrx_word' id='word_1_72' title='bbox 806 1314 1066 1383; x_wconf 88' lang='lat' dir='ltr'><strong>quidquid</strong></span> <span class='ocrx_word' id='word_1_73' title='bbox 1096 1316 1400 1373; x_wconf 85' lang='lat' dir='ltr'><strong>alllictionis</strong></span> <span class='ocrx_word' id='word_1_74' title='bbox 1425 1333 1670 1374; x_wconf 90' lang='lat' dir='ltr'><strong>amarum</strong></span> <span class='ocrx_word' id='word_1_75' title='bbox 1690 1321 1988 1387; x_wconf 82' lang='lat' dir='ltr'><strong>videbatur,</strong></span> 
     </span>
    </p>
   </div>
   <div class='ocr_carea' id='block_1_12' title="bbox 411 1401 1988 1479">
    <p class='ocr_par' dir='ltr' id='par_1_12' title="bbox 411 1401 1988 1479">
     <span class='ocr_line' id='line_1_13' title="bbox 411 1401 1988 1479; baseline 0.008 -24"><span class='ocrx_word' id='word_1_76' title='bbox 411 1401 463 1479; x_wconf 76' lang='lat' dir='ltr'><strong>in</strong></span> <span class='ocrx_word' id='word_1_77' title='bbox 495 1403 830 1459; x_wconf 88' lang='lat' dir='ltr'><strong>dulcedinem</strong></span> <span class='ocrx_word' id='word_1_78' title='bbox 867 1415 1062 1460; x_wconf 81' lang='lat' dir='ltr'><strong>vertat.</strong></span> <span class='ocrx_word' id='word_1_79' title='bbox 1102 1409 1236 1464; x_wconf 83' lang='lat' dir='ltr'><strong>Cum</strong></span> <span class='ocrx_word' id='word_1_80' title='bbox 1279 1409 1529 1466; x_wconf 73' lang='lat' dir='ltr'><strong>videlicet</strong></span> <span class='ocrx_word' id='word_1_81' title='bbox 1583 1427 1738 1467; x_wconf 89' lang='lat' dir='ltr'><strong>amor</strong></span> <span class='ocrx_word' id='word_1_82' title='bbox 1784 1413 1988 1479; x_wconf 90' lang='lat' dir='ltr'><strong>timori,</strong></span> 
     </span>
    </p>
   </div>
   <div class='ocr_carea' id='block_1_13' title="bbox 408 1473 1992 1562">
    <p class='ocr_par' dir='ltr' id='par_1_13' title="bbox 408 1473 1992 1562">
     <span class='ocr_line' id='line_1_14' title="bbox 408 1473 1992 1562; baseline 0.006 -13"><span class='ocrx_word' id='word_1_83' title='bbox 408 1473 632 1551; x_wconf 78' lang='lat' dir='ltr'><strong>1ibertas</strong></span> <span class='ocrx_word' id='word_1_84' title='bbox 659 1499 984 1552; x_wconf 74' lang='lat' dir='ltr'><strong>successerit</strong></span> <span class='ocrx_word' id='word_1_85' title='bbox 1023 1500 1293 1562; x_wconf 89' lang='lat' dir='ltr'><strong>servituti,</strong></span> <span class='ocrx_word' id='word_1_86' title='bbox 1326 1509 1453 1556; x_wconf 90' lang='lat' dir='ltr'><strong>tunc</strong></span> <span class='ocrx_word' id='word_1_87' title='bbox 1476 1505 1777 1558; x_wconf 86' lang='lat' dir='ltr'><strong>necessitas</strong></span> <span class='ocrx_word' id='word_1_88' title='bbox 1813 1504 1868 1558; x_wconf 91' lang='lat' dir='ltr'><strong>in</strong></span> <span class='ocrx_word' id='word_1_89' title='bbox 1899 1520 1992 1559; x_wconf 88' lang='lat' dir='ltr'><strong>vo-</strong></span> 
     </span>
    </p>
   </div>
   <div class='ocr_carea' id='block_1_14' title="bbox 410 1579 1991 1652">
    <p class='ocr_par' dir='ltr' id='par_1_14' title="bbox 410 1579 1991 1652">
     <span class='ocr_line' id='line_1_15' title="bbox 410 1579 1991 1652; baseline 0.006 -13"><span class='ocrx_word' id='word_1_90' title='bbox 410 1587 668 1640; x_wconf 87' lang='lat' dir='ltr'><strong>luntatem</strong></span> <span class='ocrx_word' id='word_1_91' title='bbox 693 1587 948 1652; x_wconf 80' lang='lat' dir='ltr'><strong>vertitur,</strong></span> <span class='ocrx_word' id='word_1_92' title='bbox 975 1598 1030 1643; x_wconf 90' lang='lat' dir='ltr'><strong>et</strong></span> <span class='ocrx_word' id='word_1_93' title='bbox 1059 1579 1404 1645; x_wconf 82' lang='lat' dir='ltr'><strong>inenarrabili</strong></span> <span class='ocrx_word' id='word_1_94' title='bbox 1435 1592 1718 1647; x_wconf 87' lang='lat' dir='ltr'><strong>cbaritatis</strong></span> <span class='ocrx_word' id='word_1_95' title='bbox 1743 1594 1991 1649; x_wconf 90' lang='lat' dir='ltr'><strong>incendio</strong></span> 
     </span>
    </p>
   </div>
   <div class='ocr_carea' id='block_1_15' title="bbox 409 1677 1990 1751">
    <p class='ocr_par' dir='ltr' id='par_1_15' title="bbox 409 1677 1990 1751">
     <span class='ocr_line' id='line_1_16' title="bbox 409 1677 1990 1751; baseline 0.004 -19"><span class='ocrx_word' id='word_1_96' title='bbox 409 1693 575 1733; x_wconf 86' lang='lat' dir='ltr'><strong>suave</strong></span> <span class='ocrx_word' id='word_1_97' title='bbox 613 1677 674 1732; x_wconf 87' lang='lat' dir='ltr'><strong>lit</strong></span> <span class='ocrx_word' id='word_1_98' title='bbox 714 1686 770 1733; x_wconf 92' lang='lat' dir='ltr'><strong>et</strong></span> <span class='ocrx_word' id='word_1_99' title='bbox 804 1677 1101 1747; x_wconf 89' lang='lat' dir='ltr'><strong>jucundum</strong></span> <span class='ocrx_word' id='word_1_100' title='bbox 1148 1681 1407 1751; x_wconf 89' lang='lat' dir='ltr'><strong>quidquid</strong></span> <span class='ocrx_word' id='word_1_101' title='bbox 1458 1691 1679 1738; x_wconf 90' lang='lat' dir='ltr'><strong>eatenus</strong></span> <span class='ocrx_word' id='word_1_102' title='bbox 1705 1684 1990 1740; x_wconf 83' lang='lat' dir='ltr'><strong>videbatur</strong></span> 
     </span>
    </p>
   </div>
   <div class='ocr_carea' id='block_1_16' title="bbox 1313 301 2840 374">
    <p class='ocr_par' dir='ltr' id='par_1_16' title="bbox 1313 301 2840 374">
     <span class='ocr_line' id='line_1_17' title="bbox 1313 301 2840 374; baseline 0.009 -14"><span class='ocrx_word' id='word_1_103' title='bbox 1313 301 1555 362; x_wconf 82' lang='lat' dir='ltr'><strong>OPUSC.</strong></span> <span class='ocrx_word' id='word_1_104' title='bbox 1587 304 1702 363; x_wconf 79' lang='lat' dir='ltr'><strong>XV.</strong></span> <span class='ocrx_word' id='word_1_105' title='bbox 1731 337 1800 348; x_wconf 95' lang='lat'><strong><em>—</em></strong></span> <span class='ocrx_word' id='word_1_106' title='bbox 1821 306 1911 364; x_wconf 85' lang='lat' dir='ltr'><strong>DE</strong></span> <span class='ocrx_word' id='word_1_107' title='bbox 1949 308 2336 370; x_wconf 69' lang='lat' dir='ltr'><strong>INSTITUTIS</strong></span> <span class='ocrx_word' id='word_1_108' title='bbox 2370 314 2532 372; x_wconf 74' lang='grc' dir='ltr'><strong>ΟΜ).</strong></span> <span class='ocrx_word' id='word_1_109' title='bbox 2560 316 2840 374; x_wconf 74' lang='lat' dir='ltr'><strong>EREMIT.</strong></span> 
     </span>
    </p>
   </div>
   <div class='ocr_carea' id='block_1_17' title="bbox 3546 328 3653 388">
    <p class='ocr_par' dir='ltr' id='par_1_17' title="bbox 3546 328 3653 388">
     <span class='ocr_line' id='line_1_18' title="bbox 3546 328 3653 388; baseline 0.019 -2"><span class='ocrx_word' id='word_1_110' title='bbox 3546 328 3653 388; x_wconf 74' lang='lat'><strong>358</strong></span> 
     </span>
    </p>
   </div>
   <div class='ocr_carea' id='block_1_18' title="bbox 2013 427 3658 511">
    <p class='ocr_par' dir='ltr' id='par_1_18' title="bbox 2013 427 3658 511">
     <span class='ocr_line' id='line_1_19' title="bbox 2013 427 3658 511; baseline 0.013 -31"><span class='ocrx_word' id='word_1_111' title='bbox 2013 429 2060 488; x_wconf 77' lang='grc' dir='ltr'>Α</span> <span class='ocrx_word' id='word_1_112' title='bbox 2092 427 2190 483; x_wconf 85' lang='lat' dir='ltr'><strong>bus</strong></span> <span class='ocrx_word' id='word_1_113' title='bbox 2215 441 2576 500; x_wconf 79' lang='lat' dir='ltr'><strong>exponuntur.</strong></span> <span class='ocrx_word' id='word_1_114' title='bbox 2630 433 2696 489; x_wconf 88' lang='lat' dir='ltr'><strong>Ut</strong></span> <span class='ocrx_word' id='word_1_115' title='bbox 2746 449 2877 505; x_wconf 90' lang='lat' dir='ltr'><strong>ergo</strong></span> <span class='ocrx_word' id='word_1_116' title='bbox 2927 436 3189 507; x_wconf 85' lang='lat' dir='ltr'><strong>levigctnr</strong></span> <span class='ocrx_word' id='word_1_117' title='bbox 3232 438 3382 495; x_wconf 87' lang='lat' dir='ltr'><strong>labor</strong></span> <span class='ocrx_word' id='word_1_118' title='bbox 3421 441 3658 511; x_wconf 80' lang='lat' dir='ltr'><strong>itineris,</strong></span> 
     </span>
    </p>
   </div>
   <div class='ocr_carea' id='block_1_19' title="bbox 2087 520 3658 597">
    <p class='ocr_par' dir='ltr' id='par_1_19' title="bbox 2087 520 3658 597">
     <span class='ocr_line' id='line_1_20' title="bbox 2087 520 3658 597; baseline 0.009 -23"><span class='ocrx_word' id='word_1_119' title='bbox 2087 520 2336 576; x_wconf 84' lang='lat' dir='ltr'><strong>tendendi</strong></span> <span class='ocrx_word' id='word_1_120' title='bbox 2393 531 2519 578; x_wconf 91' lang='lat' dir='ltr'><strong>sunt</strong></span> <span class='ocrx_word' id='word_1_121' title='bbox 2569 525 2709 579; x_wconf 92' lang='lat' dir='ltr'><strong>oculi</strong></span> <span class='ocrx_word' id='word_1_122' title='bbox 2758 527 2824 581; x_wconf 91' lang='lat' dir='ltr'><strong>ad</strong></span> <span class='ocrx_word' id='word_1_123' title='bbox 2866 529 3109 597; x_wconf 89' lang='lat' dir='ltr'><strong>requiem</strong></span> <span class='ocrx_word' id='word_1_124' title='bbox 3157 532 3473 588; x_wconf 87' lang='lat' dir='ltr'><strong>mansionis.</strong></span> <span class='ocrx_word' id='word_1_125' title='bbox 3513 535 3658 589; x_wconf 89' lang='lat' dir='ltr'><strong>Leve</strong></span> 
     </span>
    </p>
   </div>
   <div class='ocr_carea' id='block_1_20' title="bbox 2086 611 3659 691">
    <p class='ocr_par' dir='ltr' id='par_1_20' title="bbox 2086 611 3659 691">
     <span class='ocr_line' id='line_1_21' title="bbox 2086 611 3659 691; baseline 0.011 -28"><span class='ocrx_word' id='word_1_126' title='bbox 2086 611 2341 666; x_wconf 87' lang='lat' dir='ltr'><strong>nimirum</strong></span> <span class='ocrx_word' id='word_1_127' title='bbox 2374 613 2434 666; x_wconf 90' lang='lat' dir='ltr'><strong>llt</strong></span> <span class='ocrx_word' id='word_1_128' title='bbox 2461 629 2624 670; x_wconf 92' lang='lat' dir='ltr'><strong>omne</strong></span> <span class='ocrx_word' id='word_1_129' title='bbox 2671 617 2814 684; x_wconf 92' lang='lat' dir='ltr'><strong>quod</strong></span> <span class='ocrx_word' id='word_1_130' title='bbox 2862 619 3202 686; x_wconf 79' lang='lat' dir='ltr'><strong>peragimus-;</strong></span> <span class='ocrx_word' id='word_1_131' title='bbox 3249 622 3294 676; x_wconf 90' lang='lat' dir='ltr'><strong>si</strong></span> <span class='ocrx_word' id='word_1_132' title='bbox 3341 637 3452 691; x_wconf 71' lang='lat' dir='ltr'><strong>pra:</strong></span> <span class='ocrx_word' id='word_1_133' title='bbox 3487 624 3659 680; x_wconf 89' lang='lat' dir='ltr'><strong>oculis</strong></span> 
     </span>
    </p>
   </div>
   <div class='ocr_carea' id='block_1_21' title="bbox 2087 702 3656 775">
    <p class='ocr_par' dir='ltr' id='par_1_21' title="bbox 2087 702 3656 775">
     <span class='ocr_line' id='line_1_22' title="bbox 2087 702 3656 775; baseline 0.01 -24"><span class='ocrx_word' id='word_1_134' title='bbox 2087 707 2229 755; x_wconf 85' lang='lat' dir='ltr'><strong>meta</strong></span> <span class='ocrx_word' id='word_1_135' title='bbox 2268 714 2486 770; x_wconf 87' lang='lat' dir='ltr'><strong>semper</strong></span> <span class='ocrx_word' id='word_1_136' title='bbox 2534 702 2784 769; x_wconf 88' lang='lat' dir='ltr'><strong>habetur,</strong></span> <span class='ocrx_word' id='word_1_137' title='bbox 2831 707 2900 760; x_wconf 90' lang='lat' dir='ltr'><strong>ad</strong></span> <span class='ocrx_word' id='word_1_138' title='bbox 2945 721 3106 775; x_wconf 90' lang='lat' dir='ltr'><strong>quam</strong></span> <span class='ocrx_word' id='word_1_139' title='bbox 3153 708 3488 766; x_wconf 90' lang='lat' dir='ltr'><strong>festinamus.</strong></span> <span class='ocrx_word' id='word_1_140' title='bbox 3521 711 3656 767; x_wconf 76' lang='lat' dir='ltr'><strong>Hlttd</strong></span> 
     </span>
    </p>
   </div>
   <div class='ocr_carea' id='block_1_22' title="bbox 2087 790 3661 872">
    <p class='ocr_par' dir='ltr' id='par_1_22' title="bbox 2087 790 3661 872">
     <span class='ocr_line' id='line_1_23' title="bbox 2087 790 3661 872; baseline 0.012 -33"><span class='ocrx_word' id='word_1_141' title='bbox 2087 802 2300 856; x_wconf 88' lang='lat' dir='ltr'><strong>quoque</strong></span> <span class='ocrx_word' id='word_1_142' title='bbox 2333 790 2400 845; x_wconf 90' lang='lat' dir='ltr'><strong>ad</strong></span> <span class='ocrx_word' id='word_1_143' title='bbox 2441 790 2779 846; x_wconf 89' lang='lat' dir='ltr'><strong>allevandum</strong></span> <span class='ocrx_word' id='word_1_144' title='bbox 2824 795 3174 852; x_wconf 86' lang='lat' dir='ltr'><strong>districtionis</strong></span> <span class='ocrx_word' id='word_1_145' title='bbox 3212 801 3501 856; x_wconf 68' lang='lat' dir='ltr'><strong>eremiticae</strong></span> <span class='ocrx_word' id='word_1_146' title='bbox 3525 818 3661 872; x_wconf 85' lang='lat' dir='ltr'><strong>pon-</strong></span> 
     </span>
    </p>
   </div>
   <div class='ocr_carea' id='block_1_23' title="bbox 2089 876 3660 960">
    <p class='ocr_par' dir='ltr' id='par_1_23' title="bbox 2089 876 3660 960">
     <span class='ocr_line' id='line_1_24' title="bbox 2089 876 3660 960; baseline 0.012 -31"><span class='ocrx_word' id='word_1_147' title='bbox 2089 876 2188 932; x_wconf 90' lang='lat' dir='ltr'><strong>dus</strong></span> <span class='ocrx_word' id='word_1_148' title='bbox 2224 886 2340 931; x_wconf 91' lang='lat' dir='ltr'><strong>non</strong></span> <span class='ocrx_word' id='word_1_149' title='bbox 2383 879 2732 936; x_wconf 88' lang='lat' dir='ltr'><strong>mediocriter</strong></span> <span class='ocrx_word' id='word_1_150' title='bbox 2768 884 2982 952; x_wconf 87' lang='lat' dir='ltr'><strong>prolicit</strong></span> <span class='ocrx_word' id='word_1_151' title='bbox 3016 904 3029 938; x_wconf 91' lang='lat'><strong>:</strong></span> <span class='ocrx_word' id='word_1_152' title='bbox 3070 888 3114 941; x_wconf 91' lang='lat' dir='ltr'><strong>si</strong></span> <span class='ocrx_word' id='word_1_153' title='bbox 3155 888 3260 942; x_wconf 92' lang='lat' dir='ltr'><strong>cibi</strong></span> <span class='ocrx_word' id='word_1_154' title='bbox 3289 890 3554 960; x_wconf 86' lang='lat' dir='ltr'><strong>parcioris</strong></span> <span class='ocrx_word' id='word_1_155' title='bbox 3583 893 3660 947; x_wconf 89' lang='lat' dir='ltr'><strong>in-</strong></span> 
     </span>
    </p>
   </div>
   <div class='ocr_carea' id='block_1_24' title="bbox 2087 966 3653 1046">
    <p class='ocr_par' dir='ltr' id='par_1_24' title="bbox 2087 966 3653 1046">
     <span class='ocr_line' id='line_1_25' title="bbox 2087 966 3653 1046; baseline 0.012 -27"><span class='ocrx_word' id='word_1_156' title='bbox 2087 966 2290 1034; x_wconf 90' lang='lat' dir='ltr'><strong>opiam,</strong></span> <span class='ocrx_word' id='word_1_157' title='bbox 2319 977 2374 1023; x_wconf 91' lang='lat' dir='ltr'><strong>et</strong></span> <span class='ocrx_word' id='word_1_158' title='bbox 2415 978 2572 1038; x_wconf 89' lang='lat' dir='ltr'><strong>potus</strong></span> <span class='ocrx_word' id='word_1_159' title='bbox 2599 971 2932 1038; x_wconf 90' lang='lat' dir='ltr'><strong>ariditatem,</strong></span> <span class='ocrx_word' id='word_1_160' title='bbox 2963 976 3178 1046; x_wconf 87' lang='lat' dir='ltr'><strong>aliaque</strong></span> <span class='ocrx_word' id='word_1_161' title='bbox 3216 980 3473 1035; x_wconf 90' lang='lat' dir='ltr'><strong>nonnulla</strong></span> <span class='ocrx_word' id='word_1_162' title='bbox 3501 984 3653 1038; x_wconf 89' lang='lat' dir='ltr'><strong>carni</strong></span> 
     </span>
    </p>
   </div>
   <div class='ocr_carea' id='block_1_25' title="bbox 2089 1060 3654 1136">
    <p class='ocr_par' dir='ltr' id='par_1_25' title="bbox 2089 1060 3654 1136">
     <span class='ocr_line' id='line_1_26' title="bbox 2089 1060 3654 1136; baseline 0.012 -28"><span class='ocrx_word' id='word_1_163' title='bbox 2089 1060 2382 1122; x_wconf 91' lang='lat' dir='ltr'><strong>contraria,</strong></span> <span class='ocrx_word' id='word_1_164' title='bbox 2410 1061 2629 1114; x_wconf 87' lang='lat' dir='ltr'><strong>sibimet</strong></span> <span class='ocrx_word' id='word_1_165' title='bbox 2656 1062 2778 1130; x_wconf 90' lang='lat' dir='ltr'><strong>quis</strong></span> <span class='ocrx_word' id='word_1_166' title='bbox 2801 1065 2867 1117; x_wconf 90' lang='lat' dir='ltr'><strong>ad</strong></span> <span class='ocrx_word' id='word_1_167' title='bbox 2898 1072 3112 1136; x_wconf 85' lang='lat' dir='ltr'><strong>tempus</strong></span> <span class='ocrx_word' id='word_1_168' title='bbox 3137 1068 3343 1123; x_wconf 90' lang='lat' dir='ltr'><strong>indicit.</strong></span> <span class='ocrx_word' id='word_1_169' title='bbox 3373 1069 3508 1126; x_wconf 87' lang='lat' dir='ltr'><strong>Nam</strong></span> <span class='ocrx_word' id='word_1_170' title='bbox 3529 1088 3654 1127; x_wconf 92' lang='lat' dir='ltr'><strong>cum</strong></span> 
     </span>
    </p>
   </div>
   <div class='ocr_carea' id='block_1_26' title="bbox 2091 1149 3658 1222">
    <p class='ocr_par' dir='ltr' id='par_1_26' title="bbox 2091 1149 3658 1222">
     <span class='ocr_line' id='line_1_27' title="bbox 2091 1149 3658 1222; baseline 0.012 -23"><span class='ocrx_word' id='word_1_171' title='bbox 2091 1150 2429 1216; x_wconf 88' lang='lat' dir='ltr'><strong>postmodum</strong></span> <span class='ocrx_word' id='word_1_172' title='bbox 2475 1149 2542 1203; x_wconf 89' lang='lat' dir='ltr'><strong>ad</strong></span> <span class='ocrx_word' id='word_1_173' title='bbox 2589 1163 2848 1207; x_wconf 90' lang='lat' dir='ltr'><strong>consueta</strong></span> <span class='ocrx_word' id='word_1_174' title='bbox 2891 1157 3203 1222; x_wconf 89' lang='lat' dir='ltr'><strong>revertitur,</strong></span> <span class='ocrx_word' id='word_1_175' title='bbox 3255 1162 3658 1218; x_wconf 88' lang='lat' dir='ltr'><strong>consuetudinis</strong></span> 
     </span>
    </p>
   </div>
   <div class='ocr_carea' id='block_1_27' title="bbox 2090 1236 3661 1307">
    <p class='ocr_par' dir='ltr' id='par_1_27' title="bbox 2090 1236 3661 1307">
     <span class='ocr_line' id='line_1_28' title="bbox 2090 1236 3661 1307; baseline 0.011 -19"><span class='ocrx_word' id='word_1_176' title='bbox 2090 1236 2366 1306; x_wconf 89' lang='lat' dir='ltr'><strong>regulam,</strong></span> <span class='ocrx_word' id='word_1_177' title='bbox 2439 1240 2774 1296; x_wconf 85' lang='lat' dir='ltr'><strong>remissionis</strong></span> <span class='ocrx_word' id='word_1_178' title='bbox 2826 1242 3198 1299; x_wconf 86' lang='lat' dir='ltr'><strong>lassitudinem</strong></span> <span class='ocrx_word' id='word_1_179' title='bbox 3245 1249 3661 1307; x_wconf 76' lang='lat' dir='ltr'><strong>arbitraturzct</strong></span> 
     </span>
    </p>
   </div>
   <div class='ocr_carea' id='block_1_28' title="bbox 2089 1328 3658 1398">
    <p class='ocr_par' dir='ltr' id='par_1_28' title="bbox 2089 1328 3658 1398">
     <span class='ocr_line' id='line_1_29' title="bbox 2089 1328 3658 1398; baseline 0.011 -18"><span class='ocrx_word' id='word_1_180' title='bbox 2089 1328 2374 1384; x_wconf 88' lang='lat' dir='ltr'><strong>collatione</strong></span> <span class='ocrx_word' id='word_1_181' title='bbox 2403 1332 2632 1398; x_wconf 89' lang='lat' dir='ltr'><strong>quadam</strong></span> <span class='ocrx_word' id='word_1_182' title='bbox 2665 1329 2824 1396; x_wconf 90' lang='lat' dir='ltr'><strong>facta,</strong></span> <span class='ocrx_word' id='word_1_183' title='bbox 2852 1335 3056 1390; x_wconf 89' lang='lat' dir='ltr'><strong>lucrum</strong></span> <span class='ocrx_word' id='word_1_184' title='bbox 3085 1353 3212 1392; x_wconf 90' lang='lat' dir='ltr'><strong>caro</strong></span> <span class='ocrx_word' id='word_1_185' title='bbox 3241 1355 3346 1394; x_wconf 92' lang='lat' dir='ltr'><strong>non</strong></span> <span class='ocrx_word' id='word_1_186' title='bbox 3378 1342 3658 1397; x_wconf 86' lang='lat' dir='ltr'><strong>minimum</strong></span> 
     </span>
    </p>
   </div>
   <div class='ocr_carea' id='block_1_29' title="bbox 2089 1417 3656 1494">
    <p class='ocr_par' dir='ltr' id='par_1_29' title="bbox 2089 1417 3656 1494">
     <span class='ocr_line' id='line_1_30' title="bbox 2089 1417 3656 1494; baseline 0.011 -23"><span class='ocrx_word' id='word_1_187' title='bbox 2089 1417 2332 1488; x_wconf 88' lang='lat' dir='ltr'><strong>deputat,</strong></span> <span class='ocrx_word' id='word_1_188' title='bbox 2360 1421 2446 1475; x_wconf 86' lang='lat' dir='ltr'><strong>bis</strong></span> <span class='ocrx_word' id='word_1_189' title='bbox 2471 1421 2671 1492; x_wconf 90' lang='lat' dir='ltr'><strong>aliquid</strong></span> <span class='ocrx_word' id='word_1_190' title='bbox 2699 1423 2984 1493; x_wconf 89' lang='lat' dir='ltr'><strong>adjecisse,</strong></span> <span class='ocrx_word' id='word_1_191' title='bbox 3015 1426 3212 1494; x_wconf 87' lang='lat' dir='ltr'><strong>quibus</strong></span> <span class='ocrx_word' id='word_1_192' title='bbox 3243 1437 3372 1485; x_wconf 90' lang='lat' dir='ltr'><strong>tunc</strong></span> <span class='ocrx_word' id='word_1_193' title='bbox 3400 1442 3656 1488; x_wconf 85' lang='lat' dir='ltr'><strong>contenta</strong></span> 
     </span>
    </p>
   </div>
   <div class='ocr_carea' id='block_1_30' title="bbox 2088 1507 2323 1563">
    <p class='ocr_par' dir='ltr' id='par_1_30' title="bbox 2088 1507 2323 1563">
     <span class='ocr_line' id='line_1_31' title="bbox 2088 1507 2323 1563; baseline 0.009 -3"><span class='ocrx_word' id='word_1_194' title='bbox 2088 1507 2323 1563; x_wconf 87' lang='lat' dir='ltr'><strong>vivebat.</strong></span> 
     </span>
    </p>
   </div>
   <div class='ocr_carea' id='block_1_31' title="bbox 2643 1603 3094 1661">
    <p class='ocr_par' dir='ltr' id='par_1_31' title="bbox 2643 1603 3094 1661">
     <span class='ocr_line' id='line_1_32' title="bbox 2643 1603 3094 1661; baseline 0.007 -3"><span class='ocrx_word' id='word_1_195' title='bbox 2643 1603 2869 1659; x_wconf 77' lang='lat' dir='ltr'><strong>CAPUT</strong></span> <span class='ocrx_word' id='word_1_196' title='bbox 2903 1603 3094 1661; x_wconf 72' lang='lat' dir='ltr'><strong>XXVI.</strong></span> 
     </span>
    </p>
   </div>
   <div class='ocr_carea' id='block_1_32' title="bbox 2221 1690 3528 1769">
    <p class='ocr_par' dir='ltr' id='par_1_32' title="bbox 2221 1690 3528 1769">
     <span class='ocr_line' id='line_1_33' title="bbox 2221 1690 3528 1769; baseline 0.008 -24"><span class='ocrx_word' id='word_1_197' title='bbox 2221 1690 2495 1757; x_wconf 85' lang='lat' dir='ltr'><strong>Quomodo</strong></span> <span class='ocrx_word' id='word_1_198' title='bbox 2522 1691 2876 1763; x_wconf 79' lang='lat' dir='ltr'><strong>lacrymarum</strong></span> <span class='ocrx_word' id='word_1_199' title='bbox 2909 1698 3085 1766; x_wconf 85' lang='lat' dir='ltr'><strong>gratia</strong></span> <span class='ocrx_word' id='word_1_200' title='bbox 3114 1699 3274 1767; x_wconf 82' lang='lat' dir='ltr'><strong>possit</strong></span> <span class='ocrx_word' id='word_1_201' title='bbox 3307 1701 3528 1769; x_wconf 82' lang='lat' dir='ltr'><strong>acquiri.</strong></span> 
     </span>
    </p>
   </div>
   <div class='ocr_carea' id='block_1_33' title="bbox 410 1769 3659 1861">
    <p class='ocr_par' dir='ltr' id='par_1_33' title="bbox 410 1769 3659 1861">
     <span class='ocr_line' id='line_1_34' title="bbox 410 1769 3659 1861; baseline 0.007 -39"><span class='ocrx_word' id='word_1_202' title='bbox 410 1783 660 1838; x_wconf 87' lang='lat' dir='ltr'><strong>asperum</strong></span> <span class='ocrx_word' id='word_1_203' title='bbox 691 1779 746 1824; x_wconf 94' lang='lat' dir='ltr'><strong>et</strong></span> <span class='ocrx_word' id='word_1_204' title='bbox 774 1770 988 1824; x_wconf 89' lang='lat' dir='ltr'><strong>durum.</strong></span> <span class='ocrx_word' id='word_1_205' title='bbox 1017 1771 1186 1826; x_wconf 91' lang='lat' dir='ltr'><strong>Porro</strong></span> <span class='ocrx_word' id='word_1_206' title='bbox 1215 1772 1542 1830; x_wconf 82' lang='lat' dir='ltr'><strong>israeliticus</strong></span> <span class='ocrx_word' id='word_1_207' title='bbox 1567 1775 1658 1831; x_wconf 90' lang='lat' dir='ltr'><strong>ille</strong></span> <span class='ocrx_word' id='word_1_208' title='bbox 1680 1776 1906 1846; x_wconf 89' lang='lat' dir='ltr'><strong>populus</strong></span> <span class='ocrx_word' id='word_1_209' title='bbox 1933 1777 1985 1831; x_wconf 91' lang='lat' dir='ltr'><strong>in</strong></span> <span class='ocrx_word' id='word_1_210' title='bbox 2017 1769 2064 1826; x_wconf 89' lang='lat' dir='ltr'><strong>B</strong></span> <span class='ocrx_word' id='word_1_211' title='bbox 2161 1779 2266 1836; x_wconf 89' lang='lat' dir='ltr'><strong>Sed</strong></span> <span class='ocrx_word' id='word_1_212' title='bbox 2319 1783 2443 1852; x_wconf 89' lang='lat' dir='ltr'><strong>quia</strong></span> <span class='ocrx_word' id='word_1_213' title='bbox 2488 1783 2742 1853; x_wconf 83' lang='lat' dir='ltr'><strong>lacrymis</strong></span> <span class='ocrx_word' id='word_1_214' title='bbox 2791 1786 3147 1842; x_wconf 90' lang='lat' dir='ltr'><strong>insistendum</strong></span> <span class='ocrx_word' id='word_1_215' title='bbox 3197 1805 3318 1845; x_wconf 91' lang='lat' dir='ltr'><strong>esse</strong></span> <span class='ocrx_word' id='word_1_216' title='bbox 3360 1791 3659 1861; x_wconf 82' lang='lat' dir='ltr'><strong>docuimus,</strong></span> 
     </span>
    </p>
   </div>
   <div class='ocr_carea' id='block_1_34' title="bbox 409 1861 1968 1938">
    <p class='ocr_par' dir='ltr' id='par_1_34' title="bbox 409 1861 1968 1938">
     <span class='ocr_line' id='line_1_35' title="bbox 409 1861 1968 1938; baseline 0.005 -25"><span class='ocrx_word' id='word_1_217' title='bbox 409 1861 666 1914; x_wconf 84' lang='lat' dir='ltr'><strong>vastitate</strong></span> <span class='ocrx_word' id='word_1_218' title='bbox 707 1861 882 1916; x_wconf 92' lang='lat' dir='ltr'><strong>eremi</strong></span> <span class='ocrx_word' id='word_1_219' title='bbox 932 1864 1278 1929; x_wconf 86' lang='lat' dir='ltr'><strong>constitutus,</strong></span> <span class='ocrx_word' id='word_1_220' title='bbox 1325 1880 1450 1920; x_wconf 92' lang='lat' dir='ltr'><strong>cum</strong></span> <span class='ocrx_word' id='word_1_221' title='bbox 1488 1874 1544 1921; x_wconf 90' lang='lat' dir='ltr'><strong>et</strong></span> <span class='ocrx_word' id='word_1_222' title='bbox 1589 1866 1643 1920; x_wconf 92' lang='lat' dir='ltr'><strong>in</strong></span> <span class='ocrx_word' id='word_1_223' title='bbox 1673 1866 1968 1938; x_wconf 67' lang='lat' dir='ltr'><strong>Egyptum</strong></span> 
     </span>
    </p>
   </div>
   <div class='ocr_carea' id='block_1_35' title="bbox 404 1952 1984 2028">
    <p class='ocr_par' dir='ltr' id='par_1_35' title="bbox 404 1952 1984 2028">
     <span class='ocr_line' id='line_1_36' title="bbox 404 1952 1984 2028; baseline 0.005 -22"><span class='ocrx_word' id='word_1_224' title='bbox 404 1953 513 2022; x_wconf 84' lang='lat' dir='ltr'><strong>jam</strong></span> <span class='ocrx_word' id='word_1_225' title='bbox 547 1952 724 2008; x_wconf 90' lang='lat' dir='ltr'><strong>redire</strong></span> <span class='ocrx_word' id='word_1_226' title='bbox 753 1969 858 2008; x_wconf 88' lang='lat' dir='ltr'><strong>non</strong></span> <span class='ocrx_word' id='word_1_227' title='bbox 889 1965 1090 2024; x_wconf 87' lang='lat' dir='ltr'><strong>posset,</strong></span> <span class='ocrx_word' id='word_1_228' title='bbox 1121 1967 1177 2010; x_wconf 90' lang='lat' dir='ltr'><strong>et</strong></span> <span class='ocrx_word' id='word_1_229' title='bbox 1205 1957 1380 2012; x_wconf 87' lang='lat' dir='ltr'><strong>adhuc</strong></span> <span class='ocrx_word' id='word_1_230' title='bbox 1407 1957 1727 2028; x_wconf 89' lang='lat' dir='ltr'><strong>promissam</strong></span> <span class='ocrx_word' id='word_1_231' title='bbox 1764 1961 1984 2024; x_wconf 85' lang='lat' dir='ltr'><strong>terram,</strong></span> 
     </span>
    </p>
   </div>
   <div class='ocr_carea' id='block_1_36' title="bbox 412 2045 1986 2115">
    <p class='ocr_par' dir='ltr' id='par_1_36' title="bbox 412 2045 1986 2115">
     <span class='ocr_line' id='line_1_37' title="bbox 412 2045 1986 2115; baseline 0.005 -17"><span class='ocrx_word' id='word_1_232' title='bbox 412 2045 621 2099; x_wconf 88' lang='lat' dir='ltr'><strong>meritis</strong></span> <span class='ocrx_word' id='word_1_233' title='bbox 643 2045 1119 2113; x_wconf 67' lang='lat' dir='ltr'><strong>prtepedientibus,</strong></span> <span class='ocrx_word' id='word_1_234' title='bbox 1148 2063 1253 2103; x_wconf 93' lang='lat' dir='ltr'><strong>non</strong></span> <span class='ocrx_word' id='word_1_235' title='bbox 1286 2049 1514 2105; x_wconf 86' lang='lat' dir='ltr'><strong>intraret</strong></span> <span class='ocrx_word' id='word_1_236' title='bbox 1539 2066 1554 2115; x_wconf 89' lang='lat'><strong>;</strong></span> <span class='ocrx_word' id='word_1_237' title='bbox 1585 2050 1786 2106; x_wconf 90' lang='lat' dir='ltr'><strong>laboris</strong></span> <span class='ocrx_word' id='word_1_238' title='bbox 1815 2060 1868 2106; x_wconf 94' lang='lat' dir='ltr'><strong>ct</strong></span> <span class='ocrx_word' id='word_1_239' title='bbox 1897 2053 1986 2106; x_wconf 89' lang='lat' dir='ltr'><strong>iti-</strong></span> 
     </span>
    </p>
   </div>
   <div class='ocr_carea' id='block_1_37' title="bbox 415 2136 1988 2212">
    <p class='ocr_par' dir='ltr' id='par_1_37' title="bbox 415 2136 1988 2212">
     <span class='ocr_line' id='line_1_38' title="bbox 415 2136 1988 2212; baseline 0.006 -24"><span class='ocrx_word' id='word_1_240' title='bbox 415 2136 561 2190; x_wconf 88' lang='lat' dir='ltr'><strong>neris</strong></span> <span class='ocrx_word' id='word_1_241' title='bbox 626 2136 842 2190; x_wconf 79' lang='lat' dir='ltr'><strong>taedium</strong></span> <span class='ocrx_word' id='word_1_242' title='bbox 873 2176 886 2200; x_wconf 88' lang='lat'><strong>,</strong></span> <span class='ocrx_word' id='word_1_243' title='bbox 943 2138 1278 2208; x_wconf 56' lang='lat' dir='ltr'><strong>diversaque</strong></span> <span class='ocrx_word' id='word_1_244' title='bbox 1357 2142 1698 2196; x_wconf 85' lang='lat' dir='ltr'><strong>necessitatis</strong></span> <span class='ocrx_word' id='word_1_245' title='bbox 1751 2143 1988 2212; x_wconf 79' lang='lat' dir='ltr'><strong>impiam</strong></span> 
     </span>
    </p>
   </div>
   <div class='ocr_carea' id='block_1_38' title="bbox 408 2227 1994 2301">
    <p class='ocr_par' dir='ltr' id='par_1_38' title="bbox 408 2227 1994 2301">
     <span class='ocr_line' id='line_1_39' title="bbox 408 2227 1994 2301; baseline 0.006 -23"><span class='ocrx_word' id='word_1_246' title='bbox 408 2234 632 2279; x_wconf 90' lang='lat' dir='ltr'><strong>coactus</strong></span> <span class='ocrx_word' id='word_1_247' title='bbox 671 2235 755 2280; x_wconf 82' lang='lat' dir='ltr'><strong>est</strong></span> <span class='ocrx_word' id='word_1_248' title='bbox 805 2227 1074 2282; x_wconf 90' lang='lat' dir='ltr'><strong>sustinere</strong></span> <span class='ocrx_word' id='word_1_249' title='bbox 1131 2229 1373 2301; x_wconf 77' lang='lat' dir='ltr'><strong>(Exod.).</strong></span> <span class='ocrx_word' id='word_1_250' title='bbox 1441 2230 1532 2285; x_wconf 91' lang='lat' dir='ltr'><strong>Sic</strong></span> <span class='ocrx_word' id='word_1_251' title='bbox 1584 2232 1860 2296; x_wconf 87' lang='lat' dir='ltr'><strong>nimirum,</strong></span> <span class='ocrx_word' id='word_1_252' title='bbox 1908 2234 1994 2287; x_wconf 79' lang='lat' dir='ltr'><strong>sic</strong></span> 
     </span>
    </p>
   </div>
   <div class='ocr_carea' id='block_1_39' title="bbox 407 2310 1986 2392">
    <p class='ocr_par' dir='ltr' id='par_1_39' title="bbox 407 2310 1986 2392">
     <span class='ocr_line' id='line_1_40' title="bbox 407 2310 1986 2392; baseline 0.006 -26"><span class='ocrx_word' id='word_1_253' title='bbox 407 2315 652 2384; x_wconf 83' lang='lat' dir='ltr'><strong>quisquis</strong></span> <span class='ocrx_word' id='word_1_254' title='bbox 712 2318 1050 2372; x_wconf 85' lang='lat' dir='ltr'><strong>tenebrosam</strong></span> <span class='ocrx_word' id='word_1_255' title='bbox 1109 2320 1291 2374; x_wconf 79' lang='lat' dir='ltr'><strong>mutuli</strong></span> <span class='ocrx_word' id='word_1_256' title='bbox 1364 2310 1522 2391; x_wconf 79' lang='lat' dir='ltr'><strong>ltujtts</strong></span> <span class='ocrx_word' id='word_1_257' title='bbox 1579 2321 1691 2392; x_wconf 88' lang='lat' dir='ltr'><strong>jam</strong></span> <span class='ocrx_word' id='word_1_258' title='bbox 1749 2321 1986 2377; x_wconf 88' lang='lat' dir='ltr'><strong>latitudi-</strong></span> 
     </span>
    </p>
   </div>
   <div class='ocr_carea' id='block_1_40' title="bbox 410 2407 1987 2482">
    <p class='ocr_par' dir='ltr' id='par_1_40' title="bbox 410 2407 1987 2482">
     <span class='ocr_line' id='line_1_41' title="bbox 410 2407 1987 2482; baseline 0.006 -25"><span class='ocrx_word' id='word_1_259' title='bbox 410 2420 530 2458; x_wconf 85' lang='lat' dir='ltr'><strong>nem</strong></span> <span class='ocrx_word' id='word_1_260' title='bbox 591 2407 823 2476; x_wconf 87' lang='lat' dir='ltr'><strong>sprevit;</strong></span> <span class='ocrx_word' id='word_1_261' title='bbox 879 2409 974 2463; x_wconf 88' lang='lat' dir='ltr'><strong>sed</strong></span> <span class='ocrx_word' id='word_1_262' title='bbox 1031 2410 1204 2464; x_wconf 88' lang='lat' dir='ltr'><strong>adhuc</strong></span> <span class='ocrx_word' id='word_1_263' title='bbox 1270 2419 1446 2466; x_wconf 85' lang='lat' dir='ltr'><strong>tamen</strong></span> <span class='ocrx_word' id='word_1_264' title='bbox 1510 2414 1578 2468; x_wconf 88' lang='lat' dir='ltr'><strong>ad</strong></span> <span class='ocrx_word' id='word_1_265' title='bbox 1640 2412 1987 2482; x_wconf 84' lang='lat' dir='ltr'><strong>perfectionis</strong></span> 
     </span>
    </p>
   </div>
   <div class='ocr_carea' id='block_1_41' title="bbox 407 2497 1983 2573">
    <p class='ocr_par' dir='ltr' id='par_1_41' title="bbox 407 2497 1983 2573">
     <span class='ocr_line' id='line_1_42' title="bbox 407 2497 1983 2573; baseline 0.003 -22"><span class='ocrx_word' id='word_1_266' title='bbox 407 2497 665 2562; x_wconf 84' lang='lat' dir='ltr'><strong>culmen,</strong></span> <span class='ocrx_word' id='word_1_267' title='bbox 725 2501 960 2568; x_wconf 89' lang='lat' dir='ltr'><strong>torporis</strong></span> <span class='ocrx_word' id='word_1_268' title='bbox 1017 2503 1273 2556; x_wconf 87' lang='lat' dir='ltr'><strong>astrictus</strong></span> <span class='ocrx_word' id='word_1_269' title='bbox 1326 2503 1535 2573; x_wconf 75' lang='lat' dir='ltr'><strong>ignavia</strong></span> <span class='ocrx_word' id='word_1_270' title='bbox 1589 2518 1696 2558; x_wconf 92' lang='lat' dir='ltr'><strong>non</strong></span> <span class='ocrx_word' id='word_1_271' title='bbox 1747 2503 1983 2572; x_wconf 89' lang='lat' dir='ltr'><strong>aspirat:</strong></span> 
     </span>
    </p>
   </div>
   <div class='ocr_carea' id='block_1_42' title="bbox 408 2588 1987 2662">
    <p class='ocr_par' dir='ltr' id='par_1_42' title="bbox 408 2588 1987 2662">
     <span class='ocr_line' id='line_1_43' title="bbox 408 2588 1987 2662; baseline 0.004 -21"><span class='ocrx_word' id='word_1_272' title='bbox 408 2588 606 2642; x_wconf 86' lang='lat' dir='ltr'><strong>multas</strong></span> <span class='ocrx_word' id='word_1_273' title='bbox 639 2604 1024 2656; x_wconf 71' lang='lat' dir='ltr'><strong>mrumnarum.</strong></span> <span class='ocrx_word' id='word_1_274' title='bbox 1053 2591 1404 2662; x_wconf 85' lang='lat' dir='ltr'><strong>laborumque</strong></span> <span class='ocrx_word' id='word_1_275' title='bbox 1454 2593 1726 2648; x_wconf 88' lang='lat' dir='ltr'><strong>molestias</strong></span> <span class='ocrx_word' id='word_1_276' title='bbox 1767 2609 1987 2650; x_wconf 89' lang='lat' dir='ltr'><strong>necesse</strong></span> 
     </span>
    </p>
   </div>
   <div class='ocr_carea' id='block_1_43' title="bbox 405 2679 1987 2753">
    <p class='ocr_par' dir='ltr' id='par_1_43' title="bbox 405 2679 1987 2753">
     <span class='ocr_line' id='line_1_44' title="bbox 405 2679 1987 2753; baseline 0.004 -21"><span class='ocrx_word' id='word_1_277' title='bbox 405 2687 487 2732; x_wconf 86' lang='lat' dir='ltr'><strong>est</strong></span> <span class='ocrx_word' id='word_1_278' title='bbox 525 2679 801 2747; x_wconf 81' lang='lat' dir='ltr'><strong>perferat:</strong></span> <span class='ocrx_word' id='word_1_279' title='bbox 835 2691 1021 2751; x_wconf 88' lang='lat' dir='ltr'><strong>utpote</strong></span> <span class='ocrx_word' id='word_1_280' title='bbox 1059 2683 1199 2738; x_wconf 90' lang='lat' dir='ltr'><strong>inter</strong></span> <span class='ocrx_word' id='word_1_281' title='bbox 1245 2694 1532 2753; x_wconf 89' lang='lat' dir='ltr'><strong>utrumque</strong></span> <span class='ocrx_word' id='word_1_282' title='bbox 1568 2685 1890 2746; x_wconf 80' lang='lat' dir='ltr'><strong>consistens,</strong></span> <span class='ocrx_word' id='word_1_283' title='bbox 1931 2694 1987 2739; x_wconf 90' lang='lat' dir='ltr'><strong>et</strong></span> 
     </span>
    </p>
   </div>
   <div class='ocr_carea' id='block_1_44' title="bbox 414 2772 1986 2846">
    <p class='ocr_par' dir='ltr' id='par_1_44' title="bbox 414 2772 1986 2846">
     <span class='ocr_line' id='line_1_45' title="bbox 414 2772 1986 2846; baseline 0.004 -23"><span class='ocrx_word' id='word_1_284' title='bbox 414 2772 698 2826; x_wconf 68' lang='lat' dir='ltr'><strong>mundmm</strong></span> <span class='ocrx_word' id='word_1_285' title='bbox 763 2775 1141 2842; x_wconf 86' lang='lat' dir='ltr'><strong>prosperitatis</strong></span> <span class='ocrx_word' id='word_1_286' title='bbox 1201 2775 1561 2846; x_wconf 84' lang='lat' dir='ltr'><strong>qualicunque</strong></span> <span class='ocrx_word' id='word_1_287' title='bbox 1619 2778 1986 2831; x_wconf 86' lang='lat' dir='ltr'><strong>consolatione</strong></span> 
     </span>
    </p>
   </div>
   <div class='ocr_carea' id='block_1_45' title="bbox 409 2865 1987 2938">
    <p class='ocr_par' dir='ltr' id='par_1_45' title="bbox 409 2865 1987 2938">
     <span class='ocr_line' id='line_1_46' title="bbox 409 2865 1987 2938; baseline 0.005 -22"><span class='ocrx_word' id='word_1_288' title='bbox 409 2879 511 2917; x_wconf 91' lang='lat' dir='ltr'><strong>non</strong></span> <span class='ocrx_word' id='word_1_289' title='bbox 542 2865 731 2928; x_wconf 90' lang='lat' dir='ltr'><strong>utitur,</strong></span> <span class='ocrx_word' id='word_1_290' title='bbox 757 2875 809 2920; x_wconf 94' lang='lat' dir='ltr'><strong>et</strong></span> <span class='ocrx_word' id='word_1_291' title='bbox 841 2876 1018 2921; x_wconf 89' lang='lat' dir='ltr'><strong>tamen</strong></span> <span class='ocrx_word' id='word_1_292' title='bbox 1043 2869 1220 2923; x_wconf 83' lang='lat' dir='ltr'><strong>adhuc</strong></span> <span class='ocrx_word' id='word_1_293' title='bbox 1244 2884 1489 2938; x_wconf 65' lang='lat' dir='ltr'><strong>superate</strong></span> <span class='ocrx_word' id='word_1_294' title='bbox 1515 2869 1987 2938; x_wconf 78' lang='lat' dir='ltr'><strong>contemplationis</strong></span> 
     </span>
    </p>
   </div>
   <div class='ocr_carea' id='block_1_46' title="bbox 409 2955 1983 3030">
    <p class='ocr_par' dir='ltr' id='par_1_46' title="bbox 409 2955 1983 3030">
     <span class='ocr_line' id='line_1_47' title="bbox 409 2955 1983 3030; baseline 0.004 -23"><span class='ocrx_word' id='word_1_295' title='bbox 409 2955 609 3011; x_wconf 86' lang='lat' dir='ltr'><strong>lumine</strong></span> <span class='ocrx_word' id='word_1_296' title='bbox 664 2959 865 3027; x_wconf 79' lang='lat' dir='ltr'><strong>perfrui</strong></span> <span class='ocrx_word' id='word_1_297' title='bbox 915 2976 1021 3014; x_wconf 94' lang='lat' dir='ltr'><strong>non</strong></span> <span class='ocrx_word' id='word_1_298' title='bbox 1072 2971 1332 3016; x_wconf 89' lang='lat' dir='ltr'><strong>meretur.</strong></span> <span class='ocrx_word' id='word_1_299' title='bbox 1387 2962 1432 3016; x_wconf 78' lang='grc' dir='ltr'><strong>Α</strong></span> <span class='ocrx_word' id='word_1_300' title='bbox 1481 2961 1682 3016; x_wconf 89' lang='lat' dir='ltr'><strong>mundo</strong></span> <span class='ocrx_word' id='word_1_301' title='bbox 1719 2962 1983 3030; x_wconf 83' lang='lat' dir='ltr'><strong>siquidem</strong></span> 
     </span>
    </p>
   </div>
   <div class='ocr_carea' id='block_1_47' title="bbox 407 3047 1980 3120">
    <p class='ocr_par' dir='ltr' id='par_1_47' title="bbox 407 3047 1980 3120">
     <span class='ocr_line' id='line_1_48' title="bbox 407 3047 1980 3120; baseline 0.003 -21"><span class='ocrx_word' id='word_1_302' title='bbox 407 3047 604 3100; x_wconf 85' lang='lat' dir='ltr'><strong>avertit</strong></span> <span class='ocrx_word' id='word_1_303' title='bbox 650 3049 855 3115; x_wconf 79' lang='lat' dir='ltr'><strong>Oculos,</strong></span> <span class='ocrx_word' id='word_1_304' title='bbox 884 3066 1045 3118; x_wconf 86' lang='lat' dir='ltr'><strong>quem</strong></span> <span class='ocrx_word' id='word_1_305' title='bbox 1099 3052 1355 3120; x_wconf 71' lang='lat' dir='ltr'><strong>reliquit;</strong></span> <span class='ocrx_word' id='word_1_306' title='bbox 1417 3061 1473 3105; x_wconf 89' lang='lat' dir='ltr'><strong>et</strong></span> <span class='ocrx_word' id='word_1_307' title='bbox 1525 3051 1707 3106; x_wconf 91' lang='lat' dir='ltr'><strong>lumen</strong></span> <span class='ocrx_word' id='word_1_308' title='bbox 1753 3053 1980 3105; x_wconf 88' lang='lat' dir='ltr'><strong>necdum</strong></span> 
     </span>
    </p>
   </div>
   <div class='ocr_carea' id='block_1_48' title="bbox 2089 1869 3660 1953">
    <p class='ocr_par' dir='ltr' id='par_1_48' title="bbox 2089 1869 3660 1953">
     <span class='ocr_line' id='line_1_49' title="bbox 2089 1869 3660 1953; baseline 0.007 -26"><span class='ocrx_word' id='word_1_309' title='bbox 2089 1881 2483 1941; x_wconf 89' lang='lat' dir='ltr'><strong>consequenter</strong></span> <span class='ocrx_word' id='word_1_310' title='bbox 2511 1875 2673 1930; x_wconf 89' lang='lat' dir='ltr'><strong>etiam</strong></span> <span class='ocrx_word' id='word_1_311' title='bbox 2699 1869 2970 1945; x_wconf 78' lang='lat' dir='ltr'><strong>quomodo</strong></span> <span class='ocrx_word' id='word_1_312' title='bbox 3000 1879 3065 1932; x_wconf 90' lang='lat' dir='ltr'><strong>ad</strong></span> <span class='ocrx_word' id='word_1_313' title='bbox 3093 1879 3265 1948; x_wconf 89' lang='lat' dir='ltr'><strong>ipsam</strong></span> <span class='ocrx_word' id='word_1_314' title='bbox 3297 1881 3660 1953; x_wconf 80' lang='lat' dir='ltr'><strong>lacrymarum</strong></span> 
     </span>
    </p>
   </div>
   <div class='ocr_carea' id='block_1_49' title="bbox 2089 1965 3657 2042">
    <p class='ocr_par' dir='ltr' id='par_1_49' title="bbox 2089 1965 3657 2042">
     <span class='ocr_line' id='line_1_50' title="bbox 2089 1965 3657 2042; baseline 0.008 -26"><span class='ocrx_word' id='word_1_315' title='bbox 2089 1965 2320 2033; x_wconf 75' lang='lat' dir='ltr'><strong>gratiam</strong></span> <span class='ocrx_word' id='word_1_316' title='bbox 2347 1965 2520 2034; x_wconf 86' lang='lat' dir='ltr'><strong>possit</strong></span> <span class='ocrx_word' id='word_1_317' title='bbox 2545 1966 2758 2034; x_wconf 80' lang='lat' dir='ltr'><strong>attingi,</strong></span> <span class='ocrx_word' id='word_1_318' title='bbox 2791 1976 2950 2037; x_wconf 89' lang='lat' dir='ltr'><strong>prout</strong></span> <span class='ocrx_word' id='word_1_319' title='bbox 2975 1981 3164 2024; x_wconf 88' lang='lat' dir='ltr'><strong>earum</strong></span> <span class='ocrx_word' id='word_1_320' title='bbox 3202 1970 3426 2042; x_wconf 89' lang='lat' dir='ltr'><strong>largitor</strong></span> <span class='ocrx_word' id='word_1_321' title='bbox 3450 1971 3657 2028; x_wconf 48' lang='lat' dir='ltr'><strong>infude&#39;</strong></span> 
     </span>
    </p>
   </div>
   <div class='ocr_carea' id='block_1_50' title="bbox 2089 2053 3661 2132">
    <p class='ocr_par' dir='ltr' id='par_1_50' title="bbox 2089 2053 3661 2132">
     <span class='ocr_line' id='line_1_51' title="bbox 2089 2053 3661 2132; baseline 0.008 -26"><span class='ocrx_word' id='word_1_322' title='bbox 2089 2053 2184 2117; x_wconf 87' lang='lat' dir='ltr'><strong>rit,</strong></span> <span class='ocrx_word' id='word_1_323' title='bbox 2239 2055 2477 2108; x_wconf 88' lang='lat' dir='ltr'><strong>breviter</strong></span> <span class='ocrx_word' id='word_1_324' title='bbox 2525 2057 2854 2112; x_wconf 90' lang='lat' dir='ltr'><strong>intimemus.</strong></span> <span class='ocrx_word' id='word_1_325' title='bbox 2904 2058 3163 2130; x_wconf 88' lang='lat' dir='ltr'><strong>Quisquis</strong></span> <span class='ocrx_word' id='word_1_326' title='bbox 3215 2076 3345 2132; x_wconf 90' lang='lat' dir='ltr'><strong>ergo</strong></span> <span class='ocrx_word' id='word_1_327' title='bbox 3396 2077 3503 2118; x_wconf 91' lang='lat' dir='ltr'><strong>non</strong></span> <span class='ocrx_word' id='word_1_328' title='bbox 3551 2073 3661 2118; x_wconf 88' lang='lat' dir='ltr'><strong>tam</strong></span> 
     </span>
    </p>
   </div>
   <div class='ocr_carea' id='block_1_51' title="bbox 2091 2142 3662 2221">
    <p class='ocr_par' dir='ltr' id='par_1_51' title="bbox 2091 2142 3662 2221">
     <span class='ocr_line' id='line_1_52' title="bbox 2091 2142 3662 2221; baseline 0.009 -27"><span class='ocrx_word' id='word_1_329' title='bbox 2091 2142 2245 2196; x_wconf 87' lang='lat' dir='ltr'><strong>arido</strong></span> <span class='ocrx_word' id='word_1_330' title='bbox 2276 2143 2440 2198; x_wconf 92' lang='lat' dir='ltr'><strong>corde</strong></span> <span class='ocrx_word' id='word_1_331' title='bbox 2481 2158 2734 2211; x_wconf 61' lang='lat' dir='ltr'><strong>maerere,</strong></span> <span class='ocrx_word' id='word_1_332' title='bbox 2782 2161 2944 2215; x_wconf 91' lang='lat' dir='ltr'><strong>quam</strong></span> <span class='ocrx_word' id='word_1_333' title='bbox 2991 2157 3048 2202; x_wconf 93' lang='lat' dir='ltr'><strong>et</strong></span> <span class='ocrx_word' id='word_1_334' title='bbox 3090 2149 3450 2221; x_wconf 88' lang='lat' dir='ltr'><strong>lacrymarum</strong></span> <span class='ocrx_word' id='word_1_335' title='bbox 3500 2152 3662 2208; x_wconf 85' lang='lat' dir='ltr'><strong>inun-</strong></span> 
     </span>
    </p>
   </div>
   <div class='ocr_carea' id='block_1_52' title="bbox 2087 2231 3661 2310">
    <p class='ocr_par' dir='ltr' id='par_1_52' title="bbox 2087 2231 3661 2310">
     <span class='ocr_line' id='line_1_53' title="bbox 2087 2231 3661 2310; baseline 0.008 -26"><span class='ocrx_word' id='word_1_336' title='bbox 2087 2231 2272 2285; x_wconf 90' lang='lat' dir='ltr'><strong>dantia</strong></span> <span class='ocrx_word' id='word_1_337' title='bbox 2310 2234 2511 2301; x_wconf 81' lang='lat' dir='ltr'><strong>quaeris</strong></span> <span class='ocrx_word' id='word_1_338' title='bbox 2541 2234 2801 2302; x_wconf 85' lang='lat' dir='ltr'><strong>affluere;</strong></span> <span class='ocrx_word' id='word_1_339' title='bbox 2836 2251 2944 2290; x_wconf 91' lang='lat' dir='ltr'><strong>non</strong></span> <span class='ocrx_word' id='word_1_340' title='bbox 2974 2239 3134 2292; x_wconf 91' lang='lat' dir='ltr'><strong>modo</strong></span> <span class='ocrx_word' id='word_1_341' title='bbox 3165 2248 3218 2293; x_wconf 93' lang='lat' dir='ltr'><strong>te</strong></span> <span class='ocrx_word' id='word_1_342' title='bbox 3244 2254 3274 2294; x_wconf 90' lang='lat' dir='ltr'><strong>a</strong></span> <span class='ocrx_word' id='word_1_343' title='bbox 3311 2241 3537 2310; x_wconf 83' lang='lat' dir='ltr'><strong>strepitu</strong></span> <span class='ocrx_word' id='word_1_344' title='bbox 3566 2257 3661 2296; x_wconf 81' lang='lat' dir='ltr'><strong>ne-</strong></span> 
     </span>
    </p>
   </div>
   <div class='ocr_carea' id='block_1_53' title="bbox 2088 2321 3663 2401">
    <p class='ocr_par' dir='ltr' id='par_1_53' title="bbox 2088 2321 3663 2401">
     <span class='ocr_line' id='line_1_54' title="bbox 2088 2321 3663 2401; baseline 0.009 -27"><span class='ocrx_word' id='word_1_345' title='bbox 2088 2323 2356 2390; x_wconf 87' lang='lat' dir='ltr'><strong>gotiorum</strong></span> <span class='ocrx_word' id='word_1_346' title='bbox 2405 2321 2747 2398; x_wconf 63' lang='lat' dir='ltr'><strong>saecularium</strong></span> <span class='ocrx_word' id='word_1_347' title='bbox 2792 2343 3032 2393; x_wconf 91' lang='lat' dir='ltr'><strong>remove,</strong></span> <span class='ocrx_word' id='word_1_348' title='bbox 3083 2328 3175 2384; x_wconf 90' lang='lat' dir='ltr'><strong>sed</strong></span> <span class='ocrx_word' id='word_1_349' title='bbox 3203 2328 3480 2386; x_wconf 90' lang='lat' dir='ltr'><strong>afraterni</strong></span> <span class='ocrx_word' id='word_1_350' title='bbox 3520 2345 3663 2401; x_wconf 67' lang='lat' dir='ltr'><strong>saepe</strong></span> 
     </span>
    </p>
   </div>
   <div class='ocr_carea' id='block_1_54' title="bbox 2088 2411 3662 2484">
    <p class='ocr_par' dir='ltr' id='par_1_54' title="bbox 2088 2411 3662 2484">
     <span class='ocr_line' id='line_1_55' title="bbox 2088 2411 3662 2484; baseline 0.004 -17"><span class='ocrx_word' id='word_1_351' title='bbox 2088 2411 2344 2481; x_wconf 85' lang='lat' dir='ltr'><strong>colloquii</strong></span> <span class='ocrx_word' id='word_1_352' title='bbox 2379 2422 2567 2466; x_wconf 89' lang='lat' dir='ltr'><strong>mutua</strong></span> <span class='ocrx_word' id='word_1_353' title='bbox 2615 2422 2666 2467; x_wconf 93' lang='lat' dir='ltr'><strong>te</strong></span> <span class='ocrx_word' id='word_1_354' title='bbox 2707 2413 3039 2468; x_wconf 89' lang='lat' dir='ltr'><strong>fabulatione</strong></span> <span class='ocrx_word' id='word_1_355' title='bbox 3057 2433 3344 2484; x_wconf 79' lang='lat' dir='ltr'><strong>compesce</strong></span> <span class='ocrx_word' id='word_1_356' title='bbox 3371 2437 3384 2470; x_wconf 90' lang='lat'>:</span> <span class='ocrx_word' id='word_1_357' title='bbox 3415 2435 3605 2474; x_wconf 88' lang='lat' dir='ltr'><strong>onmes</strong></span> <span class='ocrx_word' id='word_1_358' title='bbox 3629 2435 3662 2474; x_wconf 88' lang='lat' dir='ltr'><strong>a</strong></span> 
     </span>
    </p>
   </div>
   <div class='ocr_carea' id='block_1_55' title="bbox 2089 2503 3664 2580">
    <p class='ocr_par' dir='ltr' id='par_1_55' title="bbox 2089 2503 3664 2580">
     <span class='ocr_line' id='line_1_56' title="bbox 2089 2503 3664 2580; baseline 0.003 -24"><span class='ocrx_word' id='word_1_359' title='bbox 2089 2512 2143 2558; x_wconf 93' lang='lat' dir='ltr'><strong>te</strong></span> <span class='ocrx_word' id='word_1_360' title='bbox 2166 2503 2451 2558; x_wconf 69' lang='lat' dir='ltr'><strong>mundana:</strong></span> <span class='ocrx_word' id='word_1_361' title='bbox 2477 2504 2706 2558; x_wconf 88' lang='lat' dir='ltr'><strong>actionis</strong></span> <span class='ocrx_word' id='word_1_362' title='bbox 2729 2520 2906 2572; x_wconf 90' lang='lat' dir='ltr'><strong>curas,</strong></span> <span class='ocrx_word' id='word_1_363' title='bbox 2936 2516 2990 2558; x_wconf 92' lang='lat' dir='ltr'><strong>et</strong></span> <span class='ocrx_word' id='word_1_364' title='bbox 3015 2505 3402 2562; x_wconf 87' lang='lat' dir='ltr'><strong>sollicitudines</strong></span> <span class='ocrx_word' id='word_1_365' title='bbox 3422 2516 3664 2580; x_wconf 77' lang='lat' dir='ltr'><strong>amputa,</strong></span> 
     </span>
    </p>
   </div>
   <div class='ocr_carea' id='block_1_56' title="bbox 2087 2595 3662 2664">
    <p class='ocr_par' dir='ltr' id='par_1_56' title="bbox 2087 2595 3662 2664">
     <span class='ocr_line' id='line_1_57' title="bbox 2087 2595 3662 2664; baseline 0.002 -16"><span class='ocrx_word' id='word_1_366' title='bbox 2087 2603 2142 2648; x_wconf 90' lang='lat' dir='ltr'><strong>et</strong></span> <span class='ocrx_word' id='word_1_367' title='bbox 2163 2609 2258 2648; x_wconf 88' lang='lat' dir='ltr'><strong>cas</strong></span> <span class='ocrx_word' id='word_1_368' title='bbox 2284 2603 2539 2664; x_wconf 87' lang='lat' dir='ltr'><strong>tanquam</strong></span> <span class='ocrx_word' id='word_1_369' title='bbox 2567 2595 2824 2649; x_wconf 91' lang='lat' dir='ltr'><strong>ruderum</strong></span> <span class='ocrx_word' id='word_1_370' title='bbox 2851 2596 3042 2661; x_wconf 89' lang='lat' dir='ltr'><strong>moles,</strong></span> <span class='ocrx_word' id='word_1_371' title='bbox 3074 2606 3128 2650; x_wconf 93' lang='lat' dir='ltr'><strong>et</strong></span> <span class='ocrx_word' id='word_1_372' title='bbox 3149 2607 3357 2651; x_wconf 91' lang='lat' dir='ltr'><strong>meatus</strong></span> <span class='ocrx_word' id='word_1_373' title='bbox 3381 2595 3662 2651; x_wconf 82' lang='lat' dir='ltr'><strong>obstacula</strong></span> 
     </span>
    </p>
   </div>
   <div class='ocr_carea' id='block_1_57' title="bbox 2088 2683 3658 2756">
    <p class='ocr_par' dir='ltr' id='par_1_57' title="bbox 2088 2683 3658 2756">
     <span class='ocr_line' id='line_1_58' title="bbox 2088 2683 3658 2756; baseline 0.003 -19"><span class='ocrx_word' id='word_1_374' title='bbox 2088 2685 2156 2738; x_wconf 92' lang='lat' dir='ltr'><strong>ab</strong></span> <span class='ocrx_word' id='word_1_375' title='bbox 2201 2685 2470 2740; x_wconf 90' lang='lat' dir='ltr'><strong>obstructi</strong></span> <span class='ocrx_word' id='word_1_376' title='bbox 2521 2683 2689 2740; x_wconf 89' lang='lat' dir='ltr'><strong>fontis</strong></span> <span class='ocrx_word' id='word_1_377' title='bbox 2733 2687 3026 2756; x_wconf 85' lang='lat' dir='ltr'><strong>spiramine</strong></span> <span class='ocrx_word' id='word_1_378' title='bbox 3079 2688 3402 2742; x_wconf 86' lang='lat' dir='ltr'><strong>submovere</strong></span> <span class='ocrx_word' id='word_1_379' title='bbox 3439 2687 3658 2743; x_wconf 87' lang='lat' dir='ltr'><strong>festina.</strong></span> 
     </span>
    </p>
   </div>
   <div class='ocr_carea' id='block_1_58' title="bbox 2089 2773 3662 2847">
    <p class='ocr_par' dir='ltr' id='par_1_58' title="bbox 2089 2773 3662 2847">
     <span class='ocr_line' id='line_1_59' title="bbox 2089 2773 3662 2847; baseline 0.002 -18"><span class='ocrx_word' id='word_1_380' title='bbox 2089 2773 2243 2829; x_wconf 91' lang='lat' dir='ltr'><strong>Sicut</strong></span> <span class='ocrx_word' id='word_1_381' title='bbox 2291 2777 2436 2829; x_wconf 89' lang='lat' dir='ltr'><strong>enim</strong></span> <span class='ocrx_word' id='word_1_382' title='bbox 2489 2775 2544 2829; x_wconf 89' lang='lat' dir='ltr'><strong>in</strong></span> <span class='ocrx_word' id='word_1_383' title='bbox 2592 2791 2824 2830; x_wconf 84' lang='lat' dir='ltr'><strong>caverna</strong></span> <span class='ocrx_word' id='word_1_384' title='bbox 2875 2787 3034 2830; x_wconf 71' lang='lat' dir='ltr'><strong>terra:</strong></span> <span class='ocrx_word' id='word_1_385' title='bbox 3083 2778 3149 2831; x_wconf 92' lang='lat' dir='ltr'><strong>de</strong></span> <span class='ocrx_word' id='word_1_386' title='bbox 3196 2775 3392 2847; x_wconf 67' lang='lat' dir='ltr'><strong>abySso</strong></span> <span class='ocrx_word' id='word_1_387' title='bbox 3436 2776 3662 2832; x_wconf 87' lang='lat' dir='ltr'><strong>veniens</strong></span> 
     </span>
    </p>
   </div>
   <div class='ocr_carea' id='block_1_59' title="bbox 2088 2865 3658 2936">
    <p class='ocr_par' dir='ltr' id='par_1_59' title="bbox 2088 2865 3658 2936">
     <span class='ocr_line' id='line_1_60' title="bbox 2088 2865 3658 2936; baseline 0.001 -18"><span class='ocrx_word' id='word_1_388' title='bbox 2088 2881 2224 2934; x_wconf 88' lang='lat' dir='ltr'><strong>aqua</strong></span> <span class='ocrx_word' id='word_1_389' title='bbox 2263 2865 2566 2936; x_wconf 86' lang='lat' dir='ltr'><strong>colligitur;</strong></span> <span class='ocrx_word' id='word_1_390' title='bbox 2601 2867 2695 2920; x_wconf 86' lang='lat' dir='ltr'><strong>sed</strong></span> <span class='ocrx_word' id='word_1_391' title='bbox 2727 2866 2971 2920; x_wconf 88' lang='lat' dir='ltr'><strong>obicibus</strong></span> <span class='ocrx_word' id='word_1_392' title='bbox 3001 2881 3284 2936; x_wconf 90' lang='lat' dir='ltr'><strong>oppressa,</strong></span> <span class='ocrx_word' id='word_1_393' title='bbox 3312 2880 3418 2920; x_wconf 94' lang='lat' dir='ltr'><strong>non</strong></span> <span class='ocrx_word' id='word_1_394' title='bbox 3453 2865 3658 2932; x_wconf 83' lang='lat' dir='ltr'><strong>efﬂuit;</strong></span> 
     </span>
    </p>
   </div>
   <div class='ocr_carea' id='block_1_60' title="bbox 2087 2952 3660 3026">
    <p class='ocr_par' dir='ltr' id='par_1_60' title="bbox 2087 2952 3660 3026">
     <span class='ocr_line' id='line_1_61' title="bbox 2087 2952 3660 3026; baseline 0.001 -14"><span class='ocrx_word' id='word_1_395' title='bbox 2087 2957 2165 3012; x_wconf 85' lang='lat' dir='ltr'><strong>sic</strong></span> <span class='ocrx_word' id='word_1_396' title='bbox 2192 2957 2244 3010; x_wconf 92' lang='lat' dir='ltr'><strong>in</strong></span> <span class='ocrx_word' id='word_1_397' title='bbox 2278 2957 2516 3011; x_wconf 85' lang='lat' dir='ltr'><strong>humano</strong></span> <span class='ocrx_word' id='word_1_398' title='bbox 2539 2959 2703 3012; x_wconf 89' lang='lat' dir='ltr'><strong>corde</strong></span> <span class='ocrx_word' id='word_1_399' title='bbox 2727 2952 3067 3011; x_wconf 78' lang='lat' dir='ltr'><strong>considef-ata</strong></span> <span class='ocrx_word' id='word_1_400' title='bbox 3099 2957 3463 3026; x_wconf 87' lang='lat' dir='ltr'><strong>profunditate</strong></span> <span class='ocrx_word' id='word_1_401' title='bbox 3493 2958 3660 3014; x_wconf 91' lang='lat' dir='ltr'><strong>divini</strong></span> 
     </span>
    </p>
   </div>
   <div class='ocr_carea' id='block_1_61' title="bbox 2081 3047 3663 3116">
    <p class='ocr_par' dir='ltr' id='par_1_61' title="bbox 2081 3047 3663 3116">
     <span class='ocr_line' id='line_1_62' title="bbox 2081 3047 3663 3116; baseline 0.003 -17"><span class='ocrx_word' id='word_1_402' title='bbox 2081 3047 2270 3116; x_wconf 88' lang='lat' dir='ltr'><strong>judieii</strong></span> <span class='ocrx_word' id='word_1_403' title='bbox 2318 3048 2535 3101; x_wconf 86' lang='lat' dir='ltr'><strong>tristitia</strong></span> <span class='ocrx_word' id='word_1_404' title='bbox 2586 3048 2848 3111; x_wconf 90' lang='lat' dir='ltr'><strong>nascitur,</strong></span> <span class='ocrx_word' id='word_1_405' title='bbox 2877 3064 2995 3116; x_wconf 74' lang='lat' dir='ltr'><strong>qua:</strong></span> <span class='ocrx_word' id='word_1_406' title='bbox 3033 3056 3214 3102; x_wconf 87' lang='lat' dir='ltr'><strong>tamen</strong></span> <span class='ocrx_word' id='word_1_407' title='bbox 3243 3063 3339 3116; x_wconf 90' lang='lat' dir='ltr'><strong>per</strong></span> <span class='ocrx_word' id='word_1_408' title='bbox 3373 3048 3555 3103; x_wconf 86' lang='lat' dir='ltr'><strong>fletum</strong></span> <span class='ocrx_word' id='word_1_409' title='bbox 3583 3050 3663 3104; x_wconf 79' lang='lat' dir='ltr'><strong>la-</strong></span> 
     </span>
    </p>
   </div>
   <div class='ocr_carea' id='block_1_62' title="bbox 409 3131 3660 3210">
    <p class='ocr_par' dir='ltr' id='par_1_62' title="bbox 409 3131 3660 3210">
     <span class='ocr_line' id='line_1_63' title="bbox 409 3131 3660 3210; baseline 0.002 -23"><span class='ocrx_word' id='word_1_410' title='bbox 409 3137 548 3190; x_wconf 82' lang='lat' dir='ltr'><strong>valet</strong></span> <span class='ocrx_word' id='word_1_411' title='bbox 572 3137 779 3202; x_wconf 83' lang='lat' dir='ltr'><strong>videre,</strong></span> <span class='ocrx_word' id='word_1_412' title='bbox 809 3141 952 3208; x_wconf 90' lang='lat' dir='ltr'><strong>quod</strong></span> <span class='ocrx_word' id='word_1_413' title='bbox 987 3141 1206 3210; x_wconf 60' lang='lat' dir='ltr'><strong>quierit;</strong></span> <span class='ocrx_word' id='word_1_414' title='bbox 1255 3157 1358 3195; x_wconf 92' lang='lat' dir='ltr'><strong>non</strong></span> <span class='ocrx_word' id='word_1_415' title='bbox 1387 3141 1545 3196; x_wconf 88' lang='lat' dir='ltr'><strong>habet</strong></span> <span class='ocrx_word' id='word_1_416' title='bbox 1565 3141 1679 3210; x_wconf 86' lang='lat' dir='ltr'><strong>jam</strong></span> <span class='ocrx_word' id='word_1_417' title='bbox 1708 3141 1775 3195; x_wconf 91' lang='lat' dir='ltr'><strong>de</strong></span> <span class='ocrx_word' id='word_1_418' title='bbox 1814 3157 1982 3195; x_wconf 84' lang='lat' dir='ltr'><strong>saecn-</strong></span> <span class='ocrx_word' id='word_1_419' title='bbox 2010 3132 2054 3195; x_wconf 88' lang='lat' dir='ltr'><strong>C</strong></span> <span class='ocrx_word' id='word_1_420' title='bbox 2084 3131 2284 3207; x_wconf 85' lang='lat' dir='ltr'><strong>erymis</strong></span> <span class='ocrx_word' id='word_1_421' title='bbox 2305 3138 2709 3206; x_wconf 80' lang='lat' dir='ltr'><strong>erumpentibus</strong></span> <span class='ocrx_word' id='word_1_422' title='bbox 2732 3154 2838 3192; x_wconf 92' lang='lat' dir='ltr'><strong>non</strong></span> <span class='ocrx_word' id='word_1_423' title='bbox 2865 3147 3112 3204; x_wconf 86' lang='lat' dir='ltr'><strong>emanat;</strong></span> <span class='ocrx_word' id='word_1_424' title='bbox 3133 3139 3176 3191; x_wconf 92' lang='lat' dir='ltr'><strong>si</strong></span> <span class='ocrx_word' id='word_1_425' title='bbox 3206 3147 3540 3194; x_wconf 87' lang='lat' dir='ltr'><strong>terrenorum</strong></span> <span class='ocrx_word' id='word_1_426' title='bbox 3565 3156 3660 3195; x_wconf 89' lang='lat' dir='ltr'><strong>ac-</strong></span> 
     </span>
    </p>
   </div>
   <div class='ocr_carea' id='block_1_63' title="bbox 409 3227 3729 3302">
    <p class='ocr_par' dir='ltr' id='par_1_63' title="bbox 409 3227 3729 3302">
     <span class='ocr_line' id='line_1_64' title="bbox 409 3227 3729 3302; baseline 0 -18"><span class='ocrx_word' id='word_1_427' title='bbox 409 3231 505 3285; x_wconf 88' lang='lat' dir='ltr'><strong>lari</strong></span> <span class='ocrx_word' id='word_1_428' title='bbox 521 3231 877 3286; x_wconf 88' lang='lat' dir='ltr'><strong>delectatione</strong></span> <span class='ocrx_word' id='word_1_429' title='bbox 900 3232 1038 3301; x_wconf 92' lang='lat' dir='ltr'><strong>quod</strong></span> <span class='ocrx_word' id='word_1_430' title='bbox 1053 3233 1305 3302; x_wconf 88' lang='lat' dir='ltr'><strong>gaudeat,</strong></span> <span class='ocrx_word' id='word_1_431' title='bbox 1324 3242 1378 3286; x_wconf 92' lang='lat' dir='ltr'><strong>et</strong></span> <span class='ocrx_word' id='word_1_432' title='bbox 1398 3231 1998 3302; x_wconf 59' lang='lat' dir='ltr'><strong>spiritualemlretitiam,</strong></span> <span class='ocrx_word' id='word_1_433' title='bbox 2088 3237 2235 3281; x_wconf 90' lang='lat' dir='ltr'><strong>tuum</strong></span> <span class='ocrx_word' id='word_1_434' title='bbox 2258 3227 2535 3283; x_wconf 83' lang='lat' dir='ltr'><strong>sufﬂamen</strong></span> <span class='ocrx_word' id='word_1_435' title='bbox 2558 3229 2812 3284; x_wconf 89' lang='lat' dir='ltr'><strong>obsistat:</strong></span> <span class='ocrx_word' id='word_1_436' title='bbox 2839 3230 3057 3284; x_wconf 87' lang='lat' dir='ltr'><strong>tristitia</strong></span> <span class='ocrx_word' id='word_1_437' title='bbox 3091 3229 3287 3300; x_wconf 90' lang='lat' dir='ltr'><strong>quippe</strong></span> <span class='ocrx_word' id='word_1_438' title='bbox 3303 3230 3662 3300; x_wconf 83' lang='lat' dir='ltr'><strong>lacrymarum</strong></span> <span class='ocrx_word' id='word_1_439' title='bbox 3721 3238 3729 3245; x_wconf 87' lang='lat'>&#39;</span> 
     </span>
    </p>
   </div>
   <div class='ocr_carea' id='block_1_64' title="bbox 409 3323 1984 3394">
    <p class='ocr_par' dir='ltr' id='par_1_64' title="bbox 409 3323 1984 3394">
     <span class='ocr_line' id='line_1_65' title="bbox 409 3323 1984 3394; baseline 0.003 -18"><span class='ocrx_word' id='word_1_440' title='bbox 409 3339 511 3378; x_wconf 92' lang='lat' dir='ltr'><strong>non</strong></span> <span class='ocrx_word' id='word_1_441' title='bbox 535 3323 805 3394; x_wconf 80' lang='lat' dir='ltr'><strong>degustat,</strong></span> <span class='ocrx_word' id='word_1_442' title='bbox 824 3325 890 3379; x_wconf 93' lang='lat' dir='ltr'><strong>ad</strong></span> <span class='ocrx_word' id='word_1_443' title='bbox 917 3338 1079 3392; x_wconf 91' lang='lat' dir='ltr'><strong>quam</strong></span> <span class='ocrx_word' id='word_1_444' title='bbox 1108 3323 1352 3379; x_wconf 88' lang='lat' dir='ltr'><strong>videlicet</strong></span> <span class='ocrx_word' id='word_1_445' title='bbox 1377 3339 1482 3379; x_wconf 94' lang='lat' dir='ltr'><strong>non</strong></span> <span class='ocrx_word' id='word_1_446' title='bbox 1514 3324 1750 3392; x_wconf 87' lang='lat' dir='ltr'><strong>ingenuo</strong></span> <span class='ocrx_word' id='word_1_447' title='bbox 1772 3324 1984 3381; x_wconf 83' lang='lat' dir='ltr'><strong>fervore</strong></span> 
     </span>
    </p>
   </div>
   <div class='ocr_carea' id='block_1_65' title="bbox 408 3416 646 3472">
    <p class='ocr_par' dir='ltr' id='par_1_65' title="bbox 408 3416 646 3472">
     <span class='ocr_line' id='line_1_66' title="bbox 408 3416 646 3472; baseline 0.004 -4"><span class='ocrx_word' id='word_1_448' title='bbox 408 3416 646 3472; x_wconf 85' lang='lat' dir='ltr'><strong>festinat.</strong></span> 
     </span>
    </p>
   </div>
   <div class='ocr_carea' id='block_1_66' title="bbox 474 3504 1986 3576">
    <p class='ocr_par' dir='ltr' id='par_1_66' title="bbox 474 3504 1986 3576">
     <span class='ocr_line' id='line_1_67' title="bbox 474 3504 1986 3576; baseline -0.001 -16"><span class='ocrx_word' id='word_1_449' title='bbox 474 3506 834 3576; x_wconf 79' lang='lat' dir='ltr'><strong>Quapropter,</strong></span> <span class='ocrx_word' id='word_1_450' title='bbox 863 3513 957 3560; x_wconf 87' lang='lat' dir='ltr'><strong>aut</strong></span> <span class='ocrx_word' id='word_1_451' title='bbox 990 3507 1056 3562; x_wconf 91' lang='lat' dir='ltr'><strong>ad</strong></span> <span class='ocrx_word' id='word_1_452' title='bbox 1085 3505 1465 3576; x_wconf 86' lang='lat' dir='ltr'><strong>perfectionem</strong></span> <span class='ocrx_word' id='word_1_453' title='bbox 1505 3505 1630 3560; x_wconf 90' lang='lat' dir='ltr'><strong>totis</strong></span> <span class='ocrx_word' id='word_1_454' title='bbox 1659 3505 1864 3560; x_wconf 90' lang='lat' dir='ltr'><strong>nisibus</strong></span> <span class='ocrx_word' id='word_1_455' title='bbox 1879 3504 1986 3559; x_wconf 86' lang='lat' dir='ltr'><strong>cla-</strong></span> 
     </span>
    </p>
   </div>
   <div class='ocr_carea' id='block_1_67' title="bbox 405 3595 1988 3662">
    <p class='ocr_par' dir='ltr' id='par_1_67' title="bbox 405 3595 1988 3662">
     <span class='ocr_line' id='line_1_68' title="bbox 405 3595 1988 3662; baseline 0.001 -12"><span class='ocrx_word' id='word_1_456' title='bbox 405 3595 704 3651; x_wconf 85' lang='lat' dir='ltr'><strong>borandum</strong></span> <span class='ocrx_word' id='word_1_457' title='bbox 733 3607 837 3662; x_wconf 90' lang='lat' dir='ltr'><strong>est,</strong></span> <span class='ocrx_word' id='word_1_458' title='bbox 869 3608 962 3651; x_wconf 89' lang='lat' dir='ltr'><strong>aut</strong></span> <span class='ocrx_word' id='word_1_459' title='bbox 1000 3598 1164 3652; x_wconf 90' lang='lat' dir='ltr'><strong>multa</strong></span> <span class='ocrx_word' id='word_1_460' title='bbox 1201 3598 1567 3652; x_wconf 88' lang='lat' dir='ltr'><strong>calamitatum</strong></span> <span class='ocrx_word' id='word_1_461' title='bbox 1600 3598 1988 3651; x_wconf 85' lang='lat' dir='ltr'><strong>tentationum-</strong></span> 
     </span>
    </p>
   </div>
   <div class='ocr_carea' id='block_1_68' title="bbox 407 3688 1984 3758">
    <p class='ocr_par' dir='ltr' id='par_1_68' title="bbox 407 3688 1984 3758">
     <span class='ocr_line' id='line_1_69' title="bbox 407 3688 1984 3758; baseline 0.003 -19"><span class='ocrx_word' id='word_1_462' title='bbox 407 3703 509 3755; x_wconf 88' lang='lat' dir='ltr'><strong>que</strong></span> <span class='ocrx_word' id='word_1_463' title='bbox 540 3689 699 3743; x_wconf 71' lang='lat' dir='ltr'><strong>uedia</strong></span> <span class='ocrx_word' id='word_1_464' title='bbox 745 3688 1081 3758; x_wconf 84' lang='lat' dir='ltr'><strong>perferenda.</strong></span> <span class='ocrx_word' id='word_1_465' title='bbox 1113 3689 1314 3744; x_wconf 89' lang='lat' dir='ltr'><strong>Durum</strong></span> <span class='ocrx_word' id='word_1_466' title='bbox 1338 3701 1469 3743; x_wconf 87' lang='lat' dir='ltr'><strong>sane</strong></span> <span class='ocrx_word' id='word_1_467' title='bbox 1493 3697 1577 3742; x_wconf 92' lang='lat' dir='ltr'><strong>est</strong></span> <span class='ocrx_word' id='word_1_468' title='bbox 1601 3688 1794 3756; x_wconf 89' lang='lat' dir='ltr'><strong>regalis</strong></span> <span class='ocrx_word' id='word_1_469' title='bbox 1821 3689 1984 3743; x_wconf 82' lang='lat' dir='ltr'><strong>curiae</strong></span> 
     </span>
    </p>
   </div>
   <div class='ocr_carea' id='block_1_69' title="bbox 410 3776 1986 3847">
    <p class='ocr_par' dir='ltr' id='par_1_69' title="bbox 410 3776 1986 3847">
     <span class='ocr_line' id='line_1_70' title="bbox 410 3776 1986 3847; baseline 0.003 -20"><span class='ocrx_word' id='word_1_470' title='bbox 410 3776 656 3830; x_wconf 88' lang='lat' dir='ltr'><strong>militiam</strong></span> <span class='ocrx_word' id='word_1_471' title='bbox 717 3779 1028 3833; x_wconf 88' lang='lat' dir='ltr'><strong>sustinere:</strong></span> <span class='ocrx_word' id='word_1_472' title='bbox 1079 3789 1134 3832; x_wconf 89' lang='lat' dir='ltr'><strong>at</strong></span> <span class='ocrx_word' id='word_1_473' title='bbox 1190 3788 1472 3847; x_wconf 85' lang='lat' dir='ltr'><strong>postquam</strong></span> <span class='ocrx_word' id='word_1_474' title='bbox 1537 3777 1766 3846; x_wconf 86' lang='lat' dir='ltr'><strong>gratiam</strong></span> <span class='ocrx_word' id='word_1_475' title='bbox 1843 3779 1986 3845; x_wconf 79' lang='lat' dir='ltr'><strong>regis</strong></span> 
     </span>
    </p>
   </div>
   <div class='ocr_carea' id='block_1_70' title="bbox 409 3867 1980 3936">
    <p class='ocr_par' dir='ltr' id='par_1_70' title="bbox 409 3867 1980 3936">
     <span class='ocr_line' id='line_1_71' title="bbox 409 3867 1980 3936; baseline 0.003 -18"><span class='ocrx_word' id='word_1_476' title='bbox 409 3868 658 3935; x_wconf 86' lang='lat' dir='ltr'><strong>adeptus,</strong></span> <span class='ocrx_word' id='word_1_477' title='bbox 702 3867 819 3936; x_wconf 81' lang='lat' dir='ltr'><strong>ejus</strong></span> <span class='ocrx_word' id='word_1_478' title='bbox 848 3869 1078 3936; x_wconf 75' lang='lat' dir='ltr'><strong>coeperis</strong></span> <span class='ocrx_word' id='word_1_479' title='bbox 1125 3867 1282 3921; x_wconf 88' lang='lat' dir='ltr'><strong>lateri</strong></span> <span class='ocrx_word' id='word_1_480' title='bbox 1336 3867 1654 3921; x_wconf 85' lang='lat' dir='ltr'><strong>familiarius</strong></span> <span class='ocrx_word' id='word_1_481' title='bbox 1685 3867 1980 3930; x_wconf 68' lang='lat' dir='ltr'><strong>adhaerere,</strong></span> 
     </span>
    </p>
   </div>
   <div class='ocr_carea' id='block_1_71' title="bbox 409 3955 1983 4026">
    <p class='ocr_par' dir='ltr' id='par_1_71' title="bbox 409 3955 1983 4026">
     <span class='ocr_line' id='line_1_72' title="bbox 409 3955 1983 4026; baseline 0.001 -19"><span class='ocrx_word' id='word_1_482' title='bbox 409 3957 711 4010; x_wconf 88' lang='lat' dir='ltr'><strong>cubiculum</strong></span> <span class='ocrx_word' id='word_1_483' title='bbox 763 3955 1101 4026; x_wconf 89' lang='lat' dir='ltr'><strong>frequentius</strong></span> <span class='ocrx_word' id='word_1_484' title='bbox 1144 3956 1370 4026; x_wconf 90' lang='lat' dir='ltr'><strong>ingredi,</strong></span> <span class='ocrx_word' id='word_1_485' title='bbox 1419 3965 1600 4010; x_wconf 88' lang='lat' dir='ltr'><strong>astare</strong></span> <span class='ocrx_word' id='word_1_486' title='bbox 1648 3957 1983 4024; x_wconf 88' lang='lat' dir='ltr'><strong>conspectui,</strong></span> 
     </span>
    </p>
   </div>
   <div class='ocr_carea' id='block_1_72' title="bbox 413 4046 1981 4115">
    <p class='ocr_par' dir='ltr' id='par_1_72' title="bbox 413 4046 1981 4115">
     <span class='ocr_line' id='line_1_73' title="bbox 413 4046 1981 4115; baseline 0.003 -17"><span class='ocrx_word' id='word_1_487' title='bbox 413 4055 592 4099; x_wconf 87' lang='lat' dir='ltr'><strong>nmtua</strong></span> <span class='ocrx_word' id='word_1_488' title='bbox 625 4047 855 4102; x_wconf 84' lang='lat' dir='ltr'><strong>miscere</strong></span> <span class='ocrx_word' id='word_1_489' title='bbox 882 4046 1161 4114; x_wconf 89' lang='lat' dir='ltr'><strong>colloquia,</strong></span> <span class='ocrx_word' id='word_1_490' title='bbox 1178 4047 1404 4115; x_wconf 90' lang='lat' dir='ltr'><strong>privatis</strong></span> <span class='ocrx_word' id='word_1_491' title='bbox 1431 4046 1692 4102; x_wconf 85' lang='lat' dir='ltr'><strong>interesse</strong></span> <span class='ocrx_word' id='word_1_492' title='bbox 1712 4047 1981 4112; x_wconf 89' lang='lat' dir='ltr'><strong>consiliis;</strong></span> 
     </span>
    </p>
   </div>
   <div class='ocr_carea' id='block_1_73' title="bbox 415 4134 1986 4199">
    <p class='ocr_par' dir='ltr' id='par_1_73' title="bbox 415 4134 1986 4199">
     <span class='ocr_line' id='line_1_74' title="bbox 415 4134 1986 4199; baseline 0.003 -13"><span class='ocrx_word' id='word_1_493' title='bbox 415 4143 554 4189; x_wconf 88' lang='lat' dir='ltr'><strong>totus</strong></span> <span class='ocrx_word' id='word_1_494' title='bbox 579 4150 703 4189; x_wconf 78' lang='lat' dir='ltr'><strong>mox</strong></span> <span class='ocrx_word' id='word_1_495' title='bbox 735 4135 822 4190; x_wconf 88' lang='lat' dir='ltr'><strong>ille</strong></span> <span class='ocrx_word' id='word_1_496' title='bbox 851 4135 1054 4190; x_wconf 68' lang='lat' dir='ltr'><strong>militiae</strong></span> <span class='ocrx_word' id='word_1_497' title='bbox 1075 4135 1229 4189; x_wconf 89' lang='lat' dir='ltr'><strong>labor</strong></span> <span class='ocrx_word' id='word_1_498' title='bbox 1262 4134 1449 4199; x_wconf 91' lang='lat' dir='ltr'><strong>dulcis,</strong></span> <span class='ocrx_word' id='word_1_499' title='bbox 1478 4144 1532 4190; x_wconf 90' lang='lat' dir='ltr'><strong>et</strong></span> <span class='ocrx_word' id='word_1_500' title='bbox 1554 4149 1800 4192; x_wconf 69' lang='lat' dir='ltr'><strong>amoenus</strong></span> <span class='ocrx_word' id='word_1_501' title='bbox 1824 4136 1986 4190; x_wconf 77' lang='lat' dir='ltr'><strong>cilici-</strong></span> 
     </span>
    </p>
   </div>
   <div class='ocr_carea' id='block_1_74' title="bbox 413 4223 1986 4295">
    <p class='ocr_par' dir='ltr' id='par_1_74' title="bbox 413 4223 1986 4295">
     <span class='ocr_line' id='line_1_75' title="bbox 413 4223 1986 4295; baseline 0.003 -19"><span class='ocrx_word' id='word_1_502' title='bbox 413 4235 517 4287; x_wconf 88' lang='lat' dir='ltr'><strong>tur,</strong></span> <span class='ocrx_word' id='word_1_503' title='bbox 551 4223 958 4294; x_wconf 88' lang='lat' dir='ltr'><strong>inquietumque</strong></span> <span class='ocrx_word' id='word_1_504' title='bbox 1006 4225 1277 4295; x_wconf 86' lang='lat' dir='ltr'><strong>negotium</strong></span> <span class='ocrx_word' id='word_1_505' title='bbox 1323 4224 1515 4294; x_wconf 91' lang='lat' dir='ltr'><strong>quavis</strong></span> <span class='ocrx_word' id='word_1_506' title='bbox 1555 4225 1735 4294; x_wconf 89' lang='lat' dir='ltr'><strong>quiete</strong></span> <span class='ocrx_word' id='word_1_507' title='bbox 1767 4227 1986 4281; x_wconf 89' lang='lat' dir='ltr'><strong>suavius</strong></span> 
     </span>
    </p>
   </div>
   <div class='ocr_carea' id='block_1_75' title="bbox 410 4314 1986 4386">
    <p class='ocr_par' dir='ltr' id='par_1_75' title="bbox 410 4314 1986 4386">
     <span class='ocr_line' id='line_1_76' title="bbox 410 4314 1986 4386; baseline 0.002 -18"><span class='ocrx_word' id='word_1_508' title='bbox 410 4317 714 4386; x_wconf 90' lang='lat' dir='ltr'><strong>deputatur.</strong></span> <span class='ocrx_word' id='word_1_509' title='bbox 766 4315 1031 4370; x_wconf 79' lang='lat' dir='ltr'><strong>Nimirum</strong></span> <span class='ocrx_word' id='word_1_510' title='bbox 1080 4317 1199 4372; x_wconf 90' lang='lat' dir='ltr'><strong>sine</strong></span> <span class='ocrx_word' id='word_1_511' title='bbox 1237 4314 1422 4371; x_wconf 87' lang='lat' dir='ltr'><strong>labore</strong></span> <span class='ocrx_word' id='word_1_512' title='bbox 1459 4315 1703 4381; x_wconf 86' lang='lat' dir='ltr'><strong>laboras,</strong></span> <span class='ocrx_word' id='word_1_513' title='bbox 1732 4316 1848 4370; x_wconf 91' lang='lat' dir='ltr'><strong>sine</strong></span> <span class='ocrx_word' id='word_1_514' title='bbox 1871 4333 1986 4371; x_wconf 85' lang='lat' dir='ltr'><strong>mo-</strong></span> 
     </span>
    </p>
   </div>
   <div class='ocr_carea' id='block_1_76' title="bbox 329 4403 1591 4474">
    <p class='ocr_par' dir='ltr' id='par_1_76' title="bbox 329 4403 1591 4474">
     <span class='ocr_line' id='line_1_77' title="bbox 329 4403 1591 4474; baseline 0.002 -18"><span class='ocrx_word' id='word_1_515' title='bbox 329 4453 359 4474; x_wconf 26' lang='grc' dir='ltr'><strong>,λ</strong></span> <span class='ocrx_word' id='word_1_516' title='bbox 410 4403 564 4458; x_wconf 87' lang='lat' dir='ltr'><strong>lcstia</strong></span> <span class='ocrx_word' id='word_1_517' title='bbox 597 4404 824 4474; x_wconf 88' lang='lat' dir='ltr'><strong>satagis,</strong></span> <span class='ocrx_word' id='word_1_518' title='bbox 844 4405 965 4460; x_wconf 90' lang='lat' dir='ltr'><strong>sine</strong></span> <span class='ocrx_word' id='word_1_519' title='bbox 991 4404 1276 4459; x_wconf 80' lang='lat' dir='ltr'><strong>vexatione</strong></span> <span class='ocrx_word' id='word_1_520' title='bbox 1307 4404 1591 4460; x_wconf 87' lang='lat' dir='ltr'><strong>discurris.</strong></span> 
     </span>
    </p>
   </div>
   <div class='ocr_carea' id='block_1_77' title="bbox 2085 3321 3663 3390">
    <p class='ocr_par' dir='ltr' id='par_1_77' title="bbox 2085 3321 3663 3390">
     <span class='ocr_line' id='line_1_78' title="bbox 2085 3321 3663 3390; baseline 0.002 -15"><span class='ocrx_word' id='word_1_521' title='bbox 2085 3321 2310 3375; x_wconf 81' lang='lat' dir='ltr'><strong>materia</strong></span> <span class='ocrx_word' id='word_1_522' title='bbox 2342 3329 2426 3375; x_wconf 91' lang='lat' dir='ltr'><strong>est</strong></span> <span class='ocrx_word' id='word_1_523' title='bbox 2451 3338 2464 3376; x_wconf 87' lang='lat'><strong>:</strong></span> <span class='ocrx_word' id='word_1_524' title='bbox 2490 3323 2581 3376; x_wconf 93' lang='lat' dir='ltr'><strong>sel</strong></span> <span class='ocrx_word' id='word_1_525' title='bbox 2606 3335 2664 3375; x_wconf 91' lang='lat' dir='ltr'><strong>ut</strong></span> <span class='ocrx_word' id='word_1_526' title='bbox 2687 3321 2845 3388; x_wconf 85' lang='lat' dir='ltr'><strong>hujus</strong></span> <span class='ocrx_word' id='word_1_527' title='bbox 2878 3321 3038 3376; x_wconf 90' lang='lat' dir='ltr'><strong>fontis</strong></span> <span class='ocrx_word' id='word_1_528' title='bbox 3065 3324 3234 3390; x_wconf 90' lang='lat' dir='ltr'><strong>possit</strong></span> <span class='ocrx_word' id='word_1_529' title='bbox 3259 3323 3490 3378; x_wconf 90' lang='lat' dir='ltr'><strong>ubertim</strong></span> <span class='ocrx_word' id='word_1_530' title='bbox 3521 3339 3663 3378; x_wconf 86' lang='lat' dir='ltr'><strong>vena</strong></span> 
     </span>
    </p>
   </div>
   <div class='ocr_carea' id='block_1_78' title="bbox 2085 3411 3661 3481">
    <p class='ocr_par' dir='ltr' id='par_1_78' title="bbox 2085 3411 3661 3481">
     <span class='ocr_line' id='line_1_79' title="bbox 2085 3411 3661 3481; baseline 0.003 -16"><span class='ocrx_word' id='word_1_531' title='bbox 2085 3411 2380 3478; x_wconf 83' lang='lat' dir='ltr'><strong>proﬂuere,</strong></span> <span class='ocrx_word' id='word_1_532' title='bbox 2411 3420 2603 3480; x_wconf 91' lang='lat' dir='ltr'><strong>satage</strong></span> <span class='ocrx_word' id='word_1_533' title='bbox 2627 3421 2820 3466; x_wconf 91' lang='lat' dir='ltr'><strong>cuncta</strong></span> <span class='ocrx_word' id='word_1_534' title='bbox 2849 3413 3050 3481; x_wconf 88' lang='lat' dir='ltr'><strong>negotii</strong></span> <span class='ocrx_word' id='word_1_535' title='bbox 3079 3413 3352 3467; x_wconf 64' lang='lat' dir='ltr'><strong>saacnlaris</strong></span> <span class='ocrx_word' id='word_1_536' title='bbox 3382 3415 3661 3470; x_wconf 87' lang='lat' dir='ltr'><strong>obstacula</strong></span> 
     </span>
    </p>
   </div>
   <div class='ocr_carea' id='block_1_79' title="bbox 2087 3502 3661 3573">
    <p class='ocr_par' dir='ltr' id='par_1_79' title="bbox 2087 3502 3661 3573">
     <span class='ocr_line' id='line_1_80' title="bbox 2087 3502 3661 3573; baseline 0.005 -19"><span class='ocrx_word' id='word_1_537' title='bbox 2087 3517 2387 3568; x_wconf 86' lang='lat' dir='ltr'><strong>removere,</strong></span> <span class='ocrx_word' id='word_1_538' title='bbox 2415 3511 2548 3557; x_wconf 92' lang='lat' dir='ltr'><strong>etut</strong></span> <span class='ocrx_word' id='word_1_539' title='bbox 2585 3502 2728 3572; x_wconf 88' lang='lat' dir='ltr'><strong>quod</strong></span> <span class='ocrx_word' id='word_1_540' title='bbox 2763 3503 3078 3573; x_wconf 89' lang='lat' dir='ltr'><strong>frequenter</strong></span> <span class='ocrx_word' id='word_1_541' title='bbox 3102 3513 3355 3572; x_wconf 80' lang='lat' dir='ltr'><strong>expertus</strong></span> <span class='ocrx_word' id='word_1_542' title='bbox 3378 3521 3519 3570; x_wconf 86' lang='lat' dir='ltr'><strong>sum,</strong></span> <span class='ocrx_word' id='word_1_543' title='bbox 3555 3523 3661 3563; x_wconf 90' lang='lat' dir='ltr'><strong>non</strong></span> 
     </span>
    </p>
   </div>
   <div class='ocr_carea' id='block_1_80' title="bbox 2086 3592 3661 3666">
    <p class='ocr_par' dir='ltr' id='par_1_80' title="bbox 2086 3592 3661 3666">
     <span class='ocr_line' id='line_1_81' title="bbox 2086 3592 3661 3666; baseline 0.005 -22"><span class='ocrx_word' id='word_1_544' title='bbox 2086 3592 2518 3662; x_wconf 90' lang='lat' dir='ltr'><strong>omittam;ipse</strong></span> <span class='ocrx_word' id='word_1_545' title='bbox 2564 3607 2778 3662; x_wconf 89' lang='lat' dir='ltr'><strong>quoque</strong></span> <span class='ocrx_word' id='word_1_546' title='bbox 2834 3593 3132 3661; x_wconf 89' lang='lat' dir='ltr'><strong>spiritualis</strong></span> <span class='ocrx_word' id='word_1_547' title='bbox 3177 3595 3344 3660; x_wconf 84' lang='lat' dir='ltr'><strong>zelus,</strong></span> <span class='ocrx_word' id='word_1_548' title='bbox 3378 3596 3661 3666; x_wconf 83' lang='lat' dir='ltr'><strong>disciplina</strong></span> 
     </span>
    </p>
   </div>
   <div class='ocr_carea' id='block_1_81' title="bbox 2086 3682 3664 3753">
    <p class='ocr_par' dir='ltr' id='par_1_81' title="bbox 2086 3682 3664 3753">
     <span class='ocr_line' id='line_1_82' title="bbox 2086 3682 3664 3753; baseline 0.004 -18"><span class='ocrx_word' id='word_1_549' title='bbox 2086 3683 2536 3748; x_wconf 89' lang='lat' dir='ltr'><strong>commissorum,</strong></span> <span class='ocrx_word' id='word_1_550' title='bbox 2600 3682 2874 3752; x_wconf 88' lang='lat' dir='ltr'><strong>correptio</strong></span> <span class='ocrx_word' id='word_1_551' title='bbox 2924 3683 3400 3753; x_wconf 90' lang='lat' dir='ltr'><strong>delinquentium,</strong></span> <span class='ocrx_word' id='word_1_552' title='bbox 3463 3698 3664 3742; x_wconf 66' lang='lat' dir='ltr'><strong>sancta</strong></span> 
     </span>
    </p>
   </div>
   <div class='ocr_carea' id='block_1_82' title="bbox 2085 3772 3662 3842">
    <p class='ocr_par' dir='ltr' id='par_1_82' title="bbox 2085 3772 3662 3842">
     <span class='ocr_line' id='line_1_83' title="bbox 2085 3772 3662 3842; baseline 0.004 -16"><span class='ocrx_word' id='word_1_553' title='bbox 2085 3773 2482 3842; x_wconf 67' lang='lat' dir='ltr'><strong>praedicationis</strong></span> <span class='ocrx_word' id='word_1_554' title='bbox 2508 3772 2850 3842; x_wconf 79' lang='lat' dir='ltr'><strong>alloquium,‘</strong></span> <span class='ocrx_word' id='word_1_555' title='bbox 2869 3775 3002 3838; x_wconf 67' lang='lat' dir='ltr'><strong>haec,</strong></span> <span class='ocrx_word' id='word_1_556' title='bbox 3033 3783 3087 3828; x_wconf 89' lang='lat' dir='ltr'><strong>et</strong></span> <span class='ocrx_word' id='word_1_557' title='bbox 3117 3775 3200 3829; x_wconf 90' lang='lat' dir='ltr'><strong>bis</strong></span> <span class='ocrx_word' id='word_1_558' title='bbox 3223 3776 3419 3830; x_wconf 89' lang='lat' dir='ltr'><strong>similia</strong></span> <span class='ocrx_word' id='word_1_559' title='bbox 3445 3779 3662 3832; x_wconf 89' lang='lat' dir='ltr'><strong>tametsi</strong></span> 
     </span>
    </p>
   </div>
   <div class='ocr_carea' id='block_1_83' title="bbox 2086 3861 3661 3934">
    <p class='ocr_par' dir='ltr' id='par_1_83' title="bbox 2086 3861 3661 3934">
     <span class='ocr_line' id='line_1_84' title="bbox 2086 3861 3661 3934; baseline 0.006 -21"><span class='ocrx_word' id='word_1_560' title='bbox 2086 3870 2274 3914; x_wconf 91' lang='lat' dir='ltr'><strong>sancta</strong></span> <span class='ocrx_word' id='word_1_561' title='bbox 2304 3861 2432 3925; x_wconf 83' lang='lat' dir='ltr'><strong>sirit,</strong></span> <span class='ocrx_word' id='word_1_562' title='bbox 2473 3872 2527 3916; x_wconf 91' lang='lat' dir='ltr'><strong>et</strong></span> <span class='ocrx_word' id='word_1_563' title='bbox 2553 3863 2730 3916; x_wconf 90' lang='lat' dir='ltr'><strong>divina</strong></span> <span class='ocrx_word' id='word_1_564' title='bbox 2764 3877 2988 3931; x_wconf 88' lang='lat' dir='ltr'><strong>prorsus</strong></span> <span class='ocrx_word' id='word_1_565' title='bbox 3015 3866 3342 3920; x_wconf 86' lang='lat' dir='ltr'><strong>auctoritate</strong></span> <span class='ocrx_word' id='word_1_566' title='bbox 3385 3868 3661 3934; x_wconf 89' lang='lat' dir='ltr'><strong>mandata,</strong></span> 
     </span>
    </p>
   </div>
   <div class='ocr_carea' id='block_1_84' title="bbox 2084 3951 3664 4027">
    <p class='ocr_par' dir='ltr' id='par_1_84' title="bbox 2084 3951 3664 4027">
     <span class='ocr_line' id='line_1_85' title="bbox 2084 3951 3664 4027; baseline 0.006 -23"><span class='ocrx_word' id='word_1_567' title='bbox 2084 3951 2448 4021; x_wconf 87' lang='lat' dir='ltr'><strong>lacrymarum</strong></span> <span class='ocrx_word' id='word_1_568' title='bbox 2487 3961 2664 4006; x_wconf 89' lang='lat' dir='ltr'><strong>tamen</strong></span> <span class='ocrx_word' id='word_1_569' title='bbox 2707 3951 2892 4022; x_wconf 89' lang='lat' dir='ltr'><strong>procul</strong></span> <span class='ocrx_word' id='word_1_570' title='bbox 2921 3953 3082 4008; x_wconf 91' lang='lat' dir='ltr'><strong>dubio</strong></span> <span class='ocrx_word' id='word_1_571' title='bbox 3107 3965 3405 4010; x_wconf 88' lang='lat' dir='ltr'><strong>noscuntur</strong></span> <span class='ocrx_word' id='word_1_572' title='bbox 3439 3956 3664 4027; x_wconf 85' lang='lat' dir='ltr'><strong>impedi-</strong></span> 
     </span>
    </p>
   </div>
   <div class='ocr_carea' id='block_1_85' title="bbox 2085 4051 2289 4095">
    <p class='ocr_par' dir='ltr' id='par_1_85' title="bbox 2085 4051 2289 4095">
     <span class='ocr_line' id='line_1_86' title="bbox 2085 4051 2289 4095; baseline -0.005 0"><span class='ocrx_word' id='word_1_573' title='bbox 2085 4051 2289 4095; x_wconf 89' lang='lat' dir='ltr'><strong>menta.</strong></span> 
     </span>
    </p>
   </div>
   <div class='ocr_carea' id='block_1_86' title="bbox 2157 4131 3660 4209">
    <p class='ocr_par' dir='ltr' id='par_1_86' title="bbox 2157 4131 3660 4209">
     <span class='ocr_line' id='line_1_87' title="bbox 2157 4131 3660 4209; baseline 0.008 -23"><span class='ocrx_word' id='word_1_574' title='bbox 2157 4131 2214 4187; x_wconf 90' lang='lat' dir='ltr'><strong>Si</strong></span> <span class='ocrx_word' id='word_1_575' title='bbox 2249 4133 2418 4203; x_wconf 87' lang='lat' dir='ltr'><strong>igitur</strong></span> <span class='ocrx_word' id='word_1_576' title='bbox 2447 4134 2512 4188; x_wconf 90' lang='lat' dir='ltr'><strong>ad</strong></span> <span class='ocrx_word' id='word_1_577' title='bbox 2559 4133 2924 4206; x_wconf 89' lang='lat' dir='ltr'><strong>lacrymarum</strong></span> <span class='ocrx_word' id='word_1_578' title='bbox 2974 4139 3205 4208; x_wconf 87' lang='lat' dir='ltr'><strong>gratiam</strong></span> <span class='ocrx_word' id='word_1_579' title='bbox 3251 4140 3336 4209; x_wconf 91' lang='lat' dir='ltr'><strong>pia</strong></span> <span class='ocrx_word' id='word_1_580' title='bbox 3374 4142 3453 4198; x_wconf 85' lang='lat' dir='ltr'><strong>vis</strong></span> <span class='ocrx_word' id='word_1_581' title='bbox 3483 4143 3660 4200; x_wconf 85' lang='lat' dir='ltr'><strong>inten-</strong></span> 
     </span>
    </p>
   </div>
   <div class='ocr_carea' id='block_1_87' title="bbox 2088 4223 3661 4303">
    <p class='ocr_par' dir='ltr' id='par_1_87' title="bbox 2088 4223 3661 4303">
     <span class='ocr_line' id='line_1_88' title="bbox 2088 4223 3661 4303; baseline 0.01 -26"><span class='ocrx_word' id='word_1_582' title='bbox 2088 4223 2232 4278; x_wconf 89' lang='lat' dir='ltr'><strong>tione</strong></span> <span class='ocrx_word' id='word_1_583' title='bbox 2252 4225 2580 4295; x_wconf 89' lang='lat' dir='ltr'><strong>pertingere,</strong></span> <span class='ocrx_word' id='word_1_584' title='bbox 2615 4241 2720 4280; x_wconf 93' lang='lat' dir='ltr'><strong>non</strong></span> <span class='ocrx_word' id='word_1_585' title='bbox 2752 4227 2926 4282; x_wconf 91' lang='lat' dir='ltr'><strong>solum</strong></span> <span class='ocrx_word' id='word_1_586' title='bbox 2956 4243 2987 4284; x_wconf 92' lang='lat' dir='ltr'><strong>a</strong></span> <span class='ocrx_word' id='word_1_587' title='bbox 3021 4231 3254 4286; x_wconf 81' lang='lat' dir='ltr'><strong>terrenis</strong></span> <span class='ocrx_word' id='word_1_588' title='bbox 3288 4235 3535 4303; x_wconf 85' lang='lat' dir='ltr'><strong>negotiis,</strong></span> <span class='ocrx_word' id='word_1_589' title='bbox 3565 4239 3661 4292; x_wconf 92' lang='lat' dir='ltr'><strong>sed</strong></span> 
     </span>
    </p>
   </div>
   <div class='ocr_carea' id='block_1_88' title="bbox 2085 4315 3659 4386">
    <p class='ocr_par' dir='ltr' id='par_1_88' title="bbox 2085 4315 3659 4386">
     <span class='ocr_line' id='line_1_89' title="bbox 2085 4315 3659 4386; baseline 0.008 -19"><span class='ocrx_word' id='word_1_590' title='bbox 2085 4331 2116 4367; x_wconf 85' lang='lat' dir='ltr'><strong>a</strong></span> <span class='ocrx_word' id='word_1_591' title='bbox 2142 4315 2498 4384; x_wconf 90' lang='lat' dir='ltr'><strong>quorumdam</strong></span> <span class='ocrx_word' id='word_1_592' title='bbox 2524 4323 2574 4370; x_wconf 90' lang='lat' dir='ltr'><strong>te</strong></span> <span class='ocrx_word' id='word_1_593' title='bbox 2588 4315 2877 4385; x_wconf 89' lang='lat' dir='ltr'><strong>aliquando</strong></span> <span class='ocrx_word' id='word_1_594' title='bbox 2897 4319 3254 4386; x_wconf 91' lang='lat' dir='ltr'><strong>spiritualium</strong></span> <span class='ocrx_word' id='word_1_595' title='bbox 3278 4324 3659 4381; x_wconf 77' lang='lat' dir='ltr'><strong>cxercitiorum</strong></span> 
     </span>
    </p>
   </div>
   <div class='ocr_carea' id='block_1_89' title="bbox 2085 4405 3662 4482">
    <p class='ocr_par' dir='ltr' id='par_1_89' title="bbox 2085 4405 3662 4482">
     <span class='ocr_line' id='line_1_90' title="bbox 2085 4405 3662 4482; baseline 0.008 -24"><span class='ocrx_word' id='word_1_596' title='bbox 2085 4405 2488 4460; x_wconf 77' lang='lat' dir='ltr'><strong>exsecutionem</strong></span> <span class='ocrx_word' id='word_1_597' title='bbox 2523 4421 2824 4476; x_wconf 90' lang='lat' dir='ltr'><strong>compesce.</strong></span> <span class='ocrx_word' id='word_1_598' title='bbox 2863 4407 3120 4463; x_wconf 83' lang='lat' dir='ltr'><strong>Malitiam</strong></span> <span class='ocrx_word' id='word_1_599' title='bbox 3158 4426 3394 4482; x_wconf 89' lang='lat' dir='ltr'><strong>quoque,</strong></span> <span class='ocrx_word' id='word_1_600' title='bbox 3423 4414 3562 4469; x_wconf 91' lang='lat' dir='ltr'><strong>iram</strong></span> <span class='ocrx_word' id='word_1_601' title='bbox 3605 4425 3662 4472; x_wconf 88' lang='lat' dir='ltr'><strong>et</strong></span> 
     </span>
    </p>
   </div>
   <div class='ocr_carea' id='block_1_90' title="bbox 480 4471 2001 4568">
    <p class='ocr_par' dir='ltr' id='par_1_90' title="bbox 480 4493 1982 4566">
     <span class='ocr_line' id='line_1_91' title="bbox 480 4493 1982 4566; baseline 0.001 -18"><span class='ocrx_word' id='word_1_602' title='bbox 480 4493 698 4549; x_wconf 84' lang='lat' dir='ltr'><strong>Festina</strong></span> <span class='ocrx_word' id='word_1_603' title='bbox 747 4510 878 4566; x_wconf 90' lang='lat' dir='ltr'><strong>ergo</strong></span> <span class='ocrx_word' id='word_1_604' title='bbox 924 4495 1183 4551; x_wconf 92' lang='lat' dir='ltr'><strong>vitiorum</strong></span> <span class='ocrx_word' id='word_1_605' title='bbox 1229 4496 1515 4566; x_wconf 86' lang='lat' dir='ltr'><strong>passiones</strong></span> <span class='ocrx_word' id='word_1_606' title='bbox 1563 4495 1786 4560; x_wconf 89' lang='lat' dir='ltr'><strong>elidere,</strong></span> <span class='ocrx_word' id='word_1_607' title='bbox 1835 4505 1894 4549; x_wconf 93' lang='lat' dir='ltr'><strong>ut</strong></span> <span class='ocrx_word' id='word_1_608' title='bbox 1929 4495 1982 4550; x_wconf 94' lang='lat' dir='ltr'><strong>in</strong></span> 
     </span>
    </p>
   </div>
   <div class='ocr_carea' id='block_1_91' title="bbox 2086 4471 3662 4568">
    <p class='ocr_par' dir='ltr' id='par_1_91' title="bbox 2086 4471 3662 4568">
     <span class='ocr_line' id='line_1_92' title="bbox 2086 4471 3662 4568; baseline 0.008 -18"><span class='ocrx_word' id='word_1_609' title='bbox 2086 4495 2289 4560; x_wconf 80' lang='lat' dir='ltr'><strong>odium,</strong></span> <span class='ocrx_word' id='word_1_610' title='bbox 2305 4503 2359 4550; x_wconf 91' lang='lat' dir='ltr'><strong>et</strong></span> <span class='ocrx_word' id='word_1_611' title='bbox 2377 4495 2612 4565; x_wconf 87' lang='lat' dir='ltr'><strong>reliquas</strong></span> <span class='ocrx_word' id='word_1_612' title='bbox 2634 4471 2885 4552; x_wconf 74' lang='lat' dir='ltr'><strong>vitiorum</strong></span> <span class='ocrx_word' id='word_1_613' title='bbox 2914 4509 3093 4568; x_wconf 89' lang='lat' dir='ltr'><strong>pestes</strong></span> <span class='ocrx_word' id='word_1_614' title='bbox 3119 4471 3358 4559; x_wconf 45' lang='lat' dir='ltr'><strong>deam-ro</strong></span> <span class='ocrx_word' id='word_1_615' title='bbox 3386 4505 3459 4558; x_wconf 91' lang='lat' dir='ltr'><strong>tui</strong></span> <span class='ocrx_word' id='word_1_616' title='bbox 3481 4507 3662 4562; x_wconf 92' lang='lat' dir='ltr'><strong>cordis</strong></span> 
     </span>
    </p>
   </div>
   <div class='ocr_carea' id='block_1_92' title="bbox 408 4587 1982 4659">
    <p class='ocr_par' dir='ltr' id='par_1_92' title="bbox 408 4587 1982 4659">
     <span class='ocr_line' id='line_1_93' title="bbox 408 4587 1982 4659; baseline 0.002 -18"><span class='ocrx_word' id='word_1_617' title='bbox 408 4587 713 4641; x_wconf 88' lang='lat' dir='ltr'><strong>cubiculum</strong></span> <span class='ocrx_word' id='word_1_618' title='bbox 775 4587 938 4658; x_wconf 77' lang='lat' dir='ltr'><strong>Regis</strong></span> <span class='ocrx_word' id='word_1_619' title='bbox 999 4588 1306 4652; x_wconf 88' lang='lat' dir='ltr'><strong>admissus,</strong></span> <span class='ocrx_word' id='word_1_620' title='bbox 1370 4589 1420 4644; x_wconf 91' lang='lat' dir='ltr'><strong>ei</strong></span> <span class='ocrx_word' id='word_1_621' title='bbox 1483 4589 1665 4645; x_wconf 87' lang='lat' dir='ltr'><strong>valeas</strong></span> <span class='ocrx_word' id='word_1_622' title='bbox 1729 4599 1982 4659; x_wconf 84' lang='lat' dir='ltr'><strong>tanquam</strong></span> 
     </span>
    </p>
   </div>
   <div class='ocr_carea' id='block_1_93' title="bbox 410 4677 1985 4744">
    <p class='ocr_par' dir='ltr' id='par_1_93' title="bbox 410 4677 1985 4744">
     <span class='ocr_line' id='line_1_94' title="bbox 410 4677 1985 4744; baseline 0.001 -14"><span class='ocrx_word' id='word_1_623' title='bbox 410 4677 736 4732; x_wconf 87' lang='lat' dir='ltr'><strong>domesticus</strong></span> <span class='ocrx_word' id='word_1_624' title='bbox 797 4679 1104 4744; x_wconf 75' lang='lat' dir='ltr'><strong>adhaerere;</strong></span> <span class='ocrx_word' id='word_1_625' title='bbox 1169 4687 1224 4733; x_wconf 91' lang='lat' dir='ltr'><strong>et</strong></span> <span class='ocrx_word' id='word_1_626' title='bbox 1293 4678 1490 4733; x_wconf 91' lang='lat' dir='ltr'><strong>mentis</strong></span> <span class='ocrx_word' id='word_1_627' title='bbox 1549 4687 1652 4733; x_wconf 77' lang='lat' dir='ltr'><strong>tua:</strong></span> <span class='ocrx_word' id='word_1_628' title='bbox 1711 4679 1858 4733; x_wconf 91' lang='lat' dir='ltr'><strong>acies</strong></span> <span class='ocrx_word' id='word_1_629' title='bbox 1919 4692 1985 4732; x_wconf 90' lang='lat' dir='ltr'><strong>co</strong></span> 
     </span>
    </p>
   </div>
   <div class='ocr_carea' id='block_1_94' title="bbox 413 4767 1980 4839">
    <p class='ocr_par' dir='ltr' id='par_1_94' title="bbox 413 4767 1980 4839">
     <span class='ocr_line' id='line_1_95' title="bbox 413 4767 1980 4839; baseline 0.002 -20"><span class='ocrx_word' id='word_1_630' title='bbox 413 4767 633 4823; x_wconf 86' lang='lat' dir='ltr'><strong>liberius</strong></span> <span class='ocrx_word' id='word_1_631' title='bbox 691 4769 744 4823; x_wconf 92' lang='lat' dir='ltr'><strong>in</strong></span> <span class='ocrx_word' id='word_1_632' title='bbox 800 4767 937 4824; x_wconf 92' lang='lat' dir='ltr'><strong>lucis</strong></span> <span class='ocrx_word' id='word_1_633' title='bbox 993 4769 1282 4824; x_wconf 79' lang='lat' dir='ltr'><strong>Auctorem</strong></span> <span class='ocrx_word' id='word_1_634' title='bbox 1340 4769 1626 4835; x_wconf 90' lang='lat' dir='ltr'><strong>intendat,</strong></span> <span class='ocrx_word' id='word_1_635' title='bbox 1665 4784 1772 4839; x_wconf 94' lang='lat' dir='ltr'><strong>quo</strong></span> <span class='ocrx_word' id='word_1_636' title='bbox 1838 4779 1980 4822; x_wconf 83' lang='lat' dir='ltr'><strong>tene-</strong></span> 
     </span>
    </p>
   </div>
   <div class='ocr_carea' id='block_1_95' title="bbox 410 4862 1982 4932">
    <p class='ocr_par' dir='ltr' id='par_1_95' title="bbox 410 4862 1982 4932">
     <span class='ocr_line' id='line_1_96' title="bbox 410 4862 1982 4932; baseline 0 -18"><span class='ocrx_word' id='word_1_637' title='bbox 410 4863 567 4915; x_wconf 89' lang='lat' dir='ltr'><strong>brosa</strong></span> <span class='ocrx_word' id='word_1_638' title='bbox 625 4862 1102 4930; x_wconf 88' lang='lat' dir='ltr'><strong>phantasmatum,</strong></span> <span class='ocrx_word' id='word_1_639' title='bbox 1167 4878 1539 4932; x_wconf 89' lang='lat' dir='ltr'><strong>vanarumque</strong></span> <span class='ocrx_word' id='word_1_640' title='bbox 1600 4862 1982 4932; x_wconf 90' lang='lat' dir='ltr'><strong>cogitationum</strong></span> 
     </span>
    </p>
   </div>
   <div class='ocr_carea' id='block_1_96' title="bbox 408 4944 1982 5026">
    <p class='ocr_par' dir='ltr' id='par_1_96' title="bbox 408 4944 1982 5026">
     <span class='ocr_line' id='line_1_97' title="bbox 408 4944 1982 5026; baseline 0 -20"><span class='ocrx_word' id='word_1_641' title='bbox 408 4951 567 5022; x_wconf 73' lang='lat'><strong>352</strong></span> <span class='ocrx_word' id='word_1_642' title='bbox 594 4953 766 5023; x_wconf 85' lang='lat' dir='ltr'><strong>caligo</strong></span> <span class='ocrx_word' id='word_1_643' title='bbox 789 4969 894 5008; x_wconf 93' lang='lat' dir='ltr'><strong>non</strong></span> <span class='ocrx_word' id='word_1_644' title='bbox 921 4956 1119 5010; x_wconf 87' lang='lat' dir='ltr'><strong>obstat.</strong></span> <span class='ocrx_word' id='word_1_645' title='bbox 1143 4953 1298 5026; x_wconf 81' lang='lat' dir='ltr'><strong>Saepe</strong></span> <span class='ocrx_word' id='word_1_646' title='bbox 1330 4964 1512 5009; x_wconf 90' lang='lat' dir='ltr'><strong>autem</strong></span> <span class='ocrx_word' id='word_1_647' title='bbox 1543 4954 1668 5008; x_wconf 90' lang='lat' dir='ltr'><strong>dum</strong></span> <span class='ocrx_word' id='word_1_648' title='bbox 1702 4944 1982 5021; x_wconf 73' lang='lat' dir='ltr'><strong>multiplici</strong></span> 
     </span>
    </p>
   </div>
   <div class='ocr_carea' id='block_1_97' title="bbox 413 5041 1980 5110">
    <p class='ocr_par' dir='ltr' id='par_1_97' title="bbox 413 5041 1980 5110">
     <span class='ocr_line' id='line_1_98' title="bbox 413 5041 1980 5110; baseline -0.001 -17"><span class='ocrx_word' id='word_1_649' title='bbox 413 5041 767 5095; x_wconf 82' lang='lat' dir='ltr'><strong>tentationum</strong></span> <span class='ocrx_word' id='word_1_650' title='bbox 812 5042 1093 5097; x_wconf 87' lang='lat' dir='ltr'><strong>obsidione</strong></span> <span class='ocrx_word' id='word_1_651' title='bbox 1147 5043 1434 5107; x_wconf 90' lang='lat' dir='ltr'><strong>vallamur,</strong></span> <span class='ocrx_word' id='word_1_652' title='bbox 1487 5041 1684 5096; x_wconf 74' lang='lat' dir='ltr'><strong>divinae</strong></span> <span class='ocrx_word' id='word_1_653' title='bbox 1735 5050 1980 5110; x_wconf 88' lang='lat' dir='ltr'><strong>respectu</strong></span> 
     </span>
    </p>
   </div>
   <div class='ocr_carea' id='block_1_98' title="bbox 407 5131 1986 5204">
    <p class='ocr_par' dir='ltr' id='par_1_98' title="bbox 407 5131 1986 5204">
     <span class='ocr_line' id='line_1_99' title="bbox 407 5131 1986 5204; baseline -0.001 -19"><span class='ocrx_word' id='word_1_654' title='bbox 407 5132 705 5188; x_wconf 75' lang='lat' dir='ltr'><strong>clementia:</strong></span> <span class='ocrx_word' id='word_1_655' title='bbox 742 5144 962 5204; x_wconf 90' lang='lat' dir='ltr'><strong>repente</strong></span> <span class='ocrx_word' id='word_1_656' title='bbox 994 5134 1046 5187; x_wconf 91' lang='lat' dir='ltr'><strong>in</strong></span> <span class='ocrx_word' id='word_1_657' title='bbox 1082 5133 1595 5204; x_wconf 89' lang='lat' dir='ltr'><strong>contemplationem</strong></span> <span class='ocrx_word' id='word_1_658' title='bbox 1626 5131 1884 5201; x_wconf 90' lang='lat' dir='ltr'><strong>rapimur.</strong></span> <span class='ocrx_word' id='word_1_659' title='bbox 1918 5131 1986 5184; x_wconf 85' lang='lat' dir='ltr'><strong>Et</strong></span> 
     </span>
    </p>
   </div>
   <div class='ocr_carea' id='block_1_99' title="bbox 311 5221 1980 5293">
    <p class='ocr_par' dir='ltr' id='par_1_99' title="bbox 311 5221 1980 5293">
     <span class='ocr_line' id='line_1_100' title="bbox 311 5221 1980 5293; baseline 0 -17"><span class='ocrx_word' id='word_1_660' title='bbox 311 5241 318 5248; x_wconf 94' lang='grc'>·</span> <span class='ocrx_word' id='word_1_661' title='bbox 408 5223 485 5276; x_wconf 88' lang='lat' dir='ltr'><strong>sic</strong></span> <span class='ocrx_word' id='word_1_662' title='bbox 532 5224 681 5278; x_wconf 89' lang='lat' dir='ltr'><strong>velut</strong></span> <span class='ocrx_word' id='word_1_663' title='bbox 711 5225 852 5278; x_wconf 87' lang='lat' dir='ltr'><strong>intra</strong></span> <span class='ocrx_word' id='word_1_664' title='bbox 887 5224 1270 5288; x_wconf 90' lang='lat' dir='ltr'><strong>diversorium,</strong></span> <span class='ocrx_word' id='word_1_665' title='bbox 1306 5224 1648 5293; x_wconf 79' lang='lat' dir='ltr'><strong>magnificam</strong></span> <span class='ocrx_word' id='word_1_666' title='bbox 1677 5221 1838 5292; x_wconf 79' lang='lat' dir='ltr'><strong>Regis</strong></span> <span class='ocrx_word' id='word_1_667' title='bbox 1865 5221 1980 5291; x_wconf 89' lang='lat' dir='ltr'><strong>glo-</strong></span> 
     </span>
    </p>
   </div>
   <div class='ocr_carea' id='block_1_100' title="bbox 413 5315 1982 5385">
    <p class='ocr_par' dir='ltr' id='par_1_100' title="bbox 413 5315 1982 5385">
     <span class='ocr_line' id='line_1_101' title="bbox 413 5315 1982 5385; baseline 0 -19"><span class='ocrx_word' id='word_1_668' title='bbox 413 5316 540 5367; x_wconf 88' lang='lat' dir='ltr'><strong>riam</strong></span> <span class='ocrx_word' id='word_1_669' title='bbox 573 5330 668 5384; x_wconf 89' lang='lat' dir='ltr'><strong>per</strong></span> <span class='ocrx_word' id='word_1_670' title='bbox 691 5315 930 5370; x_wconf 91' lang='lat' dir='ltr'><strong>occultas</strong></span> <span class='ocrx_word' id='word_1_671' title='bbox 975 5315 1139 5370; x_wconf 89' lang='lat' dir='ltr'><strong>rimas</strong></span> <span class='ocrx_word' id='word_1_672' title='bbox 1187 5315 1530 5385; x_wconf 89' lang='lat' dir='ltr'><strong>inspicimus;</strong></span> <span class='ocrx_word' id='word_1_673' title='bbox 1582 5315 1708 5369; x_wconf 93' lang='lat' dir='ltr'><strong>dum</strong></span> <span class='ocrx_word' id='word_1_674' title='bbox 1755 5327 1982 5382; x_wconf 88' lang='lat' dir='ltr'><strong>corpore</strong></span> 
     </span>
    </p>
   </div>
   <div class='ocr_carea' id='block_1_101' title="bbox 409 5405 1978 5475">
    <p class='ocr_par' dir='ltr' id='par_1_101' title="bbox 409 5405 1978 5475">
     <span class='ocr_line' id='line_1_102' title="bbox 409 5405 1978 5475; baseline 0.001 -18"><span class='ocrx_word' id='word_1_675' title='bbox 409 5405 538 5460; x_wconf 90' lang='lat' dir='ltr'><strong>foris</strong></span> <span class='ocrx_word' id='word_1_676' title='bbox 594 5407 810 5474; x_wconf 80' lang='lat' dir='ltr'><strong>posito,</strong></span> <span class='ocrx_word' id='word_1_677' title='bbox 870 5416 1150 5460; x_wconf 87' lang='lat' dir='ltr'><strong>ventorum</strong></span> <span class='ocrx_word' id='word_1_678' title='bbox 1200 5407 1503 5475; x_wconf 89' lang='lat' dir='ltr'><strong>procellas,</strong></span> <span class='ocrx_word' id='word_1_679' title='bbox 1563 5415 1618 5460; x_wconf 88' lang='lat' dir='ltr'><strong>et</strong></span> <span class='ocrx_word' id='word_1_680' title='bbox 1678 5406 1978 5475; x_wconf 88' lang='lat' dir='ltr'><strong>pluviarum</strong></span> 
     </span>
    </p>
   </div>
   <div class='ocr_carea' id='block_1_102' title="bbox 411 5495 1978 5567">
    <p class='ocr_par' dir='ltr' id='par_1_102' title="bbox 411 5495 1978 5567">
     <span class='ocr_line' id='line_1_103' title="bbox 411 5495 1978 5567; baseline 0.001 -19"><span class='ocrx_word' id='word_1_681' title='bbox 411 5495 784 5550; x_wconf 89' lang='lat' dir='ltr'><strong>inundantium</strong></span> <span class='ocrx_word' id='word_1_682' title='bbox 835 5497 1076 5552; x_wconf 76' lang='lat' dir='ltr'><strong>turbines</strong></span> <span class='ocrx_word' id='word_1_683' title='bbox 1111 5498 1462 5552; x_wconf 89' lang='lat' dir='ltr'><strong>sustinemus.</strong></span> <span class='ocrx_word' id='word_1_684' title='bbox 1490 5498 1686 5567; x_wconf 84' lang='lat' dir='ltr'><strong>Sicque</strong></span> <span class='ocrx_word' id='word_1_685' title='bbox 1717 5499 1978 5566; x_wconf 82' lang='lat' dir='ltr'><strong>quodam-</strong></span> 
     </span>
    </p>
   </div>
   <div class='ocr_carea' id='block_1_103' title="bbox 411 5585 1980 5658">
    <p class='ocr_par' dir='ltr' id='par_1_103' title="bbox 411 5585 1980 5658">
     <span class='ocr_line' id='line_1_104' title="bbox 411 5585 1980 5658; baseline 0.006 -22"><span class='ocrx_word' id='word_1_686' title='bbox 411 5585 566 5638; x_wconf 79' lang='lat' dir='ltr'><strong>modo</strong></span> <span class='ocrx_word' id='word_1_687' title='bbox 613 5587 760 5640; x_wconf 91' lang='lat' dir='ltr'><strong>solus</strong></span> <span class='ocrx_word' id='word_1_688' title='bbox 807 5589 994 5643; x_wconf 89' lang='lat' dir='ltr'><strong>oculus</strong></span> <span class='ocrx_word' id='word_1_689' title='bbox 1040 5588 1350 5642; x_wconf 89' lang='lat' dir='ltr'><strong>deliciarum</strong></span> <span class='ocrx_word' id='word_1_690' title='bbox 1395 5589 1658 5657; x_wconf 81' lang='lat' dir='ltr'><strong>regalium</strong></span> <span class='ocrx_word' id='word_1_691' title='bbox 1706 5590 1980 5658; x_wconf 89' lang='lat' dir='ltr'><strong>voluptate</strong></span> 
     </span>
    </p>
   </div>
   <div class='ocr_carea' id='block_1_104' title="bbox 410 5675 1979 5742">
    <p class='ocr_par' dir='ltr' id='par_1_104' title="bbox 410 5675 1979 5742">
     <span class='ocr_line' id='line_1_105' title="bbox 410 5675 1979 5742; baseline 0.008 -17"><span class='ocrx_word' id='word_1_692' title='bbox 410 5675 722 5742; x_wconf 83' lang='lat' dir='ltr'><strong>perfruitur,</strong></span> <span class='ocrx_word' id='word_1_693' title='bbox 754 5679 880 5732; x_wconf 91' lang='lat' dir='ltr'><strong>dum</strong></span> <span class='ocrx_word' id='word_1_694' title='bbox 912 5679 1154 5733; x_wconf 85' lang='lat' dir='ltr'><strong>membra</strong></span> <span class='ocrx_word' id='word_1_695' title='bbox 1195 5689 1388 5734; x_wconf 66' lang='lat' dir='ltr'><strong>uetera</strong></span> <span class='ocrx_word' id='word_1_696' title='bbox 1419 5677 1602 5735; x_wconf 81' lang='lat' dir='ltr'><strong>ﬂabris</strong></span> <span class='ocrx_word' id='word_1_697' title='bbox 1639 5689 1692 5735; x_wconf 92' lang='lat' dir='ltr'><strong>et</strong></span> <span class='ocrx_word' id='word_1_698' title='bbox 1728 5682 1979 5738; x_wconf 86' lang='lat' dir='ltr'><strong>cruciati-</strong></span> 
     </span>
    </p>
   </div>
   <div class='ocr_carea' id='block_1_105' title="bbox 2089 4586 3662 4652">
    <p class='ocr_par' dir='ltr' id='par_1_105' title="bbox 2089 4586 3662 4652">
     <span class='ocr_line' id='line_1_106' title="bbox 2089 4586 3662 4652; baseline 0.008 -13"><span class='ocrx_word' id='word_1_699' title='bbox 2089 4586 2342 4650; x_wconf 89' lang='lat' dir='ltr'><strong>elimina;</strong></span> <span class='ocrx_word' id='word_1_700' title='bbox 2370 4603 2440 4642; x_wconf 91' lang='lat' dir='ltr'><strong>ne</strong></span> <span class='ocrx_word' id='word_1_701' title='bbox 2477 4588 2522 4640; x_wconf 92' lang='lat' dir='ltr'><strong>si</strong></span> <span class='ocrx_word' id='word_1_702' title='bbox 2556 4595 2610 4641; x_wconf 90' lang='lat' dir='ltr'><strong>te</strong></span> <span class='ocrx_word' id='word_1_703' title='bbox 2659 4591 2964 4644; x_wconf 82' lang='lat' dir='ltr'><strong>accusatrix</strong></span> <span class='ocrx_word' id='word_1_704' title='bbox 3010 4592 3339 4648; x_wconf 89' lang='lat' dir='ltr'><strong>conscientia</strong></span> <span class='ocrx_word' id='word_1_705' title='bbox 3389 4593 3527 4650; x_wconf 86' lang='lat' dir='ltr'><strong>forte</strong></span> <span class='ocrx_word' id='word_1_706' title='bbox 3575 4611 3662 4652; x_wconf 64' lang='lat' dir='ltr'><strong>reo</strong></span> 
     </span>
    </p>
   </div>
   <div class='ocr_carea' id='block_1_106' title="bbox 2087 4676 3660 4749">
    <p class='ocr_par' dir='ltr' id='par_1_106' title="bbox 2087 4676 3660 4749">
     <span class='ocr_line' id='line_1_107' title="bbox 2087 4676 3660 4749; baseline 0.008 -19"><span class='ocrx_word' id='word_1_707' title='bbox 2087 4676 2356 4738; x_wconf 87' lang='lat' dir='ltr'><strong>mordeat,</strong></span> <span class='ocrx_word' id='word_1_708' title='bbox 2387 4691 2540 4731; x_wconf 90' lang='lat' dir='ltr'><strong>mens</strong></span> <span class='ocrx_word' id='word_1_709' title='bbox 2570 4687 2658 4731; x_wconf 90' lang='lat' dir='ltr'><strong>tua</strong></span> <span class='ocrx_word' id='word_1_710' title='bbox 2688 4677 2866 4749; x_wconf 77' lang='lat' dir='ltr'><strong>intitpi</strong></span> <span class='ocrx_word' id='word_1_711' title='bbox 2912 4679 3050 4733; x_wconf 91' lang='lat' dir='ltr'><strong>roris</strong></span> <span class='ocrx_word' id='word_1_712' title='bbox 3081 4681 3391 4738; x_wconf 89' lang='lat' dir='ltr'><strong>vacuefacta</strong></span> <span class='ocrx_word' id='word_1_713' title='bbox 3420 4686 3660 4742; x_wconf 89' lang='lat' dir='ltr'><strong>madori-</strong></span> 
     </span>
    </p>
   </div>
   <div class='ocr_carea' id='block_1_107' title="bbox 2090 4754 3660 4848">
    <p class='ocr_par' dir='ltr' id='par_1_107' title="bbox 2090 4754 3660 4848">
     <span class='ocr_line' id='line_1_108' title="bbox 2090 4754 3660 4848; baseline 0.006 -26"><span class='ocrx_word' id='word_1_714' title='bbox 2090 4767 2206 4830; x_wconf 89' lang='lat' dir='ltr'><strong>bus,</strong></span> <span class='ocrx_word' id='word_1_715' title='bbox 2228 4769 2478 4823; x_wconf 88' lang='lat' dir='ltr'><strong>ariditate</strong></span> <span class='ocrx_word' id='word_1_716' title='bbox 2491 4768 2795 4848; x_wconf 86' lang='lat' dir='ltr'><strong>formidinis</strong></span> <span class='ocrx_word' id='word_1_717' title='bbox 2809 4754 3176 4844; x_wconf 84' lang='lat' dir='ltr'><strong>contabescat,</strong></span> <span class='ocrx_word' id='word_1_718' title='bbox 3192 4773 3404 4828; x_wconf 89' lang='lat' dir='ltr'><strong>dicente</strong></span> <span class='ocrx_word' id='word_1_719' title='bbox 3417 4775 3660 4848; x_wconf 76' lang='lat' dir='ltr'><strong>Scriptu-</strong></span> 
     </span>
    </p>
   </div>
   <div class='ocr_carea' id='block_1_108' title="bbox 2091 4845 3652 4937">
    <p class='ocr_par' dir='ltr' id='par_1_108' title="bbox 2091 4845 3652 4937">
     <span class='ocr_line' id='line_1_109' title="bbox 2091 4845 3652 4937; baseline 0.005 -23"><span class='ocrx_word' id='word_1_720' title='bbox 2091 4875 2150 4914; x_wconf 90' lang='lat' dir='ltr'><strong>ra</strong></span> <span class='ocrx_word' id='word_1_721' title='bbox 2169 4877 2181 4912; x_wconf 94' lang='lat'>:</span> <span class='ocrx_word' id='word_1_722' title='bbox 2204 4878 2222 4910; x_wconf 71' lang='grc' dir='ltr'><strong>ι</strong></span> <span class='ocrx_word' id='word_1_723' title='bbox 2243 4859 2634 4912; x_wconf 79' lang='lat' dir='ltr'><strong>Arescentibns</strong></span> <span class='ocrx_word' id='word_1_724' title='bbox 2647 4845 2956 4913; x_wconf 74' lang='lat' dir='ltr'><strong>hominibus</strong></span> <span class='ocrx_word' id='word_1_725' title='bbox 2968 4874 3079 4928; x_wconf 76' lang='lat' dir='ltr'><strong>pra:</strong></span> <span class='ocrx_word' id='word_1_726' title='bbox 3097 4861 3288 4916; x_wconf 91' lang='lat' dir='ltr'><strong>timore</strong></span> <span class='ocrx_word' id='word_1_727' title='bbox 3305 4861 3454 4932; x_wconf 83' lang='lat' dir='ltr'><strong>(Luc.</strong></span> <span class='ocrx_word' id='word_1_728' title='bbox 3471 4845 3606 4937; x_wconf 75' lang='lat' dir='ltr'><strong>xxi).</strong></span> <span class='ocrx_word' id='word_1_729' title='bbox 3631 4887 3652 4921; x_wconf 73' lang='grc' dir='ltr'><strong>ι</strong></span> 
     </span>
    </p>
   </div>
   <div class='ocr_carea' id='block_1_109' title="bbox 2089 4949 3655 5018">
    <p class='ocr_par' dir='ltr' id='par_1_109' title="bbox 2089 4949 3655 5018">
     <span class='ocr_line' id='line_1_110' title="bbox 2089 4949 3655 5018; baseline 0.006 -14"><span class='ocrx_word' id='word_1_730' title='bbox 2089 4950 2403 5004; x_wconf 89' lang='lat' dir='ltr'><strong>Sanctitatis</strong></span> <span class='ocrx_word' id='word_1_731' title='bbox 2446 4949 2643 5018; x_wconf 88' lang='lat' dir='ltr'><strong>quippe</strong></span> <span class='ocrx_word' id='word_1_732' title='bbox 2677 4949 2966 5014; x_wconf 84' lang='lat' dir='ltr'><strong>fiducia,et</strong></span> <span class='ocrx_word' id='word_1_733' title='bbox 3001 4951 3154 5006; x_wconf 89' lang='lat' dir='ltr'><strong>testis</strong></span> <span class='ocrx_word' id='word_1_734' title='bbox 3179 4953 3499 5012; x_wconf 63' lang='lat' dir='ltr'><strong>innocentia:</strong></span> <span class='ocrx_word' id='word_1_735' title='bbox 3526 4973 3655 5014; x_wconf 88' lang='lat' dir='ltr'><strong>con-</strong></span> 
     </span>
    </p>
   </div>
   <div class='ocr_carea' id='block_1_110' title="bbox 2085 5039 3656 5113">
    <p class='ocr_par' dir='ltr' id='par_1_110' title="bbox 2085 5039 3656 5113">
     <span class='ocr_line' id='line_1_111' title="bbox 2085 5039 3656 5113; baseline 0.008 -22"><span class='ocrx_word' id='word_1_736' title='bbox 2085 5041 2246 5113; x_wconf 82' lang='lat'><strong>353</strong></span> <span class='ocrx_word' id='word_1_737' title='bbox 2280 5039 2507 5095; x_wconf 87' lang='lat' dir='ltr'><strong>scientia</strong></span> <span class='ocrx_word' id='word_1_738' title='bbox 2547 5055 2738 5110; x_wconf 87' lang='lat' dir='ltr'><strong>puram</strong></span> <span class='ocrx_word' id='word_1_739' title='bbox 2785 5051 3018 5095; x_wconf 89' lang='lat' dir='ltr'><strong>mentem</strong></span> <span class='ocrx_word' id='word_1_740' title='bbox 3058 5044 3375 5110; x_wconf 85' lang='lat' dir='ltr'><strong>quibusdam</strong></span> <span class='ocrx_word' id='word_1_741' title='bbox 3419 5047 3656 5104; x_wconf 68' lang='lat' dir='ltr'><strong>caelestis</strong></span> 
     </span>
    </p>
   </div>
   <div class='ocr_carea' id='block_1_111' title="bbox 2085 5131 3655 5205">
    <p class='ocr_par' dir='ltr' id='par_1_111' title="bbox 2085 5131 3655 5205">
     <span class='ocr_line' id='line_1_112' title="bbox 2085 5131 3655 5205; baseline 0.004 -19"><span class='ocrx_word' id='word_1_742' title='bbox 2085 5134 2269 5204; x_wconf 67' lang='lat' dir='ltr'><strong>gratia:</strong></span> <span class='ocrx_word' id='word_1_743' title='bbox 2299 5131 2483 5186; x_wconf 86' lang='lat' dir='ltr'><strong>rivulis</strong></span> <span class='ocrx_word' id='word_1_744' title='bbox 2509 5131 2716 5200; x_wconf 89' lang='lat' dir='ltr'><strong>irrigat,</strong></span> <span class='ocrx_word' id='word_1_745' title='bbox 2762 5137 2816 5184; x_wconf 89' lang='lat' dir='ltr'><strong>et</strong></span> <span class='ocrx_word' id='word_1_746' title='bbox 2853 5131 3068 5186; x_wconf 88' lang='lat' dir='ltr'><strong>resolvit</strong></span> <span class='ocrx_word' id='word_1_747' title='bbox 3099 5134 3150 5187; x_wconf 87' lang='lat' dir='ltr'><strong>in</strong></span> <span class='ocrx_word' id='word_1_748' title='bbox 3188 5133 3478 5205; x_wconf 80' lang='lat' dir='ltr'><strong>lacrymas,</strong></span> <span class='ocrx_word' id='word_1_749' title='bbox 3507 5138 3655 5192; x_wconf 66' lang='lat' dir='ltr'><strong>dario</strong></span> 
     </span>
    </p>
   </div>
   <div class='ocr_carea' id='block_1_112' title="bbox 2086 5221 3654 5291">
    <p class='ocr_par' dir='ltr' id='par_1_112' title="bbox 2086 5221 3654 5291">
     <span class='ocr_line' id='line_1_113' title="bbox 2086 5221 3654 5291; baseline 0.005 -15"><span class='ocrx_word' id='word_1_750' title='bbox 2086 5223 2214 5276; x_wconf 89' lang='lat' dir='ltr'><strong>tiam</strong></span> <span class='ocrx_word' id='word_1_751' title='bbox 2246 5221 2476 5291; x_wconf 85' lang='lat' dir='ltr'><strong>squalidi</strong></span> <span class='ocrx_word' id='word_1_752' title='bbox 2511 5222 2691 5276; x_wconf 89' lang='lat' dir='ltr'><strong>cordis</strong></span> <span class='ocrx_word' id='word_1_753' title='bbox 2722 5221 2946 5286; x_wconf 88' lang='lat' dir='ltr'><strong>emollit,</strong></span> <span class='ocrx_word' id='word_1_754' title='bbox 2979 5235 3033 5276; x_wconf 90' lang='lat' dir='ltr'><strong>et</strong></span> <span class='ocrx_word' id='word_1_755' title='bbox 3075 5221 3372 5291; x_wconf 84' lang='lat' dir='ltr'><strong>proliueudi</strong></span> <span class='ocrx_word' id='word_1_756' title='bbox 3413 5238 3654 5284; x_wconf 89' lang='lat' dir='ltr'><strong>meatum</strong></span> 
     </span>
    </p>
   </div>
   <div class='ocr_carea' id='block_1_113' title="bbox 2083 5310 3649 5386">
    <p class='ocr_par' dir='ltr' id='par_1_113' title="bbox 2083 5310 3649 5386">
     <span class='ocr_line' id='line_1_114' title="bbox 2083 5310 3649 5386; baseline 0.006 -21"><span class='ocrx_word' id='word_1_757' title='bbox 2083 5312 2298 5368; x_wconf 83' lang='lat' dir='ltr'><strong>fletibus</strong></span> <span class='ocrx_word' id='word_1_758' title='bbox 2315 5313 2506 5380; x_wconf 84' lang='lat' dir='ltr'><strong>aperit.</strong></span> <span class='ocrx_word' id='word_1_759' title='bbox 2532 5310 2616 5364; x_wconf 88' lang='lat' dir='ltr'><strong>Sit</strong></span> <span class='ocrx_word' id='word_1_760' title='bbox 2636 5325 2766 5380; x_wconf 86' lang='lat' dir='ltr'><strong>ergo</strong></span> <span class='ocrx_word' id='word_1_761' title='bbox 2785 5312 3113 5366; x_wconf 88' lang='lat' dir='ltr'><strong>conscientia</strong></span> <span class='ocrx_word' id='word_1_762' title='bbox 3137 5321 3223 5366; x_wconf 91' lang='lat' dir='ltr'><strong>tua</strong></span> <span class='ocrx_word' id='word_1_763' title='bbox 3247 5329 3404 5383; x_wconf 87' lang='lat' dir='ltr'><strong>pura,</strong></span> <span class='ocrx_word' id='word_1_764' title='bbox 3428 5319 3649 5386; x_wconf 85' lang='lat' dir='ltr'><strong>munda,</strong></span> 
     </span>
    </p>
   </div>
   <div class='ocr_carea' id='block_1_114' title="bbox 2085 5404 3654 5472">
    <p class='ocr_par' dir='ltr' id='par_1_114' title="bbox 2085 5404 3654 5472">
     <span class='ocr_line' id='line_1_115' title="bbox 2085 5404 3654 5472; baseline 0.006 -14"><span class='ocrx_word' id='word_1_765' title='bbox 2085 5405 2283 5467; x_wconf 84' lang='lat' dir='ltr'><strong>nitida;</strong></span> <span class='ocrx_word' id='word_1_766' title='bbox 2315 5405 2385 5456; x_wconf 89' lang='lat' dir='ltr'><strong>sit</strong></span> <span class='ocrx_word' id='word_1_767' title='bbox 2429 5404 2658 5463; x_wconf 85' lang='lat' dir='ltr'><strong>sincera,</strong></span> <span class='ocrx_word' id='word_1_768' title='bbox 2693 5418 2901 5470; x_wconf 84' lang='lat' dir='ltr'><strong>azyma,</strong></span> <span class='ocrx_word' id='word_1_769' title='bbox 2935 5412 3096 5469; x_wconf 89' lang='lat' dir='ltr'><strong>atque</strong></span> <span class='ocrx_word' id='word_1_770' title='bbox 3135 5405 3202 5472; x_wconf 89' lang='lat' dir='ltr'><strong>ab</strong></span> <span class='ocrx_word' id='word_1_771' title='bbox 3241 5408 3384 5460; x_wconf 89' lang='lat' dir='ltr'><strong>omni</strong></span> <span class='ocrx_word' id='word_1_772' title='bbox 3417 5407 3532 5464; x_wconf 89' lang='lat' dir='ltr'><strong>labe</strong></span> <span class='ocrx_word' id='word_1_773' title='bbox 3561 5426 3654 5467; x_wconf 88' lang='lat' dir='ltr'><strong>ne-</strong></span> 
     </span>
    </p>
   </div>
   <div class='ocr_carea' id='block_1_115' title="bbox 2085 5491 3653 5571">
    <p class='ocr_par' dir='ltr' id='par_1_115' title="bbox 2085 5491 3653 5571">
     <span class='ocr_line' id='line_1_116' title="bbox 2085 5491 3653 5571; baseline 0.006 -23"><span class='ocrx_word' id='word_1_774' title='bbox 2085 5495 2377 5563; x_wconf 87' lang='lat' dir='ltr'><strong>quitiarum</strong></span> <span class='ocrx_word' id='word_1_775' title='bbox 2413 5491 2770 5562; x_wconf 87' lang='lat' dir='ltr'><strong>spiritualium</strong></span> <span class='ocrx_word' id='word_1_776' title='bbox 2811 5491 3109 5546; x_wconf 71' lang='lat' dir='ltr'><strong>defaecata:</strong></span> <span class='ocrx_word' id='word_1_777' title='bbox 3153 5505 3208 5548; x_wconf 91' lang='lat' dir='ltr'><strong>et</strong></span> <span class='ocrx_word' id='word_1_778' title='bbox 3241 5511 3363 5551; x_wconf 93' lang='lat' dir='ltr'><strong>cum</strong></span> <span class='ocrx_word' id='word_1_779' title='bbox 3395 5513 3653 5571; x_wconf 82' lang='lat' dir='ltr'><strong>compun-</strong></span> 
     </span>
    </p>
   </div>
   <div class='ocr_carea' id='block_1_116' title="bbox 2084 5591 3652 5660">
    <p class='ocr_par' dir='ltr' id='par_1_116' title="bbox 2084 5591 3652 5660">
     <span class='ocr_line' id='line_1_117' title="bbox 2084 5591 3652 5660; baseline 0.004 -15"><span class='ocrx_word' id='word_1_780' title='bbox 2084 5593 2191 5646; x_wconf 83' lang='lat' dir='ltr'><strong>etio</strong></span> <span class='ocrx_word' id='word_1_781' title='bbox 2216 5591 2394 5645; x_wconf 82' lang='lat' dir='ltr'><strong>cordis</strong></span> <span class='ocrx_word' id='word_1_782' title='bbox 2425 5603 2707 5660; x_wconf 86' lang='lat' dir='ltr'><strong>erumpere</strong></span> <span class='ocrx_word' id='word_1_783' title='bbox 2749 5599 3023 5659; x_wconf 84' lang='lat' dir='ltr'><strong>properat,</strong></span> <span class='ocrx_word' id='word_1_784' title='bbox 3056 5591 3192 5646; x_wconf 80' lang='lat' dir='ltr'><strong>obex</strong></span> <span class='ocrx_word' id='word_1_785' title='bbox 3230 5595 3496 5650; x_wconf 88' lang='lat' dir='ltr'><strong>mordacis</strong></span> <span class='ocrx_word' id='word_1_786' title='bbox 3521 5611 3652 5652; x_wconf 88' lang='lat' dir='ltr'><strong>oon-</strong></span> 
     </span>
    </p>
   </div>
   <div class='ocr_carea' id='block_1_117' title="bbox 2084 5681 3649 5756">
    <p class='ocr_par' dir='ltr' id='par_1_117' title="bbox 2084 5681 3649 5756">
     <span class='ocr_line' id='line_1_118' title="bbox 2084 5681 3649 5756; baseline 0.002 -18"><span class='ocrx_word' id='word_1_787' title='bbox 2084 5682 2324 5738; x_wconf 69' lang='lat' dir='ltr'><strong>scientia:</strong></span> <span class='ocrx_word' id='word_1_788' title='bbox 2356 5695 2464 5735; x_wconf 89' lang='lat' dir='ltr'><strong>non</strong></span> <span class='ocrx_word' id='word_1_789' title='bbox 2489 5681 2747 5745; x_wconf 87' lang='lat' dir='ltr'><strong>obsistat;</strong></span> <span class='ocrx_word' id='word_1_790' title='bbox 2785 5695 2915 5736; x_wconf 79' lang='lat' dir='ltr'><strong>neve</strong></span> <span class='ocrx_word' id='word_1_791' title='bbox 2942 5695 3036 5735; x_wconf 86' lang='lat' dir='ltr'><strong>cor</strong></span> <span class='ocrx_word' id='word_1_792' title='bbox 3064 5682 3313 5750; x_wconf 79' lang='lat' dir='ltr'><strong>pavidum</strong></span> <span class='ocrx_word' id='word_1_793' title='bbox 3344 5685 3516 5756; x_wconf 69' lang='lat' dir='ltr'><strong>dignm</strong></span> <span class='ocrx_word' id='word_1_794' title='bbox 3544 5686 3649 5741; x_wconf 88' lang='lat' dir='ltr'><strong>for-</strong></span> 
     </span>
    </p>
   </div>
  </div>
