  <div class='ocr_page' id='page_1' title='image "/cluster/home/n/w/nwhite01/storage/ocr_20150623/145/hvd.32044048207542/188.png"; bbox 0 0 4080 6194; ppageno 0'>
   <div class='ocr_carea' id='block_1_1' title="bbox 432 308 531 365">
    <p class='ocr_par' dir='ltr' id='par_1_1' title="bbox 432 308 531 365">
     <span class='ocr_line' id='line_1_1' title="bbox 432 308 531 365; baseline -0.02 0"><span class='ocrx_word' id='word_1_1' title='bbox 432 308 531 365; x_wconf 70' lang='grc'><strong>381</strong></span> 
     </span>
    </p>
   </div>
   <div class='ocr_carea' id='block_1_2' title="bbox 1276 256 2871 368">
    <p class='ocr_par' dir='ltr' id='par_1_2' title="bbox 1276 256 2871 368">
     <span class='ocr_line' id='line_1_2' title="bbox 1276 256 2871 368; baseline 0.001 -4"><span class='ocrx_word' id='word_1_2' title='bbox 1276 309 1519 366; x_wconf 65' lang='lat' dir='ltr'><strong>OPLTSC.</strong></span> <span class='ocrx_word' id='word_1_3' title='bbox 1554 311 1671 368; x_wconf 75' lang='lat' dir='ltr'><strong>XV.</strong></span> <span class='ocrx_word' id='word_1_4' title='bbox 1708 341 1777 352; x_wconf 90' lang='lat'><strong>--</strong></span> <span class='ocrx_word' id='word_1_5' title='bbox 1828 312 1914 366; x_wconf 82' lang='lat' dir='ltr'><strong>DE</strong></span> <span class='ocrx_word' id='word_1_6' title='bbox 1952 307 2339 365; x_wconf 62' lang='lat' dir='ltr'><strong>liVSTlTU&#39;l‘lS</strong></span> <span class='ocrx_word' id='word_1_7' title='bbox 2378 256 2537 362; x_wconf 70' lang='lat' dir='ltr'><strong>OllD.</strong></span> <span class='ocrx_word' id='word_1_8' title='bbox 2590 307 2871 365; x_wconf 75' lang='lat' dir='ltr'><strong>EREMIT.</strong></span> 
     </span>
    </p>
   </div>
   <div class='ocr_carea' id='block_1_3' title="bbox 3584 318 3690 389">
    <p class='ocr_par' dir='ltr' id='par_1_3' title="bbox 3584 318 3690 389">
     <span class='ocr_line' id='line_1_3' title="bbox 3584 318 3690 389; baseline -0.009 -16"><span class='ocrx_word' id='word_1_9' title='bbox 3584 318 3690 389; x_wconf 68' lang='lat' dir='ltr'><strong>asa</strong></span> 
     </span>
    </p>
   </div>
   <div class='ocr_carea' id='block_1_4' title="bbox 507 419 3698 494">
    <p class='ocr_par' dir='ltr' id='par_1_4' title="bbox 507 419 3698 494">
     <span class='ocr_line' id='line_1_4' title="bbox 507 419 3698 494; baseline 0.003 -17"><span class='ocrx_word' id='word_1_10' title='bbox 507 423 641 478; x_wconf 67' lang='lat' dir='ltr'><strong>Vita:</strong></span> <span class='ocrx_word' id='word_1_11' title='bbox 676 430 780 477; x_wconf 75' lang='lat' dir='ltr'><strong>tua:</strong></span> <span class='ocrx_word' id='word_1_12' title='bbox 807 436 1018 491; x_wconf 85' lang='lat' dir='ltr'><strong>semper</strong></span> <span class='ocrx_word' id='word_1_13' title='bbox 1052 421 1247 478; x_wconf 89' lang='lat' dir='ltr'><strong>habeto</strong></span> <span class='ocrx_word' id='word_1_14' title='bbox 1298 433 1515 489; x_wconf 87' lang='lat' dir='ltr'><strong>testem,</strong></span> <span class='ocrx_word' id='word_1_15' title='bbox 1573 426 1663 494; x_wconf 88' lang='lat' dir='ltr'><strong>qui</strong></span> <span class='ocrx_word' id='word_1_16' title='bbox 1719 435 1771 481; x_wconf 91' lang='lat' dir='ltr'><strong>ct</strong></span> <span class='ocrx_word' id='word_1_17' title='bbox 1801 424 2010 479; x_wconf 87' lang='lat' dir='ltr'><strong>occulta</strong></span> <span class='ocrx_word' id='word_1_18' title='bbox 2040 430 2088 488; x_wconf 77' lang='grc' dir='ltr'><strong>Α</strong></span> <span class='ocrx_word' id='word_1_19' title='bbox 2119 419 2353 477; x_wconf 88' lang='lat' dir='ltr'><strong>metallo.</strong></span> <span class='ocrx_word' id='word_1_20' title='bbox 2395 419 2672 489; x_wconf 89' lang='lat' dir='ltr'><strong>Ingressus</strong></span> <span class='ocrx_word' id='word_1_21' title='bbox 2706 431 2889 477; x_wconf 88' lang='lat' dir='ltr'><strong>autem</strong></span> <span class='ocrx_word' id='word_1_22' title='bbox 2917 422 3184 491; x_wconf 91' lang='lat' dir='ltr'><strong>cellulam,</strong></span> <span class='ocrx_word' id='word_1_23' title='bbox 3216 439 3322 480; x_wconf 90' lang='lat' dir='ltr'><strong>non</strong></span> <span class='ocrx_word' id='word_1_24' title='bbox 3360 427 3541 481; x_wconf 90' lang='lat' dir='ltr'><strong>statim</strong></span> <span class='ocrx_word' id='word_1_25' title='bbox 3580 445 3698 485; x_wconf 90' lang='lat' dir='ltr'><strong>om-</strong></span> 
     </span>
    </p>
   </div>
   <div class='ocr_carea' id='block_1_5' title="bbox 427 507 2011 571">
    <p class='ocr_par' dir='ltr' id='par_1_5' title="bbox 427 507 2011 571">
     <span class='ocr_line' id='line_1_5' title="bbox 427 507 2011 571; baseline 0.001 -4"><span class='ocrx_word' id='word_1_26' title='bbox 427 507 566 567; x_wconf 80' lang='lat' dir='ltr'><strong>bona</strong></span> <span class='ocrx_word' id='word_1_27' title='bbox 617 521 705 565; x_wconf 91' lang='lat' dir='ltr'><strong>tua</strong></span> <span class='ocrx_word' id='word_1_28' title='bbox 751 512 803 564; x_wconf 90' lang='lat' dir='ltr'><strong>in</strong></span> <span class='ocrx_word' id='word_1_29' title='bbox 859 510 1057 567; x_wconf 86' lang='lat' dir='ltr'><strong>fratres</strong></span> <span class='ocrx_word' id='word_1_30' title='bbox 1106 512 1457 569; x_wconf 71' lang='lat' dir='ltr'><strong>mdificatoria</strong></span> <span class='ocrx_word' id='word_1_31' title='bbox 1501 516 1698 570; x_wconf 90' lang='lat' dir='ltr'><strong>debeat</strong></span> <span class='ocrx_word' id='word_1_32' title='bbox 1752 514 2011 571; x_wconf 77' lang='lat' dir='ltr'><strong>relatione</strong></span> 
     </span>
    </p>
   </div>
   <div class='ocr_carea' id='block_1_6' title="bbox 428 602 2011 675">
    <p class='ocr_par' dir='ltr' id='par_1_6' title="bbox 428 602 2011 675">
     <span class='ocr_line' id='line_1_6' title="bbox 428 602 2011 675; baseline 0.001 -18"><span class='ocrx_word' id='word_1_33' title='bbox 428 602 830 663; x_wconf 73' lang='lat' dir='ltr'><strong>transfundere.</strong></span> <span class='ocrx_word' id='word_1_34' title='bbox 860 613 914 655; x_wconf 89' lang='lat' dir='ltr'><strong>et</strong></span> <span class='ocrx_word' id='word_1_35' title='bbox 946 602 1144 655; x_wconf 86' lang='lat' dir='ltr'><strong>famam</strong></span> <span class='ocrx_word' id='word_1_36' title='bbox 1193 614 1338 657; x_wconf 87' lang='lat' dir='ltr'><strong>tuam</strong></span> <span class='ocrx_word' id='word_1_37' title='bbox 1388 621 1418 659; x_wconf 89' lang='lat' dir='ltr'><strong>a</strong></span> <span class='ocrx_word' id='word_1_38' title='bbox 1446 606 1666 659; x_wconf 87' lang='lat' dir='ltr'><strong>sinistra</strong></span> <span class='ocrx_word' id='word_1_39' title='bbox 1699 606 1868 675; x_wconf 76' lang='lat' dir='ltr'><strong>possit</strong></span> <span class='ocrx_word' id='word_1_40' title='bbox 1917 621 2011 659; x_wconf 83' lang='lat' dir='ltr'><strong>su-</strong></span> 
     </span>
    </p>
   </div>
   <div class='ocr_carea' id='block_1_7' title="bbox 422 691 2005 765">
    <p class='ocr_par' dir='ltr' id='par_1_7' title="bbox 422 691 2005 765">
     <span class='ocr_line' id='line_1_7' title="bbox 422 691 2005 765; baseline 0.001 -18"><span class='ocrx_word' id='word_1_41' title='bbox 422 693 667 762; x_wconf 85' lang='lat' dir='ltr'><strong>spicione</strong></span> <span class='ocrx_word' id='word_1_42' title='bbox 697 708 948 762; x_wconf 84' lang='lat' dir='ltr'><strong>purgare.</strong></span> <span class='ocrx_word' id='word_1_43' title='bbox 1004 691 1109 747; x_wconf 87' lang='lat' dir='ltr'><strong>Per</strong></span> <span class='ocrx_word' id='word_1_44' title='bbox 1136 693 1379 762; x_wconf 83' lang='lat' dir='ltr'><strong>planiora</strong></span> <span class='ocrx_word' id='word_1_45' title='bbox 1424 696 1527 750; x_wconf 90' lang='lat' dir='ltr'><strong>duc</strong></span> <span class='ocrx_word' id='word_1_46' title='bbox 1555 711 1771 765; x_wconf 80' lang='lat' dir='ltr'><strong>gregem</strong></span> <span class='ocrx_word' id='word_1_47' title='bbox 1805 703 1953 749; x_wconf 90' lang='lat' dir='ltr'><strong>tuum</strong></span> <span class='ocrx_word' id='word_1_48' title='bbox 1991 713 2005 761; x_wconf 90' lang='lat'><strong>;</strong></span> 
     </span>
    </p>
   </div>
   <div class='ocr_carea' id='block_1_8' title="bbox 420 782 2010 854">
    <p class='ocr_par' dir='ltr' id='par_1_8' title="bbox 420 782 2010 854">
     <span class='ocr_line' id='line_1_8' title="bbox 420 782 2010 854; baseline 0.003 -19"><span class='ocrx_word' id='word_1_49' title='bbox 420 782 514 835; x_wconf 86' lang='lat' dir='ltr'><strong>sed</strong></span> <span class='ocrx_word' id='word_1_50' title='bbox 542 783 756 836; x_wconf 77' lang='lat' dir='ltr'><strong>excelsa</strong></span> <span class='ocrx_word' id='word_1_51' title='bbox 786 782 1003 836; x_wconf 85' lang='lat' dir='ltr'><strong>interim</strong></span> <span class='ocrx_word' id='word_1_52' title='bbox 1035 783 1303 837; x_wconf 82' lang='lat' dir='ltr'><strong>discretus</strong></span> <span class='ocrx_word' id='word_1_53' title='bbox 1359 785 1550 839; x_wconf 86' lang='lat' dir='ltr'><strong>ductor</strong></span> <span class='ocrx_word' id='word_1_54' title='bbox 1577 784 1800 839; x_wconf 78' lang='lat' dir='ltr'><strong>ostende</strong></span> <span class='ocrx_word' id='word_1_55' title='bbox 1834 803 1846 837; x_wconf 95' lang='lat'><strong>:</strong></span> <span class='ocrx_word' id='word_1_56' title='bbox 1876 800 2010 854; x_wconf 90' lang='lat' dir='ltr'><strong>qua-</strong></span> 
     </span>
    </p>
   </div>
   <div class='ocr_carea' id='block_1_9' title="bbox 420 872 2008 943">
    <p class='ocr_par' dir='ltr' id='par_1_9' title="bbox 420 872 2008 943">
     <span class='ocr_line' id='line_1_9' title="bbox 420 872 2008 943; baseline 0.003 -19"><span class='ocrx_word' id='word_1_57' title='bbox 420 879 580 925; x_wconf 81' lang='lat' dir='ltr'><strong>tenus</strong></span> <span class='ocrx_word' id='word_1_58' title='bbox 626 872 751 925; x_wconf 87' lang='lat' dir='ltr'><strong>dutu</strong></span> <span class='ocrx_word' id='word_1_59' title='bbox 800 872 1191 941; x_wconf 85' lang='lat' dir='ltr'><strong>dispensationi</strong></span> <span class='ocrx_word' id='word_1_60' title='bbox 1242 884 1346 927; x_wconf 69' lang='lat' dir='ltr'><strong>tute</strong></span> <span class='ocrx_word' id='word_1_61' title='bbox 1402 874 1683 943; x_wconf 85' lang='lat' dir='ltr'><strong>deputant,</strong></span> <span class='ocrx_word' id='word_1_62' title='bbox 1738 876 1880 943; x_wconf 89' lang='lat' dir='ltr'><strong>qttod</strong></span> <span class='ocrx_word' id='word_1_63' title='bbox 1923 890 2008 929; x_wconf 87' lang='lat' dir='ltr'><strong>re-</strong></span> 
     </span>
    </p>
   </div>
   <div class='ocr_carea' id='block_1_10' title="bbox 420 956 2007 1035">
    <p class='ocr_par' dir='ltr' id='par_1_10' title="bbox 420 956 2007 1035">
     <span class='ocr_line' id='line_1_10' title="bbox 420 956 2007 1035; baseline 0.002 -19"><span class='ocrx_word' id='word_1_64' title='bbox 420 956 638 1017; x_wconf 82' lang='lat' dir='ltr'><strong>missius</strong></span> <span class='ocrx_word' id='word_1_65' title='bbox 667 962 875 1028; x_wconf 87' lang='lat' dir='ltr'><strong>vivunt,</strong></span> <span class='ocrx_word' id='word_1_66' title='bbox 905 974 959 1017; x_wconf 85' lang='lat' dir='ltr'><strong>et</strong></span> <span class='ocrx_word' id='word_1_67' title='bbox 988 965 1298 1018; x_wconf 82' lang='lat' dir='ltr'><strong>auctoritati</strong></span> <span class='ocrx_word' id='word_1_68' title='bbox 1324 963 1548 1018; x_wconf 88' lang='lat' dir='ltr'><strong>Patrum</strong></span> <span class='ocrx_word' id='word_1_69' title='bbox 1587 965 1855 1032; x_wconf 85' lang='lat' dir='ltr'><strong>districta,</strong></span> <span class='ocrx_word' id='word_1_70' title='bbox 1887 980 2007 1035; x_wconf 72' lang='lat' dir='ltr'><strong>qua:</strong></span> 
     </span>
    </p>
   </div>
   <div class='ocr_carea' id='block_1_11' title="bbox 418 1052 1997 1123">
    <p class='ocr_par' dir='ltr' id='par_1_11' title="bbox 418 1052 1997 1123">
     <span class='ocr_line' id='line_1_11' title="bbox 418 1052 1997 1123; baseline 0 -17"><span class='ocrx_word' id='word_1_71' title='bbox 418 1053 669 1119; x_wconf 88' lang='lat' dir='ltr'><strong>audiunt,</strong></span> <span class='ocrx_word' id='word_1_72' title='bbox 708 1054 775 1109; x_wconf 90' lang='lat' dir='ltr'><strong>ad</strong></span> <span class='ocrx_word' id='word_1_73' title='bbox 812 1054 1281 1108; x_wconf 88' lang='lat' dir='ltr'><strong>conscendendam</strong></span> <span class='ocrx_word' id='word_1_74' title='bbox 1311 1052 1661 1123; x_wconf 85' lang='lat' dir='ltr'><strong>perfectionis</strong></span> <span class='ocrx_word' id='word_1_75' title='bbox 1691 1069 1874 1108; x_wconf 88' lang='lat' dir='ltr'><strong>arcem</strong></span> <span class='ocrx_word' id='word_1_76' title='bbox 1904 1069 1997 1108; x_wconf 76' lang='lat' dir='ltr'><strong>ex-</strong></span> 
     </span>
    </p>
   </div>
   <div class='ocr_carea' id='block_1_12' title="bbox 416 1142 2005 1217">
    <p class='ocr_par' dir='ltr' id='par_1_12' title="bbox 416 1142 2005 1217">
     <span class='ocr_line' id='line_1_12' title="bbox 416 1142 2005 1217; baseline 0.001 -20"><span class='ocrx_word' id='word_1_77' title='bbox 416 1142 651 1211; x_wconf 89' lang='lat' dir='ltr'><strong>peditius</strong></span> <span class='ocrx_word' id='word_1_78' title='bbox 699 1146 1094 1214; x_wconf 84' lang='lat' dir='ltr'><strong>accingamur;</strong></span> <span class='ocrx_word' id='word_1_79' title='bbox 1146 1146 1453 1215; x_wconf 86' lang='lat' dir='ltr'><strong>pudeatque</strong></span> <span class='ocrx_word' id='word_1_80' title='bbox 1506 1146 1650 1216; x_wconf 90' lang='lat' dir='ltr'><strong>ipsos</strong></span> <span class='ocrx_word' id='word_1_81' title='bbox 1698 1147 2005 1217; x_wconf 80' lang='lat' dir='ltr'><strong>ignobiliter</strong></span> 
     </span>
    </p>
   </div>
   <div class='ocr_carea' id='block_1_13' title="bbox 416 1233 2003 1307">
    <p class='ocr_par' dir='ltr' id='par_1_13' title="bbox 416 1233 2003 1307">
     <span class='ocr_line' id='line_1_13' title="bbox 416 1233 2003 1307; baseline 0.003 -22"><span class='ocrx_word' id='word_1_82' title='bbox 416 1233 469 1286; x_wconf 90' lang='lat' dir='ltr'><strong>in</strong></span> <span class='ocrx_word' id='word_1_83' title='bbox 500 1234 628 1289; x_wconf 87' lang='lat' dir='ltr'><strong>imis</strong></span> <span class='ocrx_word' id='word_1_84' title='bbox 654 1236 966 1301; x_wconf 82' lang='lat' dir='ltr'><strong>hebescere,</strong></span> <span class='ocrx_word' id='word_1_85' title='bbox 990 1236 1080 1305; x_wconf 92' lang='lat' dir='ltr'><strong>qui</strong></span> <span class='ocrx_word' id='word_1_86' title='bbox 1134 1251 1232 1307; x_wconf 82' lang='lat' dir='ltr'><strong>per</strong></span> <span class='ocrx_word' id='word_1_87' title='bbox 1259 1235 1473 1290; x_wconf 86' lang='lat' dir='ltr'><strong>excelsa</strong></span> <span class='ocrx_word' id='word_1_88' title='bbox 1525 1236 1844 1291; x_wconf 91' lang='lat' dir='ltr'><strong>condiscunt</strong></span> <span class='ocrx_word' id='word_1_89' title='bbox 1871 1251 2003 1305; x_wconf 76' lang='lat' dir='ltr'><strong>pra:-</strong></span> 
     </span>
    </p>
   </div>
   <div class='ocr_carea' id='block_1_14' title="bbox 416 1308 2003 1392">
    <p class='ocr_par' dir='ltr' id='par_1_14' title="bbox 416 1308 2003 1392">
     <span class='ocr_line' id='line_1_14' title="bbox 416 1308 2003 1392; baseline 0.003 -19"><span class='ocrx_word' id='word_1_90' title='bbox 416 1319 531 1375; x_wconf 86' lang='lat' dir='ltr'><strong>vios</strong></span> <span class='ocrx_word' id='word_1_91' title='bbox 564 1308 800 1392; x_wconf 78' lang='lat' dir='ltr'><strong>ingenue</strong></span> <span class='ocrx_word' id='word_1_92' title='bbox 827 1336 1182 1376; x_wconf 86' lang='lat' dir='ltr'><strong>commeasse.</strong></span> <span class='ocrx_word' id='word_1_93' title='bbox 1232 1321 1338 1377; x_wconf 86' lang='lat' dir='ltr'><strong>Per</strong></span> <span class='ocrx_word' id='word_1_94' title='bbox 1366 1331 1511 1376; x_wconf 87' lang='lat' dir='ltr'><strong>recta</strong></span> <span class='ocrx_word' id='word_1_95' title='bbox 1548 1323 1919 1392; x_wconf 81' lang='lat' dir='ltr'><strong>gradientibus</strong></span> <span class='ocrx_word' id='word_1_96' title='bbox 1949 1331 2003 1378; x_wconf 88' lang='lat' dir='ltr'><strong>te</strong></span> 
     </span>
    </p>
   </div>
   <div class='ocr_carea' id='block_1_15' title="bbox 416 1411 2004 1481">
    <p class='ocr_par' dir='ltr' id='par_1_15' title="bbox 416 1411 2004 1481">
     <span class='ocr_line' id='line_1_15' title="bbox 416 1411 2004 1481; baseline 0.001 -17"><span class='ocrx_word' id='word_1_97' title='bbox 416 1426 710 1481; x_wconf 88' lang='lat' dir='ltr'><strong>supparem</strong></span> <span class='ocrx_word' id='word_1_98' title='bbox 766 1412 949 1481; x_wconf 69' lang='lat' dir='ltr'><strong>praebe</strong></span> <span class='ocrx_word' id='word_1_99' title='bbox 994 1429 1007 1464; x_wconf 92' lang='lat'><strong>:</strong></span> <span class='ocrx_word' id='word_1_100' title='bbox 1066 1411 1120 1466; x_wconf 92' lang='lat' dir='ltr'><strong>in</strong></span> <span class='ocrx_word' id='word_1_101' title='bbox 1177 1411 1554 1480; x_wconf 84' lang='lat' dir='ltr'><strong>delinquentes</strong></span> <span class='ocrx_word' id='word_1_102' title='bbox 1607 1420 1787 1466; x_wconf 88' lang='lat' dir='ltr'><strong>autem</strong></span> <span class='ocrx_word' id='word_1_103' title='bbox 1843 1411 2004 1467; x_wconf 89' lang='lat' dir='ltr'><strong>disci-</strong></span> 
     </span>
    </p>
   </div>
   <div class='ocr_carea' id='block_1_16' title="bbox 412 1500 1998 1572">
    <p class='ocr_par' dir='ltr' id='par_1_16' title="bbox 412 1500 1998 1572">
     <span class='ocr_line' id='line_1_16' title="bbox 412 1500 1998 1572; baseline 0 -19"><span class='ocrx_word' id='word_1_104' title='bbox 412 1501 570 1571; x_wconf 67' lang='lat' dir='ltr'><strong>plinae</strong></span> <span class='ocrx_word' id='word_1_105' title='bbox 603 1503 837 1572; x_wconf 75' lang='lat' dir='ltr'><strong>vigorem</strong></span> <span class='ocrx_word' id='word_1_106' title='bbox 862 1502 1068 1557; x_wconf 65' lang='lat' dir='ltr'><strong>relatus</strong></span> <span class='ocrx_word' id='word_1_107' title='bbox 1091 1515 1306 1557; x_wconf 83' lang='lat' dir='ltr'><strong>exerce.</strong></span> <span class='ocrx_word' id='word_1_108' title='bbox 1340 1500 1447 1556; x_wconf 89' lang='lat' dir='ltr'><strong>Pro</strong></span> <span class='ocrx_word' id='word_1_109' title='bbox 1470 1501 1807 1556; x_wconf 88' lang='lat' dir='ltr'><strong>observanda</strong></span> <span class='ocrx_word' id='word_1_110' title='bbox 1856 1500 1998 1553; x_wconf 85' lang='lat' dir='ltr'><strong>intra</strong></span> 
     </span>
    </p>
   </div>
   <div class='ocr_carea' id='block_1_17' title="bbox 411 1590 1997 1661">
    <p class='ocr_par' dir='ltr' id='par_1_17' title="bbox 411 1590 1997 1661">
     <span class='ocr_line' id='line_1_17' title="bbox 411 1590 1997 1661; baseline -0.001 -15"><span class='ocrx_word' id='word_1_111' title='bbox 411 1592 802 1646; x_wconf 86' lang='lat' dir='ltr'><strong>conscientiam</strong></span> <span class='ocrx_word' id='word_1_112' title='bbox 846 1592 1171 1647; x_wconf 68' lang='lat' dir='ltr'><strong>innocentia:</strong></span> <span class='ocrx_word' id='word_1_113' title='bbox 1199 1592 1457 1660; x_wconf 85' lang='lat' dir='ltr'><strong>puritate,</strong></span> <span class='ocrx_word' id='word_1_114' title='bbox 1490 1590 1597 1645; x_wconf 90' lang='lat' dir='ltr'><strong>noli</strong></span> <span class='ocrx_word' id='word_1_115' title='bbox 1651 1592 1858 1661; x_wconf 79' lang='lat' dir='ltr'><strong>virgam</strong></span> <span class='ocrx_word' id='word_1_116' title='bbox 1899 1590 1997 1644; x_wconf 80' lang='lat' dir='ltr'><strong>de-</strong></span> 
     </span>
    </p>
   </div>
   <div class='ocr_carea' id='block_1_18' title="bbox 409 1682 1994 1753">
    <p class='ocr_par' dir='ltr' id='par_1_18' title="bbox 409 1682 1994 1753">
     <span class='ocr_line' id='line_1_18' title="bbox 409 1682 1994 1753; baseline 0.001 -18"><span class='ocrx_word' id='word_1_117' title='bbox 409 1695 614 1751; x_wconf 89' lang='lat' dir='ltr'><strong>ponere</strong></span> <span class='ocrx_word' id='word_1_118' title='bbox 642 1682 981 1752; x_wconf 67' lang='lat' dir='ltr'><strong>disciplima:</strong></span> <span class='ocrx_word' id='word_1_119' title='bbox 1028 1683 1109 1737; x_wconf 89' lang='lat' dir='ltr'><strong>sic</strong></span> <span class='ocrx_word' id='word_1_120' title='bbox 1141 1692 1320 1737; x_wconf 88' lang='lat' dir='ltr'><strong>tamen</strong></span> <span class='ocrx_word' id='word_1_121' title='bbox 1368 1683 1733 1753; x_wconf 88' lang='lat' dir='ltr'><strong>correptionis</strong></span> <span class='ocrx_word' id='word_1_122' title='bbox 1771 1683 1994 1736; x_wconf 88' lang='lat' dir='ltr'><strong>verbum</strong></span> 
     </span>
    </p>
   </div>
   <div class='ocr_carea' id='block_1_19' title="bbox 2119 509 3694 588">
    <p class='ocr_par' dir='ltr' id='par_1_19' title="bbox 2119 509 3694 588">
     <span class='ocr_line' id='line_1_19' title="bbox 2119 509 3694 588; baseline 0.008 -24"><span class='ocrx_word' id='word_1_123' title='bbox 2119 525 2241 564; x_wconf 90' lang='lat' dir='ltr'><strong>nem</strong></span> <span class='ocrx_word' id='word_1_124' title='bbox 2290 509 2695 565; x_wconf 89' lang='lat' dir='ltr'><strong>consuetudinis</strong></span> <span class='ocrx_word' id='word_1_125' title='bbox 2739 512 2975 583; x_wconf 85' lang='lat' dir='ltr'><strong>regulam</strong></span> <span class='ocrx_word' id='word_1_126' title='bbox 3022 515 3367 584; x_wconf 82' lang='lat' dir='ltr'><strong>permittatur</strong></span> <span class='ocrx_word' id='word_1_127' title='bbox 3414 517 3639 588; x_wconf 87' lang='lat' dir='ltr'><strong>implere</strong></span> <span class='ocrx_word' id='word_1_128' title='bbox 3677 539 3694 576; x_wconf 91' lang='lat'><strong>:</strong></span> 
     </span>
    </p>
   </div>
   <div class='ocr_carea' id='block_1_20' title="bbox 2118 581 3785 675">
    <p class='ocr_par' dir='ltr' id='par_1_20' title="bbox 2118 581 3785 675">
     <span class='ocr_line' id='line_1_20' title="bbox 2118 581 3785 675; baseline 0.009 -22"><span class='ocrx_word' id='word_1_129' title='bbox 2118 600 2211 654; x_wconf 81' lang='lat' dir='ltr'><strong>sed</strong></span> <span class='ocrx_word' id='word_1_130' title='bbox 2239 600 2326 655; x_wconf 90' lang='lat' dir='ltr'><strong>diu</strong></span> <span class='ocrx_word' id='word_1_131' title='bbox 2357 610 2561 667; x_wconf 75' lang='lat' dir='ltr'><strong>quzerat</strong></span> <span class='ocrx_word' id='word_1_132' title='bbox 2584 642 2597 664; x_wconf 93' lang='lat'><strong>,</strong></span> <span class='ocrx_word' id='word_1_133' title='bbox 2630 602 2772 671; x_wconf 87' lang='lat' dir='ltr'><strong>quod</strong></span> <span class='ocrx_word' id='word_1_134' title='bbox 2811 581 3100 659; x_wconf 76' lang='lat' dir='ltr'><strong>difﬁculter</strong></span> <span class='ocrx_word' id='word_1_135' title='bbox 3144 608 3441 675; x_wconf 89' lang='lat' dir='ltr'><strong>inventum,</strong></span> <span class='ocrx_word' id='word_1_136' title='bbox 3478 581 3699 667; x_wconf 72' lang='lat' dir='ltr'><strong>charius</strong></span> <span class='ocrx_word' id='word_1_137' title='bbox 3769 581 3785 601; x_wconf 42' lang='grc' dir='ltr'><strong><em>θ</em></strong></span> 
     </span>
    </p>
   </div>
   <div class='ocr_carea' id='block_1_21' title="bbox 2118 692 3696 772">
    <p class='ocr_par' dir='ltr' id='par_1_21' title="bbox 2118 692 3696 772">
     <span class='ocr_line' id='line_1_21' title="bbox 2118 692 3696 772; baseline 0.01 -27"><span class='ocrx_word' id='word_1_138' title='bbox 2118 700 2314 746; x_wconf 88' lang='lat' dir='ltr'><strong>teneat.</strong></span> <span class='ocrx_word' id='word_1_139' title='bbox 2353 692 2704 749; x_wconf 86' lang='lat' dir='ltr'><strong>Postmodum</strong></span> <span class='ocrx_word' id='word_1_140' title='bbox 2745 710 2874 751; x_wconf 89' lang='lat' dir='ltr'><strong>vero</strong></span> <span class='ocrx_word' id='word_1_141' title='bbox 2913 712 3167 765; x_wconf 84' lang='lat' dir='ltr'><strong>processu</strong></span> <span class='ocrx_word' id='word_1_142' title='bbox 3204 703 3463 772; x_wconf 89' lang='lat' dir='ltr'><strong>temporis</strong></span> <span class='ocrx_word' id='word_1_143' title='bbox 3506 720 3696 760; x_wconf 86' lang='lat' dir='ltr'><strong>omnes</strong></span> 
     </span>
    </p>
   </div>
   <div class='ocr_carea' id='block_1_22' title="bbox 2115 785 3697 865">
    <p class='ocr_par' dir='ltr' id='par_1_22' title="bbox 2115 785 3697 865">
     <span class='ocr_line' id='line_1_22' title="bbox 2115 785 3697 865; baseline 0.01 -29"><span class='ocrx_word' id='word_1_144' title='bbox 2115 794 2306 839; x_wconf 89' lang='lat' dir='ltr'><strong>sancto</strong></span> <span class='ocrx_word' id='word_1_145' title='bbox 2332 785 2601 841; x_wconf 89' lang='lat' dir='ltr'><strong>desiderio</strong></span> <span class='ocrx_word' id='word_1_146' title='bbox 2628 789 2941 844; x_wconf 74' lang='lat' dir='ltr'><strong>relaxentur</strong></span> <span class='ocrx_word' id='word_1_147' title='bbox 2966 792 3204 859; x_wconf 81' lang='lat' dir='ltr'><strong>habenae,</strong></span> <span class='ocrx_word' id='word_1_148' title='bbox 3239 804 3291 849; x_wconf 89' lang='lat' dir='ltr'><strong>et</strong></span> <span class='ocrx_word' id='word_1_149' title='bbox 3319 797 3576 865; x_wconf 76' lang='lat' dir='ltr'><strong>quidquid</strong></span> <span class='ocrx_word' id='word_1_150' title='bbox 3607 815 3697 852; x_wconf 88' lang='lat' dir='ltr'><strong>ar-</strong></span> 
     </span>
    </p>
   </div>
   <div class='ocr_carea' id='block_1_23' title="bbox 2115 878 3696 960">
    <p class='ocr_par' dir='ltr' id='par_1_23' title="bbox 2115 878 3696 960">
     <span class='ocr_line' id='line_1_23' title="bbox 2115 878 3696 960; baseline 0.008 -29"><span class='ocrx_word' id='word_1_151' title='bbox 2115 878 2204 932; x_wconf 91' lang='lat' dir='ltr'><strong>dui</strong></span> <span class='ocrx_word' id='word_1_152' title='bbox 2236 893 2389 932; x_wconf 88' lang='lat' dir='ltr'><strong>mens</strong></span> <span class='ocrx_word' id='word_1_153' title='bbox 2416 879 2677 948; x_wconf 83' lang='lat' dir='ltr'><strong>spirabat,</strong></span> <span class='ocrx_word' id='word_1_154' title='bbox 2709 890 2937 937; x_wconf 82' lang='lat' dir='ltr'><strong>attentet</strong></span> <span class='ocrx_word' id='word_1_155' title='bbox 2965 902 2976 937; x_wconf 88' lang='lat'><strong>:</strong></span> <span class='ocrx_word' id='word_1_156' title='bbox 3009 894 3067 939; x_wconf 95' lang='lat' dir='ltr'><strong>ut</strong></span> <span class='ocrx_word' id='word_1_157' title='bbox 3096 886 3149 938; x_wconf 92' lang='lat' dir='ltr'><strong>in</strong></span> <span class='ocrx_word' id='word_1_158' title='bbox 3180 886 3295 954; x_wconf 90' lang='lat' dir='ltr'><strong>ipso</strong></span> <span class='ocrx_word' id='word_1_159' title='bbox 3322 888 3547 943; x_wconf 79' lang='lat' dir='ltr'><strong>fervoris</strong></span> <span class='ocrx_word' id='word_1_160' title='bbox 3586 892 3696 960; x_wconf 85' lang='lat' dir='ltr'><strong>spi-</strong></span> 
     </span>
    </p>
   </div>
   <div class='ocr_carea' id='block_1_24' title="bbox 2116 970 3692 1046">
    <p class='ocr_par' dir='ltr' id='par_1_24' title="bbox 2116 970 3692 1046">
     <span class='ocr_line' id='line_1_24' title="bbox 2116 970 3692 1046; baseline 0.006 -21"><span class='ocrx_word' id='word_1_161' title='bbox 2116 970 2220 1025; x_wconf 90' lang='lat' dir='ltr'><strong>ritu</strong></span> <span class='ocrx_word' id='word_1_162' title='bbox 2251 972 2457 1026; x_wconf 65' lang='lat' dir='ltr'><strong>semitae</strong></span> <span class='ocrx_word' id='word_1_163' title='bbox 2495 972 2826 1027; x_wconf 86' lang='lat' dir='ltr'><strong>sublimioris</strong></span> <span class='ocrx_word' id='word_1_164' title='bbox 2855 974 2959 1029; x_wconf 89' lang='lat' dir='ltr'><strong>iter</strong></span> <span class='ocrx_word' id='word_1_165' title='bbox 2986 978 3331 1046; x_wconf 83' lang='lat' dir='ltr'><strong>aggrediatur</strong></span> <span class='ocrx_word' id='word_1_166' title='bbox 3357 979 3631 1046; x_wconf 87' lang='lat' dir='ltr'><strong>incedere,</strong></span> <span class='ocrx_word' id='word_1_167' title='bbox 3661 997 3692 1035; x_wconf 85' lang='lat' dir='ltr'><strong>a</strong></span> 
     </span>
    </p>
   </div>
   <div class='ocr_carea' id='block_1_25' title="bbox 2112 1060 3694 1135">
    <p class='ocr_par' dir='ltr' id='par_1_25' title="bbox 2112 1060 3694 1135">
     <span class='ocr_line' id='line_1_25' title="bbox 2112 1060 3694 1135; baseline 0.009 -24"><span class='ocrx_word' id='word_1_168' title='bbox 2112 1075 2216 1128; x_wconf 89' lang='lat' dir='ltr'><strong>qua</strong></span> <span class='ocrx_word' id='word_1_169' title='bbox 2240 1060 2581 1129; x_wconf 87' lang='lat' dir='ltr'><strong>postmodum</strong></span> <span class='ocrx_word' id='word_1_170' title='bbox 2608 1067 2805 1132; x_wconf 82' lang='lat' dir='ltr'><strong>pudeat</strong></span> <span class='ocrx_word' id='word_1_171' title='bbox 2834 1065 3142 1135; x_wconf 90' lang='lat' dir='ltr'><strong>ignobiliter</strong></span> <span class='ocrx_word' id='word_1_172' title='bbox 3170 1069 3437 1123; x_wconf 88' lang='lat' dir='ltr'><strong>declinare</strong></span> <span class='ocrx_word' id='word_1_173' title='bbox 3464 1087 3477 1124; x_wconf 90' lang='lat'><strong>:</strong></span> <span class='ocrx_word' id='word_1_174' title='bbox 3510 1082 3560 1124; x_wconf 90' lang='lat' dir='ltr'><strong>et</strong></span> <span class='ocrx_word' id='word_1_175' title='bbox 3589 1071 3694 1126; x_wconf 84' lang='lat' dir='ltr'><strong>ini-</strong></span> 
     </span>
    </p>
   </div>
   <div class='ocr_carea' id='block_1_26' title="bbox 2114 1151 3690 1229">
    <p class='ocr_par' dir='ltr' id='par_1_26' title="bbox 2114 1151 3690 1229">
     <span class='ocr_line' id='line_1_26' title="bbox 2114 1151 3690 1229; baseline 0.009 -26"><span class='ocrx_word' id='word_1_176' title='bbox 2114 1151 2171 1204; x_wconf 92' lang='lat' dir='ltr'><strong>tii</strong></span> <span class='ocrx_word' id='word_1_177' title='bbox 2220 1152 2301 1205; x_wconf 91' lang='lat' dir='ltr'><strong>sui</strong></span> <span class='ocrx_word' id='word_1_178' title='bbox 2336 1152 2637 1207; x_wconf 89' lang='lat' dir='ltr'><strong>rudimenta</strong></span> <span class='ocrx_word' id='word_1_179' title='bbox 2684 1169 2782 1223; x_wconf 89' lang='lat' dir='ltr'><strong>pro</strong></span> <span class='ocrx_word' id='word_1_180' title='bbox 2809 1157 3054 1226; x_wconf 87' lang='lat' dir='ltr'><strong>exemplo</strong></span> <span class='ocrx_word' id='word_1_181' title='bbox 3099 1172 3313 1229; x_wconf 84' lang='lat' dir='ltr'><strong>semper</strong></span> <span class='ocrx_word' id='word_1_182' title='bbox 3351 1171 3477 1215; x_wconf 88' lang='lat' dir='ltr'><strong>ante</strong></span> <span class='ocrx_word' id='word_1_183' title='bbox 3504 1162 3690 1217; x_wconf 85' lang='lat' dir='ltr'><strong>oculos</strong></span> 
     </span>
    </p>
   </div>
   <div class='ocr_carea' id='block_1_27' title="bbox 2112 1250 3690 1323">
    <p class='ocr_par' dir='ltr' id='par_1_27' title="bbox 2112 1250 3690 1323">
     <span class='ocr_line' id='line_1_27' title="bbox 2112 1250 3690 1323; baseline 0.01 -26"><span class='ocrx_word' id='word_1_184' title='bbox 2112 1253 2314 1312; x_wconf 89' lang='lat' dir='ltr'><strong>teneat,</strong></span> <span class='ocrx_word' id='word_1_185' title='bbox 2347 1257 2405 1302; x_wconf 90' lang='lat' dir='ltr'><strong>ut</strong></span> <span class='ocrx_word' id='word_1_186' title='bbox 2438 1250 2482 1304; x_wconf 92' lang='lat' dir='ltr'><strong>si</strong></span> <span class='ocrx_word' id='word_1_187' title='bbox 2523 1267 2628 1307; x_wconf 92' lang='lat' dir='ltr'><strong>non</strong></span> <span class='ocrx_word' id='word_1_188' title='bbox 2668 1254 3025 1310; x_wconf 86' lang='lat' dir='ltr'><strong>eminentiora</strong></span> <span class='ocrx_word' id='word_1_189' title='bbox 3055 1258 3451 1323; x_wconf 86' lang='lat' dir='ltr'><strong>conscenderit,</strong></span> <span class='ocrx_word' id='word_1_190' title='bbox 3494 1258 3561 1314; x_wconf 90' lang='lat' dir='ltr'><strong>ab</strong></span> <span class='ocrx_word' id='word_1_191' title='bbox 3604 1259 3690 1314; x_wconf 84' lang='lat' dir='ltr'><strong>his</strong></span> 
     </span>
    </p>
   </div>
   <div class='ocr_carea' id='block_1_28' title="bbox 2109 1338 3511 1418">
    <p class='ocr_par' dir='ltr' id='par_1_28' title="bbox 2109 1338 3511 1418">
     <span class='ocr_line' id='line_1_28' title="bbox 2109 1338 3511 1418; baseline 0.011 -27"><span class='ocrx_word' id='word_1_192' title='bbox 2109 1338 2298 1394; x_wconf 86' lang='lat' dir='ltr'><strong>saltem</strong></span> <span class='ocrx_word' id='word_1_193' title='bbox 2326 1340 2509 1410; x_wconf 87' lang='lat' dir='ltr'><strong>dilabi,</strong></span> <span class='ocrx_word' id='word_1_194' title='bbox 2541 1359 2661 1414; x_wconf 67' lang='lat' dir='ltr'><strong>quae</strong></span> <span class='ocrx_word' id='word_1_195' title='bbox 2689 1347 2890 1401; x_wconf 82' lang='lat' dir='ltr'><strong>dudum</strong></span> <span class='ocrx_word' id='word_1_196' title='bbox 2926 1349 3174 1418; x_wconf 63' lang='lat' dir='ltr'><strong>coeperit,</strong></span> <span class='ocrx_word' id='word_1_197' title='bbox 3205 1351 3511 1406; x_wconf 84' lang='lat' dir='ltr'><strong>erubescat.</strong></span> 
     </span>
    </p>
   </div>
   <div class='ocr_carea' id='block_1_29' title="bbox 2686 1437 3122 1496">
    <p class='ocr_par' dir='ltr' id='par_1_29' title="bbox 2686 1437 3122 1496">
     <span class='ocr_line' id='line_1_29' title="bbox 2686 1437 3122 1496; baseline 0.005 -3"><span class='ocrx_word' id='word_1_198' title='bbox 2686 1437 2913 1496; x_wconf 79' lang='lat' dir='ltr'><strong>CAPUT</strong></span> <span class='ocrx_word' id='word_1_199' title='bbox 2952 1439 3122 1495; x_wconf 83' lang='lat' dir='ltr'><strong>XXX.</strong></span> 
     </span>
    </p>
   </div>
   <div class='ocr_carea' id='block_1_30' title="bbox 2109 1520 3689 1652">
    <p class='ocr_par' dir='ltr' id='par_1_30' title="bbox 2109 1520 3689 1652">
     <span class='ocr_line' id='line_1_30' title="bbox 2109 1520 3689 1652; baseline 0.011 -78"><span class='ocrx_word' id='word_1_200' title='bbox 2109 1520 2185 1575; x_wconf 87' lang='lat' dir='ltr'><strong>De</strong></span> <span class='ocrx_word' id='word_1_201' title='bbox 2228 1522 2308 1578; x_wconf 81' lang='lat' dir='ltr'><strong>his</strong></span> <span class='ocrx_word' id='word_1_202' title='bbox 2344 1526 2435 1595; x_wconf 83' lang='lat' dir='ltr'><strong>qui</strong></span> <span class='ocrx_word' id='word_1_203' title='bbox 2483 1544 2548 1581; x_wconf 80' lang='lat' dir='ltr'><strong>ea:</strong></span> <span class='ocrx_word' id='word_1_204' title='bbox 2583 1528 3310 1652; x_wconf 72' lang='lat' dir='ltr'><strong>cwnobilicadconversatione</strong></span> <span class='ocrx_word' id='word_1_205' title='bbox 3344 1534 3413 1587; x_wconf 82' lang='lat' dir='ltr'><strong>ad</strong></span> <span class='ocrx_word' id='word_1_206' title='bbox 3459 1550 3689 1591; x_wconf 76' lang='lat' dir='ltr'><strong>eremum</strong></span> 
     </span>
     <span class='ocr_line' id='line_1_31' title="bbox 2773 1610 3044 1652; baseline 0 0"><span class='ocrx_word' id='word_1_207' title='bbox 2773 1615 2894 1652; x_wconf 77' lang='lat' dir='ltr'><strong>accc</strong></span> <span class='ocrx_word' id='word_1_208' title='bbox 2935 1610 3044 1652; x_wconf 82' lang='lat' dir='ltr'><strong>unt.</strong></span> 
     </span>
    </p>
   </div>
   <div class='ocr_carea' id='block_1_31' title="bbox 2773 1610 3044 1653">
    <p class='ocr_par' dir='ltr' id='par_1_31' title="bbox 2773 1610 3044 1653">
     <span class='ocr_line' id='line_1_32' title="bbox 2773 1610 3044 1653; baseline 0.007 -2"><span class='ocrx_word' id='word_1_209' title='bbox 2773 1610 3044 1653; x_wconf 78' lang='lat' dir='ltr'><strong>accedunt.</strong></span> 
     </span>
    </p>
   </div>
   <div class='ocr_carea' id='block_1_32' title="bbox 2177 1679 3687 1764">
    <p class='ocr_par' dir='ltr' id='par_1_32' title="bbox 2177 1679 3687 1764">
     <span class='ocr_line' id='line_1_33' title="bbox 2177 1679 3687 1764; baseline 0.012 -28"><span class='ocrx_word' id='word_1_210' title='bbox 2177 1679 2233 1737; x_wconf 91' lang='lat' dir='ltr'><strong>Si</strong></span> <span class='ocrx_word' id='word_1_211' title='bbox 2261 1691 2441 1740; x_wconf 90' lang='lat' dir='ltr'><strong>autem</strong></span> <span class='ocrx_word' id='word_1_212' title='bbox 2473 1684 2541 1741; x_wconf 90' lang='lat' dir='ltr'><strong>de</strong></span> <span class='ocrx_word' id='word_1_213' title='bbox 2568 1686 2749 1759; x_wconf 82' lang='lat' dir='ltr'><strong>regula</strong></span> <span class='ocrx_word' id='word_1_214' title='bbox 2776 1690 3091 1746; x_wconf 88' lang='lat' dir='ltr'><strong>monasterii</strong></span> <span class='ocrx_word' id='word_1_215' title='bbox 3116 1693 3205 1759; x_wconf 90' lang='lat' dir='ltr'><strong>sit,</strong></span> <span class='ocrx_word' id='word_1_216' title='bbox 3231 1695 3323 1764; x_wconf 88' lang='lat' dir='ltr'><strong>qui</strong></span> <span class='ocrx_word' id='word_1_217' title='bbox 3350 1695 3419 1749; x_wconf 90' lang='lat' dir='ltr'><strong>ad</strong></span> <span class='ocrx_word' id='word_1_218' title='bbox 3444 1709 3687 1753; x_wconf 81' lang='lat' dir='ltr'><strong>eremum</strong></span> 
     </span>
    </p>
   </div>
   <div class='ocr_carea' id='block_1_33' title="bbox 408 1767 3691 1857">
    <p class='ocr_par' dir='ltr' id='par_1_33' title="bbox 408 1767 3691 1857">
     <span class='ocr_line' id='line_1_34' title="bbox 408 1767 3691 1857; baseline 0.005 -33"><span class='ocrx_word' id='word_1_219' title='bbox 408 1783 479 1824; x_wconf 88' lang='lat' dir='ltr'><strong>ex</strong></span> <span class='ocrx_word' id='word_1_220' title='bbox 527 1770 689 1826; x_wconf 82' lang='lat' dir='ltr'><strong>labiis</strong></span> <span class='ocrx_word' id='word_1_221' title='bbox 734 1771 1064 1841; x_wconf 86' lang='lat' dir='ltr'><strong>proferatur,</strong></span> <span class='ocrx_word' id='word_1_222' title='bbox 1092 1780 1155 1827; x_wconf 87' lang='lat' dir='ltr'><strong>ut</strong></span> <span class='ocrx_word' id='word_1_223' title='bbox 1184 1767 1409 1827; x_wconf 88' lang='lat' dir='ltr'><strong>fraterni</strong></span> <span class='ocrx_word' id='word_1_224' title='bbox 1455 1774 1658 1828; x_wconf 88' lang='lat' dir='ltr'><strong>amoris</strong></span> <span class='ocrx_word' id='word_1_225' title='bbox 1691 1773 1747 1827; x_wconf 92' lang='lat' dir='ltr'><strong>in</strong></span> <span class='ocrx_word' id='word_1_226' title='bbox 1776 1780 1996 1842; x_wconf 78' lang='lat' dir='ltr'><strong>pectore</strong></span> <span class='ocrx_word' id='word_1_227' title='bbox 2026 1796 2074 1857; x_wconf 73' lang='grc' dir='ltr'><strong>Β</strong></span> <span class='ocrx_word' id='word_1_228' title='bbox 2103 1783 2386 1840; x_wconf 87' lang='lat' dir='ltr'><strong>properat,</strong></span> <span class='ocrx_word' id='word_1_229' title='bbox 2429 1776 2833 1843; x_wconf 89' lang='lat' dir='ltr'><strong>superstitiosas</strong></span> <span class='ocrx_word' id='word_1_230' title='bbox 2872 1781 3130 1848; x_wconf 89' lang='lat' dir='ltr'><strong>quasdam</strong></span> <span class='ocrx_word' id='word_1_231' title='bbox 3180 1784 3491 1840; x_wconf 69' lang='lat' dir='ltr'><strong>monastica:</strong></span> <span class='ocrx_word' id='word_1_232' title='bbox 3527 1788 3691 1841; x_wconf 88' lang='lat' dir='ltr'><strong>disci-</strong></span> 
     </span>
    </p>
   </div>
   <div class='ocr_carea' id='block_1_34' title="bbox 395 1861 1999 1932">
    <p class='ocr_par' dir='ltr' id='par_1_34' title="bbox 395 1861 1999 1932">
     <span class='ocr_line' id='line_1_35' title="bbox 395 1861 1999 1932; baseline 0.001 -15"><span class='ocrx_word' id='word_1_233' title='bbox 395 1861 637 1917; x_wconf 75' lang='lat' dir='ltr'><strong>dulcedo</strong></span> <span class='ocrx_word' id='word_1_234' title='bbox 656 1870 929 1919; x_wconf 88' lang='lat' dir='ltr'><strong>servetur.</strong></span> <span class='ocrx_word' id='word_1_235' title='bbox 977 1862 1131 1917; x_wconf 90' lang='lat' dir='ltr'><strong>Sicut</strong></span> <span class='ocrx_word' id='word_1_236' title='bbox 1181 1861 1343 1932; x_wconf 91' lang='lat' dir='ltr'><strong>plane</strong></span> <span class='ocrx_word' id='word_1_237' title='bbox 1389 1862 1667 1932; x_wconf 89' lang='lat' dir='ltr'><strong>capiendis</strong></span> <span class='ocrx_word' id='word_1_238' title='bbox 1715 1864 1906 1924; x_wconf 82' lang='lat' dir='ltr'><strong>avibus</strong></span> <span class='ocrx_word' id='word_1_239' title='bbox 1932 1862 1999 1918; x_wconf 90' lang='lat' dir='ltr'><strong>de</strong></span> 
     </span>
    </p>
   </div>
   <div class='ocr_carea' id='block_1_35' title="bbox 352 1939 2001 2024">
    <p class='ocr_par' dir='ltr' id='par_1_35' title="bbox 352 1939 2001 2024">
     <span class='ocr_line' id='line_1_36' title="bbox 352 1939 2001 2024; baseline 0 -17"><span class='ocrx_word' id='word_1_240' title='bbox 352 1939 570 2010; x_wconf 63' lang='lat' dir='ltr'><strong>‘manu</strong></span> <span class='ocrx_word' id='word_1_241' title='bbox 622 1954 819 2010; x_wconf 86' lang='lat' dir='ltr'><strong>stantis</strong></span> <span class='ocrx_word' id='word_1_242' title='bbox 873 1953 1135 2024; x_wconf 88' lang='lat' dir='ltr'><strong>accipiter</strong></span> <span class='ocrx_word' id='word_1_243' title='bbox 1163 1952 1424 2008; x_wconf 81' lang='lat' dir='ltr'><strong>advolat:</strong></span> <span class='ocrx_word' id='word_1_244' title='bbox 1478 1953 1558 2007; x_wconf 89' lang='lat' dir='ltr'><strong>sic</strong></span> <span class='ocrx_word' id='word_1_245' title='bbox 1612 1952 2001 2023; x_wconf 84' lang='lat' dir='ltr'><strong>indignationis</strong></span> 
     </span>
    </p>
   </div>
   <div class='ocr_carea' id='block_1_36' title="bbox 408 2042 1999 2115">
    <p class='ocr_par' dir='ltr' id='par_1_36' title="bbox 408 2042 1999 2115">
     <span class='ocr_line' id='line_1_37' title="bbox 408 2042 1999 2115; baseline 0 -18"><span class='ocrx_word' id='word_1_246' title='bbox 408 2059 508 2099; x_wconf 86' lang='lat' dir='ltr'><strong>vox</strong></span> <span class='ocrx_word' id='word_1_247' title='bbox 532 2045 653 2100; x_wconf 89' lang='lat' dir='ltr'><strong>sine</strong></span> <span class='ocrx_word' id='word_1_248' title='bbox 680 2054 784 2100; x_wconf 65' lang='lat' dir='ltr'><strong>tua:</strong></span> <span class='ocrx_word' id='word_1_249' title='bbox 817 2044 1017 2100; x_wconf 90' lang='lat' dir='ltr'><strong>mentis</strong></span> <span class='ocrx_word' id='word_1_250' title='bbox 1058 2044 1434 2115; x_wconf 88' lang='lat' dir='ltr'><strong>indignatione</strong></span> <span class='ocrx_word' id='word_1_251' title='bbox 1475 2043 1754 2115; x_wconf 87' lang='lat' dir='ltr'><strong>procedat.</strong></span> <span class='ocrx_word' id='word_1_252' title='bbox 1784 2042 1917 2097; x_wconf 83' lang='lat' dir='ltr'><strong>Nam</strong></span> <span class='ocrx_word' id='word_1_253' title='bbox 1943 2052 1999 2097; x_wconf 89' lang='lat' dir='ltr'><strong>et</strong></span> 
     </span>
    </p>
   </div>
   <div class='ocr_carea' id='block_1_37' title="bbox 406 2134 1997 2206">
    <p class='ocr_par' dir='ltr' id='par_1_37' title="bbox 406 2134 1997 2206">
     <span class='ocr_line' id='line_1_38' title="bbox 406 2134 1997 2206; baseline -0.001 -17"><span class='ocrx_word' id='word_1_254' title='bbox 406 2136 629 2206; x_wconf 83' lang='lat' dir='ltr'><strong>sagitta,</strong></span> <span class='ocrx_word' id='word_1_255' title='bbox 660 2135 748 2191; x_wconf 91' lang='lat' dir='ltr'><strong>cui</strong></span> <span class='ocrx_word' id='word_1_256' title='bbox 799 2134 1064 2205; x_wconf 86' lang='lat' dir='ltr'><strong>inﬁgitur,</strong></span> <span class='ocrx_word' id='word_1_257' title='bbox 1116 2135 1407 2190; x_wconf 88' lang='lat' dir='ltr'><strong>vulnerat:</strong></span> <span class='ocrx_word' id='word_1_258' title='bbox 1464 2135 1784 2205; x_wconf 88' lang='lat' dir='ltr'><strong>sanguinem</strong></span> <span class='ocrx_word' id='word_1_259' title='bbox 1816 2143 1997 2187; x_wconf 89' lang='lat' dir='ltr'><strong>tamen</strong></span> 
     </span>
    </p>
   </div>
   <div class='ocr_carea' id='block_1_38' title="bbox 406 2224 1993 2297">
    <p class='ocr_par' dir='ltr' id='par_1_38' title="bbox 406 2224 1993 2297">
     <span class='ocr_line' id='line_1_39' title="bbox 406 2224 1993 2297; baseline -0.002 -17"><span class='ocrx_word' id='word_1_260' title='bbox 406 2226 456 2280; x_wconf 83' lang='lat' dir='ltr'><strong>is</strong></span> <span class='ocrx_word' id='word_1_261' title='bbox 505 2242 535 2280; x_wconf 90' lang='lat' dir='ltr'><strong>a</strong></span> <span class='ocrx_word' id='word_1_262' title='bbox 582 2242 692 2296; x_wconf 90' lang='lat' dir='ltr'><strong>quo</strong></span> <span class='ocrx_word' id='word_1_263' title='bbox 734 2226 939 2296; x_wconf 90' lang='lat' dir='ltr'><strong>prodiit</strong></span> <span class='ocrx_word' id='word_1_264' title='bbox 982 2240 1146 2281; x_wconf 90' lang='lat' dir='ltr'><strong>arcus</strong></span> <span class='ocrx_word' id='word_1_265' title='bbox 1177 2226 1409 2297; x_wconf 88' lang='lat' dir='ltr'><strong>ignorat.</strong></span> <span class='ocrx_word' id='word_1_266' title='bbox 1456 2224 1763 2280; x_wconf 80' lang='lat' dir='ltr'><strong>Notandum</strong></span> <span class='ocrx_word' id='word_1_267' title='bbox 1792 2233 1993 2290; x_wconf 88' lang='lat' dir='ltr'><strong>tamen,</strong></span> 
     </span>
    </p>
   </div>
   <div class='ocr_carea' id='block_1_39' title="bbox 404 2314 1996 2389">
    <p class='ocr_par' dir='ltr' id='par_1_39' title="bbox 404 2314 1996 2389">
     <span class='ocr_line' id='line_1_40' title="bbox 404 2314 1996 2389; baseline -0.001 -18"><span class='ocrx_word' id='word_1_268' title='bbox 404 2319 531 2388; x_wconf 87' lang='lat' dir='ltr'><strong>quia</strong></span> <span class='ocrx_word' id='word_1_269' title='bbox 570 2318 779 2389; x_wconf 87' lang='lat' dir='ltr'><strong>fragilis</strong></span> <span class='ocrx_word' id='word_1_270' title='bbox 810 2332 967 2374; x_wconf 90' lang='lat' dir='ltr'><strong>mens</strong></span> <span class='ocrx_word' id='word_1_271' title='bbox 1011 2318 1081 2372; x_wconf 87' lang='lat' dir='ltr'><strong>ab</strong></span> <span class='ocrx_word' id='word_1_272' title='bbox 1127 2316 1298 2372; x_wconf 91' lang='lat' dir='ltr'><strong>eremi</strong></span> <span class='ocrx_word' id='word_1_273' title='bbox 1342 2315 1747 2386; x_wconf 85' lang='lat' dir='ltr'><strong>perseverantia</strong></span> <span class='ocrx_word' id='word_1_274' title='bbox 1782 2314 1996 2369; x_wconf 86' lang='lat' dir='ltr'><strong>facilius</strong></span> 
     </span>
    </p>
   </div>
   <div class='ocr_carea' id='block_1_40' title="bbox 404 2404 1994 2479">
    <p class='ocr_par' dir='ltr' id='par_1_40' title="bbox 404 2404 1994 2479">
     <span class='ocr_line' id='line_1_41' title="bbox 404 2404 1994 2479; baseline -0.001 -19"><span class='ocrx_word' id='word_1_275' title='bbox 404 2407 696 2479; x_wconf 81' lang='lat' dir='ltr'><strong>frangitur,</strong></span> <span class='ocrx_word' id='word_1_276' title='bbox 752 2410 916 2463; x_wconf 88' lang='lat' dir='ltr'><strong>etiam</strong></span> <span class='ocrx_word' id='word_1_277' title='bbox 951 2408 996 2464; x_wconf 89' lang='lat' dir='ltr'><strong>si</strong></span> <span class='ocrx_word' id='word_1_278' title='bbox 1037 2407 1175 2462; x_wconf 91' lang='lat' dir='ltr'><strong>levis</strong></span> <span class='ocrx_word' id='word_1_279' title='bbox 1221 2404 1435 2475; x_wconf 63' lang='lat' dir='ltr'><strong>injuria</strong></span> <span class='ocrx_word' id='word_1_280' title='bbox 1481 2414 1853 2461; x_wconf 88' lang='lat' dir='ltr'><strong>summotenus</strong></span> <span class='ocrx_word' id='word_1_281' title='bbox 1900 2418 1994 2459; x_wconf 88' lang='lat' dir='ltr'><strong>oc-</strong></span> 
     </span>
    </p>
   </div>
   <div class='ocr_carea' id='block_1_41' title="bbox 403 2496 1995 2569">
    <p class='ocr_par' dir='ltr' id='par_1_41' title="bbox 403 2496 1995 2569">
     <span class='ocr_line' id='line_1_42' title="bbox 403 2496 1995 2569; baseline -0.004 -15"><span class='ocrx_word' id='word_1_282' title='bbox 403 2500 549 2554; x_wconf 81' lang='lat' dir='ltr'><strong>casio</strong></span> <span class='ocrx_word' id='word_1_283' title='bbox 611 2498 936 2569; x_wconf 73' lang='lat' dir='ltr'><strong>praebeatur.</strong></span> <span class='ocrx_word' id='word_1_284' title='bbox 1010 2496 1146 2552; x_wconf 82' lang='lat' dir='ltr'><strong>Nam</strong></span> <span class='ocrx_word' id='word_1_285' title='bbox 1217 2506 1272 2553; x_wconf 93' lang='lat' dir='ltr'><strong>et</strong></span> <span class='ocrx_word' id='word_1_286' title='bbox 1326 2498 1509 2567; x_wconf 85' lang='lat' dir='ltr'><strong>gravis</strong></span> <span class='ocrx_word' id='word_1_287' title='bbox 1570 2497 1785 2550; x_wconf 86' lang='lat' dir='ltr'><strong>sarcina</strong></span> <span class='ocrx_word' id='word_1_288' title='bbox 1844 2503 1995 2548; x_wconf 89' lang='lat' dir='ltr'><strong>tanto</strong></span> 
     </span>
    </p>
   </div>
   <div class='ocr_carea' id='block_1_42' title="bbox 407 2586 1996 2659">
    <p class='ocr_par' dir='ltr' id='par_1_42' title="bbox 407 2586 1996 2659">
     <span class='ocr_line' id='line_1_43' title="bbox 407 2586 1996 2659; baseline -0.002 -16"><span class='ocrx_word' id='word_1_289' title='bbox 407 2590 608 2644; x_wconf 89' lang='lat' dir='ltr'><strong>minori</strong></span> <span class='ocrx_word' id='word_1_290' title='bbox 669 2590 1061 2645; x_wconf 88' lang='lat' dir='ltr'><strong>deliberatione</strong></span> <span class='ocrx_word' id='word_1_291' title='bbox 1114 2589 1446 2659; x_wconf 88' lang='lat' dir='ltr'><strong>deponitur,</strong></span> <span class='ocrx_word' id='word_1_292' title='bbox 1501 2597 1707 2657; x_wconf 87' lang='lat' dir='ltr'><strong>quanto</strong></span> <span class='ocrx_word' id='word_1_293' title='bbox 1766 2596 1821 2641; x_wconf 89' lang='lat' dir='ltr'><strong>et</strong></span> <span class='ocrx_word' id='word_1_294' title='bbox 1880 2586 1996 2656; x_wconf 87' lang='lat' dir='ltr'><strong>ipse</strong></span> 
     </span>
    </p>
   </div>
   <div class='ocr_carea' id='block_1_43' title="bbox 405 2678 1995 2750">
    <p class='ocr_par' dir='ltr' id='par_1_43' title="bbox 405 2678 1995 2750">
     <span class='ocr_line' id='line_1_44' title="bbox 405 2678 1995 2750; baseline -0.002 -17"><span class='ocrx_word' id='word_1_295' title='bbox 405 2681 809 2749; x_wconf 85' lang='lat' dir='ltr'><strong>quodammodo</strong></span> <span class='ocrx_word' id='word_1_296' title='bbox 857 2680 1088 2737; x_wconf 85' lang='lat' dir='ltr'><strong>suadere</strong></span> <span class='ocrx_word' id='word_1_297' title='bbox 1137 2680 1351 2736; x_wconf 86' lang='lat' dir='ltr'><strong>videtur</strong></span> <span class='ocrx_word' id='word_1_298' title='bbox 1397 2679 1656 2734; x_wconf 84' lang='lat' dir='ltr'><strong>humerus</strong></span> <span class='ocrx_word' id='word_1_299' title='bbox 1708 2678 1799 2748; x_wconf 89' lang='lat' dir='ltr'><strong>qui</strong></span> <span class='ocrx_word' id='word_1_300' title='bbox 1872 2691 1995 2750; x_wconf 78' lang='lat' dir='ltr'><strong>gra-</strong></span> 
     </span>
    </p>
   </div>
   <div class='ocr_carea' id='block_1_44' title="bbox 404 2781 579 2825">
    <p class='ocr_par' dir='ltr' id='par_1_44' title="bbox 404 2781 579 2825">
     <span class='ocr_line' id='line_1_45' title="bbox 404 2781 579 2825; baseline 0.011 -2"><span class='ocrx_word' id='word_1_301' title='bbox 404 2781 579 2825; x_wconf 67' lang='lat' dir='ltr'><strong>Villlﬂ&#39;.</strong></span> 
     </span>
    </p>
   </div>
   <div class='ocr_carea' id='block_1_45' title="bbox 470 2855 1993 2933">
    <p class='ocr_par' dir='ltr' id='par_1_45' title="bbox 470 2855 1993 2933">
     <span class='ocr_line' id='line_1_46' title="bbox 470 2855 1993 2933; baseline -0.002 -17"><span class='ocrx_word' id='word_1_302' title='bbox 470 2862 654 2916; x_wconf 87' lang='lat' dir='ltr'><strong>Facile</strong></span> <span class='ocrx_word' id='word_1_303' title='bbox 708 2861 875 2933; x_wconf 89' lang='lat' dir='ltr'><strong>igitur</strong></span> <span class='ocrx_word' id='word_1_304' title='bbox 930 2864 994 2916; x_wconf 83' lang='lat' dir='ltr'><strong>ab</strong></span> <span class='ocrx_word' id='word_1_305' title='bbox 1041 2861 1255 2916; x_wconf 87' lang='lat' dir='ltr'><strong>illorum</strong></span> <span class='ocrx_word' id='word_1_306' title='bbox 1303 2861 1705 2916; x_wconf 87' lang='lat' dir='ltr'><strong>cohabitatioue</strong></span> <span class='ocrx_word' id='word_1_307' title='bbox 1761 2855 1993 2915; x_wconf 86' lang='lat' dir='ltr'><strong>discedi-</strong></span> 
     </span>
    </p>
   </div>
   <div class='ocr_carea' id='block_1_46' title="bbox 402 2952 1993 3025">
    <p class='ocr_par' dir='ltr' id='par_1_46' title="bbox 402 2952 1993 3025">
     <span class='ocr_line' id='line_1_47' title="bbox 402 2952 1993 3025; baseline -0.002 -17"><span class='ocrx_word' id='word_1_308' title='bbox 402 2963 514 3021; x_wconf 88' lang='lat' dir='ltr'><strong>tur,</strong></span> <span class='ocrx_word' id='word_1_309' title='bbox 545 2956 637 3010; x_wconf 90' lang='lat' dir='ltr'><strong>ubi</strong></span> <span class='ocrx_word' id='word_1_310' title='bbox 682 2956 912 3025; x_wconf 89' lang='lat' dir='ltr'><strong>quisque</strong></span> <span class='ocrx_word' id='word_1_311' title='bbox 960 2955 1274 3025; x_wconf 90' lang='lat' dir='ltr'><strong>quotidiana</strong></span> <span class='ocrx_word' id='word_1_312' title='bbox 1312 2953 1417 3009; x_wconf 87' lang='lat' dir='ltr'><strong>frui</strong></span> <span class='ocrx_word' id='word_1_313' title='bbox 1450 2954 1625 3008; x_wconf 90' lang='lat' dir='ltr'><strong>victus</strong></span> <span class='ocrx_word' id='word_1_314' title='bbox 1675 2952 1875 3021; x_wconf 88' lang='lat' dir='ltr'><strong>inopia,</strong></span> <span class='ocrx_word' id='word_1_315' title='bbox 1905 2965 1993 3006; x_wconf 88' lang='lat' dir='ltr'><strong>ra-</strong></span> 
     </span>
    </p>
   </div>
   <div class='ocr_carea' id='block_1_47' title="bbox 403 3042 1995 3116">
    <p class='ocr_par' dir='ltr' id='par_1_47' title="bbox 403 3042 1995 3116">
     <span class='ocr_line' id='line_1_48' title="bbox 403 3042 1995 3116; baseline -0.003 -15"><span class='ocrx_word' id='word_1_316' title='bbox 403 3048 674 3103; x_wconf 86' lang='lat' dir='ltr'><strong>rissimam</strong></span> <span class='ocrx_word' id='word_1_317' title='bbox 718 3054 851 3102; x_wconf 91' lang='lat' dir='ltr'><strong>vero</strong></span> <span class='ocrx_word' id='word_1_318' title='bbox 880 3046 1091 3116; x_wconf 88' lang='lat' dir='ltr'><strong>copiam</strong></span> <span class='ocrx_word' id='word_1_319' title='bbox 1121 3045 1359 3101; x_wconf 86' lang='lat' dir='ltr'><strong>tolerare</strong></span> <span class='ocrx_word' id='word_1_320' title='bbox 1402 3046 1640 3115; x_wconf 88' lang='lat' dir='ltr'><strong>jnbetur.</strong></span> <span class='ocrx_word' id='word_1_321' title='bbox 1673 3042 1829 3098; x_wconf 86' lang='lat' dir='ltr'><strong>Unde</strong></span> <span class='ocrx_word' id='word_1_322' title='bbox 1858 3050 1995 3101; x_wconf 82' lang='lat' dir='ltr'><strong>tem-</strong></span> 
     </span>
    </p>
   </div>
   <div class='ocr_carea' id='block_1_48' title="bbox 400 3127 2062 3222">
    <p class='ocr_par' dir='ltr' id='par_1_48' title="bbox 400 3127 2062 3222">
     <span class='ocr_line' id='line_1_49' title="bbox 400 3127 2062 3222; baseline -0.002 -31"><span class='ocrx_word' id='word_1_323' title='bbox 400 3144 588 3208; x_wconf 87' lang='lat' dir='ltr'><strong>perata</strong></span> <span class='ocrx_word' id='word_1_324' title='bbox 619 3127 921 3206; x_wconf 79' lang='lat' dir='ltr'><strong>disciplina:</strong></span> <span class='ocrx_word' id='word_1_325' title='bbox 960 3144 1081 3191; x_wconf 83' lang='lat' dir='ltr'><strong>arte</strong></span> <span class='ocrx_word' id='word_1_326' title='bbox 1122 3135 1382 3190; x_wconf 89' lang='lat' dir='ltr'><strong>utendum</strong></span> <span class='ocrx_word' id='word_1_327' title='bbox 1413 3151 1428 3201; x_wconf 91' lang='lat'><strong>;</strong></span> <span class='ocrx_word' id='word_1_328' title='bbox 1479 3149 1549 3189; x_wconf 88' lang='lat' dir='ltr'><strong>ne</strong></span> <span class='ocrx_word' id='word_1_329' title='bbox 1583 3149 1719 3203; x_wconf 82' lang='lat' dir='ltr'><strong>quos</strong></span> <span class='ocrx_word' id='word_1_330' title='bbox 1768 3132 1990 3188; x_wconf 72' lang='lat' dir='ltr'><strong>afﬂictio</strong></span> <span class='ocrx_word' id='word_1_331' title='bbox 2017 3158 2062 3222; x_wconf 66' lang='grc' dir='ltr'>ρ</span> 
     </span>
    </p>
   </div>
   <div class='ocr_carea' id='block_1_49' title="bbox 398 3224 1988 3299">
    <p class='ocr_par' dir='ltr' id='par_1_49' title="bbox 398 3224 1988 3299">
     <span class='ocr_line' id='line_1_50' title="bbox 398 3224 1988 3299; baseline -0.004 -16"><span class='ocrx_word' id='word_1_332' title='bbox 398 3228 614 3299; x_wconf 88' lang='lat' dir='ltr'><strong>privata</strong></span> <span class='ocrx_word' id='word_1_333' title='bbox 651 3227 922 3294; x_wconf 86' lang='lat' dir='ltr'><strong>debilitat,</strong></span> <span class='ocrx_word' id='word_1_334' title='bbox 982 3225 1181 3297; x_wconf 73' lang='lat' dir='ltr'><strong>injecta</strong></span> <span class='ocrx_word' id='word_1_335' title='bbox 1235 3227 1385 3281; x_wconf 66' lang='lat' dir='ltr'><strong>durae</strong></span> <span class='ocrx_word' id='word_1_336' title='bbox 1425 3224 1785 3296; x_wconf 83' lang='lat' dir='ltr'><strong>correptionis</strong></span> <span class='ocrx_word' id='word_1_337' title='bbox 1829 3238 1988 3294; x_wconf 78' lang='lat' dir='ltr'><strong>aspe-</strong></span> 
     </span>
    </p>
   </div>
   <div class='ocr_carea' id='block_1_50' title="bbox 398 3317 1989 3391">
    <p class='ocr_par' dir='ltr' id='par_1_50' title="bbox 398 3317 1989 3391">
     <span class='ocr_line' id='line_1_51' title="bbox 398 3317 1989 3391; baseline -0.003 -16"><span class='ocrx_word' id='word_1_338' title='bbox 398 3322 539 3375; x_wconf 86' lang='lat' dir='ltr'><strong>ritas</strong></span> <span class='ocrx_word' id='word_1_339' title='bbox 567 3328 800 3376; x_wconf 85' lang='lat' dir='ltr'><strong>sternat.</strong></span> <span class='ocrx_word' id='word_1_340' title='bbox 854 3319 1242 3391; x_wconf 85' lang='lat' dir='ltr'><strong>Cujuscunque</strong></span> <span class='ocrx_word' id='word_1_341' title='bbox 1289 3328 1472 3373; x_wconf 89' lang='lat' dir='ltr'><strong>autem</strong></span> <span class='ocrx_word' id='word_1_342' title='bbox 1524 3318 1741 3373; x_wconf 85' lang='lat' dir='ltr'><strong>fortiter</strong></span> <span class='ocrx_word' id='word_1_343' title='bbox 1780 3317 1989 3388; x_wconf 84' lang='lat' dir='ltr'><strong>agentis</strong></span> 
     </span>
    </p>
   </div>
   <div class='ocr_carea' id='block_1_51' title="bbox 397 3413 1986 3487">
    <p class='ocr_par' dir='ltr' id='par_1_51' title="bbox 397 3413 1986 3487">
     <span class='ocr_line' id='line_1_52' title="bbox 397 3413 1986 3487; baseline -0.006 -17"><span class='ocrx_word' id='word_1_344' title='bbox 397 3416 729 3487; x_wconf 87' lang='lat' dir='ltr'><strong>exemplum,</strong></span> <span class='ocrx_word' id='word_1_345' title='bbox 759 3416 1023 3485; x_wconf 88' lang='lat' dir='ltr'><strong>siquidem</strong></span> <span class='ocrx_word' id='word_1_346' title='bbox 1053 3428 1122 3469; x_wconf 89' lang='lat' dir='ltr'><strong>ex</strong></span> <span class='ocrx_word' id='word_1_347' title='bbox 1182 3413 1289 3466; x_wconf 90' lang='lat' dir='ltr'><strong>tuis</strong></span> <span class='ocrx_word' id='word_1_348' title='bbox 1326 3420 1433 3475; x_wconf 88' lang='lat' dir='ltr'><strong>est,</strong></span> <span class='ocrx_word' id='word_1_349' title='bbox 1474 3424 1764 3480; x_wconf 90' lang='lat' dir='ltr'><strong>suppressa</strong></span> <span class='ocrx_word' id='word_1_350' title='bbox 1796 3422 1986 3477; x_wconf 88' lang='lat' dir='ltr'><strong>perso-</strong></span> 
     </span>
    </p>
   </div>
   <div class='ocr_carea' id='block_1_52' title="bbox 399 3502 1988 3576">
    <p class='ocr_par' dir='ltr' id='par_1_52' title="bbox 399 3502 1988 3576">
     <span class='ocr_line' id='line_1_53' title="bbox 399 3502 1988 3576; baseline -0.006 -15"><span class='ocrx_word' id='word_1_351' title='bbox 399 3521 491 3571; x_wconf 88' lang='lat' dir='ltr'><strong>na,</strong></span> <span class='ocrx_word' id='word_1_352' title='bbox 537 3505 723 3576; x_wconf 87' lang='lat' dir='ltr'><strong>profer</strong></span> <span class='ocrx_word' id='word_1_353' title='bbox 758 3505 813 3559; x_wconf 93' lang='lat' dir='ltr'><strong>in</strong></span> <span class='ocrx_word' id='word_1_354' title='bbox 867 3503 1130 3568; x_wconf 89' lang='lat' dir='ltr'><strong>medium,</strong></span> <span class='ocrx_word' id='word_1_355' title='bbox 1160 3502 1205 3557; x_wconf 89' lang='lat' dir='ltr'><strong>si</strong></span> <span class='ocrx_word' id='word_1_356' title='bbox 1242 3510 1424 3555; x_wconf 89' lang='lat' dir='ltr'><strong>autem</strong></span> <span class='ocrx_word' id='word_1_357' title='bbox 1463 3510 1775 3562; x_wconf 79' lang='lat' dir='ltr'><strong>extrahens,</strong></span> <span class='ocrx_word' id='word_1_358' title='bbox 1828 3512 1988 3552; x_wconf 89' lang='lat' dir='ltr'><strong>voca-</strong></span> 
     </span>
    </p>
   </div>
   <div class='ocr_carea' id='block_1_53' title="bbox 400 3592 1985 3668">
    <p class='ocr_par' dir='ltr' id='par_1_53' title="bbox 400 3592 1985 3668">
     <span class='ocr_line' id='line_1_54' title="bbox 400 3592 1985 3668; baseline -0.008 -14"><span class='ocrx_word' id='word_1_359' title='bbox 400 3598 588 3654; x_wconf 88' lang='lat' dir='ltr'><strong>bulum</strong></span> <span class='ocrx_word' id='word_1_360' title='bbox 650 3598 1007 3668; x_wconf 80' lang='lat' dir='ltr'><strong>exprimatur.</strong></span> <span class='ocrx_word' id='word_1_361' title='bbox 1058 3593 1342 3649; x_wconf 79' lang='lat' dir='ltr'><strong>Eﬂlcacius</strong></span> <span class='ocrx_word' id='word_1_362' title='bbox 1403 3593 1550 3646; x_wconf 90' lang='lat' dir='ltr'><strong>enim</strong></span> <span class='ocrx_word' id='word_1_363' title='bbox 1603 3592 1985 3644; x_wconf 83' lang='lat' dir='ltr'><strong>modernorum</strong></span> 
     </span>
    </p>
   </div>
   <div class='ocr_carea' id='block_1_54' title="bbox 399 3689 1986 3759">
    <p class='ocr_par' dir='ltr' id='par_1_54' title="bbox 399 3689 1986 3759">
     <span class='ocr_line' id='line_1_55' title="bbox 399 3689 1986 3759; baseline -0.006 -14"><span class='ocrx_word' id='word_1_364' title='bbox 399 3690 761 3746; x_wconf 87' lang='lat' dir='ltr'><strong>cohortantur</strong></span> <span class='ocrx_word' id='word_1_365' title='bbox 806 3689 1077 3759; x_wconf 88' lang='lat' dir='ltr'><strong>exempla,</strong></span> <span class='ocrx_word' id='word_1_366' title='bbox 1130 3702 1294 3759; x_wconf 90' lang='lat' dir='ltr'><strong>quam</strong></span> <span class='ocrx_word' id='word_1_367' title='bbox 1343 3694 1625 3749; x_wconf 83' lang='lat' dir='ltr'><strong>veterum;</strong></span> <span class='ocrx_word' id='word_1_368' title='bbox 1676 3691 1732 3738; x_wconf 90' lang='lat' dir='ltr'><strong>et</strong></span> <span class='ocrx_word' id='word_1_369' title='bbox 1778 3697 1986 3753; x_wconf 74' lang='lat' dir='ltr'><strong>magna:</strong></span> 
     </span>
    </p>
   </div>
   <div class='ocr_carea' id='block_1_55' title="bbox 398 3774 1984 3851">
    <p class='ocr_par' dir='ltr' id='par_1_55' title="bbox 398 3774 1984 3851">
     <span class='ocr_line' id='line_1_56' title="bbox 398 3774 1984 3851; baseline -0.006 -14"><span class='ocrx_word' id='word_1_370' title='bbox 398 3778 734 3838; x_wconf 87' lang='lat' dir='ltr'><strong>confusionis</strong></span> <span class='ocrx_word' id='word_1_371' title='bbox 762 3778 939 3851; x_wconf 91' lang='lat' dir='ltr'><strong>pudor</strong></span> <span class='ocrx_word' id='word_1_372' title='bbox 963 3788 1069 3847; x_wconf 90' lang='lat' dir='ltr'><strong>est,</strong></span> <span class='ocrx_word' id='word_1_373' title='bbox 1101 3778 1147 3833; x_wconf 88' lang='lat' dir='ltr'><strong>si</strong></span> <span class='ocrx_word' id='word_1_374' title='bbox 1178 3784 1301 3833; x_wconf 91' lang='lat' dir='ltr'><strong>cum</strong></span> <span class='ocrx_word' id='word_1_375' title='bbox 1346 3776 1550 3831; x_wconf 89' lang='lat' dir='ltr'><strong>sanctis</strong></span> <span class='ocrx_word' id='word_1_376' title='bbox 1598 3774 1731 3829; x_wconf 88' lang='lat' dir='ltr'><strong>viris</strong></span> <span class='ocrx_word' id='word_1_377' title='bbox 1776 3774 1831 3828; x_wconf 93' lang='lat' dir='ltr'><strong>in</strong></span> <span class='ocrx_word' id='word_1_378' title='bbox 1878 3788 1984 3827; x_wconf 90' lang='lat' dir='ltr'><strong>una</strong></span> 
     </span>
    </p>
   </div>
   <div class='ocr_carea' id='block_1_56' title="bbox 400 3866 1986 3933">
    <p class='ocr_par' dir='ltr' id='par_1_56' title="bbox 400 3866 1986 3933">
     <span class='ocr_line' id='line_1_57' title="bbox 400 3866 1986 3933; baseline -0.005 -7"><span class='ocrx_word' id='word_1_379' title='bbox 400 3870 563 3926; x_wconf 84' lang='lat' dir='ltr'><strong>simul</strong></span> <span class='ocrx_word' id='word_1_380' title='bbox 600 3880 759 3925; x_wconf 61' lang='lat' dir='ltr'><strong>atate</strong></span> <span class='ocrx_word' id='word_1_381' title='bbox 796 3870 1064 3933; x_wconf 90' lang='lat' dir='ltr'><strong>viventes,</strong></span> <span class='ocrx_word' id='word_1_382' title='bbox 1112 3869 1168 3924; x_wconf 89' lang='lat' dir='ltr'><strong>in</strong></span> <span class='ocrx_word' id='word_1_383' title='bbox 1215 3876 1379 3923; x_wconf 68' lang='lat' dir='ltr'><strong>recta:</strong></span> <span class='ocrx_word' id='word_1_384' title='bbox 1414 3866 1844 3922; x_wconf 86' lang='lat' dir='ltr'><strong>conversationis</strong></span> <span class='ocrx_word' id='word_1_385' title='bbox 1871 3873 1986 3919; x_wconf 86' lang='lat' dir='ltr'><strong>stu-</strong></span> 
     </span>
    </p>
   </div>
   <div class='ocr_carea' id='block_1_57' title="bbox 398 3954 1985 4029">
    <p class='ocr_par' dir='ltr' id='par_1_57' title="bbox 398 3954 1985 4029">
     <span class='ocr_line' id='line_1_58' title="bbox 398 3954 1985 4029; baseline -0.005 -14"><span class='ocrx_word' id='word_1_386' title='bbox 398 3959 491 4016; x_wconf 83' lang='lat' dir='ltr'><strong>dio</strong></span> <span class='ocrx_word' id='word_1_387' title='bbox 516 3961 599 4015; x_wconf 88' lang='lat' dir='ltr'><strong>eis</strong></span> <span class='ocrx_word' id='word_1_388' title='bbox 650 3959 706 4014; x_wconf 91' lang='lat' dir='ltr'><strong>in</strong></span> <span class='ocrx_word' id='word_1_389' title='bbox 740 3959 923 4029; x_wconf 89' lang='lat' dir='ltr'><strong>aliquo</strong></span> <span class='ocrx_word' id='word_1_390' title='bbox 964 3976 1069 4014; x_wconf 90' lang='lat' dir='ltr'><strong>non</strong></span> <span class='ocrx_word' id='word_1_391' title='bbox 1117 3958 1459 4028; x_wconf 86' lang='lat' dir='ltr'><strong>reperiantur</strong></span> <span class='ocrx_word' id='word_1_392' title='bbox 1508 3955 1763 4024; x_wconf 59' lang='lat' dir='ltr'><strong>aequales.</strong></span> <span class='ocrx_word' id='word_1_393' title='bbox 1804 3954 1985 4021; x_wconf 86' lang='lat' dir='ltr'><strong>Quan-</strong></span> 
     </span>
    </p>
   </div>
   <div class='ocr_carea' id='block_1_58' title="bbox 396 4047 1980 4120">
    <p class='ocr_par' dir='ltr' id='par_1_58' title="bbox 396 4047 1980 4120">
     <span class='ocr_line' id='line_1_59' title="bbox 396 4047 1980 4120; baseline -0.003 -17"><span class='ocrx_word' id='word_1_394' title='bbox 396 4049 688 4120; x_wconf 89' lang='lat' dir='ltr'><strong>doquidem</strong></span> <span class='ocrx_word' id='word_1_395' title='bbox 719 4049 840 4105; x_wconf 90' lang='lat' dir='ltr'><strong>illos</strong></span> <span class='ocrx_word' id='word_1_396' title='bbox 888 4049 1002 4105; x_wconf 90' lang='lat' dir='ltr'><strong>sola</strong></span> <span class='ocrx_word' id='word_1_397' title='bbox 1052 4052 1317 4105; x_wconf 90' lang='lat' dir='ltr'><strong>mentium</strong></span> <span class='ocrx_word' id='word_1_398' title='bbox 1374 4047 1679 4117; x_wconf 87' lang='lat' dir='ltr'><strong>ingenuitas</strong></span> <span class='ocrx_word' id='word_1_399' title='bbox 1715 4047 1980 4101; x_wconf 88' lang='lat' dir='ltr'><strong>roborat:</strong></span> 
     </span>
    </p>
   </div>
   <div class='ocr_carea' id='block_1_59' title="bbox 395 4138 1983 4211">
    <p class='ocr_par' dir='ltr' id='par_1_59' title="bbox 395 4138 1983 4211">
     <span class='ocr_line' id='line_1_60' title="bbox 395 4138 1983 4211; baseline -0.003 -16"><span class='ocrx_word' id='word_1_400' title='bbox 395 4140 530 4197; x_wconf 87' lang='lat' dir='ltr'><strong>istos</strong></span> <span class='ocrx_word' id='word_1_401' title='bbox 555 4148 738 4197; x_wconf 85' lang='lat' dir='ltr'><strong>autem</strong></span> <span class='ocrx_word' id='word_1_402' title='bbox 769 4143 1106 4197; x_wconf 86' lang='lat' dir='ltr'><strong>diversorum</strong></span> <span class='ocrx_word' id='word_1_403' title='bbox 1137 4148 1443 4211; x_wconf 87' lang='lat' dir='ltr'><strong>temporum</strong></span> <span class='ocrx_word' id='word_1_404' title='bbox 1481 4138 1735 4193; x_wconf 88' lang='lat' dir='ltr'><strong>debilitas</strong></span> <span class='ocrx_word' id='word_1_405' title='bbox 1761 4152 1863 4191; x_wconf 88' lang='lat' dir='ltr'><strong>non</strong></span> <span class='ocrx_word' id='word_1_406' title='bbox 1888 4152 1983 4191; x_wconf 86' lang='lat' dir='ltr'><strong>ex-</strong></span> 
     </span>
    </p>
   </div>
   <div class='ocr_carea' id='block_1_60' title="bbox 395 4244 568 4289">
    <p class='ocr_par' dir='ltr' id='par_1_60' title="bbox 395 4244 568 4289">
     <span class='ocr_line' id='line_1_61' title="bbox 395 4244 568 4289; baseline 0.012 -2"><span class='ocrx_word' id='word_1_407' title='bbox 395 4246 521 4289; x_wconf 89' lang='lat' dir='ltr'><strong>cusa</strong></span> <span class='ocrx_word' id='word_1_408' title='bbox 530 4244 568 4289; x_wconf 82' lang='grc' dir='ltr'><strong>ι.</strong></span> 
     </span>
    </p>
   </div>
   <div class='ocr_carea' id='block_1_61' title="bbox 964 4301 1413 4359">
    <p class='ocr_par' dir='ltr' id='par_1_61' title="bbox 964 4301 1413 4359">
     <span class='ocr_line' id='line_1_62' title="bbox 964 4301 1413 4359; baseline -0.011 1"><span class='ocrx_word' id='word_1_409' title='bbox 964 4302 1191 4359; x_wconf 82' lang='lat' dir='ltr'><strong>CAPUT</strong></span> <span class='ocrx_word' id='word_1_410' title='bbox 1219 4301 1413 4358; x_wconf 77' lang='lat' dir='ltr'><strong>XXIX.</strong></span> 
     </span>
    </p>
   </div>
   <div class='ocr_carea' id='block_1_62' title="bbox 627 4412 1743 4472">
    <p class='ocr_par' dir='ltr' id='par_1_62' title="bbox 627 4412 1743 4472">
     <span class='ocr_line' id='line_1_63' title="bbox 627 4412 1743 4472; baseline -0.006 0"><span class='ocrx_word' id='word_1_411' title='bbox 627 4412 705 4472; x_wconf 80' lang='lat' dir='ltr'><strong>De</strong></span> <span class='ocrx_word' id='word_1_412' title='bbox 726 4416 1048 4472; x_wconf 79' lang='lat' dir='ltr'><strong>venientibus</strong></span> <span class='ocrx_word' id='word_1_413' title='bbox 1077 4432 1142 4470; x_wconf 81' lang='lat' dir='ltr'><strong>ea:</strong></span> <span class='ocrx_word' id='word_1_414' title='bbox 1171 4414 1365 4470; x_wconf 78' lang='lat' dir='ltr'><strong>swculo</strong></span> <span class='ocrx_word' id='word_1_415' title='bbox 1392 4413 1461 4466; x_wconf 88' lang='lat' dir='ltr'><strong>ad</strong></span> <span class='ocrx_word' id='word_1_416' title='bbox 1494 4428 1743 4467; x_wconf 82' lang='lat' dir='ltr'><strong>eremum.</strong></span> 
     </span>
    </p>
   </div>
   <div class='ocr_carea' id='block_1_63' title="bbox 471 4505 2058 4601">
    <p class='ocr_par' dir='ltr' id='par_1_63' title="bbox 471 4505 2058 4601">
     <span class='ocr_line' id='line_1_64' title="bbox 471 4505 2058 4601; baseline -0.006 -35"><span class='ocrx_word' id='word_1_417' title='bbox 471 4510 529 4566; x_wconf 82' lang='lat' dir='ltr'><strong>Si</strong></span> <span class='ocrx_word' id='word_1_418' title='bbox 561 4510 783 4581; x_wconf 86' lang='lat' dir='ltr'><strong>quando</strong></span> <span class='ocrx_word' id='word_1_419' title='bbox 817 4509 885 4565; x_wconf 90' lang='lat' dir='ltr'><strong>de</strong></span> <span class='ocrx_word' id='word_1_420' title='bbox 938 4507 1182 4601; x_wconf 67' lang='lat' dir='ltr'><strong>sazculari</strong></span> <span class='ocrx_word' id='word_1_421' title='bbox 1218 4506 1405 4601; x_wconf 83' lang='lat' dir='ltr'><strong>habitu</strong></span> <span class='ocrx_word' id='word_1_422' title='bbox 1453 4506 1577 4575; x_wconf 89' lang='lat' dir='ltr'><strong>quis</strong></span> <span class='ocrx_word' id='word_1_423' title='bbox 1620 4505 1686 4557; x_wconf 87' lang='lat' dir='ltr'><strong>ad</strong></span> <span class='ocrx_word' id='word_1_424' title='bbox 1733 4516 1976 4557; x_wconf 89' lang='lat' dir='ltr'><strong>eremum</strong></span> <span class='ocrx_word' id='word_1_425' title='bbox 2005 4543 2058 4601; x_wconf 65' lang='grc' dir='ltr'><strong>Β</strong></span> 
     </span>
    </p>
   </div>
   <div class='ocr_carea' id='block_1_64' title="bbox 395 4597 1978 4668">
    <p class='ocr_par' dir='ltr' id='par_1_64' title="bbox 395 4597 1978 4668">
     <span class='ocr_line' id='line_1_65' title="bbox 395 4597 1978 4668; baseline -0.005 -12"><span class='ocrx_word' id='word_1_426' title='bbox 395 4601 643 4656; x_wconf 87' lang='lat' dir='ltr'><strong>converti</strong></span> <span class='ocrx_word' id='word_1_427' title='bbox 664 4600 923 4666; x_wconf 90' lang='lat' dir='ltr'><strong>voluerit,</strong></span> <span class='ocrx_word' id='word_1_428' title='bbox 951 4598 1080 4664; x_wconf 90' lang='lat' dir='ltr'><strong>noli,</strong></span> <span class='ocrx_word' id='word_1_429' title='bbox 1111 4597 1269 4668; x_wconf 83' lang='lat' dir='ltr'><strong>juxta</strong></span> <span class='ocrx_word' id='word_1_430' title='bbox 1299 4597 1543 4667; x_wconf 88' lang='lat' dir='ltr'><strong>priorum</strong></span> <span class='ocrx_word' id='word_1_431' title='bbox 1589 4613 1857 4660; x_wconf 86' lang='lat' dir='ltr'><strong>normam,</strong></span> <span class='ocrx_word' id='word_1_432' title='bbox 1889 4612 1978 4649; x_wconf 91' lang='lat' dir='ltr'><strong>ru-</strong></span> 
     </span>
    </p>
   </div>
   <div class='ocr_carea' id='block_1_65' title="bbox 396 4672 1978 4747">
    <p class='ocr_par' dir='ltr' id='par_1_65' title="bbox 396 4672 1978 4747">
     <span class='ocr_line' id='line_1_66' title="bbox 396 4672 1978 4747; baseline -0.004 -1"><span class='ocrx_word' id='word_1_433' title='bbox 396 4692 635 4747; x_wconf 86' lang='lat' dir='ltr'><strong>dimenta</strong></span> <span class='ocrx_word' id='word_1_434' title='bbox 656 4672 973 4747; x_wconf 83' lang='lat' dir='ltr'><strong>monasterii</strong></span> <span class='ocrx_word' id='word_1_435' title='bbox 997 4689 1226 4744; x_wconf 89' lang='lat' dir='ltr'><strong>suadere</strong></span> <span class='ocrx_word' id='word_1_436' title='bbox 1256 4703 1272 4741; x_wconf 92' lang='lat'><strong>:</strong></span> <span class='ocrx_word' id='word_1_437' title='bbox 1307 4689 1402 4742; x_wconf 92' lang='lat' dir='ltr'><strong>sed</strong></span> <span class='ocrx_word' id='word_1_438' title='bbox 1425 4687 1470 4743; x_wconf 88' lang='lat' dir='ltr'><strong>si</strong></span> <span class='ocrx_word' id='word_1_439' title='bbox 1502 4687 1716 4743; x_wconf 88' lang='lat' dir='ltr'><strong>devotio</strong></span> <span class='ocrx_word' id='word_1_440' title='bbox 1739 4700 1869 4741; x_wconf 86' lang='lat' dir='ltr'><strong>vera</strong></span> <span class='ocrx_word' id='word_1_441' title='bbox 1914 4701 1978 4740; x_wconf 89' lang='lat' dir='ltr'><strong>ac</strong></span> 
     </span>
    </p>
   </div>
   <div class='ocr_carea' id='block_1_66' title="bbox 396 4780 1980 4855">
    <p class='ocr_par' dir='ltr' id='par_1_66' title="bbox 396 4780 1980 4855">
     <span class='ocr_line' id='line_1_67' title="bbox 396 4780 1980 4855; baseline -0.005 -14"><span class='ocrx_word' id='word_1_442' title='bbox 396 4786 610 4842; x_wconf 89' lang='lat' dir='ltr'><strong>sincera</strong></span> <span class='ocrx_word' id='word_1_443' title='bbox 653 4785 912 4855; x_wconf 89' lang='lat' dir='ltr'><strong>patuerit,</strong></span> <span class='ocrx_word' id='word_1_444' title='bbox 938 4786 993 4841; x_wconf 91' lang='lat' dir='ltr'><strong>in</strong></span> <span class='ocrx_word' id='word_1_445' title='bbox 1027 4799 1237 4849; x_wconf 91' lang='lat' dir='ltr'><strong>eremo,</strong></span> <span class='ocrx_word' id='word_1_446' title='bbox 1263 4798 1427 4853; x_wconf 85' lang='lat' dir='ltr'><strong>quam</strong></span> <span class='ocrx_word' id='word_1_447' title='bbox 1474 4780 1706 4852; x_wconf 82' lang='lat' dir='ltr'><strong>flagitat,</strong></span> <span class='ocrx_word' id='word_1_448' title='bbox 1757 4794 1980 4835; x_wconf 87' lang='lat' dir='ltr'><strong>conver-</strong></span> 
     </span>
    </p>
   </div>
   <div class='ocr_carea' id='block_1_67' title="bbox 394 4873 1975 4948">
    <p class='ocr_par' dir='ltr' id='par_1_67' title="bbox 394 4873 1975 4948">
     <span class='ocr_line' id='line_1_68' title="bbox 394 4873 1975 4948; baseline -0.004 -15"><span class='ocrx_word' id='word_1_449' title='bbox 394 4878 563 4933; x_wconf 88' lang='lat' dir='ltr'><strong>sionis</strong></span> <span class='ocrx_word' id='word_1_450' title='bbox 589 4879 796 4933; x_wconf 89' lang='lat' dir='ltr'><strong>aditum</strong></span> <span class='ocrx_word' id='word_1_451' title='bbox 824 4879 1024 4948; x_wconf 69' lang='lat' dir='ltr'><strong>praebe.</strong></span> <span class='ocrx_word' id='word_1_452' title='bbox 1068 4876 1147 4933; x_wconf 88' lang='lat' dir='ltr'><strong>Eo</strong></span> <span class='ocrx_word' id='word_1_453' title='bbox 1174 4875 1387 4946; x_wconf 90' lang='lat' dir='ltr'><strong>quippe,</strong></span> <span class='ocrx_word' id='word_1_454' title='bbox 1425 4883 1484 4928; x_wconf 91' lang='lat' dir='ltr'><strong>ut</strong></span> <span class='ocrx_word' id='word_1_455' title='bbox 1535 4873 1722 4944; x_wconf 77' lang='lat' dir='ltr'><strong>lugens</strong></span> <span class='ocrx_word' id='word_1_456' title='bbox 1762 4873 1975 4943; x_wconf 88' lang='lat' dir='ltr'><strong>loquar,</strong></span> 
     </span>
    </p>
   </div>
   <div class='ocr_carea' id='block_1_68' title="bbox 394 4965 1976 5041">
    <p class='ocr_par' dir='ltr' id='par_1_68' title="bbox 394 4965 1976 5041">
     <span class='ocr_line' id='line_1_69' title="bbox 394 4965 1976 5041; baseline -0.003 -17"><span class='ocrx_word' id='word_1_457' title='bbox 394 4969 655 5041; x_wconf 90' lang='lat' dir='ltr'><strong>pleraque</strong></span> <span class='ocrx_word' id='word_1_458' title='bbox 696 4971 949 5026; x_wconf 88' lang='lat' dir='ltr'><strong>devoluta</strong></span> <span class='ocrx_word' id='word_1_459' title='bbox 1002 4978 1129 5024; x_wconf 91' lang='lat' dir='ltr'><strong>sunt</strong></span> <span class='ocrx_word' id='word_1_460' title='bbox 1180 4965 1527 5029; x_wconf 88' lang='lat' dir='ltr'><strong>monasteria,</strong></span> <span class='ocrx_word' id='word_1_461' title='bbox 1576 4976 1636 5019; x_wconf 90' lang='lat' dir='ltr'><strong>ut</strong></span> <span class='ocrx_word' id='word_1_462' title='bbox 1668 4965 1976 5020; x_wconf 88' lang='lat' dir='ltr'><strong>vitiosiores</strong></span> 
     </span>
    </p>
   </div>
   <div class='ocr_carea' id='block_1_69' title="bbox 397 5057 1974 5130">
    <p class='ocr_par' dir='ltr' id='par_1_69' title="bbox 397 5057 1974 5130">
     <span class='ocr_line' id='line_1_70' title="bbox 397 5057 1974 5130; baseline -0.004 -13"><span class='ocrx_word' id='word_1_463' title='bbox 397 5065 743 5129; x_wconf 82' lang='lat' dir='ltr'><strong>reperiantur</strong></span> <span class='ocrx_word' id='word_1_464' title='bbox 789 5061 856 5115; x_wconf 82' lang='lat' dir='ltr'><strong>ab</strong></span> <span class='ocrx_word' id='word_1_465' title='bbox 906 5062 986 5116; x_wconf 84' lang='lat' dir='ltr'><strong>eis</strong></span> <span class='ocrx_word' id='word_1_466' title='bbox 1057 5059 1260 5130; x_wconf 87' lang='lat' dir='ltr'><strong>egressi</strong></span> <span class='ocrx_word' id='word_1_467' title='bbox 1288 5096 1304 5117; x_wconf 88' lang='lat'><strong>.</strong></span> <span class='ocrx_word' id='word_1_468' title='bbox 1374 5073 1535 5127; x_wconf 89' lang='lat' dir='ltr'><strong>quam</strong></span> <span class='ocrx_word' id='word_1_469' title='bbox 1571 5057 1628 5122; x_wconf 88' lang='lat' dir='ltr'><strong>ii,</strong></span> <span class='ocrx_word' id='word_1_470' title='bbox 1684 5057 1773 5126; x_wconf 90' lang='lat' dir='ltr'><strong>qui</strong></span> <span class='ocrx_word' id='word_1_471' title='bbox 1805 5070 1974 5127; x_wconf 85' lang='lat' dir='ltr'><strong>nuper</strong></span> 
     </span>
    </p>
   </div>
   <div class='ocr_carea' id='block_1_70' title="bbox 391 5146 1978 5227">
    <p class='ocr_par' dir='ltr' id='par_1_70' title="bbox 391 5146 1978 5227">
     <span class='ocr_line' id='line_1_71' title="bbox 391 5146 1978 5227; baseline -0.006 -17"><span class='ocrx_word' id='word_1_472' title='bbox 391 5153 559 5227; x_wconf 75' lang='lat'><strong>356</strong></span> <span class='ocrx_word' id='word_1_473' title='bbox 587 5162 714 5209; x_wconf 86' lang='lat' dir='ltr'><strong>sunt</strong></span> <span class='ocrx_word' id='word_1_474' title='bbox 740 5152 807 5208; x_wconf 89' lang='lat' dir='ltr'><strong>de</strong></span> <span class='ocrx_word' id='word_1_475' title='bbox 837 5152 1091 5207; x_wconf 83' lang='lat' dir='ltr'><strong>mundani</strong></span> <span class='ocrx_word' id='word_1_476' title='bbox 1123 5149 1387 5220; x_wconf 82' lang='lat' dir='ltr'><strong>naufragii</strong></span> <span class='ocrx_word' id='word_1_477' title='bbox 1419 5146 1671 5203; x_wconf 82' lang='lat' dir='ltr'><strong>fluctibus</strong></span> <span class='ocrx_word' id='word_1_478' title='bbox 1710 5147 1978 5227; x_wconf 64' lang='lat' dir='ltr'><strong>eruti.Et</strong></span> 
     </span>
    </p>
   </div>
   <div class='ocr_carea' id='block_1_71' title="bbox 395 5242 1977 5314">
    <p class='ocr_par' dir='ltr' id='par_1_71' title="bbox 395 5242 1977 5314">
     <span class='ocr_line' id='line_1_72' title="bbox 395 5242 1977 5314; baseline -0.002 -14"><span class='ocrx_word' id='word_1_479' title='bbox 395 5256 542 5300; x_wconf 87' lang='lat' dir='ltr'><strong>certe</strong></span> <span class='ocrx_word' id='word_1_480' title='bbox 570 5242 804 5314; x_wconf 87' lang='lat' dir='ltr'><strong>simplici</strong></span> <span class='ocrx_word' id='word_1_481' title='bbox 834 5242 1050 5297; x_wconf 91' lang='lat' dir='ltr'><strong>metallo</strong></span> <span class='ocrx_word' id='word_1_482' title='bbox 1094 5250 1322 5296; x_wconf 82' lang='lat' dir='ltr'><strong>monetae</strong></span> <span class='ocrx_word' id='word_1_483' title='bbox 1360 5242 1570 5311; x_wconf 85' lang='lat' dir='ltr'><strong>signum</strong></span> <span class='ocrx_word' id='word_1_484' title='bbox 1617 5250 1977 5311; x_wconf 86' lang='lat' dir='ltr'><strong>congruenter</strong></span> 
     </span>
    </p>
   </div>
   <div class='ocr_carea' id='block_1_72' title="bbox 396 5331 1973 5404">
    <p class='ocr_par' dir='ltr' id='par_1_72' title="bbox 396 5331 1973 5404">
     <span class='ocr_line' id='line_1_73' title="bbox 396 5331 1973 5404; baseline -0.001 -14"><span class='ocrx_word' id='word_1_485' title='bbox 396 5335 727 5404; x_wconf 85' lang='lat' dir='ltr'><strong>imprimitur</strong></span> <span class='ocrx_word' id='word_1_486' title='bbox 778 5352 793 5388; x_wconf 91' lang='lat'><strong>:</strong></span> <span class='ocrx_word' id='word_1_487' title='bbox 850 5342 906 5387; x_wconf 89' lang='lat' dir='ltr'><strong>at</strong></span> <span class='ocrx_word' id='word_1_488' title='bbox 951 5343 1237 5404; x_wconf 87' lang='lat' dir='ltr'><strong>postquam</strong></span> <span class='ocrx_word' id='word_1_489' title='bbox 1285 5331 1514 5387; x_wconf 85' lang='lat' dir='ltr'><strong>falsatus</strong></span> <span class='ocrx_word' id='word_1_490' title='bbox 1560 5338 1644 5386; x_wconf 91' lang='lat' dir='ltr'><strong>est</strong></span> <span class='ocrx_word' id='word_1_491' title='bbox 1702 5347 1973 5396; x_wconf 84' lang='lat' dir='ltr'><strong>nummus,</strong></span> 
     </span>
    </p>
   </div>
   <div class='ocr_carea' id='block_1_73' title="bbox 397 5421 1980 5492">
    <p class='ocr_par' dir='ltr' id='par_1_73' title="bbox 397 5421 1980 5492">
     <span class='ocr_line' id='line_1_74' title="bbox 397 5421 1980 5492; baseline -0.003 -11"><span class='ocrx_word' id='word_1_492' title='bbox 397 5426 609 5482; x_wconf 79' lang='lat' dir='ltr'><strong>dilﬁcile</strong></span> <span class='ocrx_word' id='word_1_493' title='bbox 636 5434 720 5481; x_wconf 86' lang='lat' dir='ltr'><strong>est</strong></span> <span class='ocrx_word' id='word_1_494' title='bbox 756 5434 817 5481; x_wconf 91' lang='lat' dir='ltr'><strong>ut</strong></span> <span class='ocrx_word' id='word_1_495' title='bbox 851 5426 919 5481; x_wconf 91' lang='lat' dir='ltr'><strong>ad</strong></span> <span class='ocrx_word' id='word_1_496' title='bbox 943 5425 1229 5480; x_wconf 82' lang='lat' dir='ltr'><strong>veritatem</strong></span> <span class='ocrx_word' id='word_1_497' title='bbox 1254 5421 1539 5479; x_wconf 88' lang='lat' dir='ltr'><strong>monetalis</strong></span> <span class='ocrx_word' id='word_1_498' title='bbox 1578 5421 1774 5492; x_wconf 80' lang='lat' dir='ltr'><strong>regulae</strong></span> <span class='ocrx_word' id='word_1_499' title='bbox 1810 5423 1980 5477; x_wconf 71' lang='lat' dir='ltr'><strong>corri-</strong></span> 
     </span>
    </p>
   </div>
   <div class='ocr_carea' id='block_1_74' title="bbox 394 5520 1025 5589">
    <p class='ocr_par' dir='ltr' id='par_1_74' title="bbox 394 5520 1025 5589">
     <span class='ocr_line' id='line_1_75' title="bbox 394 5520 1025 5589; baseline 0.002 -17"><span class='ocrx_word' id='word_1_500' title='bbox 394 5526 571 5589; x_wconf 79' lang='lat' dir='ltr'><strong>gatur.</strong></span> <span class='ocrx_word' id='word_1_501' title='bbox 1016 5520 1025 5529; x_wconf 85' lang='lat'><em>&#39;</em></span> 
     </span>
    </p>
   </div>
   <div class='ocr_carea' id='block_1_75' title="bbox 467 5601 1983 5682">
    <p class='ocr_par' dir='ltr' id='par_1_75' title="bbox 467 5601 1983 5682">
     <span class='ocr_line' id='line_1_76' title="bbox 467 5601 1983 5682; baseline -0.001 -18"><span class='ocrx_word' id='word_1_502' title='bbox 467 5608 663 5665; x_wconf 83' lang='lat' dir='ltr'><strong>Pateat</strong></span> <span class='ocrx_word' id='word_1_503' title='bbox 698 5610 864 5682; x_wconf 87' lang='lat' dir='ltr'><strong>igitur</strong></span> <span class='ocrx_word' id='word_1_504' title='bbox 893 5610 1071 5665; x_wconf 90' lang='lat' dir='ltr'><strong>aditus</strong></span> <span class='ocrx_word' id='word_1_505' title='bbox 1097 5607 1337 5664; x_wconf 88' lang='lat' dir='ltr'><strong>venienti</strong></span> <span class='ocrx_word' id='word_1_506' title='bbox 1369 5604 1435 5658; x_wconf 88' lang='lat' dir='ltr'><strong>de</strong></span> <span class='ocrx_word' id='word_1_507' title='bbox 1460 5601 1679 5670; x_wconf 65' lang='lat' dir='ltr'><strong>saeculo,</strong></span> <span class='ocrx_word' id='word_1_508' title='bbox 1710 5617 1769 5661; x_wconf 89' lang='lat' dir='ltr'><strong>ut</strong></span> <span class='ocrx_word' id='word_1_509' title='bbox 1798 5608 1983 5677; x_wconf 87' lang='lat' dir='ltr'><strong>impri-</strong></span> 
     </span>
    </p>
   </div>
   <div class='ocr_carea' id='block_1_76' title="bbox 402 5699 1983 5775">
    <p class='ocr_par' dir='ltr' id='par_1_76' title="bbox 402 5699 1983 5775">
     <span class='ocr_line' id='line_1_77' title="bbox 402 5699 1983 5775; baseline 0.001 -18"><span class='ocrx_word' id='word_1_510' title='bbox 402 5713 579 5760; x_wconf 85' lang='lat' dir='ltr'><strong>matur</strong></span> <span class='ocrx_word' id='word_1_511' title='bbox 635 5703 1032 5774; x_wconf 77' lang='lat' dir='ltr'><strong>quodaminodo</strong></span> <span class='ocrx_word' id='word_1_512' title='bbox 1085 5699 1314 5771; x_wconf 87' lang='lat' dir='ltr'><strong>simplici</strong></span> <span class='ocrx_word' id='word_1_513' title='bbox 1371 5699 1760 5769; x_wconf 80' lang='lat' dir='ltr'><strong>superveniens</strong></span> <span class='ocrx_word' id='word_1_514' title='bbox 1811 5701 1983 5775; x_wconf 80' lang='lat' dir='ltr'><strong>ﬁgura</strong></span> 
     </span>
    </p>
   </div>
   <div class='ocr_carea' id='block_1_77' title="bbox 799 5781 1434 5867">
    <p class='ocr_par' dir='ltr' id='par_1_77' title="bbox 799 5781 1434 5867">
     <span class='ocr_line' id='line_1_78' title="bbox 799 5781 1434 5867; baseline 0.002 -10"><span class='ocrx_word' id='word_1_515' title='bbox 799 5798 1073 5857; x_wconf 70' lang='lat' dir='ltr'><strong>PATROL.</strong></span> <span class='ocrx_word' id='word_1_516' title='bbox 1122 5781 1434 5867; x_wconf 47' lang='lat' dir='ltr'><strong>CXLVI“</strong></span> 
     </span>
    </p>
   </div>
   <div class='ocr_carea' id='block_1_78' title="bbox 2099 1859 3687 1935">
    <p class='ocr_par' dir='ltr' id='par_1_78' title="bbox 2099 1859 3687 1935">
     <span class='ocr_line' id='line_1_79' title="bbox 2099 1859 3687 1935; baseline 0.012 -23"><span class='ocrx_word' id='word_1_517' title='bbox 2099 1859 2260 1927; x_wconf 64' lang='lat' dir='ltr'><strong>plina:</strong></span> <span class='ocrx_word' id='word_1_518' title='bbox 2289 1875 2580 1929; x_wconf 88' lang='lat' dir='ltr'><strong>censuras,</strong></span> <span class='ocrx_word' id='word_1_519' title='bbox 2608 1880 2976 1935; x_wconf 83' lang='lat' dir='ltr'><strong>supervacuos</strong></span> <span class='ocrx_word' id='word_1_520' title='bbox 3015 1870 3497 1928; x_wconf 88' lang='lat' dir='ltr'><strong>tiulinnabulorum</strong></span> <span class='ocrx_word' id='word_1_521' title='bbox 3538 1876 3687 1931; x_wconf 83' lang='lat' dir='ltr'><strong>clan-</strong></span> 
     </span>
    </p>
   </div>
   <div class='ocr_carea' id='block_1_79' title="bbox 2097 1955 3686 2032">
    <p class='ocr_par' dir='ltr' id='par_1_79' title="bbox 2097 1955 3686 2032">
     <span class='ocr_line' id='line_1_80' title="bbox 2097 1955 3686 2032; baseline 0.011 -25"><span class='ocrx_word' id='word_1_522' title='bbox 2097 1968 2281 2022; x_wconf 89' lang='lat' dir='ltr'><strong>gores,</strong></span> <span class='ocrx_word' id='word_1_523' title='bbox 2295 1955 2687 2012; x_wconf 87' lang='lat' dir='ltr'><strong>cantilenarum</strong></span> <span class='ocrx_word' id='word_1_524' title='bbox 2711 1960 3034 2030; x_wconf 89' lang='lat' dir='ltr'><strong>multiplices</strong></span> <span class='ocrx_word' id='word_1_525' title='bbox 3052 1963 3384 2032; x_wconf 88' lang='lat' dir='ltr'><strong>harmonias,</strong></span> <span class='ocrx_word' id='word_1_526' title='bbox 3399 1983 3686 2024; x_wconf 81' lang='lat' dir='ltr'><strong>ornamen-</strong></span> 
     </span>
    </p>
   </div>
   <div class='ocr_carea' id='block_1_80' title="bbox 2101 2046 3686 2129">
    <p class='ocr_par' dir='ltr' id='par_1_80' title="bbox 2101 2046 3686 2129">
     <span class='ocr_line' id='line_1_81' title="bbox 2101 2046 3686 2129; baseline 0.012 -33"><span class='ocrx_word' id='word_1_527' title='bbox 2101 2052 2278 2099; x_wconf 91' lang='lat' dir='ltr'><strong>torum</strong></span> <span class='ocrx_word' id='word_1_528' title='bbox 2299 2046 2570 2116; x_wconf 82' lang='lat' dir='ltr'><strong>phaleras,</strong></span> <span class='ocrx_word' id='word_1_529' title='bbox 2586 2059 2643 2104; x_wconf 86' lang='lat' dir='ltr'><strong>et</strong></span> <span class='ocrx_word' id='word_1_530' title='bbox 2665 2059 2857 2104; x_wconf 65' lang='lat' dir='ltr'><strong>caetera</strong></span> <span class='ocrx_word' id='word_1_531' title='bbox 2884 2052 3276 2123; x_wconf 78' lang='lat' dir='ltr'><strong>talia,quadam</strong></span> <span class='ocrx_word' id='word_1_532' title='bbox 3300 2058 3493 2113; x_wconf 76' lang='lat' dir='ltr'><strong>sobria:</strong></span> <span class='ocrx_word' id='word_1_533' title='bbox 3510 2075 3686 2129; x_wconf 90' lang='lat' dir='ltr'><strong>repre-</strong></span> 
     </span>
    </p>
   </div>
   <div class='ocr_carea' id='block_1_81' title="bbox 2096 2130 3685 2214">
    <p class='ocr_par' dir='ltr' id='par_1_81' title="bbox 2096 2130 3685 2214">
     <span class='ocr_line' id='line_1_82' title="bbox 2096 2130 3685 2214; baseline 0.012 -29"><span class='ocrx_word' id='word_1_534' title='bbox 2096 2130 2374 2189; x_wconf 86' lang='lat' dir='ltr'><strong>hensionis</strong></span> <span class='ocrx_word' id='word_1_535' title='bbox 2413 2145 2530 2191; x_wconf 91' lang='lat' dir='ltr'><strong>arte</strong></span> <span class='ocrx_word' id='word_1_536' title='bbox 2561 2137 2818 2208; x_wconf 89' lang='lat' dir='ltr'><strong>dijudica,</strong></span> <span class='ocrx_word' id='word_1_537' title='bbox 2857 2152 3230 2211; x_wconf 88' lang='lat' dir='ltr'><strong>competenter</strong></span> <span class='ocrx_word' id='word_1_538' title='bbox 3266 2156 3524 2214; x_wconf 83' lang='lat' dir='ltr'><strong>extenua,</strong></span> <span class='ocrx_word' id='word_1_539' title='bbox 3565 2149 3685 2204; x_wconf 79' lang='lat' dir='ltr'><strong>sine</strong></span> 
     </span>
    </p>
   </div>
   <div class='ocr_carea' id='block_1_82' title="bbox 2097 2221 3683 2308">
    <p class='ocr_par' dir='ltr' id='par_1_82' title="bbox 2097 2221 3683 2308">
     <span class='ocr_line' id='line_1_83' title="bbox 2097 2221 3683 2308; baseline 0.013 -32"><span class='ocrx_word' id='word_1_540' title='bbox 2097 2221 2446 2282; x_wconf 86' lang='lat' dir='ltr'><strong>damnatione</strong></span> <span class='ocrx_word' id='word_1_541' title='bbox 2480 2229 2742 2297; x_wconf 90' lang='lat' dir='ltr'><strong>depretia,</strong></span> <span class='ocrx_word' id='word_1_542' title='bbox 2794 2231 3034 2289; x_wconf 78' lang='lat' dir='ltr'><strong>inferens</strong></span> <span class='ocrx_word' id='word_1_543' title='bbox 3083 2235 3213 2291; x_wconf 91' lang='lat' dir='ltr'><strong>illud</strong></span> <span class='ocrx_word' id='word_1_544' title='bbox 3238 2237 3683 2308; x_wconf 80' lang='lat' dir='ltr'><strong>ApostolizQuia</strong></span> 
     </span>
    </p>
   </div>
   <div class='ocr_carea' id='block_1_83' title="bbox 2101 2312 3683 2400">
    <p class='ocr_par' dir='ltr' id='par_1_83' title="bbox 2101 2312 3683 2400">
     <span class='ocr_line' id='line_1_84' title="bbox 2101 2312 3683 2400; baseline 0.017 -39"><span class='ocrx_word' id='word_1_545' title='bbox 2101 2328 2122 2361; x_wconf 71' lang='grc' dir='ltr'>ς</span> <span class='ocrx_word' id='word_1_546' title='bbox 2142 2313 2195 2364; x_wconf 90' lang='lat' dir='ltr'><strong>in</strong></span> <span class='ocrx_word' id='word_1_547' title='bbox 2216 2312 2434 2372; x_wconf 89' lang='lat' dir='ltr'><strong>Christo</strong></span> <span class='ocrx_word' id='word_1_548' title='bbox 2454 2317 2581 2400; x_wconf 85' lang='lat' dir='ltr'><strong>Jesu</strong></span> <span class='ocrx_word' id='word_1_549' title='bbox 2603 2335 2778 2391; x_wconf 90' lang='lat' dir='ltr'><strong>neque</strong></span> <span class='ocrx_word' id='word_1_550' title='bbox 2803 2322 3149 2382; x_wconf 88' lang='lat' dir='ltr'><strong>circumcisio</strong></span> <span class='ocrx_word' id='word_1_551' title='bbox 3176 2328 3379 2398; x_wconf 92' lang='lat' dir='ltr'><strong>aliquid</strong></span> <span class='ocrx_word' id='word_1_552' title='bbox 3400 2331 3559 2394; x_wconf 87' lang='lat' dir='ltr'><strong>valet,</strong></span> <span class='ocrx_word' id='word_1_553' title='bbox 3590 2348 3683 2387; x_wconf 89' lang='lat' dir='ltr'><strong>ne-</strong></span> 
     </span>
    </p>
   </div>
   <div class='ocr_carea' id='block_1_84' title="bbox 2096 2403 3681 2486">
    <p class='ocr_par' dir='ltr' id='par_1_84' title="bbox 2096 2403 3681 2486">
     <span class='ocr_line' id='line_1_85' title="bbox 2096 2403 3681 2486; baseline 0.015 -32"><span class='ocrx_word' id='word_1_554' title='bbox 2096 2414 2202 2470; x_wconf 89' lang='lat' dir='ltr'><strong>que</strong></span> <span class='ocrx_word' id='word_1_555' title='bbox 2224 2403 2567 2472; x_wconf 73' lang='lat' dir='ltr'><strong>prmputium,</strong></span> <span class='ocrx_word' id='word_1_556' title='bbox 2585 2410 2679 2460; x_wconf 89' lang='lat' dir='ltr'><strong>sed</strong></span> <span class='ocrx_word' id='word_1_557' title='bbox 2702 2419 2839 2461; x_wconf 88' lang='lat' dir='ltr'><strong>nova</strong></span> <span class='ocrx_word' id='word_1_558' title='bbox 2856 2423 3107 2463; x_wconf 77' lang='lat' dir='ltr'><strong>creatura</strong></span> <span class='ocrx_word' id='word_1_559' title='bbox 3124 2416 3321 2479; x_wconf 75' lang='lat' dir='ltr'><strong>(Calat.</strong></span> <span class='ocrx_word' id='word_1_560' title='bbox 3338 2421 3438 2486; x_wconf 79' lang='lat' dir='ltr'><strong>vi).</strong></span> <span class='ocrx_word' id='word_1_561' title='bbox 3454 2440 3471 2472; x_wconf 76' lang='grc' dir='ltr'>ι</span> <span class='ocrx_word' id='word_1_562' title='bbox 3497 2422 3560 2474; x_wconf 83' lang='grc' dir='ltr'><strong>Εῑ</strong></span> <span class='ocrx_word' id='word_1_563' title='bbox 3585 2422 3681 2477; x_wconf 88' lang='lat' dir='ltr'><strong>ite-</strong></span> 
     </span>
    </p>
   </div>
   <div class='ocr_carea' id='block_1_85' title="bbox 2096 2491 3682 2561">
    <p class='ocr_par' dir='ltr' id='par_1_85' title="bbox 2096 2491 3682 2561">
     <span class='ocr_line' id='line_1_86' title="bbox 2096 2491 3682 2561; baseline 0.011 -18"><span class='ocrx_word' id='word_1_564' title='bbox 2096 2505 2257 2547; x_wconf 88' lang='lat' dir='ltr'><strong>rum:</strong></span> <span class='ocrx_word' id='word_1_565' title='bbox 2292 2491 2428 2559; x_wconf 86' lang='lat' dir='ltr'><strong>Quia</strong></span> <span class='ocrx_word' id='word_1_566' title='bbox 2474 2513 2493 2546; x_wconf 72' lang='grc' dir='ltr'>ί</span> <span class='ocrx_word' id='word_1_567' title='bbox 2538 2495 2853 2553; x_wconf 83' lang='lat' dir='ltr'><strong>Altissimus</strong></span> <span class='ocrx_word' id='word_1_568' title='bbox 2882 2516 2987 2555; x_wconf 90' lang='lat' dir='ltr'><strong>non</strong></span> <span class='ocrx_word' id='word_1_569' title='bbox 3021 2501 3073 2554; x_wconf 92' lang='lat' dir='ltr'><strong>in</strong></span> <span class='ocrx_word' id='word_1_570' title='bbox 3121 2503 3441 2558; x_wconf 86' lang='lat' dir='ltr'><strong>manufactis</strong></span> <span class='ocrx_word' id='word_1_571' title='bbox 3476 2506 3682 2561; x_wconf 88' lang='lat' dir='ltr'><strong>habitat</strong></span> 
     </span>
    </p>
   </div>
   <div class='ocr_carea' id='block_1_86' title="bbox 2095 2582 3680 2662">
    <p class='ocr_par' dir='ltr' id='par_1_86' title="bbox 2095 2582 3680 2662">
     <span class='ocr_line' id='line_1_87' title="bbox 2095 2582 3680 2662; baseline 0.011 -28"><span class='ocrx_word' id='word_1_572' title='bbox 2095 2582 2236 2652; x_wconf 80' lang='lat' dir='ltr'><strong>(Act.</strong></span> <span class='ocrx_word' id='word_1_573' title='bbox 2258 2583 2446 2655; x_wconf 58' lang='grc' dir='ltr'><strong>μω.»</strong></span> <span class='ocrx_word' id='word_1_574' title='bbox 2466 2583 2599 2641; x_wconf 86' lang='lat' dir='ltr'><strong>illud</strong></span> <span class='ocrx_word' id='word_1_575' title='bbox 2634 2590 2796 2643; x_wconf 89' lang='lat' dir='ltr'><strong>etiam</strong></span> <span class='ocrx_word' id='word_1_576' title='bbox 2826 2592 2892 2645; x_wconf 86' lang='lat' dir='ltr'><strong>ad</strong></span> <span class='ocrx_word' id='word_1_577' title='bbox 2919 2591 3259 2648; x_wconf 86' lang='lat' dir='ltr'><strong>Timotheum</strong></span> <span class='ocrx_word' id='word_1_578' title='bbox 3296 2612 3310 2648; x_wconf 89' lang='lat'><strong>:</strong></span> <span class='ocrx_word' id='word_1_579' title='bbox 3350 2611 3369 2645; x_wconf 85' lang='grc'><strong><em>‹</em></strong></span> <span class='ocrx_word' id='word_1_580' title='bbox 3391 2594 3523 2662; x_wconf 86' lang='lat' dir='ltr'><strong>Quia</strong></span> <span class='ocrx_word' id='word_1_581' title='bbox 3555 2611 3680 2651; x_wconf 88' lang='lat' dir='ltr'><strong>cor-</strong></span> 
     </span>
    </p>
   </div>
   <div class='ocr_carea' id='block_1_87' title="bbox 2094 2672 3683 2758">
    <p class='ocr_par' dir='ltr' id='par_1_87' title="bbox 2094 2672 3683 2758">
     <span class='ocr_line' id='line_1_88' title="bbox 2094 2672 3683 2758; baseline 0.014 -34"><span class='ocrx_word' id='word_1_582' title='bbox 2094 2672 2296 2740; x_wconf 87' lang='lat' dir='ltr'><strong>poralis</strong></span> <span class='ocrx_word' id='word_1_583' title='bbox 2338 2677 2656 2756; x_wconf 80' lang='lat' dir='ltr'><strong>exercitatio</strong></span> <span class='ocrx_word' id='word_1_584' title='bbox 2710 2683 2777 2735; x_wconf 91' lang='lat' dir='ltr'><strong>ad</strong></span> <span class='ocrx_word' id='word_1_585' title='bbox 2817 2682 3088 2737; x_wconf 90' lang='lat' dir='ltr'><strong>tnodicum</strong></span> <span class='ocrx_word' id='word_1_586' title='bbox 3138 2684 3286 2741; x_wconf 90' lang='lat' dir='ltr'><strong>utilis</strong></span> <span class='ocrx_word' id='word_1_587' title='bbox 3339 2696 3453 2752; x_wconf 91' lang='lat' dir='ltr'><strong>est,</strong></span> <span class='ocrx_word' id='word_1_588' title='bbox 3507 2691 3683 2758; x_wconf 87' lang='lat' dir='ltr'><strong>pietas</strong></span> 
     </span>
    </p>
   </div>
   <div class='ocr_carea' id='block_1_88' title="bbox 2095 2767 3680 2850">
    <p class='ocr_par' dir='ltr' id='par_1_88' title="bbox 2095 2767 3680 2850">
     <span class='ocr_line' id='line_1_89' title="bbox 2095 2767 3680 2850; baseline 0.012 -33"><span class='ocrx_word' id='word_1_589' title='bbox 2095 2772 2277 2819; x_wconf 87' lang='lat' dir='ltr'><strong>autem</strong></span> <span class='ocrx_word' id='word_1_590' title='bbox 2302 2767 2366 2821; x_wconf 88' lang='lat' dir='ltr'><strong>ad</strong></span> <span class='ocrx_word' id='word_1_591' title='bbox 2388 2769 2568 2822; x_wconf 84' lang='lat' dir='ltr'><strong>omnia</strong></span> <span class='ocrx_word' id='word_1_592' title='bbox 2596 2770 2743 2826; x_wconf 89' lang='lat' dir='ltr'><strong>utilis</strong></span> <span class='ocrx_word' id='word_1_593' title='bbox 2774 2783 2855 2827; x_wconf 88' lang='lat' dir='ltr'><strong>est</strong></span> <span class='ocrx_word' id='word_1_594' title='bbox 2886 2772 2935 2845; x_wconf 89' lang='grc' dir='ltr'><strong>(Ι</strong></span> <span class='ocrx_word' id='word_1_595' title='bbox 2964 2773 3101 2828; x_wconf 82' lang='lat' dir='ltr'><strong>Tim.</strong></span> <span class='ocrx_word' id='word_1_596' title='bbox 3140 2776 3236 2847; x_wconf 79' lang='lat' dir='ltr'><strong>IV).</strong></span> <span class='ocrx_word' id='word_1_597' title='bbox 3270 2795 3287 2829; x_wconf 74' lang='grc' dir='ltr'><strong>ι</strong></span> <span class='ocrx_word' id='word_1_598' title='bbox 3316 2776 3412 2834; x_wconf 82' lang='lat' dir='ltr'><strong>His</strong></span> <span class='ocrx_word' id='word_1_599' title='bbox 3438 2780 3598 2850; x_wconf 91' lang='lat' dir='ltr'><strong>igitur</strong></span> <span class='ocrx_word' id='word_1_600' title='bbox 3626 2791 3680 2836; x_wconf 89' lang='lat' dir='ltr'><strong>et</strong></span> 
     </span>
    </p>
   </div>
   <div class='ocr_carea' id='block_1_89' title="bbox 2094 2853 3679 2930">
    <p class='ocr_par' dir='ltr' id='par_1_89' title="bbox 2094 2853 3679 2930">
     <span class='ocr_line' id='line_1_90' title="bbox 2094 2853 3679 2930; baseline 0.014 -24"><span class='ocrx_word' id='word_1_601' title='bbox 2094 2853 2402 2925; x_wconf 70' lang='lat' dir='ltr'><strong>huiusmodi</strong></span> <span class='ocrx_word' id='word_1_602' title='bbox 2431 2857 2771 2917; x_wconf 86' lang='lat' dir='ltr'><strong>documentis</strong></span> <span class='ocrx_word' id='word_1_603' title='bbox 2799 2865 3254 2921; x_wconf 85' lang='lat' dir='ltr'><strong>existimationem</strong></span> <span class='ocrx_word' id='word_1_604' title='bbox 3281 2873 3679 2930; x_wconf 89' lang='lat' dir='ltr'><strong>monasterialis</strong></span> 
     </span>
    </p>
   </div>
   <div class='ocr_carea' id='block_1_90' title="bbox 2094 2951 3679 3035">
    <p class='ocr_par' dir='ltr' id='par_1_90' title="bbox 2094 2951 3679 3035">
     <span class='ocr_line' id='line_1_91' title="bbox 2094 2951 3679 3035; baseline 0.01 -31"><span class='ocrx_word' id='word_1_605' title='bbox 2094 2951 2302 3006; x_wconf 88' lang='lat' dir='ltr'><strong>ordinis</strong></span> <span class='ocrx_word' id='word_1_606' title='bbox 2352 2952 2587 3021; x_wconf 90' lang='lat' dir='ltr'><strong>quodam</strong></span> <span class='ocrx_word' id='word_1_607' title='bbox 2633 2956 2892 3012; x_wconf 80' lang='lat' dir='ltr'><strong>modestae</strong></span> <span class='ocrx_word' id='word_1_608' title='bbox 2935 2972 3179 3014; x_wconf 60' lang='lat' dir='ltr'><strong>censurae</strong></span> <span class='ocrx_word' id='word_1_609' title='bbox 3224 2959 3510 3017; x_wconf 87' lang='lat' dir='ltr'><strong>libramine</strong></span> <span class='ocrx_word' id='word_1_610' title='bbox 3551 2979 3679 3035; x_wconf 86' lang='lat' dir='ltr'><strong>sup-</strong></span> 
     </span>
    </p>
   </div>
   <div class='ocr_carea' id='block_1_91' title="bbox 2092 3042 3678 3111">
    <p class='ocr_par' dir='ltr' id='par_1_91' title="bbox 2092 3042 3678 3111">
     <span class='ocr_line' id='line_1_92' title="bbox 2092 3042 3678 3111; baseline 0.01 -16"><span class='ocrx_word' id='word_1_611' title='bbox 2092 3042 2302 3111; x_wconf 87' lang='lat' dir='ltr'><strong>prime;</strong></span> <span class='ocrx_word' id='word_1_612' title='bbox 2338 3052 2396 3097; x_wconf 88' lang='lat' dir='ltr'><strong>ut</strong></span> <span class='ocrx_word' id='word_1_613' title='bbox 2424 3045 2550 3101; x_wconf 89' lang='lat' dir='ltr'><strong>dum</strong></span> <span class='ocrx_word' id='word_1_614' title='bbox 2582 3045 2635 3099; x_wconf 93' lang='lat' dir='ltr'><strong>in</strong></span> <span class='ocrx_word' id='word_1_615' title='bbox 2664 3047 2934 3102; x_wconf 88' lang='lat' dir='ltr'><strong>audientis</strong></span> <span class='ocrx_word' id='word_1_616' title='bbox 2963 3059 3143 3104; x_wconf 86' lang='lat' dir='ltr'><strong>mente</strong></span> <span class='ocrx_word' id='word_1_617' title='bbox 3168 3050 3371 3107; x_wconf 84' lang='lat' dir='ltr'><strong>fabrica</strong></span> <span class='ocrx_word' id='word_1_618' title='bbox 3405 3065 3678 3111; x_wconf 78' lang='lat' dir='ltr'><strong>consueta:</strong></span> 
     </span>
    </p>
   </div>
   <div class='ocr_carea' id='block_1_92' title="bbox 2092 3135 3679 3207">
    <p class='ocr_par' dir='ltr' id='par_1_92' title="bbox 2092 3135 3679 3207">
     <span class='ocr_line' id='line_1_93' title="bbox 2092 3135 3679 3207; baseline 0.009 -20"><span class='ocrx_word' id='word_1_619' title='bbox 2092 3135 2218 3189; x_wconf 75' lang='lat' dir='ltr'><strong>vita:</strong></span> <span class='ocrx_word' id='word_1_620' title='bbox 2263 3136 2556 3193; x_wconf 85' lang='lat' dir='ltr'><strong>destruitur</strong></span> <span class='ocrx_word' id='word_1_621' title='bbox 2574 3179 2589 3201; x_wconf 91' lang='lat'><strong>,</strong></span> <span class='ocrx_word' id='word_1_622' title='bbox 2617 3138 2850 3207; x_wconf 66' lang='lat' dir='ltr'><strong>praelatae</strong></span> <span class='ocrx_word' id='word_1_623' title='bbox 2877 3139 3183 3197; x_wconf 91' lang='lat' dir='ltr'><strong>solitudinis</strong></span> <span class='ocrx_word' id='word_1_624' title='bbox 3225 3144 3517 3201; x_wconf 65' lang='lat' dir='ltr'><strong>aedilicium</strong></span> <span class='ocrx_word' id='word_1_625' title='bbox 3546 3163 3679 3202; x_wconf 77' lang='lat' dir='ltr'><strong>con-</strong></span> 
     </span>
    </p>
   </div>
   <div class='ocr_carea' id='block_1_93' title="bbox 2091 3228 3678 3293">
    <p class='ocr_par' dir='ltr' id='par_1_93' title="bbox 2091 3228 3678 3293">
     <span class='ocr_line' id='line_1_94' title="bbox 2091 3228 3678 3293; baseline 0.009 -15"><span class='ocrx_word' id='word_1_626' title='bbox 2091 3234 2374 3283; x_wconf 86' lang='lat' dir='ltr'><strong>struatur:</strong></span> <span class='ocrx_word' id='word_1_627' title='bbox 2405 3234 2461 3281; x_wconf 87' lang='lat' dir='ltr'><strong>et</strong></span> <span class='ocrx_word' id='word_1_628' title='bbox 2501 3228 2567 3283; x_wconf 86' lang='lat' dir='ltr'><strong>ad</strong></span> <span class='ocrx_word' id='word_1_629' title='bbox 2613 3229 2862 3284; x_wconf 90' lang='lat' dir='ltr'><strong>standum</strong></span> <span class='ocrx_word' id='word_1_630' title='bbox 2906 3245 2965 3285; x_wconf 89' lang='lat' dir='ltr'><strong>se</strong></span> <span class='ocrx_word' id='word_1_631' title='bbox 3008 3232 3075 3286; x_wconf 90' lang='lat' dir='ltr'><strong>de</strong></span> <span class='ocrx_word' id='word_1_632' title='bbox 3118 3242 3315 3289; x_wconf 65' lang='lat' dir='ltr'><strong>caetero</strong></span> <span class='ocrx_word' id='word_1_633' title='bbox 3364 3244 3678 3293; x_wconf 78' lang='lat' dir='ltr'><strong>constanter</strong></span> 
     </span>
    </p>
   </div>
   <div class='ocr_carea' id='block_1_94' title="bbox 2090 3317 3492 3387">
    <p class='ocr_par' dir='ltr' id='par_1_94' title="bbox 2090 3317 3492 3387">
     <span class='ocr_line' id='line_1_95' title="bbox 2090 3317 3492 3387; baseline 0.008 -18"><span class='ocrx_word' id='word_1_634' title='bbox 2090 3317 2370 3386; x_wconf 86' lang='lat' dir='ltr'><strong>accingat,</strong></span> <span class='ocrx_word' id='word_1_635' title='bbox 2399 3318 2491 3387; x_wconf 89' lang='lat' dir='ltr'><strong>qui</strong></span> <span class='ocrx_word' id='word_1_636' title='bbox 2526 3332 2585 3372; x_wconf 88' lang='lat' dir='ltr'><strong>se</strong></span> <span class='ocrx_word' id='word_1_637' title='bbox 2609 3319 2872 3374; x_wconf 82' lang='lat' dir='ltr'><strong>hactenus</strong></span> <span class='ocrx_word' id='word_1_638' title='bbox 2896 3319 3136 3387; x_wconf 74' lang='lat' dir='ltr'><strong>iacuisse</strong></span> <span class='ocrx_word' id='word_1_639' title='bbox 3165 3324 3492 3380; x_wconf 89' lang='lat' dir='ltr'><strong>considerat.</strong></span> 
     </span>
    </p>
   </div>
   <div class='ocr_carea' id='block_1_95' title="bbox 2161 3406 3691 3487">
    <p class='ocr_par' dir='ltr' id='par_1_95' title="bbox 2161 3406 3691 3487">
     <span class='ocr_line' id='line_1_96' title="bbox 2161 3406 3691 3487; baseline 0.01 -27"><span class='ocrx_word' id='word_1_640' title='bbox 2161 3406 2217 3460; x_wconf 92' lang='lat' dir='ltr'><strong>Si</strong></span> <span class='ocrx_word' id='word_1_641' title='bbox 2267 3422 2394 3464; x_wconf 86' lang='lat' dir='ltr'><strong>vero</strong></span> <span class='ocrx_word' id='word_1_642' title='bbox 2438 3416 2555 3477; x_wconf 89' lang='lat' dir='ltr'><strong>post</strong></span> <span class='ocrx_word' id='word_1_643' title='bbox 2601 3410 2806 3477; x_wconf 89' lang='lat' dir='ltr'><strong>peracti</strong></span> <span class='ocrx_word' id='word_1_644' title='bbox 2846 3410 3049 3468; x_wconf 90' lang='lat' dir='ltr'><strong>laboris</strong></span> <span class='ocrx_word' id='word_1_645' title='bbox 3078 3413 3331 3469; x_wconf 89' lang='lat' dir='ltr'><strong>diuturna</strong></span> <span class='ocrx_word' id='word_1_646' title='bbox 3372 3419 3691 3487; x_wconf 88' lang='lat' dir='ltr'><strong>certamina,</strong></span> 
     </span>
    </p>
   </div>
   <div class='ocr_carea' id='block_1_96' title="bbox 2022 3498 3670 3581">
    <p class='ocr_par' dir='ltr' id='par_1_96' title="bbox 2022 3498 3670 3581">
     <span class='ocr_line' id='line_1_97' title="bbox 2022 3498 3670 3581; baseline 0.01 -32"><span class='ocrx_word' id='word_1_647' title='bbox 2022 3515 2032 3524; x_wconf 61' lang='grc' dir='ltr'><strong>π</strong></span> <span class='ocrx_word' id='word_1_648' title='bbox 2087 3505 2211 3567; x_wconf 90' lang='lat' dir='ltr'><strong>post</strong></span> <span class='ocrx_word' id='word_1_649' title='bbox 2238 3498 2514 3554; x_wconf 88' lang='lat' dir='ltr'><strong>edomatas</strong></span> <span class='ocrx_word' id='word_1_650' title='bbox 2543 3510 2833 3556; x_wconf 69' lang='lat' dir='ltr'><strong>macerata:</strong></span> <span class='ocrx_word' id='word_1_651' title='bbox 2861 3503 3042 3559; x_wconf 87' lang='lat' dir='ltr'><strong>carnis</strong></span> <span class='ocrx_word' id='word_1_652' title='bbox 3071 3504 3387 3575; x_wconf 88' lang='lat' dir='ltr'><strong>illecebras,</strong></span> <span class='ocrx_word' id='word_1_653' title='bbox 3415 3523 3538 3564; x_wconf 88' lang='lat' dir='ltr'><strong>cum</strong></span> <span class='ocrx_word' id='word_1_654' title='bbox 3554 3510 3670 3581; x_wconf 89' lang='lat' dir='ltr'><strong>jam</strong></span> 
     </span>
    </p>
   </div>
   <div class='ocr_carea' id='block_1_97' title="bbox 2088 3590 3670 3664">
    <p class='ocr_par' dir='ltr' id='par_1_97' title="bbox 2088 3590 3670 3664">
     <span class='ocr_line' id='line_1_98' title="bbox 2088 3590 3670 3664; baseline 0.01 -19"><span class='ocrx_word' id='word_1_655' title='bbox 2088 3605 2149 3645; x_wconf 87' lang='lat' dir='ltr'><strong>se</strong></span> <span class='ocrx_word' id='word_1_656' title='bbox 2181 3590 2377 3646; x_wconf 88' lang='lat' dir='ltr'><strong>viderit</strong></span> <span class='ocrx_word' id='word_1_657' title='bbox 2416 3593 2775 3660; x_wconf 90' lang='lat' dir='ltr'><strong>quorumdam</strong></span> <span class='ocrx_word' id='word_1_658' title='bbox 2804 3594 3059 3651; x_wconf 91' lang='lat' dir='ltr'><strong>vitiorum</strong></span> <span class='ocrx_word' id='word_1_659' title='bbox 3080 3638 3096 3664; x_wconf 92' lang='lat'><strong>,</strong></span> <span class='ocrx_word' id='word_1_660' title='bbox 3125 3598 3275 3654; x_wconf 86' lang='lat' dir='ltr'><strong>velut</strong></span> <span class='ocrx_word' id='word_1_661' title='bbox 3316 3602 3536 3657; x_wconf 92' lang='lat' dir='ltr'><strong>totidem</strong></span> <span class='ocrx_word' id='word_1_662' title='bbox 3569 3604 3670 3660; x_wconf 87' lang='lat' dir='ltr'><strong>ho-</strong></span> 
     </span>
    </p>
   </div>
   <div class='ocr_carea' id='block_1_98' title="bbox 2086 3683 3671 3758">
    <p class='ocr_par' dir='ltr' id='par_1_98' title="bbox 2086 3683 3671 3758">
     <span class='ocr_line' id='line_1_99' title="bbox 2086 3683 3671 3758; baseline 0.011 -22"><span class='ocrx_word' id='word_1_663' title='bbox 2086 3683 2275 3748; x_wconf 88' lang='lat' dir='ltr'><strong>stium,</strong></span> <span class='ocrx_word' id='word_1_664' title='bbox 2304 3683 2513 3741; x_wconf 88' lang='lat' dir='ltr'><strong>calcare</strong></span> <span class='ocrx_word' id='word_1_665' title='bbox 2527 3685 2788 3753; x_wconf 87' lang='lat' dir='ltr'><strong>cervices,</strong></span> <span class='ocrx_word' id='word_1_666' title='bbox 2808 3690 3037 3758; x_wconf 65' lang='lat' dir='ltr'><strong>coeperit</strong></span> <span class='ocrx_word' id='word_1_667' title='bbox 3062 3691 3470 3751; x_wconf 89' lang='lat' dir='ltr'><strong>immoderatius</strong></span> <span class='ocrx_word' id='word_1_668' title='bbox 3494 3706 3671 3754; x_wconf 81' lang='lat' dir='ltr'><strong>trans-</strong></span> 
     </span>
    </p>
   </div>
   <div class='ocr_carea' id='block_1_99' title="bbox 2086 3776 3669 3851">
    <p class='ocr_par' dir='ltr' id='par_1_99' title="bbox 2086 3776 3669 3851">
     <span class='ocr_line' id='line_1_100' title="bbox 2086 3776 3669 3851; baseline 0.009 -23"><span class='ocrx_word' id='word_1_669' title='bbox 2086 3780 2205 3829; x_wconf 79' lang='lat' dir='ltr'><strong>acta</strong></span> <span class='ocrx_word' id='word_1_670' title='bbox 2244 3776 2538 3847; x_wconf 88' lang='lat' dir='ltr'><strong>despicere,</strong></span> <span class='ocrx_word' id='word_1_671' title='bbox 2572 3784 2628 3832; x_wconf 87' lang='lat' dir='ltr'><strong>et</strong></span> <span class='ocrx_word' id='word_1_672' title='bbox 2671 3793 2770 3845; x_wconf 91' lang='lat' dir='ltr'><strong>ea,</strong></span> <span class='ocrx_word' id='word_1_673' title='bbox 2816 3794 2937 3850; x_wconf 70' lang='lat' dir='ltr'><strong>qua:</strong></span> <span class='ocrx_word' id='word_1_674' title='bbox 2973 3789 3176 3850; x_wconf 67' lang='lat' dir='ltr'><strong>praesto</strong></span> <span class='ocrx_word' id='word_1_675' title='bbox 3216 3794 3379 3851; x_wconf 90' lang='lat' dir='ltr'><strong>sunt,</strong></span> <span class='ocrx_word' id='word_1_676' title='bbox 3425 3785 3669 3845; x_wconf 89' lang='lat' dir='ltr'><strong>liberiori</strong></span> 
     </span>
    </p>
   </div>
   <div class='ocr_carea' id='block_1_100' title="bbox 2086 3868 3667 3936">
    <p class='ocr_par' dir='ltr' id='par_1_100' title="bbox 2086 3868 3667 3936">
     <span class='ocr_line' id='line_1_101' title="bbox 2086 3868 3667 3936; baseline 0.009 -16"><span class='ocrx_word' id='word_1_677' title='bbox 2086 3868 2242 3923; x_wconf 88' lang='lat' dir='ltr'><strong>laude</strong></span> <span class='ocrx_word' id='word_1_678' title='bbox 2286 3868 2561 3936; x_wconf 82' lang='lat' dir='ltr'><strong>proferre;</strong></span> <span class='ocrx_word' id='word_1_679' title='bbox 2622 3879 2750 3925; x_wconf 92' lang='lat' dir='ltr'><strong>tunc</strong></span> <span class='ocrx_word' id='word_1_680' title='bbox 2800 3872 3173 3929; x_wconf 70' lang='lat' dir='ltr'><strong>coenobiorum</strong></span> <span class='ocrx_word' id='word_1_681' title='bbox 3227 3883 3354 3930; x_wconf 87' lang='lat' dir='ltr'><strong>sunt</strong></span> <span class='ocrx_word' id='word_1_682' title='bbox 3396 3875 3667 3934; x_wconf 75' lang='lat' dir='ltr'><strong>efferenda</strong></span> 
     </span>
    </p>
   </div>
   <div class='ocr_carea' id='block_1_101' title="bbox 2084 3959 3665 4038">
    <p class='ocr_par' dir='ltr' id='par_1_101' title="bbox 2084 3959 3665 4038">
     <span class='ocr_line' id='line_1_102' title="bbox 2084 3959 3665 4038; baseline 0.008 -26"><span class='ocrx_word' id='word_1_683' title='bbox 2084 3959 2376 4029; x_wconf 68' lang='lat' dir='ltr'><strong>prmconia,</strong></span> <span class='ocrx_word' id='word_1_684' title='bbox 2401 3967 2454 4015; x_wconf 92' lang='lat' dir='ltr'><strong>et</strong></span> <span class='ocrx_word' id='word_1_685' title='bbox 2476 3974 2809 4030; x_wconf 63' lang='lat' dir='ltr'><strong>quacunque</strong></span> <span class='ocrx_word' id='word_1_686' title='bbox 2831 3962 2883 4015; x_wconf 91' lang='lat' dir='ltr'><strong>in</strong></span> <span class='ocrx_word' id='word_1_687' title='bbox 2907 3977 3093 4018; x_wconf 89' lang='lat' dir='ltr'><strong>eorum</strong></span> <span class='ocrx_word' id='word_1_688' title='bbox 3114 3965 3392 4035; x_wconf 90' lang='lat' dir='ltr'><strong>discipulis</strong></span> <span class='ocrx_word' id='word_1_689' title='bbox 3412 3979 3665 4038; x_wconf 85' lang='lat' dir='ltr'><strong>aguntur,</strong></span> 
     </span>
    </p>
   </div>
   <div class='ocr_carea' id='block_1_102' title="bbox 2086 4039 3668 4120">
    <p class='ocr_par' dir='ltr' id='par_1_102' title="bbox 2086 4039 3668 4120">
     <span class='ocr_line' id='line_1_103' title="bbox 2086 4039 3668 4120; baseline 0.006 -17"><span class='ocrx_word' id='word_1_690' title='bbox 2086 4051 2154 4104; x_wconf 91' lang='lat' dir='ltr'><strong>ad</strong></span> <span class='ocrx_word' id='word_1_691' title='bbox 2186 4049 2280 4111; x_wconf 89' lang='lat' dir='ltr'><strong>Dei</strong></span> <span class='ocrx_word' id='word_1_692' title='bbox 2309 4039 2543 4120; x_wconf 82' lang='lat' dir='ltr'><strong>gloriam</strong></span> <span class='ocrx_word' id='word_1_693' title='bbox 2576 4050 2897 4117; x_wconf 88' lang='lat' dir='ltr'><strong>referenda;</strong></span> <span class='ocrx_word' id='word_1_694' title='bbox 2940 4067 3005 4106; x_wconf 91' lang='lat' dir='ltr'><strong>ac</strong></span> <span class='ocrx_word' id='word_1_695' title='bbox 3048 4053 3301 4109; x_wconf 83' lang='lat' dir='ltr'><strong>salutaris</strong></span> <span class='ocrx_word' id='word_1_696' title='bbox 3347 4056 3668 4113; x_wconf 62' lang='lat' dir='ltr'><strong>obedientie</strong></span> 
     </span>
    </p>
   </div>
   <div class='ocr_carea' id='block_1_103' title="bbox 2083 4141 3665 4214">
    <p class='ocr_par' dir='ltr' id='par_1_103' title="bbox 2083 4141 3665 4214">
     <span class='ocr_line' id='line_1_104' title="bbox 2083 4141 3665 4214; baseline 0.006 -20"><span class='ocrx_word' id='word_1_697' title='bbox 2083 4141 2414 4210; x_wconf 84' lang='lat' dir='ltr'><strong>perhibenda</strong></span> <span class='ocrx_word' id='word_1_698' title='bbox 2446 4149 2571 4196; x_wconf 82' lang='lat' dir='ltr'><strong>smit</strong></span> <span class='ocrx_word' id='word_1_699' title='bbox 2598 4141 2893 4209; x_wconf 84' lang='lat' dir='ltr'><strong>sacrificia;</strong></span> <span class='ocrx_word' id='word_1_700' title='bbox 2928 4151 3198 4213; x_wconf 87' lang='lat' dir='ltr'><strong>quatenus</strong></span> <span class='ocrx_word' id='word_1_701' title='bbox 3243 4144 3368 4199; x_wconf 90' lang='lat' dir='ltr'><strong>dum</strong></span> <span class='ocrx_word' id='word_1_702' title='bbox 3399 4146 3665 4214; x_wconf 90' lang='lat' dir='ltr'><strong>professio</strong></span> 
     </span>
    </p>
   </div>
   <div class='ocr_carea' id='block_1_104' title="bbox 2083 4232 3664 4307">
    <p class='ocr_par' dir='ltr' id='par_1_104' title="bbox 2083 4232 3664 4307">
     <span class='ocr_line' id='line_1_105' title="bbox 2083 4232 3664 4307; baseline 0.006 -21"><span class='ocrx_word' id='word_1_703' title='bbox 2083 4233 2208 4286; x_wconf 62' lang='lat' dir='ltr'><strong>vita:</strong></span> <span class='ocrx_word' id='word_1_704' title='bbox 2237 4234 2541 4289; x_wconf 90' lang='lat' dir='ltr'><strong>communis</strong></span> <span class='ocrx_word' id='word_1_705' title='bbox 2568 4232 2875 4300; x_wconf 79' lang='lat' dir='ltr'><strong>extollitur,</strong></span> <span class='ocrx_word' id='word_1_706' title='bbox 2906 4233 2978 4289; x_wconf 89' lang='lat' dir='ltr'><strong>de</strong></span> <span class='ocrx_word' id='word_1_707' title='bbox 3004 4234 3262 4304; x_wconf 88' lang='lat' dir='ltr'><strong>singulari</strong></span> <span class='ocrx_word' id='word_1_708' title='bbox 3288 4237 3585 4307; x_wconf 90' lang='lat' dir='ltr'><strong>proposito,</strong></span> <span class='ocrx_word' id='word_1_709' title='bbox 3613 4240 3664 4296; x_wconf 76' lang='lat' dir='ltr'><strong>si</strong></span> 
     </span>
    </p>
   </div>
   <div class='ocr_carea' id='block_1_105' title="bbox 2082 4322 3667 4396">
    <p class='ocr_par' dir='ltr' id='par_1_105' title="bbox 2082 4322 3667 4396">
     <span class='ocr_line' id='line_1_106' title="bbox 2082 4322 3667 4396; baseline 0.006 -21"><span class='ocrx_word' id='word_1_710' title='bbox 2082 4337 2190 4393; x_wconf 86' lang='lat' dir='ltr'><strong>qua</strong></span> <span class='ocrx_word' id='word_1_711' title='bbox 2229 4322 2370 4378; x_wconf 89' lang='lat' dir='ltr'><strong>forte</strong></span> <span class='ocrx_word' id='word_1_712' title='bbox 2399 4322 2768 4395; x_wconf 88' lang='lat' dir='ltr'><strong>subrepserat,</strong></span> <span class='ocrx_word' id='word_1_713' title='bbox 2797 4326 3102 4396; x_wconf 87' lang='lat' dir='ltr'><strong>arrogantia</strong></span> <span class='ocrx_word' id='word_1_714' title='bbox 3132 4325 3452 4396; x_wconf 88' lang='lat' dir='ltr'><strong>deponatur.</strong></span> <span class='ocrx_word' id='word_1_715' title='bbox 3483 4328 3551 4384; x_wconf 86' lang='lat' dir='ltr'><strong>Et</strong></span> <span class='ocrx_word' id='word_1_716' title='bbox 3571 4344 3667 4386; x_wconf 86' lang='lat' dir='ltr'><strong>ne-</strong></span> 
     </span>
    </p>
   </div>
   <div class='ocr_carea' id='block_1_106' title="bbox 1984 4406 3661 4490">
    <p class='ocr_par' dir='ltr' id='par_1_106' title="bbox 1984 4406 3661 4490">
     <span class='ocr_line' id='line_1_107' title="bbox 1984 4406 3661 4490; baseline 0.007 -24"><span class='ocrx_word' id='word_1_717' title='bbox 1984 4439 1989 4445; x_wconf 62' lang='grc' dir='ltr'><strong>η</strong></span> <span class='ocrx_word' id='word_1_718' title='bbox 2082 4430 2354 4486; x_wconf 84' lang='lat' dir='ltr'><strong>quaquam</strong></span> <span class='ocrx_word' id='word_1_719' title='bbox 2376 4415 2528 4485; x_wconf 83' lang='lat' dir='ltr'><strong>quasi</strong></span> <span class='ocrx_word' id='word_1_720' title='bbox 2551 4417 2628 4479; x_wconf 17' lang='lat' dir='ltr'><strong>de,</strong></span> <span class='ocrx_word' id='word_1_721' title='bbox 2638 4416 2974 4486; x_wconf 90' lang='lat' dir='ltr'><strong>perfectioris</strong></span> <span class='ocrx_word' id='word_1_722' title='bbox 2998 4420 3121 4475; x_wconf 66' lang='lat' dir='ltr'><strong>vita:</strong></span> <span class='ocrx_word' id='word_1_723' title='bbox 3138 4419 3417 4490; x_wconf 86' lang='lat' dir='ltr'><strong>privilegio</strong></span> <span class='ocrx_word' id='word_1_724' title='bbox 3436 4406 3661 4489; x_wconf 79' lang='lat' dir='ltr'><strong>tumeat,</strong></span> 
     </span>
    </p>
   </div>
   <div class='ocr_carea' id='block_1_107' title="bbox 2081 4505 3665 4587">
    <p class='ocr_par' dir='ltr' id='par_1_107' title="bbox 2081 4505 3665 4587">
     <span class='ocr_line' id='line_1_108' title="bbox 2081 4505 3665 4587; baseline 0.007 -27"><span class='ocrx_word' id='word_1_725' title='bbox 2081 4505 2208 4561; x_wconf 90' lang='lat' dir='ltr'><strong>dum</strong></span> <span class='ocrx_word' id='word_1_726' title='bbox 2252 4506 2541 4587; x_wconf 87' lang='lat' dir='ltr'><strong>plerosque</strong></span> <span class='ocrx_word' id='word_1_727' title='bbox 2586 4509 2637 4562; x_wconf 89' lang='lat' dir='ltr'><strong>in</strong></span> <span class='ocrx_word' id='word_1_728' title='bbox 2684 4508 2928 4565; x_wconf 89' lang='lat' dir='ltr'><strong>inferiori</strong></span> <span class='ocrx_word' id='word_1_729' title='bbox 2966 4511 3132 4581; x_wconf 88' lang='lat' dir='ltr'><strong>gradu</strong></span> <span class='ocrx_word' id='word_1_730' title='bbox 3180 4520 3330 4568; x_wconf 87' lang='lat' dir='ltr'><strong>tanto</strong></span> <span class='ocrx_word' id='word_1_731' title='bbox 3379 4513 3665 4571; x_wconf 85' lang='lat' dir='ltr'><strong>sublimius</strong></span> 
     </span>
    </p>
   </div>
   <div class='ocr_carea' id='block_1_108' title="bbox 2082 4599 3663 4673">
    <p class='ocr_par' dir='ltr' id='par_1_108' title="bbox 2082 4599 3663 4673">
     <span class='ocr_line' id='line_1_109' title="bbox 2082 4599 3663 4673; baseline 0.006 -19"><span class='ocrx_word' id='word_1_732' title='bbox 2082 4600 2395 4657; x_wconf 88' lang='lat' dir='ltr'><strong>incedentes</strong></span> <span class='ocrx_word' id='word_1_733' title='bbox 2422 4601 2598 4655; x_wconf 83' lang='lat' dir='ltr'><strong>adhuc</strong></span> <span class='ocrx_word' id='word_1_734' title='bbox 2633 4599 2862 4658; x_wconf 89' lang='lat' dir='ltr'><strong>fortasse</strong></span> <span class='ocrx_word' id='word_1_735' title='bbox 2896 4618 3002 4657; x_wconf 91' lang='lat' dir='ltr'><strong>non</strong></span> <span class='ocrx_word' id='word_1_736' title='bbox 3044 4615 3242 4673; x_wconf 81' lang='lat' dir='ltr'><strong>aequat.</strong></span> <span class='ocrx_word' id='word_1_737' title='bbox 3274 4606 3663 4663; x_wconf 87' lang='lat' dir='ltr'><strong>Admouendus</strong></span> 
     </span>
    </p>
   </div>
   <div class='ocr_carea' id='block_1_109' title="bbox 2082 4695 3663 4770">
    <p class='ocr_par' dir='ltr' id='par_1_109' title="bbox 2082 4695 3663 4770">
     <span class='ocr_line' id='line_1_110' title="bbox 2082 4695 3663 4770; baseline 0.005 -23"><span class='ocrx_word' id='word_1_738' title='bbox 2082 4701 2185 4757; x_wconf 84' lang='lat' dir='ltr'><strong>est,</strong></span> <span class='ocrx_word' id='word_1_739' title='bbox 2210 4703 2269 4748; x_wconf 89' lang='lat' dir='ltr'><strong>ut</strong></span> <span class='ocrx_word' id='word_1_740' title='bbox 2293 4695 2336 4749; x_wconf 90' lang='lat' dir='ltr'><strong>si</strong></span> <span class='ocrx_word' id='word_1_741' title='bbox 2363 4696 2491 4763; x_wconf 89' lang='lat' dir='ltr'><strong>quid</strong></span> <span class='ocrx_word' id='word_1_742' title='bbox 2516 4696 2783 4765; x_wconf 89' lang='lat' dir='ltr'><strong>agendum</strong></span> <span class='ocrx_word' id='word_1_743' title='bbox 2807 4695 3051 4751; x_wconf 87' lang='lat' dir='ltr'><strong>fortassis</strong></span> <span class='ocrx_word' id='word_1_744' title='bbox 3080 4699 3382 4765; x_wconf 83' lang='lat' dir='ltr'><strong>immineat,</strong></span> <span class='ocrx_word' id='word_1_745' title='bbox 3411 4715 3515 4754; x_wconf 91' lang='lat' dir='ltr'><strong>non</strong></span> <span class='ocrx_word' id='word_1_746' title='bbox 3537 4716 3663 4770; x_wconf 82' lang='lat' dir='ltr'><strong>pro-</strong></span> 
     </span>
    </p>
   </div>
   <div class='ocr_carea' id='block_1_110' title="bbox 2081 4787 3663 4854">
    <p class='ocr_par' dir='ltr' id='par_1_110' title="bbox 2081 4787 3663 4854">
     <span class='ocr_line' id='line_1_111' title="bbox 2081 4787 3663 4854; baseline 0.003 -14"><span class='ocrx_word' id='word_1_747' title='bbox 2081 4795 2269 4853; x_wconf 88' lang='lat' dir='ltr'><strong>pterea</strong></span> <span class='ocrx_word' id='word_1_748' title='bbox 2317 4787 2674 4854; x_wconf 85' lang='lat' dir='ltr'><strong>quorumdam</strong></span> <span class='ocrx_word' id='word_1_749' title='bbox 2721 4802 2872 4842; x_wconf 90' lang='lat' dir='ltr'><strong>more</strong></span> <span class='ocrx_word' id='word_1_750' title='bbox 2920 4787 3313 4841; x_wconf 79' lang='lat' dir='ltr'><strong>ctenobitarum</strong></span> <span class='ocrx_word' id='word_1_751' title='bbox 3340 4827 3359 4854; x_wconf 91' lang='lat'><strong>,</strong></span> <span class='ocrx_word' id='word_1_752' title='bbox 3402 4790 3663 4845; x_wconf 84' lang='lat' dir='ltr'><strong>velociter</strong></span> 
     </span>
    </p>
   </div>
   <div class='ocr_carea' id='block_1_111' title="bbox 2080 4875 3663 4949">
    <p class='ocr_par' dir='ltr' id='par_1_111' title="bbox 2080 4875 3663 4949">
     <span class='ocr_line' id='line_1_112' title="bbox 2080 4875 3663 4949; baseline 0.001 -17"><span class='ocrx_word' id='word_1_753' title='bbox 2080 4877 2276 4949; x_wconf 88' lang='lat' dir='ltr'><strong>psallat</strong></span> <span class='ocrx_word' id='word_1_754' title='bbox 2308 4895 2320 4931; x_wconf 90' lang='lat'><strong>:</strong></span> <span class='ocrx_word' id='word_1_755' title='bbox 2354 4886 2410 4931; x_wconf 90' lang='lat' dir='ltr'><strong>et</strong></span> <span class='ocrx_word' id='word_1_756' title='bbox 2452 4878 2529 4930; x_wconf 89' lang='lat' dir='ltr'><strong>sic</strong></span> <span class='ocrx_word' id='word_1_757' title='bbox 2564 4877 2629 4929; x_wconf 87' lang='lat' dir='ltr'><strong>de</strong></span> <span class='ocrx_word' id='word_1_758' title='bbox 2658 4875 2926 4929; x_wconf 86' lang='lat' dir='ltr'><strong>Psalterio</strong></span> <span class='ocrx_word' id='word_1_759' title='bbox 2956 4876 3023 4929; x_wconf 90' lang='lat' dir='ltr'><strong>ad</strong></span> <span class='ocrx_word' id='word_1_760' title='bbox 3055 4876 3329 4946; x_wconf 89' lang='lat' dir='ltr'><strong>negotium</strong></span> <span class='ocrx_word' id='word_1_761' title='bbox 3376 4879 3493 4932; x_wconf 85' lang='lat' dir='ltr'><strong>vice</strong></span> <span class='ocrx_word' id='word_1_762' title='bbox 3538 4894 3663 4947; x_wconf 86' lang='lat' dir='ltr'><strong>per-</strong></span> 
     </span>
    </p>
   </div>
   <div class='ocr_carea' id='block_1_112' title="bbox 2080 4965 3665 5039">
    <p class='ocr_par' dir='ltr' id='par_1_112' title="bbox 2080 4965 3665 5039">
     <span class='ocr_line' id='line_1_113' title="bbox 2080 4965 3665 5039; baseline 0.001 -16"><span class='ocrx_word' id='word_1_763' title='bbox 2080 4983 2261 5033; x_wconf 90' lang='lat' dir='ltr'><strong>versa,</strong></span> <span class='ocrx_word' id='word_1_764' title='bbox 2296 4976 2549 5035; x_wconf 86' lang='lat' dir='ltr'><strong>tanquam</strong></span> <span class='ocrx_word' id='word_1_765' title='bbox 2591 4968 2656 5022; x_wconf 92' lang='lat' dir='ltr'><strong>de</strong></span> <span class='ocrx_word' id='word_1_766' title='bbox 2697 4966 2882 5039; x_wconf 87' lang='lat' dir='ltr'><strong>pelago</strong></span> <span class='ocrx_word' id='word_1_767' title='bbox 2909 4966 2977 5023; x_wconf 87' lang='lat' dir='ltr'><strong>ad</strong></span> <span class='ocrx_word' id='word_1_768' title='bbox 3012 4965 3162 5022; x_wconf 86' lang='lat' dir='ltr'><strong>littus</strong></span> <span class='ocrx_word' id='word_1_769' title='bbox 3184 4976 3407 5023; x_wconf 86' lang='lat' dir='ltr'><strong>enatare</strong></span> <span class='ocrx_word' id='word_1_770' title='bbox 3439 4976 3665 5026; x_wconf 84' lang='lat' dir='ltr'><strong>conten-</strong></span> 
     </span>
    </p>
   </div>
   <div class='ocr_carea' id='block_1_113' title="bbox 2083 5057 3665 5129">
    <p class='ocr_par' dir='ltr' id='par_1_113' title="bbox 2083 5057 3665 5129">
     <span class='ocr_line' id='line_1_114' title="bbox 2083 5057 3665 5129; baseline 0.001 -15"><span class='ocrx_word' id='word_1_771' title='bbox 2083 5060 2193 5114; x_wconf 85' lang='lat' dir='ltr'><strong>dat.</strong></span> <span class='ocrx_word' id='word_1_772' title='bbox 2222 5058 2566 5114; x_wconf 84' lang='lat' dir='ltr'><strong>Anxietatem</strong></span> <span class='ocrx_word' id='word_1_773' title='bbox 2597 5059 2793 5129; x_wconf 88' lang='lat' dir='ltr'><strong>quippe</strong></span> <span class='ocrx_word' id='word_1_774' title='bbox 2819 5057 3073 5126; x_wconf 83' lang='lat' dir='ltr'><strong>spiritus,</strong></span> <span class='ocrx_word' id='word_1_775' title='bbox 3110 5057 3336 5113; x_wconf 88' lang='lat' dir='ltr'><strong>callidus</strong></span> <span class='ocrx_word' id='word_1_776' title='bbox 3374 5059 3665 5115; x_wconf 83' lang='lat' dir='ltr'><strong>insidiator</strong></span> 
     </span>
    </p>
   </div>
   <div class='ocr_carea' id='block_1_114' title="bbox 2081 5147 3661 5220">
    <p class='ocr_par' dir='ltr' id='par_1_114' title="bbox 2081 5147 3661 5220">
     <span class='ocr_line' id='line_1_115' title="bbox 2081 5147 3661 5220; baseline 0 -17"><span class='ocrx_word' id='word_1_777' title='bbox 2081 5147 2243 5220; x_wconf 80' lang='lat'><strong>357</strong></span> <span class='ocrx_word' id='word_1_778' title='bbox 2284 5149 2556 5203; x_wconf 89' lang='lat' dir='ltr'><strong>immittit:</strong></span> <span class='ocrx_word' id='word_1_779' title='bbox 2588 5149 2826 5218; x_wconf 88' lang='lat' dir='ltr'><strong>quietum</strong></span> <span class='ocrx_word' id='word_1_780' title='bbox 2857 5162 2987 5207; x_wconf 82' lang='lat' dir='ltr'><strong>vero</strong></span> <span class='ocrx_word' id='word_1_781' title='bbox 3036 5155 3091 5202; x_wconf 88' lang='lat' dir='ltr'><strong>et</strong></span> <span class='ocrx_word' id='word_1_782' title='bbox 3121 5148 3375 5203; x_wconf 86' lang='lat' dir='ltr'><strong>humilem</strong></span> <span class='ocrx_word' id='word_1_783' title='bbox 3402 5150 3661 5215; x_wconf 86' lang='lat' dir='ltr'><strong>animum,</strong></span> 
     </span>
    </p>
   </div>
   <div class='ocr_carea' id='block_1_115' title="bbox 2084 5226 3667 5312">
    <p class='ocr_par' dir='ltr' id='par_1_115' title="bbox 2084 5226 3667 5312">
     <span class='ocr_line' id='line_1_116' title="bbox 2084 5226 3667 5312; baseline 0.002 -19"><span class='ocrx_word' id='word_1_784' title='bbox 2084 5226 2171 5295; x_wconf 89' lang='lat' dir='ltr'><strong>ubi</strong></span> <span class='ocrx_word' id='word_1_785' title='bbox 2210 5242 2544 5311; x_wconf 90' lang='lat' dir='ltr'><strong>requiescat,</strong></span> <span class='ocrx_word' id='word_1_786' title='bbox 2574 5242 2824 5312; x_wconf 90' lang='lat' dir='ltr'><strong>princeps</strong></span> <span class='ocrx_word' id='word_1_787' title='bbox 2852 5242 3005 5310; x_wconf 83' lang='lat' dir='ltr'><strong>pacis</strong></span> <span class='ocrx_word' id='word_1_788' title='bbox 3046 5239 3290 5309; x_wconf 85' lang='lat' dir='ltr'><strong>inquirit.</strong></span> <span class='ocrx_word' id='word_1_789' title='bbox 3323 5239 3667 5311; x_wconf 78' lang='lat' dir='ltr'><strong>Respondeat</strong></span> 
     </span>
    </p>
   </div>
   <div class='ocr_carea' id='block_1_116' title="bbox 2081 5326 3671 5406">
    <p class='ocr_par' dir='ltr' id='par_1_116' title="bbox 2081 5326 3671 5406">
     <span class='ocr_line' id='line_1_117' title="bbox 2081 5326 3671 5406; baseline 0.002 -17"><span class='ocrx_word' id='word_1_790' title='bbox 2081 5335 2247 5406; x_wconf 91' lang='lat' dir='ltr'><strong>igitur</strong></span> <span class='ocrx_word' id='word_1_791' title='bbox 2276 5332 2588 5391; x_wconf 88' lang='lat' dir='ltr'><strong>adversario</strong></span> <span class='ocrx_word' id='word_1_792' title='bbox 2636 5331 2940 5403; x_wconf 86' lang='lat' dir='ltr'><strong>suggerenti</strong></span> <span class='ocrx_word' id='word_1_793' title='bbox 2972 5326 3242 5397; x_wconf 79' lang='lat' dir='ltr'><strong>fabulosa,</strong></span> <span class='ocrx_word' id='word_1_794' title='bbox 3284 5333 3411 5387; x_wconf 90' lang='lat' dir='ltr'><strong>dum</strong></span> <span class='ocrx_word' id='word_1_795' title='bbox 3447 5333 3623 5402; x_wconf 82' lang='lat' dir='ltr'><strong>psallit</strong></span> <span class='ocrx_word' id='word_1_796' title='bbox 3646 5349 3671 5393; x_wconf 84' lang='lat'><strong>:</strong></span> 
     </span>
    </p>
   </div>
   <div class='ocr_carea' id='block_1_117' title="bbox 2079 5420 3667 5497">
    <p class='ocr_par' dir='ltr' id='par_1_117' title="bbox 2079 5420 3667 5497">
     <span class='ocr_line' id='line_1_118' title="bbox 2079 5420 3667 5497; baseline 0.001 -17"><span class='ocrx_word' id='word_1_797' title='bbox 2079 5425 2208 5480; x_wconf 92' lang='lat' dir='ltr'><strong>dum</strong></span> <span class='ocrx_word' id='word_1_798' title='bbox 2237 5426 2362 5494; x_wconf 86' lang='lat' dir='ltr'><strong>hoc,</strong></span> <span class='ocrx_word' id='word_1_799' title='bbox 2404 5423 2545 5497; x_wconf 89' lang='lat' dir='ltr'><strong>quod</strong></span> <span class='ocrx_word' id='word_1_800' title='bbox 2590 5440 2701 5496; x_wconf 81' lang='lat' dir='ltr'><strong>prae</strong></span> <span class='ocrx_word' id='word_1_801' title='bbox 2738 5421 2987 5477; x_wconf 89' lang='lat' dir='ltr'><strong>manibus</strong></span> <span class='ocrx_word' id='word_1_802' title='bbox 3016 5430 3121 5489; x_wconf 88' lang='lat' dir='ltr'><strong>est,</strong></span> <span class='ocrx_word' id='word_1_803' title='bbox 3180 5420 3412 5478; x_wconf 70' lang='lat' dir='ltr'><strong>ndicium</strong></span> <span class='ocrx_word' id='word_1_804' title='bbox 3450 5440 3667 5497; x_wconf 89' lang='lat' dir='ltr'><strong>perago,</strong></span> 
     </span>
    </p>
   </div>
   <div class='ocr_carea' id='block_1_118' title="bbox 2080 5512 3672 5595">
    <p class='ocr_par' dir='ltr' id='par_1_118' title="bbox 2080 5512 3672 5595">
     <span class='ocr_line' id='line_1_119' title="bbox 2080 5512 3672 5595; baseline 0.003 -26"><span class='ocrx_word' id='word_1_805' title='bbox 2080 5515 2300 5572; x_wconf 86' lang='lat' dir='ltr'><strong>interim</strong></span> <span class='ocrx_word' id='word_1_806' title='bbox 2338 5528 2489 5584; x_wconf 87' lang='lat' dir='ltr'><strong>tace;</strong></span> <span class='ocrx_word' id='word_1_807' title='bbox 2526 5514 2871 5586; x_wconf 84' lang='lat' dir='ltr'><strong>postmodum</strong></span> <span class='ocrx_word' id='word_1_808' title='bbox 2915 5512 2962 5569; x_wconf 79' lang='lat' dir='ltr'><strong>si</strong></span> <span class='ocrx_word' id='word_1_809' title='bbox 2997 5514 3131 5586; x_wconf 87' lang='lat' dir='ltr'><strong>quid</strong></span> <span class='ocrx_word' id='word_1_810' title='bbox 3173 5529 3334 5571; x_wconf 88' lang='lat' dir='ltr'><strong>causa</strong></span> <span class='ocrx_word' id='word_1_811' title='bbox 3361 5516 3672 5595; x_wconf 77' lang='lat' dir='ltr'><strong>dictaverit,</strong></span> 
     </span>
    </p>
   </div>
   <div class='ocr_carea' id='block_1_119' title="bbox 2085 5607 2385 5663">
    <p class='ocr_par' dir='ltr' id='par_1_119' title="bbox 2085 5607 2385 5663">
     <span class='ocr_line' id='line_1_120' title="bbox 2085 5607 2385 5663; baseline -0.007 -1"><span class='ocrx_word' id='word_1_812' title='bbox 2085 5607 2385 5663; x_wconf 90' lang='lat' dir='ltr'><strong>innotesce.</strong></span> 
     </span>
    </p>
   </div>
   <div class='ocr_carea' id='block_1_120' title="bbox 2156 5684 3668 5771">
    <p class='ocr_par' dir='ltr' id='par_1_120' title="bbox 2156 5684 3668 5771">
     <span class='ocr_line' id='line_1_121' title="bbox 2156 5684 3668 5771; baseline -0.001 -17"><span class='ocrx_word' id='word_1_813' title='bbox 2156 5698 2310 5768; x_wconf 86' lang='lat' dir='ltr'><strong>Quod</strong></span> <span class='ocrx_word' id='word_1_814' title='bbox 2330 5697 2404 5771; x_wconf 86' lang='lat' dir='ltr'><strong>_si</strong></span> <span class='ocrx_word' id='word_1_815' title='bbox 2446 5696 2626 5754; x_wconf 84' lang='lat' dir='ltr'><strong>adhuc</strong></span> <span class='ocrx_word' id='word_1_816' title='bbox 2658 5694 2994 5767; x_wconf 75' lang='lat' dir='ltr'><strong>pertinacius</strong></span> <span class='ocrx_word' id='word_1_817' title='bbox 3019 5684 3240 5767; x_wconf 78' lang='lat' dir='ltr'><strong>ingruit,</strong></span> <span class='ocrx_word' id='word_1_818' title='bbox 3271 5707 3327 5753; x_wconf 87' lang='lat' dir='ltr'><strong>et</strong></span> <span class='ocrx_word' id='word_1_819' title='bbox 3352 5698 3668 5755; x_wconf 77' lang='lat' dir='ltr'><strong>obfirmatus</strong></span> 
     </span>
    </p>
   </div>
  </div>
