4080 6194
399 221 503 277 ὅὰὂ

396 334 618 395 insistit,
644 338 933 395 utrumque
960 322 1142 386 simul,
1167 331 1220 376 et
1248 320 1299 373 id
1324 319 1466 388 quod
1491 318 1741 378 mittitur,
1769 322 1825 367 et
1852 326 1974 365 eum
2008 317 2053 373 Α

394 428 487 497 qui
520 423 733 480 miserit
784 416 1095 473 maledicat.
1140 413 1378 482 Adjiciat
1409 422 1623 479 quoque
1644 405 1828 461 verbis
1853 418 1974 457 eum

394 496 600 573 terrere
657 509 979 569 minacibus,
1037 506 1259 559 dicens:
1318 500 1418 564 Me,
1447 497 1654 562 infelix,
1686 496 1897 559 desere,
1925 502 1979 548 et

392 603 732 663 tremendum
776 598 964 671 judicii
1013 596 1153 650 diem
1206 602 1331 647 ante
1360 591 1549 646 oculos
1594 604 1755 658 pone,
1794 588 1848 641 in
1873 602 1979 656 quo

394 697 645 751 videlicet
682 690 827 760 juste
872 684 1207 743 danmandus
1234 698 1312 747 es,
1350 690 1404 735 et
1434 679 1708 750 perpetuis
1742 688 1983 746 postmo-

393 790 519 843 dum
567 782 796 841 ﬂammis
849 778 1131 833 ultricibus
1175 773 1505 830 exurendus.
1562 769 1664 837 Qui
1723 768 1976 823 nimirum

394 891 567 934 terror
611 868 1069 944 pluritnumvalct
1104 867 1172 920 ad
1216 862 1581 932 superandam
1636 873 1891 929 pugnam,
1924 866 1979 910 et

392 970 460 1022 ad
489 963 849 1030 eﬂ'ugiendam
897 958 1097 1017 versuti
1136 952 1473 1009 insidiatoris
1522 950 1801 1005 astutiam.
1834 947 1979 1003 ﬂiuc

392 1072 474 1115 est
523 1057 710 1119 etiam,
758 1050 899 1120 quod
954 1046 1245 1118 praemissis
1286 1041 1624 1096 orationibus
1666 1038 1979 1102 exorcismi,

392 1163 607 1217 semper
632 1161 701 1200 ex
725 1139 1093 1198 ecclesiastica
1128 1136 1420 1191 traditione
1450 1131 1832 1201 subjungitur:
1876 1129 1977 1194 Qui

397 1222 656 1297 venturus
686 1246 767 1291 est
796 1233 1042 1303 judicare
1071 1230 1220 1283 vivos
1258 1236 1313 1282 et
1340 1234 1610 1288 mortuos,
1635 1232 1690 1277 et
1725 1220 1980 1275 saaculum

396 1349 491 1404 per
520 1333 696 1399 ignem
732 1344 745 1380 :
778 1334 835 1379 ut
874 1324 999 1377 dum
1030 1321 1297 1390 malignus
1344 1318 1565 1387 spiritus
1599 1324 1747 1368 tanta
1797 1312 1983 1366 formi-

396 1401 517 1478 dine
547 1422 603 1475 in
641 1417 935 1473 tentatioue
978 1412 1308 1483 percellitur,
1355 1424 1382 1463 a
1425 1416 1677 1463 creatura
1708 1404 1799 1457 Dei
1829 1401 1982 1457 terri-

395 1504 481 1569 tris
512 1508 829 1581 expellatur.
863 1505 956 1559 llis
992 1513 1047 1556 et
1073 1500 1383 1569 huiusmodi
1424 1498 1546 1553 telis
1585 1494 1983 1550 commilitones

396 1616 517 1658 tuos
551 1600 819 1656 subtiliter
870 1598 1094 1655 instrue,
1152 1604 1207 1647 et
1237 1594 1291 1646 in
1326 1591 1443 1645 acie
1494 1605 1616 1645 cum
1650 1586 1983 1642 adversariis

391 1693 591 1764 iugiter
634 1691 896 1744 dimicare
926 1686 1161 1756 prmvius
1192 1684 1342 1737 doce.

954 1776 1182 1832 CAPUT
1224 1772 1415 1830 XXXI.

397 1879 471 1931 De
529 1874 792 1944 patientia:
851 1872 1063 1933 virtute,
1104 1868 1184 1920 illi
1246 1868 1335 1948 qui
1383 1874 1566 1935 pra'esl
1621 1861 1845 1915 maxime
1894 1875 1982 1912 ue—

1067 1955 1315 1992 cessana.

468 2035 630 2089 Planc
658 2048 781 2087 cum
814 2030 1065 2084 omnibus
1089 2026 1285 2081 debeas
1320 2023 1514 2079 ﬂorere
1542 2020 1854 2083 virtutibus,
1891 2018 1980 2087 qui

394 2133 461 2185 ad
498 2126 711 2180 virtutis
737 2122 1042 2193 exemplum
1070 2135 1130 2175 es
1164 2133 1324 2188 super
1353 2117 1483 2171 alios
1503 2113 1850 2176 constitutus,
1887 2125 1982 2179 pa-

398 2221 599 2274 tientiae
630 2217 816 2270 virtuti
850 2211 1172 2284 propensius
1217 2209 1482 2264 studeas:
1531 2204 1838 2274 omnigena:
1888 2198 1983 2253 ad-

396 2308 674 2365 versuatis
708 2304 983 2361 obstacula
1013 2317 1108 2371 per
1143 2299 1465 2370 patientiam
1504 2300 1678 2349 vince.
1716 2288 1983 2345 Patientia

398 2413 451 2455 te
489 2401 682 2455 durum
716 2395 983 2467 \lapitlem,
1024 2394 1134 2441 inm
1178 2390 1523 2441 insecabilem
1576 2383 1812 2453 praebeat
1857 2381 1985 2435 ada-

393 2497 651 2543 mantem.
686 2482 1005 2539 Adamantis
1034 2481 1233 2550 quippe
1279 2477 1513 2548 sigillum
1560 2474 1792 2529 formam
1833 2481 1984 2527 caete-

392 2578 468 2633 ris
512 2575 780 2647 lapidibus
810 2571 1113 2641 imprimit:
1162 2571 1257 2624 sed
1301 2567 1540 2623 vicissim
1580 2566 1636 2619 in
1680 2578 1739 2618 se
1782 2562 1984 2617 nullius

390 2665 679 2722 soliditatis
707 2661 996 2732 imaginem
1039 2673 1262 2729 prorsus
1289 2655 1547 2711 admittit.
1595 2652 1743 2708 Mens
1766 2665 1983 2720 quoque

394 2770 480 2811 tua
526 2757 571 2809 si
610 2752 942 2810 irruentibus
983 2750 1226 2805 adversis
1272 2746 1418 2801 nulla
1468 2760 1527 2800 se
1574 2743 1983 2815 perturbatione

393 2844 706 2908 mutaverit,
734 2841 885 2895 velut
913 2839 1071 2899 alieni
1107 2839 1159 2892 in
1205 2852 1263 2891 se
1302 2836 1497 2906 lapidis
1550 2833 1838 2905 imaginem
1876 2846 1982 2886 non

393 2935 592 3005 accipit
623 2952 636 2987 :
667 2934 777 2989 imo
806 2946 961 2986 suum
991 2930 1112 2985 aliis
1142 2929 1515 2983 characterem
1539 2925 1824 2990 imprimit,
1855 2923 1984 2978 dum

861 213 917 266 S.
963 208 1162 264 PETRI
1200 204 1480 261 DAMIANI
1518 202 1666 257 OPP.
1693 195 1930 253 TOMUS
1969 195 2098 251 SEU
2141 193 2339 249 PARS.
2380 186 2463 245 Ill.
2490 180 2942 243 dOPLTSCULA
2969 181 3195 238 γλιιιΑ.

3558 177 3665 235 534

2152 319 2286 371 tum,
2337 306 2427 360 sed
2478 304 2671 357 leviora
2709 299 2952 369 quaedam
2989 369 2995 371 _
3026 296 3184 371 hujus
3254 296 3671 350 conversatioms

2150 368 2409 447 piiiteipia
2433 377 2485 427 in
2524 375 2622 426 huc
2652 368 2827 441 regula
2860 368 3133 421 contineri.

2150 468 2388 523 Obsecro
2434 473 2612 517 autem
2664 476 2731 515 ne
2788 474 2874 513 me
2928 462 3124 511 fratres
3175 455 3301 518 mei,
3356 454 3673 510 districtiori

2081 578 2243 630 quam
2277 559 2363 613 hic
2420 556 2630 626 legitur,
2684 553 2800 622 lege
2849 551 3115 614 viventes,
3167 548 3538 604 dissolutionis
3585 565 3675 602 ar-

2082 658 2268 723 guant,
2306 658 2360 704 et
2389 646 2758 702 austeritatem
2792 641 2959 698 eremi
3012 650 3366 708 temperasse,
3402 641 3675 693 austerio-

2084 746 2157 797 ris
2187 741 2328 796 forte
2383 753 2625 795 censura:
2678 750 2840 805 quam
2893 733 3147 795 debeant,
3198 730 3669 800 suggillationibus

2085 832 2500 904 reprehendant.
2532 829 2666 883 Nam
2698 842 2820 882 cum
2852 823 3110 878 Israelita}
3136 822 3209 875 illi
3251 820 3497 875 cazniiles
3528 821 3672 875 decio

2084 925 2334 981 dentibus
2365 920 2639 990 Benjamiu
2668 918 2790 971 filiis
2816 913 3101 968 venialiter
3125 920 3374 980 parcunt,
3398 926 3673 980 unamque

2081 1034 2145 1073 ex
2192 1014 2357 1071 Israel
2384 1013 2648 1068 cecidisse
2695 1010 2892 1062 tribum
2942 1002 3371 1075 lacrymabiliter
3419 1011 3664 1073 gemunt,

2082 1118 2139 1164 et
2168 1106 2371 1161 amaris
2408 1103 2623 1159 ﬂetibus
2653 1109 2707 1156 et
2737 1099 3032 1153 ululatibus
3064 1103 3470 1165 conqueruntur
3504 1111 3517 1146 :
3544 1095 3673 1162 quid

2083 1201 2241 1256 nobis
2286 1198 2551 1268 agendum
2593 1201 2698 1257 est,
2730 1207 2853 1247 cmn
2904 1190 3184 1242 videamus
3233 1187 3373 1239 inter
3413 1183 3672 1240 ecclesia-

2083 1294 2232 1347 stica:
2258 1288 2556 1358 disciplinae
2587 1284 2824 1353 reliquos
2868 1280 3089 1345 ordines
3121 1278 3419 1335 eremitica:
3465 1278 3673 1355 proris-

2084 1384 2251 1439 sionis
2291 1394 2576 1435 numerum
2620 1384 2846 1431 eatenus
2892 1373 3271 1438 imminutum;
3306 1380 3367 1426 ut
3400 1371 3453 1424 in
3480 1350 3674 1440 pleris—

2084 1486 2191 1544 que
2221 1484 2379 1529 terrae
2425 1467 2720 1540 provinciis
2755 1480 2862 1521 non
2901 1465 3240 1534 ambigamus
3277 1462 3519 1518 funditus
3549 1477 3674 1516 esse

2085 1563 2354 1621 deletum?
2388 1558 2725 1615 Parcendum
2776 1565 2859 1613 est
2910 1570 3040 1626 ergo
3089 1553 3395 1623 Beniamin,
3443 1553 3676 1625 egregiis

2010 1687 2056 1745 Β
2087 1655 2360 1717 videlicet,
2386 1667 2452 1707 ac
2497 1647 2890 1706 robustissimis
2938 1647 3079 1701 inter
3128 1644 3404 1700 lsraebtas
3447 1655 3675 1699 caeteros

2085 1745 2472 1809 bellatoribus;
2501 1750 2771 1812 quatenus
2798 1739 3044 1804 venialis,
3078 1748 3133 1794 et
3163 1738 3443 1792 moderata
3469 1736 3676 1790 discre-

2087 1839 2161 1892 tio
2206 1851 2302 1906 per
2359 1832 2697 1904 posteritatis
2754 1830 3089 1886 incrementa
3145 1826 3483 1895 mult'plicet,
3535 1840 3675 1894 quos

2084 1929 2272 1997 utique
2297 1925 2547 1981 districta
2594 1921 2881 1985 severitas,
2911 1919 2995 1973 vel
3024 1919 3203 1988 potius
3233 1917 3469 1972 humana
3511 1914 3701 1984 fragi-'

2083 2021 2210 2075 litas
2258 2017 2578 2073 annullavit.
2621 2016 2689 2069 Et
2739 2014 2818 2068 sic
2849 2012 3087 2067 tribuum
3134 2023 3391 2065 numerus
3438 2015 3674 2070 constet,

2084 2116 2208 2170 dum
2240 2128 2381 2176 eam,
2430 2126 2549 2180 qua:
2594 2109 2824 2180 periisse
2863 2105 3167 2167 videbatur,
3216 2101 3507 2156 austeritas
3534 2109 3673 2154 tem-

2084 2212 2271 2275 perata
2296 2208 2602 2257 conservet.
2646 2198 2777 2252 Nam
2805 2205 2859 2251 et
2904 2194 3030 2263 illud
3060 2207 3275 2262 quoque
3299 2205 3408 2244 non
3443 2189 3668 2251 excidit,

2083 2293 2227 2363 quod
2252 2291 2425 2347 sancti
2450 2289 2703 2361 apostoli,
2731 2287 2823 2356 qui
2852 2284 3003 2340 missi
3032 2282 3245 2337 fuerant
3272 2296 3488 2336 crucem
3511 2280 3673 2334 Chri-

2083 2382 2155 2437 sti
2185 2383 2423 2434 humano
2462 2372 2641 2444 generi
2678 2368 2971 2441 praedicare
3001 2367 3351 2432 omniumque
3387 2364 3645 2414 virtutum

2084 2471 2395 2544 adoptionis
2442 2470 2583 2524 filios
2632 2461 2970 2544 documentis
3026 2459 3294 2521 imbuere,
3352 2455 3497 2508 inter
3527 2452 3644 2521 ipsa

2086 2534 2360 2619 nascentis
2391 2561 2514 2616 fidei
2568 2557 2897 2618 rudimenta,
2954 2540 3061 2607 hoc
3103 2550 3274 2607 solum
3327 2546 3653 2618 quibusdam
3724 2534 3727 2539 λ

2087 2662 2462 2724 praeceperunt
2524 2650 2817 2721 gentilibus
2880 2664 2895 2703 :
2958 2660 3017 2701 ut
3060 2643 3406 2699 abstinerent
3464 2653 3526 2693 se
3587 2635 3655 2689 ab

2084 2745 2381 2801 immolatis
2417 2743 2927 2797 sitnulacrorum.et
2960 2736 3244 2805 sanguine,
3282 2741 3335 2786 et
3364 2728 3654 2787 suﬂocato,

2088 2845 2145 2893 et
2173 2835 2538 2891 fornicatione
2583 2834 2725 2903 (Act.
2767 2846 2854 2896 xv,
2892 2835 3026 2896 ut).
3073 2829 3416 2896 [inponentes
3454 2823 3657 2893 quippe

2085 2924 2333 2989 minima,
2373 2937 2480 2977 non
2517 2920 2844 2991 prohibuere
2890 2919 3131 2988 majora;
3178 2916 3358 2986 utqui
3392 2930 3543 2970 nova:
3579 2915 3672 2967 do.

390 3026 658 3098 quidquid
674 3023 1015 3079 adversitatis
1044 3021 1320 3084 acciderit,
1340 3021 1392 3075 in
1420 3018 1648 3075 salutem
1676 3017 1776 3072 sibi
1800 3015 1981 3071 suavi-
2012 3033 2056 3097 ρ
2089 3014 2279 3070 ctrinae
2328 3012 2529 3067 duritia
2586 3019 2837 3082 poterant
2892 3008 3174 3073 deterreri,
3233 3007 3557 3078 quandoque
3605 3005 3673 3059 ad

396 3126 509 3173 tate
546 3115 764 3181 mentis,
792 3123 845 3169 et
874 3113 1042 3167 animi
1095 3110 1487 3181 tranquillitate
1532 3107 1824 3164 convertit.
1880 3106 1989 3160 Aut
2085 3109 2250 3164 fortia
2285 3103 3038 3175 convalescerentprmceptis
3085 3101 3393 3157 mitioribus
3420 3097 3667 3161 invitati;

395 3221 693 3279 nunquam,
739 3214 833 3260 aut
874 3219 1001 3259 raro
1031 3202 1327 3273 capitulum
1376 3217 1500 3257 cum
1548 3198 1809 3254 fratribus
1848 3197 1987 3253 cele-

400 3302 611 3363 bretur,
642 3311 750 3367 quo
796 3295 959 3350 missa
990 3303 1263 3348 metanma
1307 3300 1359 3346 te
1406 3306 1512 3346 non
1560 3304 1811 3355 accuses;
1845 3288 1987 3343 ultro

394 3392 561 3447 etiam
599 3390 650 3444 in
700 3398 752 3444 te
803 3402 1092 3457 scoparum
1138 3384 1422 3454 disciplina
1475 3384 1756 3453 procedat,
1795 3380 1983 3437 humili

397 3482 529 3554 satis
558 3479 877 3536 auctoritate
908 3478 1165 3547 deposce.
1209 3474 1265 3530 Si
1299 3475 1380 3528 vel
1411 3483 1585 3540 tuum,
1627 3473 1712 3528 vel
1755 3471 1984 3540 cujusli-

397 3572 491 3626 bet
538 3570 722 3625 fratris
764 3569 951 3623 laesum
1009 3567 1296 3621 adversum
1341 3574 1391 3618 te
1440 3564 1680 3618 animum
1726 3561 1981 3626 senseris,

399 3659 506 3715 noli
536 3659 833 3728 quiescere,
866 3657 1037 3711 donec
1082 3654 1299 3710 studeas
1324 3653 1517 3707 vulnus
1560 3651 1778 3717 mentis,
1823 3659 1984 3720 prout

402 3764 565 3806 causa
592 3748 893 3811 dictaverit,
934 3747 1016 3802 vel
1048 3746 1413 3816 corripiendo,
1447 3744 1529 3800 vel
1556 3743 1863 3808 mulcendo,
1899 3742 1983 3796 vel

405 3841 568 3895 etiatu
622 3838 1008 3894 satisfaciendo
1064 3853 1278 3893 sanare.
1326 3836 1531 3891 Idcirco
1580 3844 1762 3894 autem
1819 3850 1982 3904 Super

401 3929 802 4001 priorisoﬂicio
849 3930 1051 3985 diutius
1088 3930 1253 3984 verba
1288 3928 1673 3999 protrahimus,
1721 3927 1848 3997 quia
1895 3927 1979 3980 di-

401 4022 527 4076 vina
554 4022 727 4092 gratia
757 4023 1026 4090 praeduce,
1054 4035 1267 4076 omnem
1299 4019 1664 4089 subjectorum
1694 4018 1980 4089 perfectio-

402 4126 525 4166 nem
575 4112 627 4166 in
677 4113 795 4183 ejus
850 4113 1083 4182 pendere
1112 4112 1424 4183 magisterio
1476 4126 1580 4165 non
1632 4110 1974 4181 ambigimus.

399 4201 554 4269 Quod
577 4204 717 4257 enim
751 4203 1061 4257 stomachus
1084 4203 1135 4256 in
1178 4203 1416 4255 humano
1451 4216 1698 4271 corpore,
1728 4201 1832 4256 hoc
1857 4214 1981 4269 pro-

401 4290 687 4360 pemodum
719 4292 865 4359 prior
891 4299 976 4344 est
1003 4290 1053 4343 in
1095 4290 1324 4343 fratrum
1364 4288 1725 4359 spiritualium
1755 4303 1981 4359 congre-

2086 3209 2141 3254 et
2168 3215 2197 3253 a
2230 3198 2432 3269 parvis,
2467 3213 2531 3252 ac
2556 3196 2791 3260 levibus,
2819 3193 2964 3249 velut
2991 3193 3145 3263 pueri
3172 3190 3347 3246 adhuc
3388 3190 3673 3251 lactentes,

2088 3293 2410 3361 inciperent,
2475 3300 2535 3343 ut
2588 3288 2836 3358 graviora
2891 3285 3029 3357 legis
3078 3284 3275 3339 divinae
3318 3281 3572 3336 mandata
3619 3280 3673 3333 iu

2084 3384 2323 3453 perfecta
2350 3381 2693 3451 postmodum
2732 3387 2893 3433 aetate
2921 3376 3164 3430 valenter
3203 3372 3504 3443 implerent.

2156 3473 2262 3528 Nos
2315 3472 2521 3535 etiam,
2570 3469 2662 3539 qui
2733 3466 2996 3538 spiritalis
3056 3464 3296 3520 infantia:
3346 3460 3673 3531 crepundias

2092 3566 2346 3627 terimus,
2381 3571 2435 3617 et
2477 3558 2728 3614 laetantis
2767 3559 2945 3613 adhuc
2981 3556 3242 3619 eremitze,
3272 3561 3334 3607 ut
3364 3552 3436 3606 ita
3468 3550 3669 3616 fatear,

2085 3651 2410 3711 incunabula
2444 3649 2805 3712 fabricamus;
2849 3647 2975 3701 dum
3020 3644 3224 3700 debiles
3273 3655 3536 3712 quosque,
3577 3654 3672 3693 no-

2083 3748 2292 3815 strique
2340 3740 2655 3799 consimiles
2696 3754 2796 3810 per
2826 3737 3073 3807 planiora
3123 3734 3463 3798 deducimus,
3508 3744 3673 3799 expe-

2084 3839 2197 3891 dite
2242 3834 2566 3904 praecinctos
2617 3830 2685 3885 ab
2729 3828 2884 3884 ardui
2942 3826 3143 3881 montis
3187 3838 3414 3879 ascensu
3451 3822 3673 3876 minime

2084 3928 2469 3997 prohibemus;
2520 3931 2788 3993 quatenus
2826 3917 3121 3977 imbecilles
3166 3915 3343 3969 adhuc
3392 3913 3471 3967 sic
3516 3911 3671 3966 lactis

2085 4022 2261 4091 liquor
2289 4018 2555 4082 enutriat,
2603 4023 2664 4069 ut
2712 4012 2975 4077 valentes,
3026 4025 3090 4065 ac
3125 4007 3333 4062 vividos
3386 4001 3670 4074 corpulen-

2084 4114 2239 4168 tioris
2263 4112 2367 4166 cibi
2400 4108 2644 4165 soliditas
2686 4120 2792 4161 non
2842 4100 3083 4172 repellat.
3129 4097 3242 4153 Hoc
3277 4105 3457 4151 autem
3482 4106 3553 4148 ex
3582 4092 3668 4147 di-

2084 4204 2223 4257 vinre
2252 4198 2552 4256 clementia:
2595 4196 2833 4251 bonitate
2865 4190 3209 4255 confidimus,
3240 4186 3382 4257 quod
3423 4182 3672 4254 quisquis

2087 4291 2174 4345 illa
2207 4304 2488 4361 peragere,
2541 4301 2661 4357 quae
2707 4286 2761 4338 in
2813 4284 2919 4338 hoc
2966 4279 3226 4353 opusculo
3270 4278 3473 4347 scripta
3520 4287 3668 4337 sunt,

399 4380 637 4451 gatioue.
668 4379 818 4433 Sient
847 4381 989 4434 enim
1025 4379 1091 4433 de
1134 4380 1394 4433 stomachi
1442 4377 1783 4449 receptaculo
1829 4380 1981 4450 vigor
2010 4393 2058 4451 ι)
2084 4380 2313 4451 augendi
2343 4386 2630 4449 provectus
2660 4373 2957 4430 intentione
2980 4369 3266 4430 studuerit,
3302 4382 3419 4422 non
3444 4363 3668 4419 laedatur

399 4485 455 4527 et
484 4473 649 4528 robur
678 4488 772 4543 per
816 4472 997 4527 omnia
1048 4473 1290 4540 corporis
1337 4473 1580 4526 membra
1621 4468 1975 4536 diffunditur;

426 4577 477 4616 ta
510 4564 763 4617 nimirum
800 4562 867 4617 de
898 4563 1038 4617 bene
1077 4562 1455 4617 administrata
1487 4562 1655 4634 358
1686 4562 1978 4633 pKBSidClto

404 4654 475 4707 tis
499 4651 671 4707 officio
694 4669 852 4707 eiune
878 4668 1071 4723 corpus
1098 4653 1149 4707 in
1180 4653 1462 4708 cbarita‘tis
1491 4669 1749 4724 compage
1782 4652 1980 4723 degen-

409 4750 536 4803 tium
576 4753 871 4813 vegetatur.

955 4835 1179 4892 CAPUT
1222 4836 1431 4891 XXXII.

343 4954 347 4960 -
406 4921 531 4981 Non
578 4926 805 4996 perfecta
852 4940 897 4980 et
934 4937 1291 4982 consummata
1341 4928 1619 4982 eremiticw
1669 4928 1785 4981 vita?
1827 4928 1972 4980 insti-

2084 4488 2112 4525 a
2140 4480 2312 4526 morte
2341 4468 2600 4533 secunda,
2633 4480 2731 4521 nec
2759 4464 3025 4520 dclebitur
3055 4474 3249 4515 nomen
3292 4455 3408 4525 ejus
3436 4456 3503 4510 de
3532 4453 3670 4509 libro

2086 4565 2230 4630 vitm,
2275 4564 2369 4620 sed
2398 4563 2581 4635 Agnus
2612 4560 2719 4623 ille,
2770 4559 2861 4627 qui
2906 4571 3029 4610 eum
3065 4561 3187 4623 post
3238 4567 3299 4606 se
3328 4548 3508 4604 crucis
3558 4560 3671 4600 sua

2085 4655 2353 4726 conspicit
2397 4663 2747 4726 gestatorem,
2797 4651 2851 4704 in
2894 4645 3103 4703 caelesti
3139 4640 3437 4699 Jerusalem
3487 4637 3662 4692 ascri-

2090 4748 2179 4803 bet
2203 4747 2420 4800 sibimet
2451 4742 2637 4814 procul
2660 4740 2822 4797 dubio
2843 4737 3176 4793 cobaeredem
3203 4731 3386 4802 (Apoc.
3412 4745 3505 4794 xx,
3527 4726 3667 4797 ut).

2084 4838 2273 4889 Anien.

2400 4925 2477 4980 Sit
2520 4940 2702 4979 nomen
2746 4918 2957 4973 Domini
2996 4914 3345 4971 benedictum.
