4080 6194
1063 333 1302 392 OPUSC.
1348 335 1483 392 XVI.
1526 366 1595 375 -—
1632 336 1907 394 CONTRA
1943 334 2152 392 EPISC.
2197 335 2500 394 MONACH.
2540 338 2631 394 AD
2671 337 2845 396 SEC.
2889 340 3046 396 κεν.

3611 347 3716 402 366

636 503 3703 534 m—m‘

701 657 1050 730 πεπυ
1130 680 1980 842 OPUSCULUM
2081 661 2733 798 DECIMUM
2836 683 3458 805 SEXTUM.

464 899 678 961 RHET
693 897 924 958 ORICIB
1043 895 1699 958 DECLAMATIONIS
1730 896 2110 957 INVECTIO
2136 898 2217 956 IN
2249 897 2687 960 EPISCOPUM
2718 899 3158 963 MONACHOS
3185 905 3294 966 AD
3321 905 3711 970 SECULUM

967 993 1538 1056 REVOCANTEM.
1578 996 1689 1054 AD
1731 994 2160 1056 GlSLERiUM
2202 996 2644 1060 EPISCOPUM
2689 1000 3210 1066 AUXIMANUM.

1855 1159 2260 1175 —_—-—-—-

462 1278 860 1344 Anctnuturuu,
890 1301 962 1312 —
990 1266 1286 1339 Redarguit
1327 1267 1618 1336 quemdam
1651 1268 2002 1344 episcopum,
2022 1268 2112 1336 qui
2143 1283 2306 1323 ausus
2353 1267 2527 1344 fuerat
2573 1283 2820 1344 asserere
2855 1272 3182 1327 monachum
3235 1274 3512 1344 religionis
3559 1277 3712 1333 habi-

533 1357 644 1400 tum
692 1340 860 1398 semel
897 1337 1207 1414 susceptum
1264 1353 1445 1414 posse.
1494 1349 1714 1414 propter
1759 1339 2134 1414 aegritudinem
2194 1348 2286 1392 aut
2323 1337 2456 1414 alias
2501 1354 2735 1414 eaus_as,__
2759 1342 3010 1396 deserere
3042 1358 3073 1414 ξΔ
3104 1344 3247 1412 quod
3284 1337 3445 1414 tham
3477 1347 3562 1414 isi;
3609 1349 3710 1401 im-

530 1417 716 1485 pium.
767 1420 821 1466 et
869 1411 1039 1485 sacris
1083 1408 1383 1485 canonibus
1425 1408 1888 1485 conciliorumque
1934 1409 2148 1485 statutis
2199 1408 2531 1485 contrarium
2579 1409 2822 1478 pluribus
2866 1408 3136 1478 ostendit,
3168 1422 3224 1467 et
3270 1408 3711 1479 ﬁ'rtnissimisra-
3750 1437 3756 1457 τ

533 1475 767 1538 iionibus
799 1480 1116 1550 comprobat
1151 1493 1181 1531 a
1221 1477 1499 1547 religionis
1529 1475 1811 1548 proposito
1836 1478 2092 1532 recedere
2119 1493 2224 1533 non
2253 1476 2435 1532 licere.
2579 1475 2597 1478 ’
3122 1475 3129 1478 ⁷
3609 1475 3614 1479 ’
3746 1495 3750 1500 ·

530 1633 735 1689 Domno
753 1630 1010 1686 GtsLsmo
1031 1618 1334 1682 Λιιχίωὰηο
1354 1627 1632 1697 episcopo,
1661 1627 1879 1682 Penus
1906 1625 2034 1681 ulti-
2063 1633 2111 1692 Α
2139 1626 2354 1692 stolam,
2386 1629 2489 1682 hoc
2517 1627 2682 1683 etiam
2717 1631 3031 1699 opusculum
3061 1634 3297 1705 suscipe,
3327 1645 3383 1691 et
3417 1639 3496 1693 sic
3521 1653 3711 1696 revera

459 1743 580 1782 mus
621 1724 1010 1780 monachorum
1051 1733 1263 1786 servus,
1300 1719 1708 1775 ferventissimae
1736 1718 2035 1774 devotionis

457 1816 799 1886 obsequium.
1147 1872 1149 1875 ,

526 1905 644 1960 Non
686 1903 839 1960 vobis
878 1900 1100 1965 excidit,
1152 1897 1589 1956 reverentissime
1638 1897 1854 1969 praesul,
1906 1897 2033 1967 quia

454 1998 520 2053 de
565 1995 812 2064 reprobis
860 1992 970 2047 illis
1017 1991 1192 2056 viris,
1243 1990 1333 2059 qui
1377 1996 1560 2059 spreto
1607 1987 1881 2057 religionis
1933 1987 2032 2040 ha-

452 2088 564 2144 bitu
601 2085 674 2140 ad
714 2083 967 2139 sreculum
993 2089 1120 2137 sunt
1157 2079 1372 2151 relapsi,
1402 2093 1544 2148 saepe
1585 2092 1690 2132 una
1730 2077 2030 2145 conquesti,

451 2189 592 2246 sape
618 2171 891 2230 communi
919 2184 1106 2225 sumus
1135 2170 1292 2225 mdio
1321 2167 1620 2222 lamentati.
1645 2165 1826 2235 Nuper
1853 2175 2031 2219 autem

451 2282 574 2322 cum
613 2274 666 2320 te
691 2262 956 2332 corporali
980 2260 1289 2326 valetudine
1317 2259 1618 2322 laborante,
1649 2256 1908 2310 Romame
1940 2271 2030 2326 sy-

451 2355 591 2411 nodo
615 2368 704 2409 me
752 2354 1014 2408 interesse
1056 2349 1416 2420 contingeret,
1461 2347 1621 2428 hujus
1654 2346 1734 2402 rei
1783 2345 2030 2402 notitiam

451 2446 670 2502 domino
713 2458 866 2514 papa:
919 2454 1212 2513 suggerere
1267 2453 1561 2509 congruum
1607 2435 1892 2502 judicavi:
1944 2434 2032 2490 ille

448 2545 628 2590 autem
672 2541 858 2602 utpote
890 2532 974 2586 vir
1025 2529 1420 2592 sanctissimus,
1459 2526 1612 2595 juxta
1649 2523 2032 2579 sincerissima:

449 2624 731 2679 charitatis
755 2623 984 2684 viscera,
1007 2635 1126 2688 quae
1147 2619 1201 2673 in
1231 2617 1430 2687 templo
1451 2615 1535 2671 sui
1562 2614 1795 2686 pectoris
1826 2614 2026 2685 vigent,

449 2729 560 2768 rem
586 2712 743 2767 valde
770 2710 1058 2782 perdoluit,
1089 2718 1146 2764 et
1171 2723 1291 2763 mox
1317 2721 1613 2778 congruum
1639 2705 2030 2760 immanissima

448 2804 656 2858 vulneri
684 2800 983 2857 remedium
1011 2799 1269 2855 adhibere
1317 2799 1543 2853 curavit.
1583 2796 1768 2867 Itaque
1799 2796 1929 2866 quia
1958 2797 2026 2850 ad

448 2893 850 2948 exsecutionem
879 2889 1038 2958 hujus
1068 2889 1270 2960 negotii
1299 2889 1597 2944 idoniorem
1633 2888 1685 2941 in
1718 2887 1822 2941 illis
1860 2884 2029 2955 parti-

2138 1716 2418 1787 Benjamin
2483 1719 2626 1774 filius
2709 1730 2938 1792 utraque
2995 1739 3158 1778 manu
3212 1727 3416 1797 bicipiti
3471 1739 3713 1786 armatus

2136 1807 2335 1877 gladio,
2395 1810 2447 1864 in
2497 1812 2832 1881 constipatos
2878 1813 3065 1870 hostes
3107 1802 3387 1887 irrumpe,
3447 1830 3712 1888 quatenus

2137 1895 2224 1950 illa
2253 1911 2317 1950 ac
2343 1897 2386 1952 si
2415 1898 2622 1954 validus
2678 1915 2867 1956 vomer
2913 1903 2981 1957 ad
3027 1904 3267 1960 vir-osum
3307 1909 3581 1963 aconitum
3622 1927 3710 1964 ra-

2135 1985 2331 2040 dicitus
2374 1987 2710 2044 evellendum
2750 1990 3003 2046 zizaniati
3046 1995 3282 2062 pectoris
3308 2011 3436 2051 arva
3468 2001 3713 2066 proscin-

2134 2073 2244 2127 dat.
2277 2073 2388 2129 Hoc
2413 2077 2566 2144 quasi
2593 2076 2714 2132 vilis
2737 2079 2978 2134 sarculos
2999 2083 3329 2152 subsequens
3355 2085 3537 2154 glebas
3564 2088 3712 2142 fran—

2132 2171 2261 2230 gat,
2308 2163 2414 2218 imo
2462 2173 2520 2218 ut
2575 2167 2878 2236 exemplum
2942 2173 3321 2241 congruentius
3375 2176 3710 2244 proferatur,

2132 2251 2234 2322 hoc
2257 2251 2401 2305 velut
2427 2263 2611 2308 orator
2660 2257 2928 2312 manifesti
2974 2261 3218 2318 criminis
3268 2280 3389 2320 reos
3433 2283 3554 2323 esse
3583 2285 3715 2324 con-

2130 2341 2333 2406 vincat,
2365 2356 2500 2411 quos
2523 2341 2612 2396 illa
2646 2349 2960 2410 auctoritas,
2993 2352 3138 2403 velut
3167 2355 3370 2405 arbiter
3394 2361 3708 2425 praesidens,

2131 2432 2376 2486 canonici
2407 2433 2602 2502 rigoris
2628 2446 2857 2489 censura
2885 2447 3152 2493 coerceat.
3189 2439 3294 2494 Sed
3321 2442 3500 2498 divina
3539 2446 3711 2513 gratia

2128 2524 2397 2592 prazduce,
2427 2540 2591 2594 quem
2637 2527 2857 2596 aggredi
2889 2529 3133 2597 nitimur,
3183 2532 3236 2586 in
3285 2532 3434 2588 illum
3466 2538 3710 2604 protinus

2129 2613 2469 2669 invehamur.

2644 2707 2872 2765 CAPUT
2911 2709 3200 2768 PRIMUM.

2131 2816 2285 2884 Quod
2329 2820 2583 2874 monacho
2636 2824 2912 2891 (egrotanti
2967 2839 3071 2905 non
3122 2824 3276 2880 liceat
3332 2824 3400 2879 ad
3453 2827 3706 2882 sarculum

2825 2903 3030 2946 reverti.

448 2982 546 3036 bus
577 2981 754 3035 virum
797 2980 985 3049 nequit
1011 2979 1310 3042 addiscere,
1355 2993 1479 3032 suas
1507 2977 1574 3031 ad
1617 2987 1666 3031 te
1691 2977 1902 3032 censuit
1933 2975 2023 3030 lit-
2057 2981 2102 3041 Β
2198 2978 2372 3051 Cogor
2430 2980 2717 3036 adversum
2771 2990 2826 3036 te
2853 3022 2868 3048 ,
2922 2985 3244 3042 venerabilis
3271 2988 3519 3058 episcOpe
3556 2988 3710 3043 Mau-

449 3083 590 3129 tcras
633 3073 928 3137 destinare,
987 3079 1252 3140 quatenus
1303 3069 1745 3138 praevaricatores
1796 3068 1916 3122 illos
1967 3075 2022 3122 tu

446 3165 741 3220 secundum
769 3162 1068 3232 prudentia:
1115 3170 1218 3214 tua:
1249 3158 1554 3214 facundiam
1604 3159 1944 3223 convenires,
1972 3167 2028 3212 et

446 3255 665 3309 obedire
690 3252 932 3307 volentes
992 3250 1060 3305 ad
1110 3265 1266 3305 suum
1313 3245 1646 3318 propositum
1695 3262 2023 3312 revocares;

445 3345 534 3413 qui
579 3359 712 3398 vero
761 3341 985 3398 rebelles
1014 3341 1334 3406 existerent,
1380 3337 1625 3409 perpetui
1666 3337 2028 3391 anathematis

443 3434 714 3488 sententia
758 3432 1074 3487 ferirentur.

499 3521 786 3577 Dominum
822 3530 1004 3576 autem
1043 3518 1343 3576 Guidonem
1377 3517 1679 3572 Numanum
1717 3517 2025 3587 episcopum

445 3612 498 3666 in
527 3612 787 3682 pnedicto
812 3610 1040 3666 concilio
1064 3610 1262 3679 reperi,
1296 3617 1352 3664 et
1375 3608 1499 3677 quia
1533 3607 1640 3673 ille,
1670 3616 1722 3661 ut
1754 3608 1916 3670 nosti,
1950 3607 2028 3682 ing

442 3704 730 3758 oitamenta
755 3703 997 3772 praebere
1035 3701 1163 3755 huic
1187 3700 1319 3754 vitio
1350 3700 1648 3761 dicebatur,
1696 3697 1868 3750 fateor
1896 3711 2026 3766 pec-

445 3800 626 3846 catum
668 3807 873 3855 meum,
928 3792 1062 3845 dure
1112 3789 1261 3843 illum
1310 3802 1632 3842 succensere
1687 3787 2022 3855 praesumpsi.

442 3880 531 3937 ille
559 3881 816 3936 nimirum
841 3881 924 3935 vir
953 3881 1127 3951 digna:
1173 3877 1512 3942 humilitatis,
1544 3886 1598 3930 et
1630 3875 1922 3946 patientiae,
1970 3884 2026 3930 ct

443 3986 546 4025 non
574 3969 748 4025 solum
779 3970 950 4024 sacris
975 3968 1226 4038 eloquiis,
1259 3967 1354 4021 sed
1395 3967 1561 4020 etiam
1607 3965 1910 4018 liberalium
1938 3979 2026 4016 ar-

442 4061 575 4115 tium
596 4060 789 4116 studiis
817 4060 1080 4122 eruditus,
1111 4057 1546 4128 iusuggiilantem
1575 4056 1792 4126 quidem
1826 4070 1909 4108 me
1938 4070 2027 4123 pa-

442 4152 640 4207 tienter
671 4150 793 4205 tulit
823 4169 836 4203 :
872 4149 1066 4218 objecti
1092 4164 1220 4204 vero
1247 4148 1493 4204 criminis
1521 4147 1734 4216 culpam
1757 4147 2020 4217 negando,

441 4244 778 4309 detestando,
825 4244 918 4298 Dei
966 4244 1332 4298 testimonium
1378 4241 1738 4310 imploranda,
1780 4240 2024 4294 disertis-

2127 3084 2187 3124 re
2214 3110 2228 3134 ,
2289 3070 2540 3141 exigente
2601 3072 2943 3137 necessitate,
2986 3089 3091 3130 non
3144 3077 3354 3132 modica
3420 3079 3705 3134 scribere:

2123 3158 2414 3228 compellor
2461 3160 2603 3215 ultra
2659 3163 2764 3216 mei
2814 3164 3020 3218 ordinis
3065 3174 3265 3220 metam
3309 3168 3467 3240 361
3522 3183 3706 3224 sacer-

2127 3247 2238 3301 doti
2288 3287 2306 3313 ,
2376 3250 2717 3306 sermonibus
2788 3266 2894 3306 non
2965 3256 3389 3312 sacerdotalibus
3437 3256 3698 3323 obviare;

2127 3338 2364 3408 undique
2406 3348 2689 3405 coarctor,
2743 3342 2981 3412 undique
3023 3359 3240 3414 premor
3285 3362 3300 3402 :
3346 3347 3596 3404 videlicet
3648 3360 3706 3407 et

2125 3437 2314 3483 contra
2355 3430 2664 3500 episcopum
2712 3430 2856 3502 loqui
2907 3436 3195 3504 superbum
3252 3447 3365 3501 est,
3407 3447 3460 3493 et
3509 3439 3578 3493 ad
3621 3448 3709 3494 ta-

2123 3519 2194 3573 lia
2243 3521 2650 3587 conticescere,
2706 3537 3030 3578 consensum
3085 3533 3171 3580 est
3241 3527 3522 3583 adhibere.
3595 3527 3708 3585 Sed

2129 3609 2316 3666 melius
2344 3621 2455 3675 est,
2499 3619 2556 3665 ut
2599 3628 2864 3682 arrogans
2907 3615 3053 3670 solus
3095 3632 3402 3687 appaream,
3435 3635 3595 3688 quam
3641 3622 3710 3676 ad

2127 3700 2418 3753 multorum
2468 3702 2763 3770 perniciem
2797 3705 3025 3760 mortale
3051 3706 3259 3771 vitium,
3290 3710 3435 3776 quod
3479 3726 3622 3766 nunc
3646 3709 3705 3766 in

2126 3791 2315 3858 primis
2354 3793 2546 3855 oritur,
2603 3793 2887 3850 inolescat.
2940 3796 3108 3868 Magis
3157 3799 3464 3868 eligendum
3512 3811 3596 3856 est
3619 3787 3704 3857 ~de

2126 3878 2471 3948 simplicitate
2525 3880 2811 3936 locutionis
2847 3883 2900 3937 in
2943 3885 3316 3954 episcoporum
3350 3885 3557 3955 judicio
3585 3904 3708 3944 cor—

2129 3969 2252 4038 ripi,
2283 3986 2444 4039 quam
2473 3978 2598 4025 ante
2643 3972 2882 4028 tribunal
2913 3975 3129 4042 superni
3165 3974 3362 4042 judicis
3389 3975 3456 4030 de
3487 3976 3707 4033 silentio

2127 4057 2497 4112 condemnari.
2544 4059 2745 4130 Nempe
2791 4070 2918 4116 ante
2965 4063 3068 4117 hoc
3098 4063 3211 4117 fere
3253 4063 3527 4121 biennium
3572 4067 3704 4122 dum

2128 4147 2180 4200 in
2203 4157 2431 4218 angusto
2473 4148 2681 4203 cellulae
2705 4165 2836 4205 meae
2862 4152 3060 4224 angulo
3085 4153 3375 4218 latitarem,
3419 4157 3704 4215 sinistrum

2126 4236 2257 4306 quid
2308 4247 2361 4292 et
2413 4253 2644 4294 mmrore
2693 4240 2910 4309 plenum
2940 4243 3006 4297 ad
3064 4259 3149 4297 me
3188 4243 3331 4297 fama
3365 4246 3704 4303 discurrente

441 4333 579 4387 sime
605 4333 956 4403 pmpulsavit.
1000 4331 1152 4388 Ultro
1192 4333 1355 4386 etiam
1404 4347 1502 4402 pro
1533 4347 1618 4385 me
1651 4331 1814 4401 cmpit
1841 4331 2026 4386 verbo-
2053 4321 2099 4384 C
2131 4323 2394 4396 pet-latum
2439 4338 2522 4382 est
2553 4345 2566 4382 :
2619 4329 2869 4384 videlicet
2919 4331 3063 4402 quod
3093 4333 3334 4387 nonnulli
3368 4335 3562 4403 perditi
3607 4336 3704 4390 ho-

443 4441 566 4480 rum
593 4440 818 4480 suorum
877 4424 980 4480 tela
1011 4424 1266 4494 dirigere,
1314 4423 1404 4492 qui
1443 4423 1727 4478 adversum
1764 4437 1849 4478 me
1887 4420 2022 4476 falso

441 4513 724 4568 dicebatur
767 4523 991 4568 eatenus
1035 4512 1315 4567 dimicare.
1370 4510 1478 4566 Sed
1534 4510 1663 4566 licet
1698 4509 2027 4566 venerabilis

441 4605 529 4662 ille
573 4607 658 4660 vir
709 4606 966 4662 innocens
1013 4614 1259 4675 repertus
1314 4604 1417 4669 sit,
1457 4618 1557 4673 ego
1610 4613 1789 4658 tamen
1835 4602 2025 4657 vibrati

438 4696 550 4766 jam
578 4696 743 4765 jaculi
779 4699 1036 4766 impetum
1061 4709 1168 4749 non
1203 4694 1469 4759 continui,
1497 4694 1592 4749 sed
1609 4706 1782 4748 -verso
1813 4692 2028 4747 nomine

441 4788 600 4842 aliam
655 4789 762 4842 huc
808 4802 1134 4856 personam,
1190 4799 1312 4840 cum
1371 4801 1476 4854 qua
1520 4783 1902 4856 conﬂigerent,
1945 4783 2027 4836 in-

441 4879 654 4934 troduxi
687 4895 701 4932 :
751 4888 808 4932 ut
854 4878 1111 4931 nimirum
1152 4876 1243 4930 ille
1278 4891 1337 4931 se
1368 4876 1472 4930 hoc
1496 4876 1755 4930 vocabulo
1783 4882 2025 4928 notatum

440 4983 546 5021 non
571 4967 830 5036 ambigat,
858 4967 1106 5036 quisquis
1139 4965 1384 5035 improbe
1411 4967 1477 5023 ad
1518 4965 1678 5034 hujus
1713 4973 2026 5044 controverj-

441 5059 534 5112 size
557 5065 832 5111 certamen
863 5057 1085 5126 aspirat.
1139 5057 1205 5111 Et
1245 5055 1371 5111 licet
1420 5063 1611 5110 auctor
1650 5051 1808 5123 hujus
1837 5051 2025 5124 ﬂagitii

442 5165 583 5204 nunc
603 5148 922 5204 manifestus
949 5166 1053 5204 non
1082 5150 1174 5216 sit,
1219 5158 1396 5204 tamen
1442 5149 1568 5202 dum
1598 5149 1767 5203 latere
1796 5147 1863 5202 ad
1891 5157 2026 5201 temo

441 5252 542 5311 pus
569 5239 784 5302 nititur,
814 5239 1214 5293 immunitatem
1259 5239 1324 5294 de
1353 5236 1491 5307 fugae
1517 5252 1629 5291 sua:
1664 5235 1890 5291 latibulo
1919 5251 2026 5290 non

343 5352 346 5354 ν
441 5329 711 5385 lucratur.
743 5329 850 5384 Sed
881 5329 961 5385 sic
1004 5337 1252 5386 armatus
1297 5327 1680 5397 disputationis
1726 5329 1859 5382 ordo
1905 5327 2026 5381 dra-

440 5430 649 5476 contece
676 5418 845 5474 foveae
874 5418 1116 5473 foramen
1167 5418 1438 5481 obsideat,
1488 5424 1758 5488 quatenus
1811 5431 1931 5470 mox
1967 5422 2026 5469 ut

443 5511 750 5576 emerserit,
802 5510 854 5564 in
897 5510 1267 5565 imminentem
1307 5507 1545 5578 gladium
1576 5509 1753 5564 subito
1783 5505 2024 5563 confrin-

442 5598 646 5671 geudus
679 5599 961 5670 impingat.

516 5689 857 5763 Quapropter
899 5700 1021 5764 post
1063 5692 1210 5748 illam
1262 5705 1490 5748 summa:
1540 5691 1882 5748 auctoritatis
1911 5690 2023 5761 epi-

2132 4416 2304 4471 mines
2329 4428 2446 4486 post
2470 4415 2726 4473 Satanam
2757 4420 3026 4485 conversi,
3059 4424 3433 4479 monachicum
3459 4425 3703 4481 habitum

2129 4507 2388 4578 sacrilega
2439 4512 2744 4566 temeritate
2773 4513 3111 4576 desererent,
3137 4524 3191 4569 et
3217 4516 3538 4570 exsecrabili
3573 4533 3702 4587 apo-

2129 4601 2295 4652 stasia
2336 4600 2408 4653 ad
2449 4603 2761 4657 saecularem
2817 4604 3065 4658 militiam
3118 4605 3295 4660 denuo
3341 4607 3698 4676 repedarent:

2129 4688 2219 4756 qui
2279 4691 2530 4746 nimirum
2583 4694 2636 4746 in
2693 4703 2799 4746 tam
2844 4691 3092 4763 profundi
3117 4695 3361 4749 criminis
3383 4696 3702 4753 barathrum

2129 4783 2284 4854 lapsi,
2309 4781 2415 4835 tuis
2442 4781 2508 4834 ad
2530 4782 2831 4836 audendum
2854 4783 3321 4839 exhortationibus
3347 4787 3583 4850 incitari,
3609 4796 3700 4844 tua

2128 4875 2193 4928 ad
2223 4872 2620 4942 persistendum
2663 4869 2979 4925 dicebantur
3003 4873 3325 4928 auctoritate
3355 4873 3553 4931 fulciri.
3601 4877 3704 4933 Fe-

2128 4963 2336 5017 rebaris
2400 4961 2546 5015 enim
2608 4955 2820 5027 dicere,
2883 4962 3009 5032 quia
3047 4963 3152 5018 nisi
3211 4966 3334 5036 quis
3381 4966 3702 5036 regulariter

2127 5061 2455 5123 protractus,
2481 5061 2537 5106 et
2565 5066 2662 5120 per
2683 5051 2839 5122 longa
2871 5061 3172 5124 temporum
3197 5057 3391 5127 spatia,
3420 5057 3557 5112 sicut
3579 5074 3700 5114 mo-

2127 5144 2335 5198 nastica
2365 5143 2609 5214 praecipit
2653 5143 2856 5215 regula,
2886 5145 2958 5200 sit
3003 5148 3283 5216 probatus,
3330 5147 3374 5202 si
3397 5147 3577 5216 aliter,
3606 5158 3701 5206 aut

2126 5244 2349 5304 pr0pter
2403 5235 2810 5304 aegritudinem,
2864 5243 2958 5290 aut
2991 5238 3230 5306 quolibet
3281 5239 3385 5294 alio
3433 5243 3592 5296 modo
3631 5242 3701 5296 ad

2128 5323 2503 5379 monachicum
2543 5327 2852 5393 pervenerit
2880 5320 3145 5391 ordinem,
3188 5326 3411 5383 liberam
3441 5331 3699 5386 redeundi

2127 5416 2194 5470 ad
2222 5416 2475 5470 saeculum
2517 5417 2714 5471 habeat
2733 5414 3067 5473 facultatem.

2199 5505 2374 5577 Super
2417 5506 2572 5577 cuju$
2614 5508 2692 5562 rei
2754 5508 2988 5577 capitulo
3035 5517 3164 5563 tunc
3194 5511 3454 5581 temporis
3479 5511 3699 5568 brevem

2128 5598 2223 5655 tibi
2269 5595 2554 5668 epistolam
2604 5598 2818 5656 misisse
2847 5613 2932 5652 me
2977 5599 3216 5665 memini,
3267 5609 3322 5655 et
3377 5610 3436 5656 ut
3484 5599 3553 5658 ab
3597 5603 3701 5658 hac

2125 5688 2380 5760 pestifera
2433 5688 2680 5744 doctrina
2711 5702 2976 5759 cessares,
3026 5689 3204 5747 debita
3241 5688 3542 5749 humilitate
3579 5706 3700 5760 sug-
