4080 6194
340 315 440 372 367

753 309 812 365 S.
857 307 1057 363 PETRI
1103 304 1383 364 DAMIANI
1420 299 1833 360 01’P.TOMUS
1869 296 1997 353 SEU
2040 293 2235 350 PARS.
2270 294 2354 349 lll.
2394 323 2463 336 —--
2497 286 2861 346 OPUSCULA
2897 285 3127 340 VARIA.

3463 342 3466 345 .
3491 283 3595 339 568

335 405 503 499 gessi.
538 421 718 493 Nuper
763 429 940 474 autem
972 419 1114 489 apud
1167 417 1456 471 Auximum
1494 415 1839 476 constitutus,
1884 426 1912 465 a
1945 413 1991 472 Α
2019 419 2166 464 recto
2213 409 2334 479 jure
2380 403 2719 461 conceditur.
2782 399 2887 455 Sed
2947 415 3069 453 cum
3111 398 3344 453 Iacobus
3399 399 3590 452 dicat:

341 518 582 589 pluribus
627 513 812 576 didici,
859 511 987 580 quia
1039 511 1210 589 intus
1249 509 1426 587 adhuc
1449 506 1799 586 nihilominus
1833 503 1918 558 in-

342 603 581 662 tentione
604 584 1395 670 obstinatissimeperseveras,
1424 584 1694 652 eticontra
1727 594 1921 648 divina:

344 699 476 768 legis
503 693 915 757 auctoritatem,
950 703 1136 752 contra
1169 689 1553 746 ecclesiastica:
1577 685 1921 743 consuetudi-

345 793 430 844 nis
460 800 725 850 normam,
758 784 947 838 eadem
981 781 1349 851 dogmatizare
1383 795 1488 834 non
1536 793 1738 833 cessas.
1773 774 1922 831 Unde

346 881 479 933 satis
506 879 693 939 miror,
721 890 829 944 quo
873 881 1029 944 pacto
1060 879 1296 943 prudens
1325 873 1508 934 homo,
1537 877 1590 924 et
1620 883 1725 923 non
1754 867 1925 923 omni-

345 985 416 1024 no
455 984 482 1022 a
525 967 828 1020 litterarum
859 955 1050 1017 studiis
1078 955 1310 1023 alienus,
1349 969 1458 1014 tam
1484 959 1776 1019 incautam,
1814 968 1923 1010 tam

347 1073 678 1130 perversam,
729 1065 836 1108 tam
906 1053 1128 1108 noxiam
1172 1048 1366 1121 possit
1415 1049 1656 1120 proferre
1708 1057 1925 1103 senten-

350 1151 511 1211 tiatn;
543 1163 662 1217 quae
693 1145 943 1198 videlicet
972 1143 1245 1198 communi
1294 1141 1571 1195 hominum
1603 1137 1760 1193 saluti
1794 1152 1928 1210 con-

350 1238 632 1300 traria,ad
684 1236 758 1289 nil
809 1235 950 1288 aliud
1005 1233 1109 1289 nisi
1159 1235 1225 1286 ad
1271 1231 1626 1286 claudendam
1687 1217 1927 1284 ccélestis

349 1330 736 1400 regnijanuam
762 1327 1137 1397 peccatoribus
1162 1324 1352 1394 procul
1381 1322 1544 1378 dubio
1573 1323 1785 1376 videtur
1807 1335 1926 1375 esse

344 1421 578 1492 prolata.
624 1419 913 1489 Dic,rogo,
974 1416 1094 1486 quis
1132 1417 1271 1470 hanc
1324 1414 1647 1469 sententiam
1702 1410 1926 1481 reperit,

350 1513 452 1568 nisi
496 1511 584 1566 ille
616 1510 708 1580 qui
750 1505 986 1578 primum
1031 1505 1304 1561 hominem
1333 1507 1398 1558 de
1421 1503 1656 1574 paradisi
1700 1501 1928 1556 amwni-

353 1615 463 1660 tate
513 1604 740 1674 dejecit?
775 1601 928 1668 Quis,
984 1601 1225 1668 inquam,
1278 1607 1385 1650 tam
1419 1595 1653 1657 crudele,
1691 1604 1798 1647 tam
1831 1595 1928 1647 im-

2029 517 2045 550 ι
2078 497 2179 564 Qui
2230 495 2473 572 converti
2513 492 2701 572 fecerit
2753 499 3092 569 peccatorem
3141 487 3211 542 ab
3255 502 3444 543 errore
3495 488 3597 544 viae

2013 572 2164 654 suae,
2219 571 2450 645 salvabit
2497 587 2732 641 animam
2772 582 2888 654 ejus
2955 599 2985 636 a
3045 591 3220 636 morte
3259 580 3401 652 (Jac.
3432 581 3530 652 v):
3575 601 3592 632 ι

2022 683 2176 752 cujus
2223 681 2498 738 homicidii
2530 693 2656 734 reus
2682 676 2932 740 efﬁcitur,
2959 673 3050 741 qui
3083 672 3355 742 peccatori
3385 671 3598 726 dissua-

2023 775 2111 829 det
2139 789 2170 828 e
2207 774 2442 836 diverso,
2477 785 2546 824 ue
2598 765 2980 822 convertatur?
3009 763 3238 832 Nempe,
3286 761 3405 816 nisi‘
3422 760 3598 825 fallor,

2023 864 2166 920 illius
2193 863 2335 934 quod
2365 877 2471 915 non
2517 857 2840 929 quandoque
2881 855 3202 908 moriturum
3231 867 3428 923 corpus
3453 851 3597 906 occi-

2024 955 2190 1021 ditur,
2230 953 2323 1008 sed
2363 952 2574 1005 victura
2625 953 2677 1002 in
2705 955 3025 1016 perpetuum
3058 943 3240 998 anima
3282 943 3601 998 trucidatur.

2103 1044 2170 1098 At
2206 1042 2456 1106 forsitan,
2515 1038 2750 1110 inquies,
2781 1051 2888 1090 non
2937 1034 3153 1104 quidem
3190 1033 3506 1104 prohibetur
3543 1033 3604 1088 in

2021 1133 2288 1207 corporali
2339 1130 2586 1186 molestia
2640 1128 2868 1198 positus,
2921 1125 2986 1180 ad
3026 1134 3242 1194 portum
3300 1124 3600 1179 monachici

2025 1224 2234 1279 ordinis
2279 1228 2505 1291 repente
2548 1217 2862 1288 confugere,
2886 1215 2980 1270 sed
3009 1215 3156 1279 licet,
3175 1214 3222 1269 si
3251 1214 3604 1279 convaluerit,

2028 1316 2094 1369 ad
2136 1314 2377 1384 pristina:
2419 1309 2849 1366 conversationis
2904 1297 3146 1362 habitum
3195 1321 3461 1362 remeare.
3500 1306 3604 1361 Sed

2029 1407 2243 1468 clamat,
2275 1405 2381 1460 imo
2429 1402 2696 1458 reclamat
2747 1384 2862 1469 ipsa
2894 1397 3110 1453 Veritas
3159 1406 3266 1451 tam
3310 1397 3607 1467 perspicuae

2029 1497 2272 1560 falsitati,
2321 1509 2444 1550 cum
2479 1481 2612 1548 dicit
2643 1509 2657 1548 :
2705 1511 2722 1543 ι
2761 1489 2931 1546 Nemo
2962 1488 3181 1544 mittens
3203 1502 3422 1550 manum
3453 1501 3606 1551 suam

2030 1590 2096 1643 ad
2121 1597 2382 1650 aratrum,
2435 1567 2734 1653 respiciens
2791 1589 2957 1642 retro,
3002 1565 3165 1662 aptus
3209 1585 3292 1661 est
3323 1590 3489 1644 regno
3514 1575 3608 1630 Dei

348 1655 1167 1766 pitotitulgavvitedictunt,
1203 1655 1302 1742 nisi
1343 1688 1387 1742 is
1418 1688 1510 1756 qui
1537 1655 1668 1741 Cain
1700 1683 1931 1738 fratrici-
1961 1761 1996 1766 _
2033 1678 2184 1761 (Lur.
2231 1675 2331 1747 ix).
2362 1667 2409 1721 ἰ
2447 1673 2680 1744 Dignum
2733 1670 2930 1766 quippe
2960 1656 3069 1766 est,
3117 1675 3186 1766 ut.
3214 1655 3357 1766 sicut
3394 1663 3516 1735 quis
3541 1665 3609 1718 ad

349 1751 474 1841 dam
501 1784 554 1838 in
606 1780 994 1850 desperationis
1019 1780 1332 1850 voraginem
1384 1777 1592 1841 mersit,
1624 1784 1678 1829 et
1723 1790 1829 1828 non
1861 1773 1928 1827 ad
1961 1761 2004 1821 Β
2036 1759 2202 1825 Deum
2233 1769 2456 1823 veniens
2488 1774 2644 1843 aptus
2690 1751 2763 1817 sit
2789 1764 2955 1832 regno
2977 1759 3094 1824 Dei,
3142 1759 3223 1813 sic
3251 1773 3281 1810 a
3315 1756 3426 1810 Deo
3456 1769 3610 1811 rece-

350 1873 686 1930 evadeudum
715 1872 887 1925 ruinae
916 1869 1235 1939 periculum,
1259 1867 1352 1922 sed
1375 1867 1442 1922 ad
1468 1865 1786 1936 profundius
1810 1877 1928 1916 cor-

351 1966 617 2021 ruendum
663 1964 844 2018 dicere
869 1963 1093 2016 docuit:
1126 1978 1144 2011 ι
1179 1959 1344 2027 Major
1374 1969 1458 2014 est
1487 1958 1743 2027 iniquitas
1785 1970 1926 2018 mea,

351 2071 516 2127 quam
551 2063 610 2109 ut
639 2053 850 2108 veniam
887 2051 1132 2105 merear?
1169 2069 1186 2101 ι
1225 2048 1375 2121 (Gen.
1411 2048 1509 2118 tv.)

424 2144 556 2212 Quae
592 2151 676 2198 est
721 2142 866 2196 enim
906 2141 1009 2194 ista
1056 2138 1503 2207 dementiahpue
1529 2134 1784 2190 vesania?
1814 2147 1933 2202 qua:

355 2233 685 2289 crudelitas?
727 2229 896 2285 l-labet
926 2231 1087 2284 homo
1126 2228 1581 2298 disponendarum
1610 2239 1789 2280 rerum
1815 2237 1935 2276 sua-

353 2341 475 2381 rum
503 2325 727 2379 liberam
768 2314 1077 2376 facultatem
1097 2361 1111 2385 ,
1144 2329 1203 2374 ut
1229 2321 1577 2385 semetipsum
1609 2315 1720 2368 Deo
1742 2313 1937 2368 offerat

354 2421 676 2488 potestatem
700 2427 804 2462 non
848 2411 1048 2462 habet?
1075 2406 1224 2462 Valet
1246 2406 1555 2460 hominibus
1581 2397 1793 2458 tradere
1817 2405 1935 2458 sub-

353 2499 609 2556 stantiam
657 2513 831 2561 suam,
872 2512 976 2551 non
1017 2497 1180 2553 habet
1219 2497 1524 2550 libertatem
1569 2493 1679 2548 De.»
1711 2495 1936 2548 reddere

354 2592 593 2646 animam
648 2590 843 2644 suam?
902 2587 1052 2642 Licet
1125 2588 1328 2641 homini
1390 2587 1672 2656 lapsurum
1736 2583 1936 2639 animal

354 2683 422 2737 ab
452 2681 655 2735 hiantis
709 2681 853 2750 putei
884 2694 979 2733 ore
1008 2678 1327 2748 propellere,
1388 2679 1652 2731 ruituram
1705 2691 1833 2730 mox
1881 2675 1936 2729 in

357 2771 625 2825 infernum
678 2770 910 2822 animam
970 2783 1073 2820 non
1103 2767 1105 2770 ’
1138 2765 1263 2820 licet
1308 2766 1642 2835 pmnitentiae
1699 2763 1938 2819 remedio

358 2864 627 2921 liberare?
659 2863 829 2917 Porro
857 2861 903 2916 si
931 2862 1044 2932 ipse
1070 2859 1214 2914 Deus
1255 2861 1622 2927 omnipotens,
1647 2857 1737 2926 qui
1769 2854 1937 2910 offen-

361 2972 454 3012 sus
477 2965 581 3020 est,
605 2963 825 3024 paratus
854 2961 934 3008 est
963 2961 1021 3006 ut
1047 2952 1304 3021 recipiat,
1334 2952 1455 3020 quis
1478 2959 1562 3005 est
1603 2950 1690 3004 hic
1721 2949 1812 3019 qui
1839 2964 1938 3002 vo-

360 3049 534 3103 lentes
557 3059 778 3100 currere
824 3043 891 3099 ab
941 3045 1062 3114 ipso
1088 3043 1308 3113 pietatis
1339 3042 1487 3097 fonte
1514 3041 1858 3112 compescat?
1880 3038 1938 3095 Si

2033 1864 2182 1925 deus,
2217 1875 2326 1914 non
2355 1866 2512 1927 aptus
2537 1857 2606 1911 sit
2632 1855 2974 1924 postmodum
3010 1866 3176 1920 regno
3202 1850 3318 1904 Dei.
3352 1849 3392 1903 li
3414 1849 3613 1919 quippe

2035 1937 2186 2015 tales,
2226 1935 2286 2002 ut
2328 1932 2701 2016 experimento
2746 1929 3196 2005 didicimus,'non
3228 1939 3282 1993 in
3314 1938 3525 2001 eadem,
3557 1937 3612 1991 in

2033 2057 2138 2110 qua
2175 2040 2424 2110 primitus
2444 2037 2677 2098 fuerant,
2703 2020 2966 2087 malorum
2992 2035 3248 2086 mensura
3277 2022 3612 2100 persistuut;

2034 2109 2128 2187 sed
2159 2109 2444 2201 postquam
2478 2128 2544 2180 ad
2574 2113 2835 2178 vomitum
2872 2121 3120 2185 redeunt,
3154 2121 3221 2175 ad
3272 2109 3613 2189 iniquitatum

2034 2222 2344 2288 voraginem
2395 2216 2715 2288 profundius
2759 2213 3142 2269 devolvuntur.
3213 2209 3368 2265 Sicut
3431 2217 3487 2263 et
3538 2208 3616 2262 illi

2036 2311 2348 2381 nuperrime
2404 2308 2648 2378 conitigit,
2684 2291 2802 2374 'qui
2845 2313 2955 2368 tuo,
3016 2313 3075 2357 ut
3128 2302 3315 2365 fertur,
3377 2302 3618 2364 hortatu,

2037 2411 2240 2456 sancta:
2293 2397 2725 2454 conversationis
2783 2396 3024 2450 habitum
3083 2393 3324 2450 deseruit
3374 2391 3620 2447 :deinde

2039 2492 2124 2546 vix
2161 2489 2311 2545 brevi
2359 2489 2566 2543 dierum
2623 2494 2841 2556 peracto
2869 2485 3095 2547 circulo,
3143 2485 3482 2538 innocentem
3524 2481 3621 2534 bo-

2040 2583 2239 2656 minem
2282 2580 2394 2657 suis
2419 2579 2668 2633 manibus
2698 2577 2993 2652 interemit.
3023 2573 3083 2629 ln
3122 2587 3227 2642 quo
3253 2571 3503 2626 videlicet
3533 2585 3622 2622 rc-

2039 2653 2210 2744 probo
2256 2653 2371 2727 viro
2406 2672 2754 2741 adimpletum
2802 2653 3096 2730 cernimus,
3144 2666 3287 2738 quod
3325 2665 3528 2720 dictum
3555 2677 3623 2716 ex

2041 2769 2137 2819 'ore
2163 2763 2422 2820 Veritatis
2453 2761 2779 2827 audivimus,
2814 2763 3068 2817 nimirum
3090 2803 3104 2825 ,
3155 2760 3278 2829 quia
3312 2755 3623 2812 immundus

2043 2855 2287 2926 spiritus,
2337 2856 2428 2925 qui
2463 2869 2585 2909 eum
2618 2864 2744 2909 ante
2795 2854 3108 2922 reliquerat,
3139 2851 3483 2920 postmodum
3535 2862 3623 2902 re-

2043 2945 2197 3001 diens
2223 2954 2428 3015 septem
2466 2946 2601 3000 alios
2648 2944 2938 3014 nequiores
2969 2942 3286 3011 se-spiritus
3334 2937 3627 3006 assumpsit

2045 3034 2197 3106 (Luc.
2259 3034 2359 3105 XI),
2410 3044 2466 3090 et
2517 3050 2638 3090 cum
2690 3035 2776 3089 his
2824 3033 3075 3089 omnibus
3123 3033 3178 3087 in
3225 3030 3476 3086 familiari
3529 3043 3628 3083 suo

361 3140 590 3196 Creator
635 3147 860 3208 paratus
904 3146 986 3192 est
1019 3146 1078 3190 ut
1110 3135 1348 3204 peccatis
1388 3135 1668 3207 ignoscat;
1703 3134 1826 3204 quis
1855 3141 1940 3188 est
1965 3117 2011 3180 C
2043 3127 2261 3183 vasculo
2314 3125 2652 3198 pestilentius
2705 3125 3002 3191 habitavit;
3039 3123 3282 3194 fiuntque
3330 3119 3625 3178 novissima

359 3230 464 3286 iste
489 3228 580 3299 qui
623 3227 964 3298 peccatore'm
1009 3226 1252 3282 converti
1294 3223 1618 3296 prohibeat?
1662 3223 1800 3291 Quid
1855 3233 1942 3278 est

362 3319 508 3375 enim
540 3318 687 3374 aliud
740 3317 1065 3372 monachum
1106 3315 1246 3381 fieri,
1300 3330 1464 3386 quam
1511 3313 1791 3370 converti?
1837 3312 1944 3367 Sed

359 3411 454 3482 qui
489 3406 763 3466 hominem
789 3424 894 3464 non
925 3423 1083 3480 posse
1125 3407 1504 3463 monachicum
1535 3406 1719 3462 subire
1749 3421 1948 3476 propo-

361 3501 526 3555 situm
566 3501 620 3554 in
647 3499 908 3569 languore
937 3498 1179 3567 corporis
1206 3497 1366 3569 362
1398 3497 1750 3552 constitutum
1776 3497 1946 3550 dene-

367 3598 476 3661 gat,
505 3589 749 3660 profecto
775 3603 878 3643 non
923 3603 1084 3659 posse
1133 3588 1376 3642 converti
1410 3587 1780 3642 indubitanter
1805 3584 1950 3640 afﬁr-

365 3681 518 3744 mat;
549 3681 691 3748 quod
722 3680 767 3734 si
793 3680 960 3734 semel
1013 3679 1343 3742 admittitur,
1375 3678 1506 3732 nulli
1539 3679 1762 3733 dubium
1813 3679 1946 3749 quin

370 3769 872 3841 pmnitenlia,'quae
902 3785 1024 3840 spes
1078 3757 1163 3825 est
1210 3778 1580 3840 peccatorum,
1639 3778 1694 3825 et
1731 3770 1947 3825 unicum

364 3860 552 3916 salutis
581 3861 833 3915 humana:
855 3861 1177 3926 remedium,
1206 3857 1540 3916 destruatur.

441 3951 580 4006 Ecce
631 3951 794 4022 igitur
822 3951 1125 4021 peccatoris
1168 3950 1346 4005 anima
1387 3951 1633 4019 perdita,
1686 3951 1951 4006 irresera-

371 4044 462 4097 bili
519 4043 762 4097 buSSeris
798 4041 914 4113 (sic)
963 4041 1130 4111 janua
1181 4043 1308 4096 vitae
1356 4041 1632 4105 damnata,
1674 4049 1728 4096 et
1775 4041 1952 4096 omnis

368 4149 494 4202 spes
520 4125 767 4187 humanus
795 4135 1152 4202 reparationis
1175 4131 1378 4188 evulsa.
1427 4131 1534 4187 Sed
1560 4132 1761 4186 clamat
1804 4148 1835 4187 e
1874 4131 1954 4187 di-

369 4239 528 4279 verso
581 4225 761 4278 divina
819 4223 1010 4291 pietas,
1067 4223 1301 4278 dicens:
1343 4241 1362 4274 ‹
1424 4222 1760 4292 Quacunque
1817 4223 1952 4277 hora

368 4323 623 4387 peccator
652 4330 947 4369 conversus
994 4314 1174 4380 fuerit,
1203 4315 1312 4369 vita
1345 4315 1491 4370 vivet
1533 4322 1589 4369 et
1615 4329 1722 4368 non
1757 4314 1956 4368 morie-

371 4417 460 4461 tur
482 4405 696 4475 (Ezech.
732 4407 916 4477 xviu);
953 4425 971 4458 ›
1009 4414 1063 4460 et
1091 4407 1286 4460 iterum
1317 4422 1332 4460 :
1363 4424 1381 4456 ‹
1408 4405 1542 4460 Nolo
1572 4415 1800 4460 mortem
1830 4420 1955 4475 pec-

2046 3217 2281 3274 hominis
2313 3215 2455 3271 illius
2482 3215 2663 3286 pejora
2689 3217 2983 3286 prioribus.

2119 3308 2262 3364 Sane
2316 3309 2362 3363 si
2419 3318 2648 3362 terrenae
2681 3308 2889 3362 militiae
2943 3307 3276 3380 transfugam
3308 3317 3414 3362 non
3455 3305 3627 3362 solum

2048 3403 2337 3456 mundanae
2385 3402 2529 3472 leges
2578 3386 2861 3472 abjiciunt,
2890 3403 2983 3458 sed
3013 3387 3179 3458 etiam
3226 3402 3366 3459 sacri
3398 3416 3634 3458 canones

2051 3494 2280 3547 infames
2305 3491 2596 3562 appellant,
2625 3493 2760 3557 adeo
2784 3501 2843 3547 ut
2867 3507 2988 3547 eum
3015 3494 3178 3566 etiam
3205 3493 3270 3545 ad
3300 3491 3632 3546 reddendum

2052 3583 2104 3638 in
2162 3585 2508 3640 contentione
2546 3585 2914 3660 testimonium
2970 3600 3075 3639 non
3105 3583 3266 3655 333
3318 3582 3631 3653 recipiant:

2052 3677 2143 3745 qui
2191 3677 2243 3730 in
2303 3675 2523 3745 superni
2577 3664 2922 3743 imperatoris
2973 3689 3124 3727 arma
3169 3674 3484 3741 juraverat,
3541 3672 3634 3748 qui

2054 3768 2390 3842 Chlamydem
2411 3770 2523 3838 jam
2576 3770 2782 3825 militiae
2820 3770 3058 3825 caelestis
3087 3769 3360 3836 induerat,
3399 3770 3492 3840 qui
3520 3771 3634 3825 bal-

2056 3872 2200 3919 teum
2255 3863 2520 3918 castitatis
2578 3863 2913 3928 accinxerat,
2976 3865 3070 3932 qui
3125 3864 3435 3918 donativqu
3495 3864 3636 3920 sacri

2055 3955 2206 4038 verbi
2241 3954 2309 4009 ab
2331 3955 2449 4025 ipso
2475 3953 2706 4024 militum
2737 3954 2873 4009 duce
2900 3961 3239 4023 susceperat,
3280 3969 3386 4024 qtto
3410 3953 3637 4024 judicio,

2056 4063 2163 4126 quo
2189 4047 2332 4117 jure,
2380 4062 2485 4118 qua
2520 4047 2696 4102 fronte
2717 4046 2826 4116 jam
2859 4055 3037 4118 potest
3063 4048 3295 4118 propriae
3341 4045 3638 4116 professio-

2057 4125 2141 4191 nis
2163 4146 2344 4191 castra
2372 4136 2646 4201 deserere,
2679 4147 2732 4191 et
2759 4152 2858 4192 suo
2889 4125 3096 4191 vomitu
3120 4125 3440 4198 delectatus,
3476 4133 3543 4188 ad
3573 4149 3640 4190 ea

2059 4229 2178 4294 Qua":
2213 4236 2634 4296 contempserat,
2683 4243 2803 4296 qua:
2825 4211 3327 4291 abrenuntiaverat,
3351 4239 3470 4296 quae
3492 4225 3644 4280 dam-

2059 4327 2310 4383 naverat,
2350 4318 2535 4372 mundi
2565 4318 2797 4373 ludibria
2837 4319 3078 4396 animum
3125 4319 3418 4384 revocare?
3446 4317 3644 4372 Fmdus

2062 4409 2292 4479 mortale
2320 4425 2441 4463 eum
2476 4408 2692 4463 mortali
2721 4395 3078 4479 paciscimur,
3099 4419 3153 4474 et
3183 4424 3500 4476 servamus;
3530 4409 3641 4463 Deo

369 4498 594 4563 eatoris,
625 4499 717 4552 sed
749 4507 808 4551 ut
829 4507 1199 4564 convertatur,
1235 4508 1291 4552 et
1320 4499 1467 4553 vivat
1503 4497 1667 4570 (Ibid.
1704 4497 1946 4568 sum)”
1983 4493 2036 4555 D
2062 4477 2404 4571 sponsionem
2430 4499 2677 4564 facimus,
2701 4477 2756 4556 et
2783 4483 2940 4566 fidem
2967 4500 3215 4582 frangere
3237 4517 3343 4558 non
3368 4504 3647 4563 timemus,

372 4589 582 4644 Etcum
631 4603 925 4643 conversus
977 4590 1318 4658 ingemuerit,
1353 4599 1479 4646 tunc
1505 4591 1686 4646 salvus
1725 4593 1848 4647 erit.
1887 4593 1955 4647 Et

373 4685 434 4736 ut
488 4683 763 4737 canonicze
813 4683 1152 4740 auctoritatis
1209 4669 1586 4755 compendium
1635 4667 1953 4756 proferam:

376 4770 684 4843 Quicunque
711 4784 884 4844 negat,
921 4777 1076 4851 etiam
1107 4775 1163 4829 in
1193 4775 1375 4831 ultimo
1405 4779 1522 4850 vius
1551 4779 1759 4848 spiritu,
1791 4780 1955 4847 paeni-

374 4861 588 4916 tentiam
641 4867 848 4919 abolere
1046 4883 1194 4937 posse
1223 4879 1454 4936 peccata,
1488 4865 1818 4923 Novatianus
1858 4880 1955 4935 est,

379 4970 480 5008 non
507 4954 856 5010 Christianus.
1559 4953 1562 4958 ’

396 5043 404 5051 ’
469 5039 472 5044 ’
775 5049 780 5054 ’
837 5053 840 5056 ’
1001 5045 1228 5103 CAPUT
1273 5049 1336 5104 ll.

449 5134 528 5187 Aa
568 5145 794 5210 (egrotae
831 5136 1066 5192 habitum
1107 5139 1409 5212 religiosum
1449 5140 1666 5200 induere
1702 5140 1887 5220 possit.

453 5223 591 5278 Dum
646 5227 777 5296 ergo
827 5230 1156 5310 monachum
1185 5231 1298 5285 fieri
1340 5232 1443 5287 hoc
1491 5232 1563 5287 sit
1598 5232 1785 5302 utique
1825 5246 1962 5286 con-

387 5317 543 5394 verti,
574 5325 630 5372 et
659 5320 1032 5376 conversionis
1056 5313 1353 5378 remedium
1384 5323 1528 5379 nulla
1558 5323 1694 5378 hora
1725 5323 1958 5394 respuit,

383 5406 588 5460 nullum
651 5418 863 5479 tempus
927 5412 1201 5477 eXcludit;
1269 5423 1485 5468 constat
1535 5413 1726 5484 procul
1770 5412 1958 5479 dubio,

383 5496 508 5563 quia
543 5495 594 5550 in
643 5500 958 5569 aegritudine
991 5501 1344 5580 constitutus,
1370 5505 1511 5559 sicut
1541 5505 1780 5574 converti
1837 5521 1960 5560 cum

386 5581 520 5646 vult,
572 5567 766 5642 nullius
803 5571 1140 5646 aucturitati's
1166 5573 1444 5648 obstaculo
1492 5571 1855 5664 prtepeditur;
1887 5587 1966 5659 ita,

385 5673 550 5728 etiam
595 5667 997 5760 ut'mon‘achus
1044 5683 1170 5750 fiat,
1217 5685 1420 5758 absque
1466 5687 1571 5753 ulla
1603 5677 1970 5759 refragatiouei

2068 4589 2241 4647 Homo
2288 4591 2494 4647 homini
2526 4591 2740 4666 violatae
2785 4595 3052 4650 cautionis
3089 4602 3301 4649 tenetur
3343 4593 3641 4655 obnoxius;

2065 4684 2156 4757 qui
2211 4673 2486 4740 auctorem
2535 4685 2814 4742 hominum
2869 4685 3053 4742 fallere
3112 4686 3326 4749 nititur,
3386 4685 3648 4741 innocens

2058 4773 2372 4844 'jndicatur?
2393 4776 2575 4832 Fallax
2601 4770 2811 4835 debitor
2835 4777 2903 4834 ab
2925 4786 3180 4832 exactore
3202 4775 3636 4846 constringitur;

2067 4866 2161 4935 qui
2193 4863 2540 4937 Semetipsnm
2591 4869 2696 4921 Deo
2745 4854 3040 4933 subtrahit,
3071 4867 3326 4922 immunis
3373 4867 3647 4924 habetur?

2068 4954 2318 5036 Nunquid
2367 4972 2568 5011 servus
2596 4957 2750 5011 venia
2798 4958 2994 5036 dignus
3040 4967 3148 5023 est,
3178 4957 3270 5028 qui
3313 4943 3514 5012 violata
3544 4956 3649 5011 fide

2066 5055 2172 5122 non
2205 5047 2376 5102 solum
2406 5047 2608 5103 recedit
2655 5063 2684 5101 a
2726 5046 2966 5112 domino,
3011 5049 3105 5102 sed
3133 5047 3274 5102 ultro
3307 5062 3366 5103 se
3395 5048 3514 5116 ejus
3557 5061 3647 5101 so-

2067 5136 2176 5188 ciat
2207 5129 2460 5202 inimico?
2492 5135 2630 5204 Nam
2661 5139 2804 5206 quod
2832 5139 2976 5195 Deus
3001 5139 3126 5196 huic
3159 5137 3363 5212 mundo
3393 5137 3649 5196 inimicus

2066 5215 2156 5287 sit,
2211 5226 2332 5280 audi
2385 5225 2644 5298 Iacobum
2695 5227 2964 5284 dicentem
3008 5245 3021 5282 :
3063 5247 3082 5280 ι
3123 5227 3226 5296 Qui
3262 5226 3396 5294 vult,
3448 5225 3648 5296 inquit,

2068 5314 2274 5386 amicus
2303 5332 2424 5370 esse
2447 5315 2627 5370 saeculi
2662 5316 2836 5386 hujus,
2883 5318 3135 5374 inimicus
3176 5317 3272 5373 Dei
3297 5315 3650 5378 constituitur

2069 5407 2210 5479 (Jac.
2243 5409 2339 5482 ιν).
2380 5428 2398 5460 ι

2079 5576 2082 5578 γ
2141 5502 2206 5556 Et
2232 5513 2288 5556 ut
2318 5504 2384 5558 ad
2424 5505 2750 5559 sententi-am
2787 5504 3031 5580 redeam,
3061 5517 3379 5580 conservus,
3428 5499 3519 5570 qui
3553 5500 3650 5554 bu-

2065 5590 2152 5658 jus
2193 5590 2372 5661 elfugii
2406 5593 2649 5650 incentor
2677 5579 2928 5660 eflicitut',
2977 5594 3244 5671 nunquid.
3269 5608 3376 5648 non
3405 5590 3650 5662 districta

2073 5687 2362 5762 Dominiae
2390 5688 2871 5746 animadversionis
2901 5689 3101 5764 ultione
3125 5687 3420 5758 plectetur;
3453 5691 3507 5737 et
3537 5695 3646 5750 [ιω-
