4080 6194
459 337 565 393 569

1052 335 1296 394 OPUSC.
1335 337 1475 394 XVI.
1513 367 1585 378 —
1619 333 1900 395 CONTRA
1941 336 2153 393 EPISC.
2195 334 2500 426 MONACH.
2540 335 2631 390 AD
2668 334 2843 391 SeEC.
2886 335 3134 392 llEVOC.

3626 342 3730 396 570

463 467 552 513 na,
590 434 751 520 quam
793 429 1025 519 uterque
1068 459 1362 514 meruerat,
1413 449 1468 504 in
1525 466 1691 505 unum
1733 458 1892 520 caput
1924 465 2050 520 con-
2080 457 2126 514 Α
2155 433 2314 530 posse
2362 449 2658 528 docemus:
2695 456 2748 502 et
2795 462 2956 516 saepe,
3007 447 3147 526 quod
3185 449 3238 504 in
3267 449 3383 520 ipsa
3429 449 3734 508 litterarum

461 553 616 614 gesta
668 541 1014 598 retunditur?
1067 542 1378 598 Prtesertim
1433 545 1475 599 si
1527 545 1792 615 ejusmodi
1839 545 2048 600 fraudis

459 633 552 688 ille
578 648 769 688 servus
791 633 1091 704 impetitur,
1114 634 1206 703 qui
1233 635 1462 689 rectoris
1488 635 1606 694 loco
1631 637 1862 706 positus,
1888 645 2047 691 caste.

459 722 542 778 ris
562 737 798 792 praeesse
825 721 1139 780 videbatur:
1186 732 1245 778 et.
1275 725 1368 794 qui
1395 725 1626 781 debebat
1665 735 1956 783 extraneos
1982 727 2048 784 ad

460 811 663 866 domini
687 813 768 866 sui
799 812 1079 867 servitium
1115 813 1348 874 trahere.
1385 814 1548 884 ipsee
1568 824 1756 869 contra
1790 813 2050 872 domestiJ

459 917 556 956 cos
599 901 888 970 compellat
939 902 1130 957 exire:
1164 911 1240 970 et,
1270 913 1330 957 ut
1366 905 1438 958 ita
1468 903 1718 972 dixerim,
1745 906 1897 976 cujus
1933 915 2048 961 erat

458 993 695 1050 oﬂieium
723 993 988 1050 violentos
1027 995 1423 1051 incursantium
1454 997 1690 1052 ferarum
1720 999 1950 1068 impetus
1980 999 2048 1054 ad

459 1088 662 1144 domini
691 1087 774 1142 sui
805 1103 1022 1159 gregem
1069 1102 1440 1158 compescere,
1467 1087 1583 1157 ipse
1609 1096 1822 1159 satagat
1857 1104 2048 1146 cruen-

459 1177 532 1233 tis
555 1177 804 1248 luporum
829 1178 1082 1233 dentibus
1103 1178 1378 1247 simplices
1405 1193 1533 1235 oves
1558 1177 1772 1234 offerre.

1045 1261 1054 1268 ’
1077 1265 1304 1322 CAPUT
1343 1266 1428 1322 Ill.

776 1357 999 1414 Prwlati
1058 1361 1338 1430 perniciosi
1378 1361 1706 1430 deplorandi.

532 1447 671 1516 Quid
708 1449 776 1504 ad
825 1451 942 1505 haec
978 1451 1193 1505 dicam?
1236 1451 1388 1520 Quod
1420 1452 1590 1508 dolori
1626 1469 1745 1509 meo
1803 1453 2044 1510 solamen

458 1540 766 1598 inveniam?
812 1543 1118 1614 Compellor
1145 1544 1486 1611 exclamare,
1517 1546 1812 1616 compellor
1843 1549 2043 1602 amari-

460 1635 702 1690 tudinem
759 1635 863 1689 mei
913 1635 1094 1690 cordis
1118 1635 1414 1701 eﬂ'mnlere,
1447 1646 1504 1690 ut
1537 1637 1784 1692 videlicet
1825 1637 2040 1692 dicam:

461 1722 508 1780 0
539 1733 800 1794 tempora,
833 1739 865 1779 ο
891 1741 1089 1790 mores,
1118 1743 1152 1782 ο
1182 1725 1418 1781 ferreum
1445 1728 1730 1782 saeculum!
1757 1727 2038 1794 Ferreum,

2151 525 2436 612 superficie
2483 525 2624 592 male
2659 537 2942 592 sentientis
2987 525 3141 594 error
3165 539 3433 610 intelligit,
3467 542 3736 598 subtiliter

2149 635 2490 702 perscrutata
2531 625 2758 680 intentio
2791 626 3028 680 doctoris
3049 629 3486 702 evertit;c;iqund
3507 633 3556 686 in
3576 649 3620 684 οι
3643 647 3732 690 me

2149 729 2293 772 mare
2333 727 2478 772 recte
2521 715 2712 771 sentiri
2758 711 3070 786 putabatur,
3122 719 3737 792 consideratadiligeno

2149 795 2258 864 tius
2286 810 2527 866 continui
2558 818 2732 864 textus
2761 810 2932 873 serie,
2969 826 3126 866 error
3169 811 3334 868 fuisse
3367 815 3731 870 convincitur.

2219 902 2445 974 Jamjam
2471 904 2582 973 ipsa
2601 902 2902 972 Scriptura,
2925 919 3045 976 qua:
3073 906 3140 960 de
3167 907 3446 962 monachis
3469 907 3731 976 loquitur,

2148 995 2408 1063 procedat
2463 995 2514 1048 in
2555 993 2812 1057 medium,
2855 1007 2922 1048 ne
2973 1005 3158 1052 noster
3210 996 3558 1052 adversarius
3604 1012 3734 1054 con-

2149 1069 2410 1153 queratur
2431 1083 2699 1138 devictum
2727 1097 2786 1137 se
2815 1071 2934 1138 esse
2974 1084 3086 1138 sola
3113 1088 3578 1156 argumentatione
3606 1103 3732 1142 ver-
3757 1157 3760 1162 ι

2147 1178 2360 1248 borum.
2392 1175 2508 1234 Non
2554 1179 2684 1234 mihi
2733 1179 3015 1234 dialectica
3047 1181 3483 1252 syllogismorum
3510 1197 3730 1238 suorum

2149 1270 2382 1326 circulos
2432 1269 2656 1336 oﬂ'erat,
2708 1287 2816 1326 non
2867 1271 3138 1328 rhetorica
3187 1271 3393 1342 lepidos
3450 1271 3732 1328 deliniﬂcae

2150 1361 2383 1417 suadelaa
2435 1362 2646 1417 colores
2701 1361 2992 1430 infundat,
3039 1378 3146 1418 non
3209 1363 3388 1433 aliqua
3455 1364 3732 1418 saecularis

2139 1439 2408 1520 sapientia
2473 1451 2752 1522 pbalerata
2812 1452 2943 1507 mihi
3018 1469 3128 1508 sua:
3194 1453 3532 1518 urbanitatis,
3585 1453 3730 1510 leno-

2148 1540 2286 1595 cinia
2317 1552 2602 1612 suggerat;
2651 1541 2760 1596 sola
2790 1558 2870 1612 se,
2911 1551 2966 1598 et
2994 1544 3133 1598 nuda
3159 1543 3404 1614 proferat
3429 1545 3726 1600 auctoritas

2147 1629 2390 1696 Patrum,
2423 1633 2473 1686 in
2500 1646 2730 1700 quorum
2763 1641 2986 1704 pectore
3020 1633 3365 1703 omnipotens
3393 1633 3556 1696 Deus,
3586 1633 3736 1690 velut

2131 1725 2200 1794 ,in
2249 1725 2503 1780 tribunali
2546 1723 2681 1780 solio
2727 1725 3046 1796 praesidens,
3098 1727 3396 1784 sanctionis
3415 1741 3526 1785 suat
3563 1725 3734 1782 voluit

458 1815 704 1886 inquam,
755 1817 1034 1884 saeculum,
1059 1819 1110 1874 in
1153 1833 1260 1888 quo
1287 1836 1478 1874 aurum
1531 1822 1586 1876 in
1619 1824 1848 1878 scoriam
1877 1823 2046 1880 verti-
2077 1812 2123 1872 B
2152 1818 2498 1892 promulgare
2551 1818 2860 1886 decretum;
2919 1829 3184 1888 quatenus
3213 1819 3303 1889 qui
3339 1817 3627 1891 conﬂigere
3651 1820 3734 1874 ni—

463 1915 570 1970 tur,
603 1915 658 1961 et
713 1910 922 1978 argenti
955 1910 1188 1979 speciem
1217 1911 1338 1966 vilis
1372 1912 1550 1966 stanni
1599 1929 1734 1968 vena
1783 1913 2040 1968 mentitur

461 1997 594 2068 (Isa.
623 2015 733 2064 xx;
770 1999 962 2054 Ezech.
997 2001 1146 2075 χχιι).
1181 2002 1236 2056 In
1266 2017 1375 2073 quo
1418 2002 1648 2072 proiecti
1678 2013 1804 2059 sunt
1841 2004 2044 2075 lapides

459 2091 760 2148 sanctuarii
785 2091 840 2147 in
865 2079 1048 2164 capite
1080 2096 1322 2150 omnium
1369 2096 1670 2164 platearum
1701 2097 1916 2158 (Thren.
1944 2096 2042 2168 ιν),

457 2189 511 2235 et
538 2183 789 2236 estsicut
818 2183 1066 2254 populus,
1101 2186 1180 2240 sic
1207 2187 1494 2252 sacerdos;
1530 2188 1669 2242 sicut
1715 2203 1930 2250 servus,
1966 2189 2046 2244 sic

458 2272 710 2328 dominus
767 2273 904 2342 ejus.
959 2275 1096 2330 Nam
1126 2279 1248 2348 quis
1295 2285 1404 2331 tam
1447 2279 1677 2334 inveniri
1712 2279 1884 2349 possit
1911 2278 2045 2333 elin-

460 2366 600 2435 guis,
629 2365 722 2434 qui
749 2381 854 2420 non
910 2367 978 2420 ad
1009 2367 1123 2422 haec
1161 2369 1354 2424 saltem
1387 2371 1438 2424 in
1481 2386 1614 2426 voce
1643 2370 2044 2426 lan'tcntationis

457 2458 742 2525 erumpat?
772 2457 904 2524 Quis
934 2467 1040 2512 tam
1089 2458 1319 2526 ferreus,
1351 2462 1474 2532 quis
1511 2471 1617 2516 tam
1649 2461 1914 2532 lapideus,
1949 2477 2044 2516 cu-

456 2543 536 2612 ius
561 2561 656 2601 cor
685 2547 908 2602 vulnera
937 2547 1042 2604 ista
1072 2565 1178 2604 non
1204 2551 1446 2605 sentiat?
1467 2551 1720 2606 Pervenit
1745 2552 1894 2606 enim
1920 2551 2037 2622 gla-

459 2632 577 2688 dius
598 2649 772 2704 usque
797 2638 862 2690 ad
885 2635 1141 2692 animam.
1169 2635 1434 2694 Nimirum
1459 2641 1690 2696 mundus
1707 2655 1764 2696 se
1785 2641 1852 2696 ad
1879 2641 2042 2696 finem

459 2723 732 2794 delapsum
751 2728 923 2784 ruinis
945 2729 1419 2786 crebrescentibus
1443 2733 1648 2788 indicat
1674 2740 1755 2786 :et
1782 2733 2040 2803 episcopi,

459 2816 548 2884 qui
575 2817 786 2872 animas
813 2820 884 2874 ad
913 2819 1079 2875 Deum
1110 2821 1326 2896 trahere
1368 2822 1673 2892 importune
1701 2823 2042 2888 debuerant,

459 2908 678 2962 student
705 2910 939 2980 qualiter
977 2912 1224 2968 homines
1255 2929 1284 2966 a
1316 2913 1412 2968 Dei
1448 2916 1708 2970 servitute
1743 2915 2043 2970 recedant?

457 2997 630 3055 Jndex
647 3001 764 3071 jam
802 3003 1018 3060 vicinus
1049 3007 1352 3075 appropiat,
1381 3016 1436 3061 et
1465 3022 1666 3076 praeco,
1691 3019 1752 3063 ut
1780 3010 1929 3065 cives
1959 3009 2043 3064 fu-

457 3091 606 3159 giant
623 3131 636 3154 ,
663 3091 901 3148 clamat?
936 3095 1076 3150 Ante
1101 3097 1336 3152 tribunal
1361 3098 1578 3168 superni
1596 3097 1798 3166 judicis
1815 3097 1945 3168 jamj
1955 3115 2040 3156 am

2151 1909 2304 1976 titur,
2339 1924 2444 1963 non
2469 1909 2582 1979 jam
2632 1909 3000 1964 cavillantium
3053 1909 3340 1964 verborum
3381 1910 3732 1972 commentis,

2147 2001 2240 2056 sed
2272 2001 2388 2072 ipso
2421 2001 2599 2072 potius
2637 2001 2884 2056 veritatis
2917 2001 3140 2056 oraculo
3165 2001 3412 2069 superari
3444 2001 3730 2056 videatur:

2145 2101 2201 2147 et
2229 2101 2286 2146 ut
2312 2107 2471 2146 omne
2496 2092 2960 2162 tergiversationis
2987 2092 3226 2162 undique
3288 2091 3604 2148 occludatur
3628 2107 3730 2146 au-

2145 2184 2376 2255 fuginm,
2425 2185 2573 2256 ipsos
2610 2193 2795 2239 contra
2841 2199 2902 2238 se
2953 2185 3006 2238 in
3071 2184 3334 2248 movenda
3385 2182 3474 2238 lite
3533 2183 3736 2238 sentiat

2147 2287 2415 2342 oratores,
2445 2293 2580 2349 quos
2606 2277 2892 2331 universus
2917 2276 3068 2332 orbis
3091 2275 3255 2331 habet
3280 2283 3332 2330 et
3352 2275 3583 2346 judiccs.

2763 2365 2990 2423 CAPUT
3024 2365 3112 2420 IV.

2149 2459 2302 2526 Quod
2339 2469 2520 2530 sponte
2555 2460 2868 2530 suscipitur,
2902 2461 3014 2514 sine
3051 2467 3262 2529 peccato
3295 2474 3404 2512 non
3448 2457 3730 2511 deseritur.

2217 2550 2433 2606 Primus
2461 2551 2644 2619 itaque
2691 2564 2920 2620 magnus
2947 2548 3057 2604 Leo
3083 2563 3195 2604 suae
3222 2546 3562 2602 auctoritatis
3597 2545 3732 2616 figat

2149 2641 2464 2706 articulum,
2495 2649 2550 2696 et
2581 2647 2639 2694 ut
2673 2653 2862 2696 revera
2887 2638 3268 2708 insuperabilis
3294 2636 3422 2702 dux,
3449 2637 3562 2708 ipse
3590 2651 3730 2706 prae-

2149 2731 2291 2788 ferat
2327 2732 2380 2786 in
2411 2732 2584 2801 prima
2627 2729 2752 2785 belli
2785 2731 2968 2788 fronte.
2991 2728 3270 2784 vexillum.
3296 2727 3388 2788 Ait
3417 2727 3564 2784 enim
3585 2727 3728 2782 inter

2147 2833 2374 2878 caetera:
2409 2842 2427 2876 ι
2459 2822 2804 2894 Pr0positum
2845 2821 3092 2876 monachi
3117 2817 3338 2889 prOprio
3364 2816 3613 2882 arbitrio,
3637 2823 3732 2872 aut

2147 2913 2426 2980 voluntate
2458 2923 2767 2984 susceptum
2815 2913 2992 2968 deseri
3019 2925 3126 2966 non
3161 2917 3336 2980 potest
3363 2909 3568 2980 absque
3603 2923 3732 2978 pec-

2145 3011 2288 3066 cato.
2344 3003 2498 3071 Quod
2541 3004 2686 3058 enim
2730 3003 2852 3071 quis
2891 3001 3036 3056 vovit
3092 2999 3222 3062 Deo,
3276 2998 3436 3054 debet
3479 2997 3728 3054 reddere.

2139 3093 2305 3152 .Unde
2347 3096 2438 3165 qui
2469 3095 2654 3150 relicta
2689 3091 3084 3172 singularitatis
3115 3089 3470 3168 professione,
3495 3087 3562 3142 ad
3590 3086 3732 3142 mili-

459 3182 682 3238 humani
727 3186 944 3253 generis
983 3202 1195 3242 summa
1239 3188 1534 3258 colligitur,
1587 3197 1643 3244 et
1673 3205 1704 3244 a
1755 3191 2038 3246 sacerdote
2067 3180 2110 3242 C
2146 3188 2298 3252 tiam,
2355 3187 2441 3241 vel
2476 3188 2542 3240 ad
2598 3186 2812 3255 nuptias
2847 3183 3130 3238 devolutus
3160 3190 3264 3246 est,
3300 3179 3528 3250 publicat
3555 3180 3732 3249 potni-

457 3275 788 3346 pracipitur,
823 3287 882 3332 ut
907 3278 1154 3354 homines
1183 3281 1250 3336 ad
1277 3281 1558 3336 saecularia
1583 3281 1799 3352 negotia
1829 3283 2052 3354 disper-'

457 3366 694 3434 gantur?
721 3365 859 3422 Proh
891 3347 1048 3424 dolorI
1062 3371 1075 3423 ε
1121 3370 1352 3426 huccine
1403 3347 1754 3444 sacerdotalis
1785 3347 2036 3431 ordo-re-

457 3455 644 3512 dactus
685 3466 789 3521 est,
833 3468 891 3512 ut
937 3459 1028 3538 qui
1061 3462 1340 3518 constituti
1368 3473 1494 3518 sunt
1540 3465 1798 3520 mundum
1837 3474 2040 3523 sanctae

457 3545 862 3613 praedicationis
899 3547 1020 3604 luce
1055 3550 1416 3619 perfundere,
1444 3553 1546 3622 ipsi
1575 3554 1918 3624 potissimum
1947 3570 2039 3612 co-

459 3645 657 3692 nentur
701 3639 951 3696 homines
1003 3655 1384 3711 perversurum
1437 3644 1756 3716 .dogmatum
1801 3647 2040 3702 tenebris

457 3726 770 3784 obctecare?
809 3731 878 3786 Et
897 3732 986 3802 qui
1011 3733 1172 3803 positi
1199 3743 1326 3790 sunt
1357 3734 1526 3806 364-
1543 3736 1612 3790 de
1632 3750 1761 3805 agro
1783 3735 2040 3792 Ecclesiae

460 3829 686 3876 cunctos
741 3836 988 3876 errorum
1017 3839 1211 3893 vepres
1259 3823 1510 3888 evellere,
1544 3826 1643 3894 ipsi
1675 3841 1781 3882 non
1811 3841 2038 3882 verean-

461 3917 550 3963 tur
589 3909 865 3967 aculeatos
893 3927 1138 3970 erroneae
1163 3915 1446 3984 pravitatis
1471 3915 1700 3972 tribulos
1737 3917 2042 3974 seminare?

461 3995 598 4052 Olim
629 4015 754 4056 cum
807 4000 1006 4057 ﬂorens
1057 4003 1233 4060 adhuc
1285 4005 1518 4060 mundus
1555 4004 1910 4072 blandiretur,
1939 4007 2038 4064 ho-

462 4092 662 4146 minum
719 4093 980 4163 plurimos
1027 4095 1094 4148 ab
1128 4109 1194 4151 eo
1251 4096 1606 4152 subtrahebat
1653 4097 1813 4152 docta
1859 4099 2040 4168 lingua

461 4195 738 4252 pastorum
775 4203 788 4238 :
822 4202 966 4242 nunc
1003 4199 1186 4244 autem
1239 4205 1362 4244 cum
1393 4188 1505 4256 jam
1535 4189 1944 4248 evidentiSsime
1982 4208 2039 4249 se

463 4273 694 4328 mundus
749 4275 1132 4345 despicabilem
1183 4277 1408 4346 indicat,
1465 4279 1660 4335 Pastor
1703 4281 1956 4340 Ecclesiae
1984 4293 2044 4339 ut

461 4365 528 4418 ad
554 4382 674 4420 eum
697 4367 944 4424 homines
975 4377 1321 4426 revertantur
1345 4371 1554 4426 invitat.

533 4459 791 4514 Videmus
820 4461 1060 4530 quotidie
1090 4462 1336 4518 homines
1382 4461 1558 4518 aliena
1588 4463 1843 4532 diripere,
1877 4464 2042 4522 bello-

2147 3281 2328 3336 tentite
2359 3277 2732 3335 satisfactione
2767 3275 3078 3347 purgandus
3109 3283 3208 3328 est.
3259 3271 3394 3339 Quia
3417 3281 3472 3326 et
3485 3271 3544 3326 ‘si
3567 3271 3728 3328 inno-

2145 3388 2276 3430 cens
2318 3371 2536 3437 militia,
2579 3379 2635 3426 et
2662 3371 2948 3424 honestum
2995 3374 3174 3438 potest
3207 3379 3330 3422 esse
3384 3363 3726 3434 coniugium;

2141 3465 2460 3528 electionem
2505 3463 2786 3520 meliorem
2809 3462 3136 3524 deseruisse,
3171 3457 3532 3529 transgressio
3557 3465 3662 3512 est.
3699 3477 3719 3510 s

2143 3559 2247 3616 Ubi
2293 3557 2611 3623 notandum,
2633 3555 2778 3626 quod
2821 3555 2908 3609 vir
2931 3552 3324 3610 disertissimus
3378 3565 3489 3606 non
3533 3549 3632 3615 ait,
3665 3558 3728 3606 ut

2141 3657 2324 3704 noster
2350 3648 2522 3719 garrit
2564 3647 2870 3718 episcopus,
2901 3645 3234 3717 propositum
3273 3641 3434 3713 365
3477 3640 3733 3696 monachi

2139 3735 2296 3806 longa
2313 3736 2625 3792 morositate
2645 3744 2978 3804 susceptum.
2999 3733 3136 3789 «Sed
3157 3733 3512 3804 propositum,
3527 3731 3727 3800 inquit,

2143 3827 2392 3884 monachi
2423 3827 2644 3896 proprio
2671 3825 2920 3889 arbitrio,
2963 3835 3056 3880 aut
3099 3825 3380 3879 voluntate
3411 3831 3724 3893 susceptum

2142 3919 2316 3976 deseri
2335 3934 2442 3973 non
2465 3927 2646 3987 potest
2671 3919 2874 3988 absque
2895 3927 3140 3987 peccato.
3163 3937 3182 3969 ι
3200 3915 3344 3972 Nihil
3369 3930 3500 3986 ergo
3526 3916 3724 3970 virium

2144 4009 2428 4079 temporali
2469 4008 2687 4079 reliquit
2719 4007 3039 4071 morositati,
3083 4007 3174 4077 qui
3207 4014 3377 4061 totum
3413 4014 3728 4076 spontanee:

2145 4099 2332 4154 tribuit
2369 4099 2648 4154 voluntati.

2213 4190 2284 4247 Si.
2311 4191 2480 4262 igitur
2514 4190 2848 4260 propositum
2883 4190 2988 4244 hoc
3023 4188 3208 4260 negari
3247 4203 3352 4242 non
3391 4195 3574 4257 potest
3599 4200 3726 4242 cum

2140 4284 2420 4340 voluntate
2469 4291 2775 4354 susceptum
2799 4323 2814 4348 ,
2862 4291 3140 4337 asseratur
3177 4295 3402 4336 necesse
3437 4287 3524 4335 est
3547 4319 3561 4345 ,
3597 4293 3724 4336 cum

2142 4382 2367 4442 peccato
2407 4372 2677 4428 reliCtum.
2710 4371 2808 4426 Cui
2841 4371 3016 4427 simile
3059 4377 3143 4426 est
3191 4369 3318 4424 illud
3354 4363 3726 4440 etiam,qnod

2147 4463 2212 4520 de
2245 4463 2544 4535 virginibus
2571 4464 2710 4519 idem
2747 4463 2830 4518 vir
2865 4462 3343 4531 eloquentissimus
3380 4461 3458 4516 ait
3485 4479 3498 4514 :
3529 4479 3546 4512 ι
3571 4460 3730 4516 Puel-

465 4562 580 4600 rum
609 4550 805 4605 studiis
835 4552 1110 4616 insudare,
1161 4566 1362 4623 egenos
1394 4552 1722 4622 opprimere,
1759 4555 2041 4610 machina-
2069 4539 2120 4600 Ῑ)
2147 4555 2210 4610 l:e
2229 4597 2256 4633 ι
2277 4557 2452 4627 inquit
2473 4598 2488 4622 ,
2521 4573 2642 4626 quae
2672 4573 2777 4611 non
2802 4565 2992 4612 coacto
3021 4565 3306 4625 parentum
3333 4553 3564 4625 imperio
3585 4594 3599 4619 ,
3631 4553 3730 4611 sed

465 4637 668 4692 tionum
711 4639 1012 4696 tendiculas
1057 4639 1314 4696 fraternis
1337 4641 1614 4710 gressibus
1639 4641 1910 4697 occultare
1942 4660 1956 4696 :
1984 4652 2040 4697 et

461 4742 522 4784 ut
577 4739 772 4786 cuncta
824 4732 1012 4786 mundi
1071 4732 1212 4788 mala
1269 4731 1422 4788 brevi
1484 4731 1698 4803 cingulo
1755 4731 2038 4788 locutionis

463 4822 778 4892 astringam,
805 4837 996 4878 omnes
1015 4838 1170 4894 pene,
1201 4839 1320 4894 qua:
1338 4839 1435 4880 sua
1465 4835 1612 4891 sunt,
1638 4841 1905 4895 quaerere,
1929 4841 2034 4880 non

460 4923 576 4976 una:
597 4909 730 4966 Jesu
752 4909 956 4968 Christi
985 4913 1208 4983 (Philip.
1231 4915 1336 4984 tt);
1369 4929 1470 4970 nos
1495 4913 1754 4974 adversus
1771 4925 1868 4968 eos
1893 4911 2045 4966 nullo

459 4999 572 5054 zelo
630 5003 921 5059 charitatis
972 5007 1340 5072 accendimur,
1377 5007 1542 5062 nullis
1601 5006 2044 5062 correctionibus

458 5091 760 5158 obviamus,
787 5097 934 5152 nulla
959 5099 1394 5154 contradictione
1427 5100 1750 5155 resistimus.
1777 5097 1836 5154 Si
1861 5105 2044 5154 autem

463 5179 772 5236 rarissimus
817 5181 1044 5250 quilibet
1071 5197 1142 5237 ex
1195 5192 1342 5238 tanta
1378 5185 1658 5239 hominum
1691 5185 2042 5245 multitudine

461 5281 548 5325 aut
585 5271 814 5340 ﬂagellis
853 5275 1092 5340 attritus,
1127 5284 1224 5330 aut
1245 5275 1442 5332 divinae
1465 5277 1836 5348 inspirationis
1861 5282 2036 5351 gratia

463 5372 804 5432 provocatus,
835 5366 904 5420 ad
925 5365 1239 5422 Creatorem
1273 5383 1428 5423 suum
1461 5370 1782 5440 quandoque
1811 5387 2036 5428 conver-

463 5454 611 5520 titur,
647 5471 778 5512 ωσι
830 5458 898 5513 ad
935 5459 1196 5514 suasoriae
1249 5461 1632 5516 assentationis
1665 5461 2033 5520 blandimenta

460 5547 814 5612 convertitur,
861 5549 1006 5604 sacri
1047 5549 1244 5618 eloquii
1297 5549 1545 5606 ﬂosculos
1591 5567 1656 5607 ac
1711 5554 2034 5624 pravitatem

463 5643 632 5697 nostri
679 5644 986 5702 intellectus
1049 5646 1390 5710 inﬂectimns,
1453 5658 1506 5704 et
1553 5649 1632 5705 sic
1677 5649 1873 5706 divinis
1903 5651 2034 5720 'jam

463 5732 734 5804 obsequiis
765 5738 1128 5808 mancipatum
1159 5739 1224 5792 ad
1276 5740 1460 5794 mundi
1491 5741 1827 5797 volutabrum
1859 5743 2034 5799 redire

2149 4657 2448 4717 spontaneo
2487 4647 2698 4718 judicio
2745 4647 3075 4716 virginitatis
3136 4646 3505 4716 propositum,
3565 4655 3728 4717 atque

2145 4737 2390 4790 habitum
2413 4745 2771 4806 susceperunt
2787 4775 2802 4798 .
2824 4737 2868 4790 si
2891 4743 3073 4805 postea
3099 4735 3314 4804 nuptias
3333 4735 3565 4805 eligunt,
3589 4749 3734 4805 prae-

2149 4825 2480 4892 varicantur,
2536 4827 2700 4882 etiam
2751 4827 2796 4880 si
2849 4825 3084 4880 nondum
3120 4825 3200 4880 eis
3235 4825 3408 4896 gratia
3446 4839 3732 4880 consecra—

2148 4917 2311 4972 tionis
2359 4917 2689 4972 accesserit:
2743 4913 2897 4984 cujus
2949 4916 3132 4985 itaque
3183 4931 3289 4971 non
3343 4915 3728 4971 fraudarentur

2152 5022 2410 5074 munere,
2437 5009 2482 5064 si
2511 5009 2564 5064 in
2591 5009 2868 5080 proposito
2899 5017 3266 5064 remanerent.
3297 5027 3316 5060 ι
3341 5008 3510 5064 Audis
3539 5007 3730 5077 igitur,

2148 5116 2182 5155 ο
2206 5099 2454 5170 episcope
2471 5140 2486 5168 ,
2511 5100 2636 5168 quia
2665 5099 2796 5154 nihil
2825 5099 3079 5155 momenti
3110 5113 3337 5152 morosa:
3363 5097 3725 5159 conversioni,

2147 5191 2282 5248 nihil
2321 5193 2420 5263 ipsi
2453 5193 2618 5248 etiam
2656 5191 3052 5247 consecrationi
3089 5190 3378 5249 tribuitur,
3431 5187 3524 5242 sed
3559 5201 3722 5242 omne

2145 5282 2461 5338 monasticae
2521 5281 2868 5351 perfectionis
2939 5279 3102 5335 robur
3167 5287 3468 5348 spontaneo
3519 5277 3724 5347 judicio

2146 5385 2364 5426 reserva
2373 5379 2426 5425 ll]
2435 5388 2480 5426 Γ.

2215 5463 2296 5518 Ad
2327 5463 2690 5520 confutandas
2709 5451 3008 5532 litigatoris
3036 5461 3208 5515 nostri
3237 5460 3542 5515 calumnias
3572 5467 3724 5528 pote-

2149 5567 2264 5618 rat,
2317 5559 2426 5612 imo
2467 5555 2730 5610 debuerat
2773 5553 3240 5610 eminentissimus
3285 5549 3394 5608 Leo
3445 5550 3722 5616 sumcere,

2144 5649 2189 5701 si
2233 5648 2320 5702 hic
2355 5655 2540 5717 posset
2576 5644 2736 5702 facile
2771 5645 2998 5714 rigidam
3035 5645 3302 5700 cervicem
3339 5645 3517 5701 cordis
3551 5643 3723 5698 sacris

2145 5739 2561 5796 auctoritatibus
2593 5735 2858 5794 inclinare
2889 5757 2900 5792 :
2938 5736 3032 5792 sed
3063 5737 3187 5808 quia
3221 5738 3324 5794 iste
3355 5735 3580 5793 necdum
3612 5731 3722 5786 for-
