4080 6194
288 329 383 386 371

747 330 804 387 S.
845 332 1046 388 PETRI
1088 335 1366 390 DAMIANI
1403 336 1551 395 OPP.
1592 337 1831 396 TOMUS
1863 341 1992 397 SEU
2028 342 2222 400 PARS.
2263 342 2347 400 Ill.
2382 344 2836 406 —0PUSCULA
2877 349 3103 406 VARIA.

3430 352 3542 407 δη

289 445 429 499 sitan
471 444 723 510 ﬂectitur,
757 447 945 501 beatus
976 462 1189 517 quoque
1217 462 1354 518 papa
1385 447 1633 504 Gelasius
1674 450 1741 504 ad
1776 459 1859 506 te-
1890 458 1937 514 Α
1964 458 2173 507 centur.
2213 453 2363 520 Quod
2401 456 2445 510 si
2485 456 2649 527 aliqui
2697 474 2794 527 per
2838 459 3212 528 paenitentiam
3269 460 3542 516 irrevoca-

288 534 601 589 stimonium
658 537 995 602 deducatur;
1052 537 1244 591 scribit
1300 538 1443 592 enim
1505 539 1647 594 inter
1704 539 1857 597 alia:

294 645 312 677 ι
346 626 711 693 Quamobrem
749 629 995 698 quisquis
1033 632 1272 684 virorum
1295 672 1309 696 ,
1338 632 1422 687 vel
1456 632 1740 689 mulierum
1768 634 1865 689 ha-

289 718 460 770 bitum
493 718 658 772 semel
693 718 963 783 induerit,
996 721 1077 773 vel
1116 721 1409 777 induerunt
1446 736 1743 794 spontanee
1780 741 1865 781 re-

288 806 573 873 ligiosum,
625 815 719 860 aut
768 809 813 861 si
862 809 945 865 vir
991 809 1203 864 deditus
1244 812 1498 867 Ecclesiae
1537 816 1736 880 choro,
1777 815 1863 870 vel

282 894 486 948 femina
535 894 728 959 fuerit,
778 905 870 950 aut
920 895 1019 952 fuit
1057 899 1297 967 delegata
1334 901 1630 970 puellarum
1668 919 1859 958 mona-

288 987 490 1049 sterio,
547 987 599 1039 in
638 996 865 1056 utroque
904 1004 1034 1043 sexu
1090 992 1475 1058 prievaricator
1513 996 1577 1048 ad
1619 997 1863 1064 proposi-

289 1086 407 1130 tum
442 1076 639 1129 invitus
677 1079 873 1132 reverti
904 1089 1148 1149 cogatur,
1184 1090 1244 1134 ut
1275 1081 1360 1137 vir
1394 1082 1773 1149 detondeatur,
1806 1094 1861 1140 et

285 1166 459 1235 puclla
497 1167 886 1221 monasterium
922 1169 1281 1240 ingrediatur.
1315 1172 1370 1227 Si
1407 1184 1583 1229 autem
1622 1176 1860 1245 quolibet

282 1262 597 1327 patrocinio
628 1264 936 1319 desertores
975 1282 1296 1335 permanere
1333 1268 1634 1338 voluerint,
1672 1288 1858 1327 sacer—

282 1350 450 1404 dotali
490 1354 758 1407 sententia
799 1369 829 1407 a
867 1354 1302 1412 Christianorum
1355 1370 1500 1414 coetu
1557 1362 1860 1416 habeantur

281 1450 559 1509 extorres,
609 1455 668 1499 ut
712 1461 812 1500 nec
864 1447 1011 1503 locus
1055 1450 1136 1503 eis
1180 1450 1320 1505 ullus
1365 1452 1437 1506 sit
1481 1455 1801 1510 communis.
1834 1473 1852 1504 ι

288 1531 532 1605 Singula,
590 1536 841 1602 obsecro,
875 1540 1039 1593 verba
1089 1540 1358 1596 subtiliter
1413 1544 1655 1612 inspice,
1712 1546 1855 1599 utin

281 1636 478 1681 Statera
512 1630 708 1683 mentis
739 1630 1073 1698 appendens,
1113 1648 1143 1685 a
1184 1634 1429 1691 veritatis
1464 1646 1608 1690 statu
1652 1652 1856 1705 nequa-

282 1731 445 1784 quam
478 1717 661 1772 valeas
706 1719 997 1774 declinare.
1047 1720 1325 1792 Perpende
1370 1740 1500 1797 ergo
1540 1730 1681 1796 quod
1722 1728 1855 1782 dici—

1965 542 2099 597 biles
2137 555 2298 610 sunt,
2328 561 2426 600 nec
2465 549 2723 603 admoniti
2759 559 3121 611 revertuntur.
3156 566 3280 605 vere
3320 561 3375 605 ut
3407 568 3539 621 apo-

1964 643 2122 688 Stata:
2145 650 2327 689 coram
2341 635 2578 692 Ecclesia
2600 640 2960 695 anathematis
2985 641 3253 695 sententia
3281 643 3539 697 condent-

1964 733 2180 779 nentur.
2216 744 2235 777 ι
2264 725 2407 782 Ecce
2432 728 2521 782 hic
2547 743 2803 798 expresse
2829 732 3108 797 docemur,
3140 734 3394 801 quoniam
3427 734 3543 788 haec

1964 816 2231 885 episcopis
2279 834 2407 873 cura
2460 819 2775 891 iniungitur,
2826 837 2931 875 non
2980 830 3037 874 ut
3084 830 3463 891 permanentes
3508 836 3542 876 a

1962 906 2308 961 monasteriis
2340 908 2490 962 exire
2528 908 2819 972 suadeant,
2853 912 2945 965 sed
2974 911 3151 981 potius
3193 921 3250 965 ut
3278 912 3543 982 praevari-

1963 1003 2149 1047 cantes
2189 995 2367 1050 redire
2404 996 2749 1067 compellant.
2791 998 2897 1052 Sed
2934 1000 3062 1068 quid
3098 1014 3160 1053 ex
3202 1000 3306 1054 illis
3342 1016 3534 1055 causa-

1965 1100 2089 1139 mur
2128 1087 2472 1153 hominibus,
2513 1090 2603 1159 qui
2638 1101 2939 1160 spontaneo
2973 1101 3361 1147 convertuntur
3399 1091 3544 1151 arbi-

1963 1176 2101 1239 trio,
2150 1192 2273 1231 cum
2323 1188 2377 1232 et
2424 1179 2529 1233 illis
2574 1193 2695 1248 post
2722 1190 2928 1252 tergum
2977 1183 3154 1237 redire
3199 1197 3300 1236 non
3350 1181 3541 1247 liceat,

1961 1268 2053 1336 qui
2086 1279 2436 1324 tonsurantur
2468 1271 2664 1326 inviti?

2034 1357 2188 1413 Unde
2236 1361 2399 1413 etiam
2451 1361 2587 1431 apud
2642 1360 3047 1432 Maguntinense
3096 1362 3381 1418 concilium
3436 1362 3542 1417 tale

1960 1452 2332 1522 promulgatur
2364 1453 2596 1506 edictum
2628 1471 2679 1506 ει
2706 1453 2779 1506 De
2810 1454 3021 1509 clericis
3052 1470 3180 1507 vero
3208 1455 3311 1508 hcc
3344 1453 3537 1508 statui-

1960 1555 2103 1604 mus,
2129 1549 2187 1594 ut
2211 1536 2300 1609 qui
2330 1540 2587 1595 hactenus
2614 1542 2814 1596 inventi
2842 1552 3000 1606 sunt,
3025 1543 3137 1597 sive
3167 1543 3218 1596 in
3247 1542 3538 1607 canonico,

1961 1630 2076 1684 sive
2105 1630 2157 1683 in
2191 1631 2506 1685 monachico
2532 1631 2721 1685 ordine
2760 1633 3019 1685 tonsurati
3042 1673 3055 1695 ,
3087 1631 3203 1686 sine
3232 1646 3419 1686 eorum
3446 1644 3539 1687 v0-

1960 1724 2202 1788 luntate,
2238 1724 2281 1778 si
2314 1723 2465 1778 liberi
2498 1733 2655 1788 sunt,
2690 1724 2760 1776 ita
2794 1732 3161 1793 permaneant.
3202 1744 3219 1775 ι

285 1816 415 1858 tur:
450 1824 468 1857 ι
502 1806 757 1876 Quisquis
796 1810 1035 1865 habitum
1076 1814 1241 1868 semel
1282 1815 1519 1870 induerit
1555 1828 1852 1889 spontanee
1887 1808 1931 1867 Β
2031 1812 2138 1867 Sed
2171 1813 2524 1881 respondebis
2553 1811 2779 1866 forsitan
2818 1813 2946 1866 mihi
2976 1852 2990 1875 ,
3034 1821 3089 1866 et
3117 1821 3307 1867 contra
3340 1821 3420 1866 tot
3446 1827 3540 1866 au-

285 1899 621 1967 religiosum.
660 1921 679 1953 ι
714 1902 851 1957 Ecce
890 1903 1044 1972 juxta
1084 1904 1352 1960 Gclasiani
1391 1908 1590 1961 decreti
1632 1917 1855 1963 senten-

282 1989 414 2045 tiam
443 2032 455 2053 ,
495 2008 816 2063 quacunque
852 1996 1137 2050 occasione
1164 2037 1177 2059 ,
1235 1999 1445 2053 etiamsi
1507 1999 1652 2054 nulla
1693 2001 1861 2056 inter-

282 2080 468 2135 veniat
500 2097 650 2136 mora
685 2083 1053 2153 probationis,
1094 2087 1340 2156 quisquis
1379 2089 1633 2160 religioso
1670 2091 1861 2146 habitu

282 2172 450 2227 semel
490 2173 751 2239 induitur,
796 2174 1031 2231 funditus
1068 2177 1168 2231 sibi
1200 2179 1455 2233 redeundi
1494 2181 1560 2234 ad
1601 2182 1857 2236 saeculum

286 2262 507 2318 licentia
549 2265 867 2336 denegatur.

907 2359 1135 2415 CAPUT
1172 2361 1234 2415 ν.

318 2466 401 2521 An
438 2468 538 2536 ﬁlii
567 2486 599 2521 a
630 2470 932 2543 parentibus
966 2470 1069 2525 Deo
1108 2473 1306 2539 dicati,
1335 2473 1569 2527 habitum
1608 2475 1817 2543 induti,

632 2541 687 2593 in
717 2540 961 2610 religione
990 2557 1198 2595 manere
1228 2552 1517 2597 teneantur.

353 2624 489 2683 Huic
525 2628 685 2683 etiam
720 2643 825 2683 non
857 2629 1121 2684 dissimile
1152 2631 1413 2697 cernitur,
1446 2633 1588 2701 quod
1624 2633 1674 2687 in
1703 2632 1865 2688 Chal-

286 2715 578 2771 cedonensi
610 2718 841 2773 concilio
870 2720 1160 2786 reperitur,
1195 2721 1287 2775 ubi
1318 2723 1407 2789 qui
1440 2722 1605 2776 semel
1636 2724 1687 2776 in
1719 2724 1865 2778 clero

289 2806 526 2874 deputati
577 2816 737 2871 sunt,
785 2818 880 2860 aut
926 2810 1312 2863 monachorum
1366 2812 1530 2865 vitam
1581 2813 1858 2882 expetive«

286 2906 444 2960 runt,
476 2897 767 2951 statuimus
796 2912 968 2965 neque
995 2898 1061 2951 ad
1092 2897 1366 2964 militiam,
1396 2915 1571 2969 neque
1601 2902 1666 2955 ad
1696 2902 1867 2973 digni-

285 2993 453 3038 tatem
484 2983 721 3052 aliquam
754 2985 942 3040 venire
980 2989 1339 3055 mundanam,
1380 2990 1475 3045 sed
1514 2990 1619 3045 hoc
1659 3000 1868 3046 tentan-

286 3083 371 3127 tes
390 3114 403 3136 ,
432 3082 487 3126 et
516 3088 620 3128 non
652 3083 870 3143 agentes
899 3076 1302 3144 paenitentiam,
1332 3080 1619 3147 quominus
1644 3082 1868 3137 redeant

1962 1904 2199 1959 thentica
2240 1912 2548 1958 sanctorum
2588 1903 2813 1958 Patrum
2845 1904 3074 1974 judicia,
3109 1915 3295 1958 contra
3333 1912 3411 1958 tot
3448 1919 3538 1957 ve—

1960 1994 2278 2049 nerabilium
2308 1994 2657 2049 conciliorum
2688 2004 2911 2058 statuta,
2944 2003 3152 2048 scutum
3181 1994 3357 2049 adhuc
3389 2010 3540 2048 vanae

1960 2084 2289 2140 defensionis
2328 2100 2612 2155 oppones:
2654 2086 2817 2148 Esto,
2862 2084 3107 2154 inquies,
3155 2094 3213 2138 ut
3242 2085 3333 2154 qui
3370 2102 3399 2140 a
3440 2100 3536 2155 pa-

1961 2176 2204 2229 rentibus
2226 2174 2548 2239 offeruntur,
2577 2174 2652 2229 ita
2681 2174 3036 2245 permaneant
3064 2192 3078 2227 :
3108 2174 3199 2243 qui
3230 2174 3532 2229 voluntarie

1962 2276 2380 2332 convertuntur,
2435 2268 2501 2321 ad
2550 2267 2765 2337 negotia
2815 2267 3083 2321 mundana
3124 2280 3229 2320 non
3272 2266 3538 2321 redeant:

1965 2358 2057 2428 qui
2097 2358 2250 2412 inviti
2287 2360 2451 2412 etiam
2487 2367 2858 2423 tonsurantur,
2892 2356 3004 2425 jam
3055 2356 3257 2411 saniori
3305 2356 3536 2412 consilio

1962 2462 2318 2517 perseverare
2371 2448 2719 2503 contendant.
2772 2449 2905 2504 Nam
2961 2452 3026 2506 de
3078 2459 3184 2504 tam
3235 2451 3541 2521 perspicuis

1964 2547 2272 2593 sanctorum
2302 2538 2520 2593 Patrum
2563 2539 2721 2594 dictis
2762 2541 3064 2609 ambigere,
3093 2540 3221 2610 quid
3250 2549 3334 2594 est
3360 2539 3501 2595 aliud
3522 2580 3538 2604 ,

1966 2642 2126 2697 quam
2159 2628 2474 2682 micantium
2509 2637 2779 2683 astrorum
2812 2629 2984 2699 globis
3010 2629 3313 2700 appositum
3342 2630 3542 2698 apertis

1969 2717 2145 2771 oculis
2172 2717 2247 2771 nil
2280 2717 2509 2772 videre?

2037 2808 2142 2861 Sed
2190 2808 2310 2872 dic,
2364 2823 2529 2878 rogo,
2580 2808 2938 2864 ferendumne
2987 2817 3102 2875 est,
3136 2817 3191 2863 et
3226 2824 3331 2863 non
3365 2807 3541 2877 potius

1966 2893 2150 2950 liberis
2181 2896 2403 2952 vocibus
2433 2899 2762 2967 arguendum
2783 2940 2799 2965 ,
2833 2914 2952 2953 cum
2984 2900 3134 2969 pravi
3168 2899 3392 2969 quilibet
3421 2912 3538 2951 mo-

1966 2985 2331 3039 nasteriorum
2371 2996 2644 3051 rectores,
2684 2988 2774 3055 qui
2807 3001 2908 3042 nec
2941 2986 3109 3042 Deum
3145 2987 3401 3057 diligunt,
3440 3000 3541 3040 nec

1968 3073 2179 3130 lucrum
2229 3076 2528 3131 animarum
2580 3093 2821 3146 quaerere
2875 3079 3315 3148 comprobantur,
3369 3076 3540 3146 turpis

287 3165 355 3217 ad
404 3165 543 3232 hoc,
596 3166 741 3235 quod
781 3176 1005 3237 propter
1041 3168 1210 3223 Deum
1247 3170 1501 3240 primitus
1538 3171 1853 3243 elegerunt,
1883 3157 1928 3222 C
1959 3165 2099 3220 lucri
2134 3166 2370 3221 stimulis
2400 3168 2643 3235 accensi,
2677 3168 2747 3222 ita
2778 3168 3049 3239 simplices
3076 3182 3319 3239 quosque
3344 3165 3538 3222 blanda

287 3255 758 3309 anathematizari.

362 3346 680 3403 Toletanum
714 3364 929 3420 quoque
966 3352 1255 3407 concilium
1298 3355 1625 3410 testimoniis
1662 3364 1860 3412 nostra:

287 3435 625 3507 allegationis
679 3440 840 3493 addat
898 3452 1243 3512 augmentum
1282 3463 1292 3496 :
1332 3462 1351 3494 σ
1390 3444 1734 3507 Monachum,
1779 3447 1861 3501 in-

288 3528 406 3594 quit
431 3566 447 3593 ,
471 3538 697 3598 paterna
724 3530 939 3584 devotio
958 3572 971 3594 ,
1002 3541 1095 3586 aut
1122 3534 1339 3603 propria
1365 3536 1632 3604 professio
1657 3537 1817 3592 faciat
1844 3557 1857 3591 :

290 3618 561 3688 Quidquid
596 3620 789 3674 horum
824 3620 986 3675 fuerit
1025 3623 1307 3694 allegatum
1350 3627 1549 3681 tenebit
1581 3644 1595 3692 ;
1637 3629 1861 3698 proinde

292 3708 379 3762 his
427 3709 494 3762 ad
539 3708 795 3763 mundum
832 3714 1135 3768 revertendi
1174 3713 1338 3786 366
1375 3716 1701 3773 recludimus
1761 3719 1859 3773 ad-

292 3795 449 3860 itum,
467 3804 521 3850 et
544 3812 734 3852 omnes
757 3797 822 3852 ad
851 3799 1105 3854 saeculum
1130 3801 1506 3860 interdicimus
1527 3821 1854 3877 regressus.»

288 3885 499 3942 Rursus
525 3887 580 3942 in
606 3889 793 3943 eodem
822 3890 1082 3958 concilio,
1116 3892 1271 3963 longe
1296 3896 1558 3964 superius.
1588 3898 1729 3952 inter
1754 3898 1860 3952 alia

288 3976 524 4048 legitur:
559 3996 579 4031 ι
608 3978 843 4051 Ideoque
880 3981 925 4037 si
963 3981 1017 4036 in
1048 3984 1288 4052 qualibet
1317 3987 1513 4041 minori
1545 3998 1706 4043 aetate
1726 4030 1741 4054 ,
1777 3989 1861 4043 vel

288 4070 566 4140 religionis
596 4080 869 4128 tonsuram
891 4115 905 4137 ,
934 4074 1019 4129 vel
1048 4075 1327 4147 religionis
1357 4078 1591 4133 debitam
1622 4089 1825 4136 vestem
1843 4123 1858 4145 ,

288 4160 347 4215 in
376 4171 605 4231 utroque
633 4178 764 4218 sexu
797 4164 922 4219 filiis
942 4206 956 4228 ,
987 4175 1081 4221 aut
1111 4184 1247 4221 unus
1266 4208 1280 4231 ,
1307 4178 1400 4222 aut
1424 4171 1583 4224 ambo
1610 4181 1862 4239 parentes

291 4251 571 4316 dederint,
623 4262 773 4307 certe
827 4255 911 4309 vel
959 4256 1301 4321 nolentibus,
1355 4269 1448 4313 aut
1498 4262 1861 4316 nescientibus

288 4351 593 4410 susceptam
614 4383 629 4408 ,
654 4353 709 4398 et
736 4357 843 4399 non
870 4360 995 4400 mox
1020 4347 1197 4403 visam
1222 4348 1275 4401 in
1308 4348 1433 4404 ﬁliis
1459 4349 1826 4405 abdicaverint
1843 4392 1858 4416 ,

286 4432 373 4487 vel
419 4448 602 4487 coram
651 4448 740 4497 se,
793 4434 878 4494 vel
926 4451 1105 4490 coram
1156 4438 1424 4503 Ecclesia,
1473 4439 1756 4509 palamque
1802 4441 1854 4495 in

1960 3255 2310 3325 persuasione
2347 3256 2647 3326 decipiant,
2679 3264 2738 3310 ut
2766 3272 2860 3311 eos
2890 3257 3042 3311 vanis
3078 3256 3526 3326 promissionibus

1962 3345 2173 3401 illectos
2192 3386 2206 3410 ,
2232 3348 2298 3401 ad
2324 3347 2711 3402 monasterium
2745 3347 2963 3402 trahant
2988 3364 3002 3413 ;
3034 3348 3209 3402 eritne
3233 3345 3540 3414 huiusmodi

1963 3447 2115 3492 recta
2146 3439 2464 3501 conversio,
2500 3454 2660 3508 quam
2694 3455 2797 3493 non
2834 3441 2886 3492 in
2923 3452 3324 3508 possessorem,
3356 3438 3448 3492 sed
3484 3437 3537 3492 in

1965 3529 2307 3598 possessione
2341 3529 2623 3597 praecessit
2659 3528 2986 3583 inﬂammata
3022 3528 3261 3597 cupido?
3296 3528 3373 3581 A’d
3425 3527 3540 3580 haec

1960 3632 2061 3687 ego
2087 3618 2205 3673 sine
2231 3618 2579 3673 cunctatione
2607 3617 2938 3687 respondeo,
2973 3626 3027 3671 et
3057 3616 3177 3671 istis
3205 3617 3368 3669 etiam
3408 3624 3467 3668 ut
3504 3628 3535 3667 a

1959 3712 2236 3782 proposito
2287 3710 2428 3780 quod
2460 3718 2742 3779 cmperunt
2797 3710 3017 3764 deviare
3048 3723 3154 3763 non
3186 3707 3372 3771 liccat,
3404 3720 3534 3760 con-

1961 3812 2174 3857 stanter
2210 3799 2418 3855 afﬁrmo
2448 3818 2462 3855 :
2501 3809 2556 3856 et
2589 3807 2649 3855 ut
2696 3800 3261 3871 argumentationibus
3303 3795 3537 3868 propriis

1961 3892 2101 3947 ratio
2131 3906 2236 3946 non
2267 3891 2503 3961 indigeat
2526 3931 2541 3955 ,
2574 3905 2763 3945 rursus
2801 3891 2867 3944 ad
2906 3889 3313 3959 Maguntinense
3342 3884 3536 3942 conci-

1961 3983 2091 4037 lium
2120 3996 2301 4037 sermo
2328 3989 2571 4035 recurrat
2600 3995 2615 4034 :
2645 3981 2776 4035 dicit
2803 3981 2949 4035 enim
2976 3988 3098 4049 post
3127 3979 3294 4033 multa
3322 3996 3375 4031 ι(
3395 3975 3534 4031 Con—

1960 4074 2137 4128 stituit
2160 4086 2290 4127 sane
2318 4086 2472 4126 sacer
2497 4072 2598 4126 iste
2621 4080 2919 4126 conventus
2938 4111 2953 4136 ,
2981 4071 3142 4141 367
3173 4078 3231 4123 ut
3259 4068 3529 4139 episcopi,

1960 4166 2072 4221 sive
2097 4166 2318 4219 abbates
2336 4206 2351 4231 ,
2378 4165 2468 4233 qui
2501 4179 2604 4218 non
2631 4175 2689 4217 ut
2718 4163 2771 4217 in
2799 4160 3032 4217 fructum
3059 4162 3360 4215 animarum
3382 4200 3396 4225 ,
3429 4158 3524 4214 sed

1962 4260 2016 4313 in
2057 4258 2342 4312 avaritiam
2364 4298 2377 4320 ,
2410 4265 2463 4310 et
2494 4264 2650 4324 turpe
2680 4254 2892 4308 lucrum
2932 4253 3233 4314 inhiantes,
3265 4248 3533 4319 quoslibet

1960 4350 2208 4406 homines
2233 4348 2441 4403 illectos
2465 4340 2939 4400 Circumveniendo
2964 4340 3314 4396 totonderunt
3332 4380 3345 4401 ,
3369 4346 3424 4393 et
3447 4352 3532 4391 res

1960 4457 2147 4496 eorum
2186 4440 2284 4493 tali
2324 4438 2676 4508 persuasione
2705 4450 2811 4489 non
2844 4434 3017 4489 solum
3046 4439 3404 4501 acceperunt,
3436 4430 3529 4482 sed

289 4533 562 4579 conventu
613 4525 829 4581 eosdem
875 4526 1015 4580 ﬁlios
1065 4528 1191 4581 talia
1239 4528 1439 4584 habere
1482 4530 1854 4599 permiserint,
1886 4499 1933 4557 θ
1961 4533 2135 4603 potius
2165 4530 2568 4597 surripuerunt,
2602 4525 2933 4595 pmnitentiae
2961 4517 3267 4585 canonica),
3299 4523 3411 4575 sive
3443 4535 3531 4573 re-

289 4612 357 4667 ad
392 4611 704 4670 saecularem
746 4617 941 4670 reverti
981 4616 1221 4672 habitum
1261 4619 1391 4688 ipsis
1422 4618 1654 4689 ﬁliisque
1684 4636 1859 4691 quan,-

287 4703 463 4772 doque
492 4704 704 4773 penitus
733 4720 837 4759 non
870 4705 1068 4763 licebit.
1110 4705 1214 4763 Sed
1252 4709 1518 4775 convicti,
1555 4711 1696 4780 quod
1738 4721 1857 4765 ton-

285 4809 491 4860 suram,
526 4804 619 4850 aut
666 4796 968 4866 religiosam
997 4806 1199 4854 vestem
1230 4799 1515 4869 aliquando
1543 4801 1827 4856 habuerint
1846 4843 1859 4863 ,

285 4902 410 4941 mox
450 4888 515 4941 ad
558 4888 830 4959 religionis
882 4891 1085 4945 cultum
1126 4892 1472 4962 habitumque
1512 4904 1854 4960 revocentur,

287 4988 343 5033 et
372 4981 472 5035 sub
500 4988 718 5034 strenua
748 4981 1074 5037 discretione
1102 4981 1465 5050 hujuscemodi
1498 4984 1854 5039 observantiae

291 5071 560 5127 inservire
588 5081 868 5143 cogantur.
905 5092 926 5126 ι
956 5076 974 5144 (
1008 5072 1135 5128 Vide
1162 5076 1359 5131 scholia
1398 5077 1466 5130 ad
1500 5077 1695 5130 calcem
1725 5093 1855 5146 opu-

282 5161 434 5215 sculi.
459 5161 479 5232 )

355 5249 413 5303 Si
450 5250 625 5319 placet
665 5252 831 5306 etiam
868 5250 1200 5308 Triburense
1244 5254 1571 5319 concilium,
1610 5254 1737 5323 quid
1786 5255 1853 5309 de

282 5340 563 5394 monachis
602 5341 934 5410 propositum
974 5341 1398 5412 relinquentibus
1430 5343 1724 5406 decernat,
1760 5357 1852 5395 an—

284 5428 457 5481 sculta
486 5447 497 5482 :
530 5450 549 5482 ‹
576 5430 930 5501 Quicunque,
970 5432 1175 5502 inquit,
1215 5448 1279 5487 ex
1320 5433 1668 5488 saecularibus
1705 5433 1849 5486 acci-

288 5519 499 5587 pientes
529 5523 901 5590 ptenitentiam
932 5538 993 5578 sc
1022 5524 1353 5578 totonderint
1372 5564 1387 5587 ,
1417 5531 1473 5577 et
1504 5537 1689 5577 rursus
1717 5537 1853 5592 pra:-

283 5608 587 5663 varicantes
613 5609 733 5664 laici
762 5610 889 5665 facti
920 5620 1077 5676 sunt,
1107 5613 1480 5680 comprehensi
1508 5611 1577 5665 ab
1601 5610 1853 5680 episcopo

287 5716 413 5761 suo.
466 5701 528 5753 ad
578 5702 985 5771 pmnitcntiam,
1035 5718 1101 5756 cx
1148 5718 1252 5771 qua
1298 5711 1664 5768 recesserunt,
1706 5718 1851 5757 revo-

1958 4620 2167 4692 gulari,
2206 4628 2265 4671 ut
2299 4625 2426 4686 puta
2469 4615 2642 4683 turpis
2680 4614 2815 4667 lucri
2855 4622 3152 4667 sectatores
3190 4609 3527 4678 subiaceant.

1959 4713 2000 4767 li
2039 4727 2197 4767 vero.
2240 4710 2331 4779 qui
2370 4709 2525 4763 vanis
2564 4706 3011 4776 promissionibus
3047 4704 3247 4768 illecti,
3285 4701 3373 4756 vel
3411 4701 3529 4771 qui-

1960 4802 2197 4857 buslibet
2250 4796 2745 4853 machinationibus
2792 4796 3064 4865 persuasi,
3106 4793 3303 4847 mentis
3346 4792 3530 4859 inopes

1960 4890 2161 4956 effecti,
2194 4904 2374 4943 rerum
2402 4901 2624 4941 suarum
2664 4885 2865 4939 domini
2905 4900 3028 4939 esse
3065 4883 3399 4943 nescientes,
3439 4896 3533 4934 co-

1963 4978 2107 5035 mam
2147 4980 2543 5048 deposuerunt,
2584 4977 2638 5031 in
2675 4990 2776 5042 eo,
2813 4975 2954 5044 quod
2993 4981 3304 5044 coeperunt,
3343 4986 3529 5042 perse-

1958 5086 2149 5126 verare
2177 5076 2456 5139 cogantur.
2488 5086 2507 5119 »
3070 5112 3071 5117 η

2030 5160 2138 5215 Sed
2177 5158 2437 5227 quoniam
2477 5156 2654 5211 omnis
2688 5154 2893 5211 versuti
2934 5152 3221 5224 litigatoris
3271 5151 3527 5207 machina

1961 5260 2088 5303 tunc
2135 5257 2325 5302 exacte
2371 5244 2728 5310 convincitur,
2775 5244 2818 5297 si
2866 5242 3125 5313 quidquid
3161 5239 3229 5293 ab
3265 5255 3330 5295 eo
3366 5237 3525 5305 οι)ῇίὸί

1960 5352 2117 5407 posse
2148 5335 2518 5405 perpenditur,
2550 5333 2696 5386 velut
2733 5331 3068 5401 gravissimis
3106 5329 3530 5399 argumentatio-

1956 5444 2085 5482 num
2116 5427 2379 5481 arietibus
2419 5436 2576 5478 antea
2618 5424 2916 5489 refellatur,
2958 5440 3064 5478 non
3103 5423 3389 5478 erubesces
3420 5422 3530 5475 for-

1959 5519 2100 5575 sitan
2131 5518 2344 5579 dicere,
2376 5516 2499 5584 quia
2529 5514 2591 5568 B.
2621 5514 2913 5585 Gregorius
2944 5514 3214 5569 hominem
3244 5514 3311 5568 de
3340 5526 3529 5567 morta-

1958 5609 2127 5663 sterio
2165 5608 2366 5662 retrahi
2393 5646 2409 5669 ,
2452 5616 2506 5661 et
2537 5606 2691 5660 uxori
2729 5621 2870 5669 suae,
2910 5604 3121 5659 etiamsi
3181 5602 3291 5673 jam
3342 5609 3523 5656 tonsu-

1961 5708 2107 5754 ralus
2157 5706 2334 5759 esset,
2388 5696 2536 5752 reddi
2586 5696 2856 5765 prtct‘cpit.
2909 5695 3015 5750 Sed
3052 5705 3112 5748 ct
3146 5709 3245 5749 nos
3284 5692 3379 5749 tibi
3418 5706 3525 5746 nou
