4080 6194
413 396 524 451 373

1026 387 1267 446 OPUSC.
1311 386 1448 441 XVI.
1475 417 1543 428 -—
1571 387 1851 444 CONTRA
1891 387 2104 442 EPISC.
2147 387 2450 452 MONACH.
2495 388 2586 444 AD
2627 387 2800 443 δίΕῦ.
2841 388 3102 457 BEVOC.

3573 394 3684 448 ’ὅτι

414 506 692 563 Immerito
747 500 1170 571 respondemus,
1227 500 1354 568 quia
1405 485 1598 570 sagitta
1653 501 1706 554 in
1762 499 1992 568 lapidem
2024 505 2071 562 Α
2101 500 2464 554 testimonium
2505 502 2830 569 qmeriums,
2861 501 2921 554 Β.
2967 502 3214 556 Gelasius
3253 505 3531 558 memoria:
3569 506 3682 575 pri-

413 597 582 652 missa
621 591 896 650 interdum
937 591 1173 660 percutit
1208 591 1570 660 dirigentem:
1625 598 1679 644 et
1727 604 1869 658 saepe
1920 589 2000 643 in-

413 695 608 740 cautus
647 681 803 737 miles
841 681 1031 735 eodem
1074 679 1210 746 telo,
1257 695 1364 748 quo
1417 689 1700 750 percutere
1747 681 2000 736 adversa-

411 777 556 832 rium
603 774 819 838 nititur,
865 772 978 842 ipse
1019 772 1199 842 potius
1239 770 1516 826 lethaliter
1556 768 1890 824 vulneratur.
1942 769 1998 824 Si

410 868 562 924 enim
593 867 698 920 hoc
727 862 1038 933 exemplum
1067 860 1356 932 diligenter
1387 861 1669 934 inspicias,
1707 875 1805 930 pro
1845 861 2000 914 nobis

409 969 564 1015 stare
590 956 856 1018 cernitur,
889 951 1093 1008 nostris
1132 951 1548 1021 allegationibus
1579 950 1825 1006 attestari
1856 950 2003 1004 inex-

407 1045 780 1118 pugnabiliter
809 1043 1086 1098 invenitur
1134 1059 1146 1094 :
1190 1050 1244 1095 et
1273 1041 1500 1110 utquod
1531 1041 1726 1096 dicitur
1779 1040 1893 1108 ipsa
1923 1041 1996 1092 rei

409 1136 856 1194 manifestatione
889 1133 1190 1197 clarescat,
1220 1131 1421 1200 aliquid
1457 1131 1544 1186 hic
1570 1132 1638 1186 de
1667 1129 2000 1202 Gregoriana

408 1227 648 1298 epistola
690 1225 1072 1280 intermiscere
1109 1238 1214 1276 non
1255 1222 1478 1292 pigeat:
1509 1241 1526 1272 ι
1563 1223 1875 1292 Agathora,
1917 1222 2002 1278 in-

407 1320 560 1390 quit,
601 1317 766 1372 latrix
805 1315 1155 1386 prarsentium
1186 1322 1378 1382 questa
1410 1323 1526 1378 est,
1559 1313 1812 1366 maritum
1844 1327 2000 1368 suum

407 1423 602 1468 contra
629 1410 963 1465 voluntatem
989 1422 1142 1462 suam
1171 1407 1224 1460 in
1251 1406 1582 1460 monasterio
1611 1404 1796 1461 Urbici
1837 1405 2004 1460 abba-

411 1505 484 1556 tis
511 1517 636 1556 esse
659 1513 1007 1554 conversum.
1039 1495 1225 1564 Quod,
1253 1495 1381 1566 quia
1413 1495 1479 1548 ad
1513 1493 1754 1562 ejusdem
1786 1494 1999 1548 abbatis

414 1595 670 1662 culpam,
718 1601 774 1647 et
825 1590 1082 1646 invidiam
1136 1603 1242 1642 non
1293 1595 1376 1644 est
1429 1587 1648 1641 dubium
1696 1587 2001 1657 pertinere,

413 1685 762 1756 experientiae
810 1693 914 1738 tua:
967 1679 1342 1752 przecipimus,
1385 1688 1450 1734 ut
1491 1679 1730 1750 diligenti
1779 1679 2003 1748 inquisi-

413 1785 562 1834 tione
612 1775 904 1840 discutiat,
957 1790 1022 1828 ne
1061 1774 1200 1828 forte
1241 1789 1362 1828 cum
1400 1773 1516 1843 ejus
1553 1773 1830 1826 voluntate
1875 1789 2004 1828 cun-

414 1879 604 1923 versus
632 1868 732 1930 sit,
767 1865 850 1920 vel
882 1865 998 1933 ipsa
1025 1881 1084 1920 se
1115 1873 1328 1918 mutare
1355 1861 1703 1932 promiserit:
1734 1871 1788 1916 et
1817 1863 1860 1916 si
1903 1864 2002 1918 hoc
2033 1856 2106 1914 B-

413 1959 706 2030 repererit,
735 1965 790 2014 et
829 1957 976 2012 illum
1015 1958 1066 2010 iu
1109 1955 1450 2010 monasterio.
1473 1967 1792 2024 permanere
1821 1955 2001 2022 provi-

413 2049 562 2112 deat,
619 2057 676 2102 et
704 2048 880 2109 hanc,
913 2047 1056 2102 sicut
1089 2045 1371 2120 promisit,
1412 2045 1607 2098 mutari
1639 2043 1950 2112 compellat.
1978 2063 1995 2096 ι

415 2137 550 2193 Ecce
589 2137 726 2192 nihil
755 2137 842 2190 hic
867 2137 934 2191 de
959 2151 1170 2191 inor-osa
1201 2135 1590 2200 conversione,
1624 2135 1754 2190 nihil
1781 2135 1846 2190 de
1883 2135 2001 2189 diu-

413 2229 673 2284 turnitate
707 2227 1041 2298 probationis
1073 2225 1382 2296 inquiritur,
1409 2225 1502 2280 sed
1532 2227 1634 2280 hoc
1668 2234 1876 2280 tantum
1909 2225 1996 2296 ju-

410 2318 588 2381 betur,
616 2328 675 2372 ut
701 2320 743 2374 si
776 2319 864 2396 ille
887 2334 1010 2374 cum
1041 2318 1230 2373 uxoria
1259 2318 1532 2374 voluntate
1559 2328 1614 2372 et
1639 2319 1999 2387 promissione

413 2425 716 2466 conversus
741 2408 910 2464 fuisse
940 2409 1302 2472 convincitur,
1337 2410 1390 2464 in
1424 2408 1612 2464 eodem
1645 2403 2010 2480 perseverare

411 2502 696 2571 proposito
725 2500 1055 2555 onmimodis
1085 2499 1462 2568 compellatur.

481 2589 638 2660 Quod
669 2601 851 2646 autem
883 2591 1132 2661 sequitur
1159 2611 1170 2646 :
1203 2610 1220 2643 ι
1252 2591 1306 2646 Si
1340 2607 1468 2646 vero
1499 2591 1632 2645 nihil
1665 2591 1855 2646 horum
1885 2601 1962 2646 est
1984 2633 1998 2656 ,

415 2684 519 2738 hoc
553 2694 640 2738 est
679 2683 968 2750 videlicet,
1008 2683 1052 2738 si
1093 2699 1270 2755 neque
1309 2700 1431 2739 cum
1473 2684 1784 2748 voluntate,
1828 2699 2002 2753 neque

413 2787 538 2831 cum
590 2775 950 2844 promissione
1001 2783 1085 2829 est
1134 2775 1322 2830 uxoris
1346 2790 1680 2838 conversus,
1711 2785 1768 2828 ut
1811 2775 2005 2829 redda-

417 2874 522 2917 tur.
559 2885 578 2917 ι
609 2864 722 2919 iloc
760 2865 926 2920 etiam
967 2866 1204 2921 maxime
1241 2866 1446 2922 nostris
1475 2865 1724 2936 opitulari
1758 2865 2002 2936 partibus

419 2973 524 3010 non
557 2967 648 3011 est
683 2955 903 3011 dubium
924 2997 940 3024 ,
977 2956 1240 3011 nimirum
1278 2958 1404 3011 dmn
1431 2958 1764 3013 enmneratis
1789 2959 2000 3022 causis,

417 3050 616 3118 quibus
647 3049 733 3104 vir
763 3052 916 3105 uxori
949 3050 1102 3106 reddi
1135 3050 1464 3120 prmcipitur,
1496 3052 1644 3105 nulla
1684 3052 1750 3106 de
1788 3066 2000 3104 morosa

417 3141 778 3196 conversione
823 3141 1029 3196 mentio
1067 3143 1336 3212 reperitur
1362 3161 1374 3195 :
1406 3158 1566 3210 quam
1597 3143 1804 3198 scilicet
1835 3141 2003 3214 longe

417 3232 791 3286 conversionis
833 3248 1039 3287 moram
1085 3233 1130 3287 si
1171 3232 1300 3302 quid
1342 3234 1632 3296 momenti,
1664 3235 1706 3287 si
1751 3235 1880 3304 quid
1924 3235 2004 3286 vi-

419 3320 562 3373 rium
605 3321 1056 3391 vigilantissimus
1082 3323 1165 3376 vir
1194 3323 1397 3377 habere
1441 3323 1790 3388 decerneret,
1836 3325 2004 3392 expli-

417 3413 558 3466 catis
586 3413 725 3480 aliis,
755 3430 1098 3486 nequaquam
1121 3415 1260 3470 hanc
1289 3415 1502 3470 silentio
1528 3417 1828 3486 praeteriret
1858 3435 1869 3470 :
1903 3417 1998 3472 sed

417 3520 588 3575 quam
621 3507 823 3571 tacuit,
852 3507 1136 3562 tacendum
1166 3521 1286 3562 esse
1315 3507 1535 3563 silentio
1560 3507 1826 3566 clamante
1869 3524 2004 3578 prte-

417 3598 588 3667 cepit.

1025 3690 1250 3748 CAPUT
1297 3692 1382 3747 Vl.

491 3776 624 3844 Qui:
651 3789 780 3834 mtas
811 3783 1109 3852 requiratur
1135 3785 1189 3838 in
1221 3784 1596 3838 consecrandis
1627 3785 1930 3854 virginibus.

497 3871 694 3926 Verum
727 3873 820 3940 qui
855 3883 964 3928 tam
993 3873 1371 3930 densissimam
1414 3875 1628 3928 testium
1675 3876 1872 3930 nubem
1911 3891 2004 3946 0p-

417 3963 654 4029 positam
685 3965 792 4018 tuis
820 3965 1292 4020 adinventionibus
1317 3965 1606 4036 conspicis,
1636 3983 1694 4020 ιι.
1715 3983 1832 4040 ..ιω
1856 3984 2006 4022 more

419 4053 624 4109 lubrici
655 4056 880 4125 anguis,
912 4057 1018 4110 huc
1049 4055 1287 4126 illucque
1331 4066 1382 4110 te
1423 4065 1640 4112 vertere
1679 4057 2008 4112 cons.rictus

419 4159 587 4197 manu
618 4145 810 4200 validae
842 4146 1066 4202 rationis
1093 4146 1317 4202 minime
1343 4147 1544 4216 possis,
1567 4147 1800 4210 fortasse
1827 4157 2004 4202 tamen

417 4235 601 4288 adhuc
632 4235 698 4290 de
729 4237 816 4290 his
1035 4237 1126 4306 qui
1157 4236 1209 4290 in
1239 4237 1560 4306 aegritudine
1591 4237 1750 4308 positi
1779 4253 2005 4294 conver-

419 4331 636 4388 tuntur,
668 4325 934 4380 rationem
969 4328 1064 4381 tibi
1101 4325 1255 4382 reddi
1286 4327 1600 4396 specialiter
1629 4328 1870 4398 quaeris;
1904 4328 2000 4382 sed

415 4415 466 4468 si
509 4425 700 4470 cuneta
727 4457 742 4480 ,
779 4432 898 4486 qua:
934 4419 1188 4486 superius
1223 4417 1366 4474 dicta
1405 4429 1566 4482 sunt,
1603 4417 1894 4490 diligenter
1927 4429 2007 4473 at-

2103 607 2222 648 mus
2249 593 2532 658 occurrit,
2563 594 2655 663 qui
2689 595 2798 648 ait:
2829 615 2846 645 ι
2879 594 3098 650 Devotis
3135 611 3352 665 quoque
3387 597 3686 668 virginibus

2102 691 2204 744 nisi
2235 699 2330 746 aut
2357 692 2410 744 in
2441 691 2737 762 Epiphania
2761 735 2776 756 ,
2809 703 2904 747 aut
2931 694 3154 750 inalbis
3181 696 3552 765 paschalibus,
3588 709 3682 752 aut

2103 781 2156 835 in
2201 782 2566 851 apostolorum
2617 784 2877 839 natalitiis
2924 801 3140 840 sacrum
3179 787 3402 842 minime
3437 789 3681 844 velamen

2103 871 2432 940 imponatur,
2464 881 2520 926 et
2551 888 2654 926 non
2686 883 2814 932 ante
2841 875 3032 945 viginti
3061 877 3301 947 quinque
3338 893 3539 940 annos,
3579 879 3684 933 nisi

2101 959 2278 1026 forte,
2325 961 2464 1016 sicut
2511 963 2578 1016 de
2626 962 2950 1030 baptismate
2975 963 3178 1018 dictum
3207 975 3322 1030 est,
3369 966 3518 1036 gravi
3563 965 3680 1020 lan-

2101 1069 2268 1124 guore
2298 1054 2594 1123 correptis,
2628 1069 2696 1107 ne
2722 1055 2839 1110 sine
2870 1055 2972 1110 hoc
3011 1070 3234 1111 munere
3273 1055 3339 1111 de
3371 1057 3568 1112 saaculo
3591 1053 3687 1111 ex-

2102 1152 2258 1210 eant,
2293 1144 2706 1215 implorantibus
2737 1161 2845 1201 non
2877 1155 3118 1216 negetur.
3147 1166 3164 1198 »
3185 1146 3348 1204 Vides
3376 1163 3527 1220 ergo,
3558 1150 3684 1218 quia

2103 1233 2250 1289 illam
2277 1235 2444 1290 etiam
2475 1235 2885 1292 conversionem
2905 1277 2920 1302 ,
2951 1251 3110 1306 quam
3163 1237 3442 1294 infirmare
3481 1249 3538 1294 et
3563 1240 3687 1294 irri-

2105 1332 2212 1380 tam
2241 1324 2468 1380 reddere
2495 1325 2700 1380 sanitas
2719 1333 2954 1394 poterat,
2971 1326 3258 1381 inﬁrmitas
3289 1329 3509 1383 roborat
3527 1369 3542 1391 ,
3570 1329 3686 1382 lan-

2102 1431 2240 1486 guor
2275 1417 2547 1471 excusat?
2585 1416 2688 1481 Et,
2729 1425 2788 1472 ut
2829 1417 2902 1472 ita
2941 1417 3154 1486 loquar,
3205 1421 3348 1474 unde
3385 1435 3686 1476 conversus

2101 1509 2342 1574 corruit,
2376 1509 2500 1564 inde
2528 1510 2812 1564 conversio
2840 1509 3190 1564 convalescit.

2180 1597 2286 1654 Sed
2318 1599 2362 1654 si
2395 1599 2535 1654 forte
2563 1599 2918 1654 calumniaris
2947 1615 3032 1654 me
3061 1600 3366 1669 exemplum
3397 1603 3464 1657 de
3493 1603 3684 1657 mulie-

2104 1690 2254 1746 ribus
2283 1690 2582 1746 reddidisse
2603 1729 2622 1756 ,
2653 1706 2778 1746 cum
2819 1699 2874 1746 tu
2915 1690 2984 1745 de
3009 1690 3144 1744 viris
3175 1691 3516 1761 inquireres;
3558 1694 3682 1748 nolo

2103 1793 2158 1838 te
2177 1783 2364 1848 lateat,
2384 1783 2526 1852 quod
2557 1784 2610 1838 in
2635 1782 3002 1840 Veruicriensi
3026 1783 3504 1854 conciliolegitur:
3533 1803 3551 1836 ι
3585 1785 3687 1839 Ea-

2107 1873 2260 1938 dem,
2301 1874 2511 1942 inquit,
2553 1872 2640 1930 lex
2674 1872 2782 1928 erit
2817 1873 2936 1928 viro
2973 1882 3030 1928 et
3065 1871 3300 1926 feminae.
3335 1890 3354 1924 ι
3381 1871 3449 1926 Et
3483 1872 3530 1927 si
3565 1889 3690 1942 qua:

2107 1965 2254 2020 dicta
2275 1973 2398 2020 sunt
2420 2005 2436 2030 ,
2460 1964 2702 2022 studiose
2731 1964 3062 2030 consideras,
3091 1964 3157 2018 ad
3183 1964 3560 2034 disputationis
3581 1965 3689 2018 vim

2107 2056 2428 2127 propensius
2459 2055 2822 2112 roborandam
2855 2056 2956 2110 hoc
2987 2071 3094 2110 non
3123 2070 3192 2108 ex
3219 2055 3566 2120 necessitate,
3597 2056 3688 2109 sed

2108 2165 2172 2204 cx
2219 2148 2378 2204 taedio
2413 2147 2610 2204 fecisse
2649 2163 2734 2204 me
2773 2162 2879 2202 non
2921 2147 3160 2216 ignoras.
3199 2145 3370 2202 Plane
3407 2148 3454 2201 si
3491 2157 3686 2202 cuncta

2107 2257 2282 2296 saera:
2335 2239 2636 2309 Scriptura:
2685 2240 2992 2294 testimonia
3019 2279 3035 2302 ,
3083 2253 3202 2308 qua:
3235 2239 3362 2294 huic
3401 2238 3690 2294 assertioni

2108 2346 2349 2400 congrua
2405 2330 2774 2400 reperiuntur,
2829 2338 3164 2385 tentaremus
3211 2343 3514 2398 apponere,
3565 2341 3692 2382 ante

2107 2423 2340 2478 fortasse
2375 2421 2526 2484 dies,
2563 2435 2726 2490 quam
2766 2421 3136 2488 exemplorum
3189 2419 3346 2490 copia
3393 2433 3687 2474 numerosa

2027 2559 2030 2562 λ
2107 2511 2404 2568 deﬁceret:
2447 2526 2680 2580 quorum
2717 2508 2970 2564 videlicet
3007 2509 3212 2562 idcirco
3249 2508 3494 2564 scribere
3529 2507 3686 2578 plura

2109 2601 2513 2672 postponimus,
2543 2599 2668 2668 quia
2696 2597 3024 2668 prolixitatis
3053 2597 3326 2652 fastidium
3357 2597 3683 2652 devitamus.

2108 2693 2446 2764 Quapropter
2517 2691 2858 2758 imprudenter
2934 2689 3110 2742 adhuc
3153 2688 3464 2742 testimonia
3503 2688 3686 2755 requi-

2109 2792 2318 2838 rentem
2353 2783 2419 2838 ad
2453 2795 2540 2846 ea,
2563 2795 2684 2850 quae
2721 2778 2970 2848 superius
3003 2790 3130 2834 sunt
3150 2787 3428 2849 congesta,
3457 2780 3692 2832 remitti-

2110 2890 2271 2938 mus;
2313 2873 2404 2927 ubi
2443 2880 2676 2942 aegrotos
2713 2871 2921 2940 pariter
2957 2878 3014 2924 et
3051 2868 3346 2925 incolumes
3377 2867 3566 2922 eadem
3607 2883 3690 2922 re-

2109 2963 2231 3034 gula
2261 2961 2702 3032 comprehendit,
2736 2975 2856 3029 quae
2885 2975 2990 3014 non
3021 2959 3196 3014 solum
3226 2959 3562 3022 voluntarie,
3595 2960 3690 3014 sed

2110 3057 2276 3112 etiam
2318 3054 2584 3110 violenter
2619 3069 2915 3110 conversos
2940 3093 2954 3118 ,
2996 3053 3141 3108 ultro
3178 3053 3342 3108 etiam
3385 3053 3692 3119 deceptoris

2113 3147 2610 3208 machinationibus
2641 3161 2928 3217 persuasos
2955 3146 3006 3200 in
3035 3145 3226 3202 eodem
3257 3144 3534 3215 proposito
3563 3158 3698 3214 ραις

2111 3257 2364 3300 severare
2391 3240 2654 3296 decernit.

2705 3373 2934 3430 CAPUT
2971 3371 3078 3428 νη.

2533 3489 2612 3542 An
2645 3487 2816 3542 vidua:
2845 3484 3006 3541 velari
3031 3485 3252 3556 possint;

2181 3603 2352 3658 Tanta
2391 3600 2780 3664 veneratione,
2823 3608 2973 3654 tanta
3013 3597 3274 3654 custodia:
3307 3611 3536 3654 censura
3573 3614 3690 3652 mo-

2109 3695 2396 3750 nachicum
2435 3692 2678 3748 habitum
2719 3691 2896 3746 sancti
2933 3689 3122 3744 Patres
3155 3691 3376 3759 digmmi
3405 3699 3528 3744 esse
3555 3704 3691 3744 cen-

2109 3794 2450 3849 suerunt,.ut
2479 3797 2615 3852 pene
2643 3797 2972 3852 quocunque
2998 3781 3156 3834 modo
3192 3780 3340 3834 illum
3369 3781 3494 3849 quis
3519 3782 3698 3834 semei

2109 3879 2384 3940 indueret,
2403 3873 2743 3943 relinquendi
2771 3863 3116 3941 postmodum
3147 3869 3420 3924 licentiam
3453 3885 3556 3924 non
3591 3870 3689 3923 ha-

2109 3979 2278 4026 ben-et.
2321 3967 2392 4022 Et
2427 3976 2521 4032 ιι,
2556 3965 2702 4025 otiod
2752 3964 3011 4020 dicimus.
3063 3961 3386 4016 testimoniis
3430 3963 3690 4030 approbe-

2109 4078 2260 4128 mus,
2299 4057 2538 4128 nunquid
2579 4071 2684 4110 non
2738 4054 3034 4124 saepissime
3065 4069 3116 4106 m
3147 4041 3646 4108 εδιτιδιωιυιιιιιιις
3671 4093 3683 4112 .

2109 4150 2472 4213 interdicitur,
2509 4157 2572 4204 ut
2598 4147 2755 4200 vidua
2783 4161 2890 4200 non
2916 4143 3164 4200 veletur?
3191 4141 3370 4206 Unde,
3405 4153 3464 4197 ut
3495 4144 3560 4198 de
3587 4159 3690 4198 cte-

2109 4244 2244 4300 teris
2269 4241 2462 4296 sileam
2483 4279 2498 4302 ,
2526 4237 2776 4294 Gclasius
2803 4237 2880 4290 ait
2905 4253 2916 4288 :
2951 4253 2970 4285 ι
3008 4235 3236 4298 Viduas,
3269 4235 3478 4304 inquit,
3508 4234 3690 4288 velare

2109 4330 2428 4402 pontiﬁcum
2465 4329 2644 4384 nullus
2683 4335 2935 4384 attentet.
2971 4323 3094 4382 llaec
3125 4336 3338 4389 tamen,
3370 4343 3490 4396 qua:
3517 4325 3704 4381 velari-

2105 4423 2272 4497 369
2293 4423 2458 4479 etiam
2493 4437 2522 4474 a
2563 4421 2820 4490 pontiﬁce
2865 4417 3206 4490 prohibetur,
3241 4417 3286 4472 si
3315 4418 3552 4486 quolibet
3595 4420 3692 4472 im-

417 4507 646 4572 tendas,
687 4509 1029 4577 perspicuum
1064 4519 1146 4564 est
1169 4550 1184 4572 ,
1232 4520 1283 4564 te
1322 4508 1591 4579 superﬂuo
1627 4511 1694 4566 de
1721 4511 1903 4580 specie
1935 4509 1999 4564 il-
2029 4513 2264 4609 Dpulsu
2297 4513 2410 4582 ipsa
2453 4509 2556 4566 sibi
2595 4509 2810 4578 signum
2841 4507 2982 4562 sacri
3029 4506 3316 4564 velaminis
3341 4507 3702 4576 imposuerit,

413 4599 514 4652 Iud
563 4599 870 4668 ambigere,
902 4600 1046 4669 quod
1096 4599 1163 4654 de
1210 4615 1408 4670 genere
1458 4601 1668 4669 cogeris
1707 4599 1998 4656 afﬁrmare.

417 4687 482 4743 Si
524 4688 666 4741 enim
696 4689 762 4742 de
791 4688 1042 4744 omnibus
1081 4705 1186 4744 non
1227 4689 1398 4744 solum
1437 4697 1664 4764 sponte,
1703 4691 1795 4745 sed
1839 4675 2004 4744 etiam

413 4786 610 4832 coacte
659 4779 964 4841 conversis,
1017 4779 1084 4834 de
1139 4779 1226 4832 his
1260 4779 1424 4834 etiam
1466 4780 1555 4848 qui
1593 4781 2038 4852 despiciuntur,_

413 4872 710 4928 conversio
755 4881 874 4926 rata
915 4872 1266 4937 decernitur;
1308 4873 1540 4941 qualiter
1577 4871 1630 4925 in
1683 4873 1900 4942 :rgrotis
1938 4873 2004 4926 ad

415 4965 527 5018 hoc
587 4963 1024 5018 inenarrabiliter
1077 4964 1453 5024 aastuantibus,
1515 4971 1569 5016 et.
1624 4978 1746 5016 eum
1810 4978 2008 5032 magno

413 5051 698 5108 desiderio
753 5053 1122 5124 flagitantibus
1175 5068 1280 5106 non
1329 5053 1514 5106 eadem
1573 5051 1840 5124 pnecipue
1887 5067 2010 5105 sen-

415 5144 590 5198 tentia
617 5146 1012 5200 conservetur?

497 5233 628 5288 Nam
669 5245 728 5288 ut
766 5236 831 5290 de
872 5235 1000 5288 viris
1040 5243 1278 5300 taceam,
1313 5235 1509 5304 quibus
1539 5235 1604 5288 ad
1637 5235 2009 5288 conversionis

417 5325 722 5378 remedium
773 5325 918 5380 nulla
971 5326 1288 5396 pra-judicat
1333 5334 1501 5389 tetas,
1538 5325 1740 5380 nullum
1799 5335 2009 5394 tempus

417 5415 670 5480 obsistit,
707 5417 854 5486 ipsas
885 5417 1047 5470 etiam
1089 5415 1359 5488 virgines,
1401 5430 1538 5483 quas
1577 5415 1675 5469 nisi
1717 5415 1768 5467 in
1811 5415 2001 5484 praeri—

413 5505 550 5575 puis
589 5505 976 5560 festivitatibus
1002 5547 1016 5570 ,
1071 5516 1124 5560 et
1161 5513 1282 5575 post
1325 5505 1516 5576 viginti
1558 5505 1796 5576 quinque
1835 5521 2005 5559 annos

413 5595 602 5648 attatis
656 5597 962 5650 consecrari
1021 5595 1242 5650 minime
1295 5595 1452 5662 licet,
1510 5597 1768 5666 languore
1829 5607 2006 5652 tamen

419 5695 712 5753 correptas
739 5695 792 5738 et
822 5685 1132 5740 consecrari
1160 5726 1173 5750 ,
1204 5695 1258 5740 et
1296 5700 1508 5740 sacrum
1547 5685 1789 5740 velamen
1832 5687 2008 5740 susci—

421 5791 564 5842 pere
599 5773 907 5841 plenissime
943 5773 1086 5831 licrt.
1130 5775 1224 5833 Cui
1268 5776 1552 5831 asscrtioni
1595 5776 1722 5830 dum
1763 5775 2010 5832 adhiberi

2108 4606 2312 4678 absque
2361 4602 2468 4658 ullo
2515 4601 2902 4656 retractatione
2943 4598 3250 4666 relinquere
3305 4597 3531 4654 ulterius
3579 4615 3688 4672 nqn

2107 4691 2350 4750 audebit.
2406 4709 2425 4742 ι
2461 4689 2614 4745 Unde
2657 4689 2709 4744 in
2747 4685 3126 4742 Aurelianensi
3161 4686 3392 4740 concilio
3422 4686 3614 4755 legitur
3672 4705 3684 4740 :

2113 4804 2131 4836 ι
2169 4783 2376 4846 Viduas.
2407 4795 2528 4852 quae
2569 4787 2876 4848 spontanea.
2920 4775 3194 4830 voluntate
3223 4774 3293 4830 ab
3331 4775 3486 4829 altari
3519 4791 3700 4832 sacrae-

2108 4871 2537 4932 conversationis
2565 4869 2809 4924 velamen
2835 4868 3162 4936 suscipiunt,
3190 4867 3430 4924 decrevit
3452 4869 3696 4936 synodus

2109 4965 2162 5018 iu
2199 4963 2387 5018 eodem
2426 4959 2702 5028 proposito
2755 4972 2847 5012 eas
2895 4973 3234 5029 permanere.
3285 4957 3400 5012 Non
3435 4957 3578 5014 enim
3609 4957 3694 5012 fas

2114 5068 2236 5110 esse
2287 5051 2648 5114 decernimus,
2705 5057 2988 5120 postquam
3037 5065 3095 5106 se
3135 5047 3361 5104 Domino
3389 5048 3550 5102 semel
3590 5049 3690 5102 sub

2113 5147 2234 5200 velo
2278 5144 2738 5206 consecraverint,
2781 5143 2976 5197 iterum
3037 5142 3117 5197 eis
3189 5141 3406 5196 concedi
3465 5140 3690 5210 Spiritui

2113 5245 2300 5292 sancto
2329 5236 2570 5292 mentiri.
2627 5255 2645 5286 ι
2687 5235 2752 5288 Ει
2787 5233 2928 5290 idem
2961 5233 3086 5288 alibi
3123 5241 3245 5304 post
3277 5233 3442 5286 multa
3475 5250 3488 5286 :
3527 5253 3545 5284 ι
3581 5233 3691 5290 Nos

2115 5337 2294 5382 autem
2323 5327 2646 5382 auctoritate
2692 5324 2908 5376 Patrum
2939 5323 3138 5378 sull‘ulti
3171 5324 3224 5377 in
3253 5324 3354 5378 hoc
3383 5339 3537 5378 sacro
3563 5339 3693 5379 con-

2111 5428 2274 5474 ventu
2347 5418 2640 5480 sancimus,
2709 5423 2764 5470 et
2809 5415 2978 5468 libere
3029 5415 3360 5482 iudicamus;
3422 5415 3464 5469 si
3531 5415 3690 5472 vidua

2113 5519 2304 5582 sponte
2341 5511 2606 5573 velamen,
2653 5509 2902 5576 quamvis
2945 5520 3049 5560 non
3105 5519 3342 5570 Sacrum,
3378 5507 3482 5563 sibi
3521 5507 3692 5579 impo-

2115 5601 2306 5666 suerit,
2343 5609 2398 5656 et
2449 5600 2502 5654 in
2541 5597 2778 5654 Ecclesia
2817 5597 2958 5652 inter
2985 5596 3192 5652 velatas
3225 5599 3552 5656 oblationem
3585 5600 3694 5654 Deo

2115 5689 2392 5754 obtulerit,
2426 5687 2582 5751 velit,
2607 5687 2760 5752 nolit,
2789 5686 3160 5742 sanctimonia:
3199 5689 3438 5746 habitum
3465 5689 3694 5744 ulterius

2119 5780 2318 5836 habere
2348 5777 2585 5846 debebit,
2617 5775 2742 5832 licet
2795 5787 3132 5833 sacramento
3175 5779 3494 5833 conﬁrmare
3541 5779 3690 5832 velit.
