4080 6194
333 374 438 431 575

813 369 879 442 FS.
922 366 1125 423 PETRI
1164 332 1453 423 DA‘MIANI
1494 364 1643 421 OPP.
1683 361 1919 420 TOMUS
1959 363 2090 420 SEU
2134 362 2311 420 PARS
2346 362 2429 419 lli.
2462 360 2898 437 ——O'PUSC.ULA
2942 358 3152 416 VARIA

3501 353 3605 410 376
3627 424 3633 431 η

330 507 397 547 eo
453 499 637 545 tenore
682 495 736 542 et
781 485 991 539 ratione
1035 483 1287 537 velamen
1343 480 1443 535 sibi
1478 478 1819 548 imposuisse,
1859 486 1919 532 ut
1946 484 1992 538 Α
2021 494 2289 533 canonum
2317 477 2644 535 auctoritate
2698 474 3068 538 confunditur,
3100 469 3300 527 nostris
3323 468 3488 523 etiam
3522 481 3605 521 ra-

332 584 525 638 iterum
552 588 730 651 posset
759 577 1047 646 deponere.
1076 594 1095 627 ι

405 675 596 743 Liquet
631 672 817 742 igitur,
862 666 988 739 quia
1019 676 1074 721 et
1113 665 1201 720 illa
1233 665 1544 728 conversio,
1585 678 1707 733 qum
1738 660 1927 733 legali-

336 779 419 824 ter
448 784 554 822 non
595 764 879 835 processit,
928 770 983 817 et
1022 761 1136 816 fieri
1190 759 1417 815 omnino
1444 772 1548 812 non
1592 755 1808 818 debuit;
1842 764 1925 809 tn-

336 876 461 915 men
505 866 728 927 propter
781 854 925 909 sacri
976 851 1183 908 ordinis
1220 849 1609 913 reverentiam,
1641 855 1925 918 postquam

340 950 481 1006 facta
511 958 612 1011 est,
634 950 745 1019 jam
776 962 881 1001 non
922 945 1262 1015 permittitur
1297 942 1509 997 violari.
1540 941 1596 995 Si
1622 954 1751 1011 ergo
1777 939 1925 993 illam

342 1040 748 1098 conversionem
775 1036 948 1091 sancti
977 1035 1167 1089 Patres
1208 1032 1470 1087 roborant
1514 1029 1737 1093 factam,
1768 1041 1930 1097 quam

341 1141 397 1187 et
447 1129 547 1200 ipsi
600 1126 929 1200 prohibuere
971 1124 1249 1183 futuram;
1273 1122 1403 1191 quid
1437 1121 1505 1176 de
1536 1119 1647 1184 illa,
1678 1120 1931 1182 obsecro,

344 1222 685 1279 sentiendum
707 1226 814 1285 est,
838 1218 903 1273 ad
939 1230 1099 1289 quam
1141 1214 1426 1270 venientes
1456 1208 1934 1267 adhortationibus

344 1321 671 1384 provocant,
729 1311 803 1365 in.‘
832 1324 936 1379 qua
970 1308 1177 1378 positos
1222 1306 1569 1361 obtestantur
1598 1313 1653 1358 ut
1688 1315 1939 1373 perseve-

347 1419 473 1459 rare
491 1418 596 1459 non
620 1401 905 1458 desinant?
932 1399 1023 1455 Sic
1037 1400 1199 1456 etiam
1216 1406 1297 1463 tu,
1321 1398 1365 1452 si
1391 1396 1582 1467 quovis
1605 1403 1762 1465 pacto
1790 1393 1938 1449 subi-

350 1506 507 1551 tanea
559 1493 657 1549 tibi
698 1490 984 1548 conversio
1022 1489 1363 1558 displicebat,
1418 1496 1480 1541 ut
1530 1503 1562 1542 a
1624 1495 1936 1541 sanctorum

350 1586 572 1641 Patrum
624 1599 814 1640 norma
864 1582 918 1636 in
967 1581 1115 1636 nullo
1143 1590 1195 1635 te
1222 1580 1575 1635 dissidentem
1603 1580 1937 1643 ostenderes,

350 1689 569 1748 poteras
614 1675 840 1730 forsitan
890 1670 1271 1728 convertendis
1324 1668 1542 1742 quidem
1602 1670 1809 1740 aliquid
1870 1669 1938 1724 de

356 1784 508 1824 mora
587 1764 957 1823 conversionis
1030 1762 1322 1833 objicere;
1403 1756 1681 1818 conversis
1761 1767 1941 1815 autem

2023 570 2258 625 tionibtts
2286 566 2639 638 probabiliter
2665 574 2953 636 superetur
2985 578 2999 617 :
3029 570 3295 632 quatenus
3324 571 3613 628 argumen-

2024 665 2291 717 tationum
2314 659 2551 718 circulus
2574 659 2652 714 sic
2675 657 2914 727 undique
2944 654 3085 709 labia
3132 652 3317 707 dolosa
3343 644 3614 704 constrin-

2027 762 2139 825 gat,
2179 761 2238 808 ut
2286 769 2318 808 a
2350 760 2459 807 tam
2490 764 2749 821 perversa
2788 747 3033 803 doctrina
3060 741 3377 799 necessario
3416 740 3467 792 in
3493 754 3616 808 per-

2027 853 2250 916 petuum
2280 844 2645 908 conticescat;
2677 850 2736 895 ut
2762 848 2818 895 et
2845 839 2911 894 de
2942 836 3096 892 nobis
3123 834 3319 888 merito
3361 831 3572 886 dicatur
3599 845 3613 882 :

2030 939 2154 1009 quia
2187 954 2291 992 non
2343 936 2589 992 dedimus
2633 948 2803 990 cornu
2853 927 3162 1002 peccaturi;
3194 934 3249 980 et
3282 925 3349 979 de
3381 922 3473 978 illo
3498 920 3621 992 jure

2030 1047 2153 1086 cum
2184 1030 2471 1085 Psahnista
2498 1032 2749 1083 cantetur
2778 1043 2790 1077 :
2828 1044 2846 1077 ι
2879 1020 3147 1091 Quoniam
3177 1018 3513 1073 obstructum
3537 1020 3623 1068 est

2032 1136 2094 1178 os
2124 1121 2456 1192 loquentium
2482 1119 2670 1189 iniqua
2699 1115 2872 1187 (Psat.
2899 1101 3054 1184 1.x").
3106 1130 3125 1165 ι

2104 1216 2218 1286 Age
2261 1228 2413 1284 ergo,
2441 1213 2569 1283 quid
2605 1219 2689 1267 est.
2732 1210 2875 1280 quod
2905 1206 3102 1263 dicitur
3133 1223 3145 1258 :
3181 1223 3199 1255 ι
3235 1201 3372 1270 Quia
3402 1200 3504 1265 nisi
3533 1198 3623 1268 qui

2036 1306 2361 1380 regulariter
2420 1313 2769 1376 protractus,
2829 1308 2883 1354 et
2912 1312 3007 1370 per
3052 1295 3247 1350 annale
3296 1292 3528 1363 spatium
3556 1288 3628 1343 sit

2036 1400 2319 1470 probatus,
2367 1395 2580 1452 etiamsi
2629 1407 2922 1449 conversus
2976 1389 3047 1445 sit
3102 1404 3203 1459 per
3231 1383 3627 1456 aegritudinem,

2042 1490 2346 1547 absolutam
2396 1487 2677 1543 relabendi
2723 1485 2788 1540 ad
2849 1481 3105 1541 saeculum
3164 1480 3363 1534 habeat
3417 1476 3632 1530 liberta-

2042 1582 2188 1638 tem?
2222 1601 2239 1632 ι
2266 1578 2523 1649 Nunquid
2550 1577 2643 1648 qui
2667 1577 2770 1631 hoc
2792 1575 2859 1629 de
2886 1571 3195 1627 valentibus
3221 1567 3456 1629 censuit,
3490 1566 3629 1619 idem

2042 1673 2399 1732 nihilominus
2459 1671 2525 1727 de
2564 1660 2947 1741 langueniibus
2993 1662 3293 1733 judicavit?
3346 1658 3453 1713 Sed
3510 1657 3633 1725 quis

2044 1766 2130 1822 vel
2175 1766 2375 1821 insanae
2405 1748 2603 1818 mentis
2647 1750 2811 1816 homo
2858 1774 2964 1814 non
3006 1757 3190 1812 videat
3242 1754 3365 1824 quia
3406 1750 3636 1821 quilibet

357 1861 519 1925 absit,
574 1859 811 1929 utquod
860 1855 1291 1911 irrevocabiliter'
1351 1852 1532 1910 actum
1574 1861 1675 1918 est,
1744 1852 1942 1907 doceas

2067 1859 2353 1931 anguidus,
2378 1856 2463 1913 vel
2488 1855 2598 1926 jam
2627 1852 2787 1910 morti
2816 1852 3150 1923 propinquus
3199 1848 3338 1902 hanc
3378 1846 3638 1899 observa-

360 1959 678 2005 retractare.
712 1949 777 2002 Et
811 1947 937 2017 quia
983 1961 1163 2001 sermo
1208 1960 1267 2000 se
1292 1944 1359 2000 de
1388 1943 1708 1998 mulieribus
1737 1942 1938 2007 intulit,
1978 1936 1992 1950 '

360 2058 459 2097 cur
485 2043 585 2097 ista
618 2042 685 2096 de
734 2039 923 2095 velatis
951 2038 1128 2091 viduis
1156 2037 1412 2101 diximus,
1456 2050 1578 2091 cum
1602 2045 1657 2090 et
1686 2034 1943 2105 virgines,

361 2149 483 2205 qua:
533 2133 678 2188 nullo
728 2132 906 2186 adhuc
953 2145 1109 2184 sacro
1153 2128 1419 2183 velamine
1471 2135 1854 2198 conteguntur,
1901 2126 1948 2181 si

364 2226 555 2281 saltem
577 2237 899 2294 permanere
923 2237 981 2275 se
1010 2221 1061 2276 in
1087 2220 1334 2291 virginali
1357 2220 1637 2289 proposito
1659 2218 1947 2273 simulave-

367 2318 497 2381 rint,
540 2317 785 2371 districte
835 2314 1212 2383 prohibentur,
1262 2322 1322 2367 ut
1358 2314 1562 2368 nubere
1596 2327 1704 2367 non
1748 2327 1952 2381 prmsu-

368 2407 556 2461 mant?
599 2404 775 2476 Super
814 2405 1012 2475 quibus
1050 2402 1398 2458 lnn0centius
1426 2417 1561 2472 papa
1603 2403 1683 2458 sic
1716 2402 1903 2457 scribit
1934 2420 1947 2455 :

374 2516 391 2548 ι
429 2496 523 2551 lla:
553 2512 707 2561 vero,
753 2511 873 2565 quae
901 2496 1130 2549 necdum
1160 2509 1318 2550 sacro
1357 2494 1624 2548 velamine
1656 2500 1833 2555 tectae,
1869 2502 1953 2546 ta-

371 2605 492 2644 men
524 2590 576 2643 in
602 2588 881 2658 proposito
937 2586 1185 2656 virginali
1232 2600 1446 2655 semper
1482 2600 1541 2639 se
1570 2585 1957 2639 simulaverant

371 2694 710 2750 permanere,
739 2680 866 2735 licet
892 2674 1083 2733 velatae
1111 2692 1214 2731 non
1243 2677 1477 2741 fuerint;
1510 2678 1554 2732 si
1598 2677 1736 2732 forte
1762 2692 1959 2745 nupse-

377 2772 502 2834 rint,
528 2768 843 2824 revocandae
882 2776 1029 2831 sunt,
1061 2775 1116 2821 et
1138 2766 1344 2835 agenda
1371 2766 1688 2837 paenitentia
1714 2765 1817 2820 illis
1842 2779 1955 2831 est;

375 2864 500 2931 quia
523 2860 741 2929 sponsio
764 2874 950 2913 earum
1002 2874 1032 2911 a
1062 2856 1292 2911 Domino
1335 2855 1639 2911 tenebatur.
1678 2875 1697 2907 ι
1753 2856 1886 2909 Nam
1914 2856 1958 2910 si

374 2948 819 3021 Apostolusillas,
837 2962 957 3016 qua:
973 2962 1000 2999 a
1018 2947 1295 3016 proposito
1308 2946 1584 3001 viduitatis
1596 2945 1962 3001 discesserant

379 3039 805 3095 dixeratbabere
825 3038 1248 3101 damnationem,
1266 3038 1393 3107 quia
1414 3037 1642 3105 primatu
1661 3037 1816 3091 fidem
1843 3038 1964 3090 irri-

383 3145 491 3187 tam
515 3131 759 3186 fecerunt
776 3130 823 3201 (1
843 3129 978 3184 Tim.
1004 3130 1079 3199 v),
1109 3139 1310 3198 quanto
1332 3129 1503 3199 magis
1528 3129 1610 3182 hae
1634 3143 1754 3197 qua:
1804 3128 1961 3184 ﬁdem

2048 1952 2249 2007 tionem
2300 1963 2524 2020 prorsus
2590 1943 2888 2014 adimplere
2946 1957 3053 1996 non
3105 1938 3322 1994 valeat?
3380 1935 3436 1990 Si
3475 1934 3639 2007 igitur

2048 2058 2237 2099 omnes
2283 2039 2444 2096 simul
2497 2037 2745 2093 homines
2772 2043 2992 2091 sanctus
3017 2031 3341 2086 Benedictus
3386 2029 3493 2082 hac
3519 2041 3639 2080 seu-

2052 2133 2217 2189 tentia
2267 2127 2677 2202 comprehendit
2702 2143 2718 2193 ;
2773 2134 2921 2197 patet
2952 2122 3216 2195 profecto,
3246 2120 3371 2190 quia
3399 2118 3559 2189 mgris
3584 2122 3639 2169 et

2051 2226 2272 2281 omnino
2315 2222 2603 2287 debilibus,
2652 2218 2745 2289 qui
2786 2218 2852 2272 ad
2898 2212 3284 2287 perferendum
3312 2227 3417 2266 non
3453 2225 3641 2263 assur—

2052 2327 2203 2390 gunt,
2245 2313 2618 2372 conversionis
2648 2311 2855 2366 aditum
2892 2306 3183 2363 obseravit.
3232 2302 3338 2359 Sed
3363 2301 3484 2373 quis
3509 2299 3645 2353 femi

2054 2388 2159 2465 hoc
2202 2409 2268 2463 de
2292 2414 2484 2462 sancto
2520 2404 2637 2457 viro
2685 2398 2949 2469 suspicari
2976 2397 3315 2466 aliquatenus
3342 2407 3520 2463 posse,
3553 2388 3647 2459 qui

2056 2515 2163 2555 non
2191 2498 2364 2552 solum
2391 2496 2458 2550 ab
2486 2495 2609 2558 hac,
2643 2500 2698 2548 et
2725 2492 2793 2545 ah
2821 2489 2969 2544 omni
2997 2496 3147 2559 peste
3174 2485 3441 2539 haeretica:
3468 2479 3648 2550 pravi-

2058 2589 2185 2643 tatis
2214 2587 2421 2641 alienus
2463 2583 2694 2648 exstitit,
2729 2581 2837 2635 imo
2879 2579 3083 2648 Spiritu
3116 2584 3306 2630 sancto
3335 2573 3540 2643 plenus,
3572 2576 3649 2622 tot

2060 2682 2227 2751 signis
2252 2678 2637 2734 attestautibus
2658 2672 3064 2729 evidentissime
3089 2666 3330 2723 claruit?
3354 2661 3648 2731 Quisillum

2062 2774 2199 2828 ferat
2221 2788 2313 2841 per
2338 2768 2765 2823 Novatianorum
2812 2761 3062 2818 haeresim
3095 2759 3340 2814 homines
3370 2756 3435 2809 ad
3459 2754 3651 2822 despc-

2063 2862 2327 2917 ratiouem
2366 2858 2603 2919 trahere,
2629 2856 2716 2925 qui
2755 2869 2850 2924 per
2873 2867 3041 2907 sacrae
3073 2850 3335 2904 doctriuze
3365 2842 3650 2901 sincetita-

2067 2961 2171 3006 tem
2201 2959 2276 3004 tot
2311 2950 2520 3001 animas
2548 2946 2828 3000 hominum
2878 2942 3092 2995 videtur
3113 2937 3356 3008 quotidie
3385 2934 3452 2987 ad
3502 2947 3651 3001 spem

2065 3052 2280 3097 :eternaa
2316 3041 2436 3094 vitae
2465 3036 2761 3093 reducere?
2812 3035 3105 3089 Fateaniur
3132 3045 3260 3101 ergo
3289 3040 3516 3081 necesse
3548 3033 3654 3087 est,

2069 3135 2228 3205 hujus
2304 3131 2559 3203 praecepti
2619 3142 2865 3183 normam
2919 3124 3214 3195 incolumes
3267 3128 3519 3189 tangere;
3586 3112 3654 3166 ad

381 3224 633 3295 frangere
664 3231 876 3277 conatae
906 3221 1069 3276 sunt?
1095 3221 1162 3274 Et
1188 3236 1286 3276 nos
1328 3222 1517 3286 etiam,
1549 3230 1609 3275 ut
1638 3221 1963 3276 venerabilis
1993 3198 2039 3262 Ο
2071 3198 2513 3295 aegrotos-autem
2548 3218 2856 3273 nullatenus
2884 3214 3177 3284 pertinere.

383 3315 681 3372 lnnocentii
731 3313 1124 3383 probatissimae
1174 3313 1517 3368 auctoritatis
1574 3312 1717 3367 dicta
1768 3327 1966 3382 sequa-

386 3423 527 3473 "utr,
573 3407 617 3461 si
670 3405 787 3461 illas
839 3403 1132 3475 Apostolus
1160 3403 1497 3458 damnabiles
1544 3404 1812 3473 perhibet,
1846 3418 1966 3472 quire

386 3496 721 3551 solummodo
804 3494 1078 3548 viduitatis
1150 3493 1485 3563 propositum
1563 3493 1963 3554 dissolverunt;

388 3588 516 3657 quid
565 3588 630 3643 de
681 3586 785 3641 illis
832 3587 1117 3641 dicendum
1158 3595 1261 3651 est,
1309 3584 1435 3654 quid
1469 3584 1652 3653 utique
1680 3584 1968 3654 perhiben-

390 3682 538 3743 dum,
563 3679 655 3748 qui
685 3677 941 3731 smcnlum
982 3678 1259 3739 deserunt,
1292 3676 1661 3746 possessiones
1684 3676 1967 3745 abjiciunt,

392 3770 639 3827 Creatori
698 3784 799 3824 suo
863 3783 922 3823 se
958 3768 1232 3823 ultroneos
1265 3766 1522 3833 offerunt,
1560 3766 1749 3821 aliena:
1799 3781 1857 3821 se
1886 3768 1972 3821 di-

397 3862 529 3917 tioni
579 3861 921 3922 submittunt,
954 3868 1009 3913 et
1039 3867 1097 3912 ut
1131 3858 1332 3913 mundo
1371 3857 1610 3918 funditus
1650 3858 1846 3912 mortui
1892 3857 1974 3911 vi-

396 3953 647 4017 deantur,
690 3947 1145 4013 mortificationis,
1190 3955 1247 4003 et
1274 3947 1582 4002 sanctitatis
1608 3947 1852 4002 habitum
1888 3947 1976 4002 in~

397 4046 609 4102 duunt?

474 4137 630 4203 Quod
677 4145 858 4189 autem
908 4150 1053 4189 nunc
1091 4136 1256 4190 etiam
1293 4134 1359 4189 de
1410 4132 1627 4188 feminis
1682 4131 1973 4201 loquimur,

400 4241 742 4297 nequaquam
792 4226 909 4280 ﬁeri
954 4235 1108 4279 extra
1139 4226 1336 4281 lineam
1368 4226 1629 4294 propositi
1657 4225 1857 4293 operis,
1891 4240 1978 4277 ar-

400 4318 692 4372 bitramur.
725 4315 889 4371 Salvo
920 4316 1067 4370 enim
1096 4329 1178 4380 eo,
1227 4316 1371 4385 quod
1397 4316 1587 4370 eadem
1618 4315 1704 4370 lex
1731 4315 1837 4369 erit
1861 4314 1979 4369 viro

400 4416 456 4464 ct
485 4406 735 4472 feminae;
768 4407 971 4462 idcirco
994 4408 1157 4461 etiam
1205 4408 1273 4462 ad
1326 4406 1643 4462 muliebrem
1669 4422 1857 4462 sexum
1884 4422 1981 4463 no-

403 4508 516 4554 εει-α
570 4514 627 4554 se
672 4499 915 4553 extendit
948 4499 1142 4563 oratio,
1197 4500 1325 4569 quia
1372 4498 1585 4564 vitium,
1647 4499 1789 4568 quod
1841 4498 1982 4553 male

2140 3313 2247 3367 Sed
2300 3310 2541 3380 nunquid
2589 3308 2634 3363 si
2685 3309 2889 3375 absque
2922 3301 3192 3373 corporali
3241 3296 3487 3353 molestia
3516 3295 3659 3364 quis-

2066 3416 2227 3473 quam
2277 3400 2344 3453 ad
2376 3396 2757 3451 monachicum
2785 3392 3031 3447 ordinem
3067 3392 3185 3445 sine
3220 3387 3536 3457 probatione
3565 3384 3657 3437 dc-

2069 3493 2300 3558 venerit,
2344 3491 2470 3545 huic
2502 3502 2845 3558 nequaquam
2882 3486 3057 3539 redire
3088 3492 3207 3554 post
3241 3494 3447 3552 tergum
3478 3488 3659 3532 noster

2071 3586 2355 3654 episcopus
2380 3577 2722 3651 prohibebit?
2747 3577 2866 3639 Dic,
2888 3575 3133 3638 obsecro,
3162 3572 3339 3643 legisti
3371 3566 3661 3637 aliquando

2073 3676 2385 3732 monastica:
2416 3673 2539 3725 vitae
2580 3669 2935 3740 propositum,
2969 3665 3267 3721 secundum
3307 3676 3427 3717 esse
3484 3658 3659 3727 bapti-

2072 3767 2288 3825 smum?
2317 3765 2423 3819 Sed
2462 3763 2588 3833 quia
2615 3764 2716 3815 hoc
2740 3760 2990 3814 invenire
3026 3758 3078 3811 in
3110 3756 3270 3811 dictis
3292 3754 3512 3809 Patrum
3544 3765 3661 3819 pcr-

2074 3857 2318 3927 spicuum
2338 3852 2656 3922 est,negare
2680 3849 2883 3904 licitum
2901 3848 3012 3918 jam
3037 3861 3142 3900 non
3167 3854 3269 3899 est.
3298 3843 3416 3897 Non
3447 3841 3662 3912 ignoras

2075 3950 2241 4005 etiam
2281 3947 2408 4016 quia
2463 3943 2717 3999 decretali
2755 3955 2943 3995 rursus
2994 3940 3339 4008 antiquorum
3380 3935 3663 3991 sanctione

2077 4040 2406 4111 praecipitur,
2432 4046 2493 4091 ut
2524 4036 2592 4091 ad
2618 4034 2875 4105 baptismi
2905 4033 3133 4104 gratiam
3162 4030 3504 4100 productiora
3532 4036 3668 4081 tem-

2079 4147 2270 4202 porum
2325 4128 2609 4183 intervaila
2660 4126 2970 4180 tendantur.
3000 4123 3069 4179 Ut
3116 4124 3258 4178 enim
3286 4119 3669 4176 ceclesiastica:

2082 4222 2435 4280 institutionis
2465 4220 2712 4275 ordinem
2746 4218 2985 4272 breviter
3017 4225 3258 4286 tangam,
3291 4213 3433 4266 sicut
3462 4218 3668 4280 septem

2082 4323 2209 4373 sunt
2252 4314 2392 4370 dona
2433 4308 2669 4381 Spiritus
2720 4308 2917 4373 sancti,
2957 4316 3017 4361 ut
3069 4306 3231 4361 etiam
3282 4313 3488 4372 septem
3530 4302 3668 4354 dona

2080 4404 2358 4475 baptismi,
2392 4396 2626 4473 aprimo
2669 4398 2922 4454 videlicet
2966 4396 3163 4467 pabulo
3193 4393 3392 4450 sacrati
3423 4391 3572 4454 salis,
3619 4398 3672 4443 et

2086 4497 2337 4567 ingressu
2383 4492 2637 4548 Ecclesiae
2672 4505 2845 4559 usque
2895 4488 2962 4543 ad
2991 4487 3455 4543 confirmationem
3500 4480 3674 4538 sancti

406 4546 516 4554 --η
570 4546 626 4554 -ν
677 4546 915 4553 ν--η---η
952 4546 1142 4563 ν-κ--ν,
1201 4546 1325 4569 νιψ-
1652 4546 1789 4568 ηι-ν-
1841 4546 1981 4553 mm-
2088 4546 2336 4567 υπη-τ-
2526 4546 2531 4547 κ
2624 4546 2629 4547 κ
2758 4546 2771 4559 .

406 4591 557 4645 nasci
582 4588 699 4659 jam
744 4590 796 4645 in
820 4589 955 4645 viris
980 4589 1294 4660 aspicimus,
1324 4588 1589 4661 pullulare
1618 4590 1783 4645 etiam
1806 4605 1979 4660 quau-
2006 4546 2060 4607 Β
2085 4586 2323 4657 Spiritus
2349 4598 2444 4655 per
2479 4583 2751 4645 chrisma;
2776 4595 2896 4649 qum
2918 4577 3121 4642 omnia,
3153 4577 3293 4631 sicut
3315 4573 3651 4644 frequentius

406 4685 581 4753 doque
622 4692 678 4738 et
727 4684 782 4738 in
833 4684 1063 4741 feminas
1090 4684 1443 4740 formidamus
1478 4700 1491 4737 :
1524 4693 1576 4739 et
1626 4684 1765 4740 sicut
1812 4683 1867 4738 in
1898 4682 1985 4739 his

405 4785 587 4832 ortum
633 4775 953 4832 invectionis
1001 4776 1215 4832 sarculo
1240 4773 1407 4847 370
1430 4776 1706 4831 studemus
1727 4774 1983 4841 evellere,

410 4869 487 4924 ita
515 4867 676 4922 etiam
729 4869 782 4922 in
814 4867 919 4923 illis
970 4884 1038 4923 ne
1085 4867 1217 4923 oriri
1252 4868 1445 4932 valeat,
1474 4866 1859 4937 prmcurrimus
1886 4883 1979 4922 na-

412 4961 596 5015 scendi
638 4960 881 5015 auditum
931 4960 1169 5029 opilare;
1221 4968 1282 5012 ut
1330 4958 1478 5013 velut
1509 4958 1648 5013 male
1680 4960 1984 5013 abortivum

410 5066 630 5122 germen
685 5052 834 5121 prius
869 5056 1094 5119 cogatur
1143 5050 1300 5114 mori,
1360 5061 1520 5117 quam
1578 5046 1755 5102 valeat
1794 5048 1983 5111 nasci;

413 5152 538 5197 aute
592 5142 646 5196 in
713 5142 1004 5210 semetipso
1055 5147 1355 5195 marcescat
1407 5154 1566 5208 quam
1634 5139 1685 5192 in
1748 5154 1989 5206 gemmas

412 5240 681 5301 erumpat.

992 5315 1219 5376 CAPUT
1259 5316 1395 5373 Vill.

809 5411 1201 5478 Conﬁrmantur
1223 5424 1381 5480 supra
1419 5408 1603 5475 allata.

489 5504 646 5559 Libet
668 5518 813 5560 nunc
855 5504 1091 5557 animum
1121 5500 1394 5572 paulisper
1422 5502 1489 5555 ad
1526 5500 1803 5569 superiora
1837 5496 1995 5553 redu-

422 5612 567 5662 cere,
597 5606 652 5651 et
674 5610 739 5650 ex
792 5594 898 5660 his,
931 5607 1051 5663 quae
1081 5591 1357 5663 prmmissa
1383 5602 1529 5657 sunt,
1562 5590 1874 5665 postpositis
1896 5587 1998 5643 Pa-

425 5699 564 5748 trum
591 5684 870 5757 exemplis,
901 5700 1023 5741 cum
1047 5683 1357 5741 adversario
1381 5684 1537 5740 modo
1564 5679 1795 5753 propriis
1822 5695 1997 5737 asser-

426 5781 660 5839 tionibus
691 5780 981 5848 disputare,
1011 5786 1067 5834 ut
1098 5776 1187 5847 qui
1222 5784 1330 5832 tam
1359 5777 1529 5849 gravi,
1562 5787 1667 5832 tam
1714 5771 1996 5844 multiplici

2088 4677 2296 4748 agitur,
2344 4672 2561 4744 expedit
2609 4682 2669 4727 ut
2715 4686 2811 4741 per
2860 4671 3112 4724 diuturna
3158 4677 3458 4736 temporum
3503 4662 3677 4731 spatia

2088 4768 2479 4839 compleantur.
2519 4765 2625 4821 Sed
2661 4765 2706 4818 si
2757 4764 2880 4832 quis
2908 4759 3203 4832 postposita
3246 4770 3477 4811 morosa:
3510 4755 3677 4808 inter-

2091 4859 2364 4930 capedinis
2405 4857 2565 4929 371
2616 4852 2979 4915 observantia,
3037 4848 3104 4903 ad
3154 4846 3546 4918 plenitudinem
3582 4844 3679 4895 ha-

2091 4953 2275 5025 ptismi
2312 4961 2532 5019 repente
2571 4946 2910 5017 proruperit;
2949 4944 3118 5005 hunc,
3158 4954 3305 5009 rogo,
3351 4936 3676 5005 baptismum

2096 5043 2388 5100 invalidum
2409 5038 2716 5110 judicabis?
2746 5035 2973 5091 Docebis
3005 5034 3148 5087 hunc
3179 5029 3451 5084 hominem
3481 5025 3680 5079 debere

2100 5146 2291 5199 totum,
2356 5135 2498 5203 quod
2547 5139 2826 5199 acceptum
2873 5136 2973 5192 est,
3026 5122 3447 5194 parvipendere;
3498 5126 3582 5181 et,
3623 5124 3682 5168 ut

2099 5226 2278 5281 salvus
2300 5224 2413 5278 licri
2445 5222 2630 5291 possit,
2657 5220 2832 5272 adhuc
2854 5217 2919 5269 ad
2949 5211 3338 5286 purificatiouis
3366 5206 3681 5279 mysterium

2100 5316 2430 5386 properare?
2472 5314 2736 5380 Loquere,
2786 5308 3095 5378 responde:
3140 5303 3458 5358 eensebisne
3538 5299 3683 5351 hunc

2102 5408 2374 5462 hominem
2431 5403 2681 5473 baptismi
2736 5401 3006 5453 lavacrum
3037 5396 3160 5465 jure
3205 5406 3363 5465 posse
3409 5380 3681 5458 repetere,

2100 5499 2191 5568 qui
2224 5498 2290 5551 ad
2326 5498 2650 5565 baptismum
2681 5509 2787 5546 non
2831 5487 3032 5542 indicto
3056 5486 3248 5540 ordine
3286 5480 3690 5551 praecipitanter

2102 5605 2265 5643 ausus
2310 5596 2394 5643 est
2443 5584 2724 5656 prosilire?
2751 5583 2860 5638 Cur
2893 5579 3071 5634 taces?
3102 5576 3367 5631 Nimirum
3406 5580 3692 5637 tantopere

2102 5676 2353 5750 loquendi
2388 5677 2575 5731 avidus
2618 5689 2723 5728 non
2784 5672 2865 5726 sic
2904 5671 3327 5729 obtnutcsceret,
3379 5665 3422 5720 si
3460 5665 3692 5715 haberet

2103 5769 2303 5841 aliquid
2352 5766 2493 5842 quod
2537 5762 2929 5822 rationabiliter
2985 5758 3353 5830 responderet.
3416 5752 3522 5811 Sed
3578 5766 3691 5803 non
