4080 6194
339 379 443 438 379

805 379 860 431 S.
899 374 1100 431 PETRI
1129 357 1421 431 IDAMIANI
1459 374 1609 431 OPP.
1639 376 1873 434 TOMUS
1915 378 2045 434 SEU
2089 378 2260 436 PARS
2293 379 2380 434 ΙΙΙ.
2411 410 2477 418 -
2499 377 2859 435 OPUSCULA
2904 378 3132 433 VARIA.

3494 378 3598 434 580

411 497 579 560 Ecce,
612 505 670 548 ut
711 494 922 564 opinor,
955 502 1010 547 et
1051 492 1439 548 catholicorum
1486 491 1705 547 Patrum
1759 495 1911 550 testi-
1943 502 1986 557 Α
2023 515 2040 546 ι
2078 496 2300 562 Venite,
2335 497 2539 566 inquit,
2570 505 2624 551 et
2664 495 2877 567 arguite
2921 511 3004 549 me
3050 495 3184 567 (Isa.
3233 495 3295 563 ι).
3322 515 3339 548 ι
3369 495 3426 550 Si
3469 512 3603 566 ergo

340 589 536 643 moniis
581 588 821 649 cinctus,
870 595 925 639 et
970 585 1267 654 perspicuae
1309 584 1557 639 veritatis
1601 584 1916 640 multimoda

342 681 550 735 ratione
581 677 835 742 vallatus,
883 677 952 730 ita
982 691 1039 730 es
1077 692 1142 729 ex
1188 675 1334 730 omni
1366 684 1519 744 parte
1559 677 1915 741 constrictus,

275 796 278 800 ι
342 780 400 824 ut
428 777 483 822 tu
510 776 694 823 contra
721 768 835 820 haec
868 766 1000 824 nihil
1022 781 1245 835 prorsus
1264 780 1558 835 opponere,
1590 766 1734 820 nullo
1759 775 1918 837 pacto

343 877 406 916 ac
438 860 671 914 rediviva
721 867 774 912 te
817 857 992 926 possis
1043 857 1269 911 ulterius
1303 857 1598 911 certamina
1644 871 1914 927 reparare.

343 955 683 1020 Quapropter
708 949 773 1002 da
799 963 1009 1010 manus,
1040 955 1096 1000 et
1119 946 1379 1002 confitere
1411 957 1463 1001 te
1491 947 1770 1016 ignorasse
1801 963 1921 1016 qua:

343 1041 547 1096 dixeris
571 1081 586 1106 ,
617 1049 671 1094 et
697 1049 844 1094 tuum
877 1038 1083 1092 tibixuet
1107 1036 1372 1106 judicium
1403 1054 1500 1107 per
1531 1039 1712 1092 omnia
1737 1037 1923 1107 displi-

344 1147 500 1195 cere,
544 1131 652 1183 imo
705 1129 965 1182 adversus
1009 1141 1108 1190 ea,
1151 1141 1270 1195 quae
1322 1125 1538 1180 incaute
1584 1127 1918 1197 protuleras,

345 1221 490 1274 («nuli
518 1219 696 1274 studio
731 1216 1135 1272 retractationis
1170 1216 1494 1286 accingere:
1521 1227 1574 1271 et
1605 1226 1661 1270 ut
1691 1232 1806 1281 eos,
1833 1215 1924 1284 qui

345 1328 441 1382 per
469 1322 518 1366 te
549 1312 600 1365 in
639 1325 880 1365 errorem
913 1310 1044 1379 lapsi
1087 1318 1250 1375 sunt,
1282 1318 1504 1363 auctore
1534 1309 1644 1363 Deo
1664 1349 1678 1372 ,
1720 1307 1787 1361 ad
1836 1321 1924 1360 re-

345 1403 627 1458 ctitmlinis
647 1391 799 1456 viam
821 1402 1000 1456 valeas
1030 1416 1310 1468 revocare,
1353 1411 1594 1458 vertatur
1630 1401 1784 1455 docta
1816 1415 1927 1454 ma-

348 1509 449 1548 nus
480 1494 532 1546 in
569 1491 788 1562 prrelio,
816 1501 872 1546 et
896 1507 992 1560 pro
1030 1491 1136 1545 illis
1171 1499 1316 1545 stare
1358 1491 1655 1560 prudenter
1680 1489 1926 1553 studeat,

348 1600 484 1653 quos
509 1598 821 1652 oppugnare
850 1582 1200 1651 pertinaciter
1243 1581 1556 1650 satagebat;
1590 1590 1649 1634 ut
1684 1580 1748 1633 de
1783 1587 1831 1632 te
1862 1580 1928 1632 ad

351 1675 562 1728 laudem
592 1673 684 1728 Dei
712 1689 832 1728 cum
863 1673 1030 1727 Paulo
1064 1674 1258 1728 merito
1285 1672 1458 1742 possit
1491 1672 1598 1727 diei
1632 1688 1646 1724 :
1687 1689 1704 1722 ι
1742 1670 1930 1724 Nonne

349 1768 440 1820 hic
466 1775 549 1821 est
599 1766 689 1834 qui
741 1765 1082 1835 expugnabat
1129 1766 1182 1819 in
1230 1763 1528 1819 Jerusalem
1581 1778 1797 1821 omnes.
1840 1761 1928 1832 qui

354 1859 681 1913 invocabant
706 1873 899 1912 nomen
927 1857 1111 1910 istud?
1144 1876 1162 1907 ι
1198 1857 1337 1926 (Act.
1375 1857 1476 1926 nr.)

427 1946 626 2012 Parce,
660 1961 862 2015 quaeso,
890 1945 1047 2000 labiis
1074 1945 1233 2010 meis,
1258 1945 1502 2015 quisquis
1529 1959 1588 2000 es
1611 1943 1934 1999 venerabilis

353 2037 549 2106 prtesul
583 2055 596 2090 :
630 2036 755 2091 etsi
787 2035 914 2105 quid
952 2036 1004 2089 in
1032 2043 1083 2089 te
1113 2024 1362 2105 asperum
1388 2035 1700 2097 hlacteravi,
1730 2035 1774 2088 si
1805 2034 1933 2102 quid

357 2144 555 2184 amara:
584 2127 968 2184 commotionis
1014 2126 1209 2192 effudi,
1246 2142 1352 2181 non
1388 2135 1568 2197 typum
1614 2124 1936 2190 arrogantiae

358 2222 586 2286 credas,
616 2221 709 2276 sed
732 2220 906 2276 zelum
929 2219 1155 2289 justitize
1177 2219 1469 2274 clementer
1492 2216 1788 2286 indulgeas.
1821 2215 1934 2284 Ego

358 2312 503 2368 enim
531 2313 819 2367 dummodo
846 2312 930 2367 vel
952 2327 1056 2366 una
1081 2311 1283 2366 erroris
1305 2310 1462 2380 spina
1483 2309 1547 2363 de
1571 2324 1792 2364 nemore
1819 2322 1937 2362 san-

359 2413 460 2458 ctae
472 2403 722 2459 Ecclesim
739 2417 856 2457 mea
868 2417 1029 2473 opera
1042 2400 1397 2472 possitevelli,
1419 2415 1523 2454 non
1537 2398 1744 2469 refugio
1756 2397 1937 2465 cujus-

360 2495 492 2549 libet
517 2495 571 2550 in
603 2509 689 2550 me
712 2509 874 2565 prave
897 2493 1179 2548 sentientis
1202 2492 1459 2546 invidiam
1492 2490 1793 2562 provocari.
1828 2487 1939 2543 Nec

361 2593 417 2638 te
440 2584 639 2654 pudeat
659 2597 900 2639 errorem
927 2591 1075 2636 tuum
1095 2581 1326 2651 junioris
1347 2580 1528 2635 fratris
1557 2579 1940 2654 redargutione

361 2677 667 2746 corrigere;
703 2675 826 2728 dum
860 2689 965 2728 non
1001 2675 1219 2744 ignoras
1264 2673 1627 2743 apostolorum
1661 2671 1941 2725 minimum

362 2765 465 2836 ipsi
512 2765 877 2836 apostolorum
928 2766 1157 2835 principi
1204 2765 1256 2818 in
1289 2763 1482 2819 faciem
1512 2763 1776 2818 restitisse
1819 2759 1944 2831 (Ga-

364 2855 459 2910 lat.
489 2857 570 2928 u).
604 2857 669 2910 Et
715 2857 760 2910 si
815 2855 951 2910 forte
991 2854 1352 2926 respondeas,
1391 2855 1517 2924 quia
1546 2853 1782 2917 Paulus,
1818 2852 1942 2908 licet

365 2946 652 3010 minimus,
688 2956 863 3001 tamen
895 2945 1268 3015 coapostolus;
1298 2944 1463 3016 374
1495 2959 1596 3015 ego
1623 2952 1802 2997 autem
1831 2957 1937 2996 non

365 3039 737 3110 coepiscopus;
763 3039 886 3094 audi
910 3038 1099 3094 saltem
1122 3039 1250 3108 quid
1274 3039 1413 3092 Deus
1432 3035 1741 3091 hominibus
1765 3034 1933 3090 dicat:

2021 589 2194 651 Deus,
2242 597 2301 642 ut
2344 588 2411 641 ab
2459 586 2768 641 hominibus
2799 585 3177 655 redarguatur,
3212 585 3434 644 invitat.
3469 587 3606 641 satis

2019 679 2239 748 dignum
2265 686 2380 741 est,
2415 685 2474 731 ut
2503 676 2667 730 homo
2710 684 2992 744 correptus
3029 674 3094 728 ab
3142 674 3391 741 homine,
3424 674 3600 729 zelum

2021 771 2275 826 fraternze
2299 769 2584 824 charitatis
2613 767 2989 837 aequanimiter
3021 765 3174 820 ferat.

2663 972 2974 1028 SCHOLIA.

2096 1089 2155 1145 Si
2181 1092 2233 1144 in
2260 1089 2490 1160 qualibet
2511 1090 2701 1144 minori
2727 1099 2878 1141 etate
2910 1087 2986 1160 vel
3018 1089 3284 1152 religionis
3313 1095 3606 1160 tonsuram,

2025 1163 2100 1218 uel
2131 1153 2396 1230 religionis
2424 1160 2652 1214 debitam
2694 1170 2880 1212 vestem
2906 1199 2920 1230 ι
2951 1158 3004 1230 in
3033 1167 3251 1230 utroque
3295 1171 3422 1230 δεξεμ
3449 1153 3605 1230 ᾕζίἱε,

2026 1243 2116 1286 aut
2153 1223 2310 1294 unus,
2327 1241 2418 1284 aut
2448 1230 2600 1285 ambo
2623 1241 2861 1298 parentes
2885 1223 3294 1291 dederint,certe
3313 1224 3392 1277 vel
3414 1223 3605 1298 nolen-

2027 1304 2289 1364 tibus,aut
2321 1294 2662 1356 nescientibus
2693 1306 3069 1367 susceptam,et
3099 1313 3201 1367 non
3227 1294 3610 1367 mox_vis_antin

2027 1361 2183 1441 ﬁliis,
2209 1371 2590 1433 abdicaverint,
2619 1367 2694 1424 vel
2724 1361 2976 1441 cora'mse
2997 1408 3010 1426 ,
3031 1365 3306 1441 velrortmt
3340 1361 3608 1441 Ecclesia_,

2027 1433 2369 1512 palamquein
2393 1451 2643 1512 conuentu
2666 1437 3039 1512 eosdemﬁlios
3054 1436 3182 1489 talia
3201 1433 3612 1512 [tabere‘permi-

1971 1553 1974 1557 η
2027 1501 2229 1576 ierint,
2255 1512 2324 1564 ad
2355 1510 2661 1566 swcularem
2703 1501 3153 1562 reverti'lmbitnm
3195 1501 3612 1576 ipsis,[iliisquo

2027 1574 2340 1651 quandoque
2364 1582 2568 1651 penitus
2591 1597 2697 1652 non
2718 1578 2910 1652 licebit.
2939 1578 3225 1631 Decretum
3249 1585 3331 1652 est
3357 1574 3460 1626 hoc
3482 1587 3612 1652 con-

2031 1645 2138 1706 cilii
2169 1645 2412 1708 Toletani
2445 1668 2511 1717 χ,
2562 1651 2702 1719 quod
2734 1647 2792 1702 S.
2827 1648 3016 1719 doctor
3057 1661 3154 1719 pro
3195 1645 3611 1719 reiuoccasione

2032 1724 2099 1776 ad
2129 1723 2274 1777 hunc
2318 1712 2508 1776 locum'
2533 1712 2737 1776 referte
2768 1717 2957 1772 voluit.
3005 1712 3074 1770 At
3120 1717 3244 1769 dum
3277 1714 3366 1767 ille
3398 1712 3613 1765 videtur

2033 1807 2279 1865 asserere
2299 1833 2313 1856 ,
2339 1791 2552 1865 oblatos
2582 1790 2927 1865 monasteriis
2971 1803 3001 1842 a
3043 1785 3358 1865 parentibus
3385 1796 3614 1865 pueros,

1962 1843 2004 1901 Β
2036 1843 2819 1918 cum—advannosdiscretionis
2838 1843 3211 1928 pervenerint,
3234 1843 3405 1908 teneri
3430 1843 3614 1928 postea

2037 1936 2089 1986 iu
2118 1932 2224 1987 illis
2247 1946 2629 2003 perseverare;
2655 1922 2895 2003 intelligo
2921 1928 2974 2003 i_d_
3001 1943 3067 2003 ett
3085 1926 3276 2003 debito
3297 1922 3618 2003 reverentia:

2037 2018 2198 2070 quam
2230 1991 2574 2072 parentibus,
2601 1991 2631 2056 a
2661 1991 2858 2072 quibus
2889 1997 3055 2052 oblati
3081 1993 3496 2072 fuere_,_debent.
3525 1991 3619 2045 Sic

2037 2065 2181 2127 enim
2215 2065 2406 2128 decere
2433 2065 2693 2135 videtur,‘
2718 2080 2775 2123 ut
2803 2071 2854 2123 in
2895 2076 3071 2136 coepta
3098 2065 3379 2136 vocatione
3402 2077 3620 2136 peruia-

2041 2153 2205 2198 neant
2237 2162 2250 2197 :
2286 2145 2583 2212 praesertim
2633 2133 2756 2196 eum
2796 2141 2908 2210 jam
2941 2133 3040 2212 sibi
3077 2137 3240 2212 veluti
3292 2133 3531 2212 habitum
3563 2141 3620 2185 et

2047 2202 2322 2284 religionis
2367 2213 2705 2284 disciplinam
2763 2202 3092 2284 paraverint.
3145 2204 3280 2284 Nam
3325 2205 3391 2258 de
3445 2202 3619 2284 rigore

2046 2271 2222 2352 neque
2272 2271 2526 2354 parentes
2567 2284 2632 2337 ad
2671 2271 3072 2354 ingrediendam
3120 2275 3432 2354 religionem
3483 2271 3619 2354 filios

2043 2343 2289 2426 obligare
2326 2362 2552 2424 possunt
2585 2372 2597 2407 :
2635 2343 2756 2407 imo“
2792 2360 2846 2405 et
2896 2349 2988 2426 filii
3032 2348 3140 2418 jam
3175 2343 3338 2426 oblati
3370 2358 3505 2426 cum
3551 2343 3619 2395 ad

2045 2415 2216 2482 annos
2244 2415 2588 2482 discretionis
2636 2419 3013 2492 pervenerint,
3035 2415 3101 2472 ut
3129 2417 3195 2492 ad
3225 2415 3619 2492 saeculumnre-

2046 2479 2573 2562 deantpreclamare
2617 2479 2870 2563 poterunt
2914 2479 3012 2553 10,
3062 2487 3211 2563 q.__i,
3256 2502 3374 2563 gap.
3406 2479 3617 2563 i.__Cum

2046 2552 2238 2632 simus,
2261 2565 2335 2618 De
2360 2565 2588 2635 regular.
2618 2552 2945 2635 'S._Thgntas
2975 2552 3209 2629 quo-dm}.
3256 2552 3328 2617 ὃς
3370 2552 3528 2635 quia,
3570 2562 3620 2632 et

2043 2637 2156 2692 2-2
2175 2679 2189 2702 ,
2307 2622 2438 2690 189:
2456 2632 2772 2703 Cardinalish
2799 2622 3191 2703 Titilree'remata
3222 2622 3509 2703 tracti-1??
3525 2622 3621 2702 ,_in

2044 2693 2278 2777 Ιίιεςίέἒ
2298 2705 2426 2777 Ben.
2474 2705 2544 2758 ad
2565 2720 2698 2777 _cap_.
2746 2701 2835 2757 59.
2882 2700 3159 2777 ngtvester,
3197 2697 3355 2777 uerbo
3382 2693 3618 2777 Religio,

2083 2819 2097 2832 .
2120 2764 2212 2832 '10.
2243 2775 2539 2832 Concilium
2564 2764 2734 2836 Trid.,
2763 2790 2891 2826 sess.
2919 2764 3020 2832 95,
3047 2787 3162 2837 cap.
3190 2766 3268 2837 157
3284 2775 3330 2818 et
3359 2764 3620 2837 deinceps.

2083 2819 2097 2832 .
2129 2797 2212 2832 ‘IU.
2243 2797 2539 2832 hortantum
2565 2797 2734 2836 1nu.,
2763 2797 2891 2826 seu.
2921 2797 3020 2832 zu,
3047 2797 3162 2837 ιῖιψ.
3190 2797 3256 2820 lu
3284 2797 3328 2818 σι
3359 2797 3620 2830 αοιηνῠμσο

2043 2797 2246 2904 $811th
2273 2846 2460 2900 eadem
2492 2860 2549 2899 re
2582 2842 2730 2914 plura
2763 2842 2944 2895 videas
2976 2841 3116 2909 apud
3148 2838 3206 2891 S.
3252 2831 3583 2890 Beruardum
3603 2869 3621 2895 ,

2047 2919 2214 2988 Epist.
2249 2918 2270 2971 1
2308 2917 2374 2970 ad
2410 2915 2686 2968 Robertum
2720 2923 2950 2982 nepotem
2972 2925 3160 2963 suum.

2382 3026 2460 3082 Sit
2492 3044 2680 3082 nomen
2706 3025 2917 3080 Domini
2946 3023 3285 3077 benedictum.

376 3229 3606 3269 Μ

524 3407 880 3478 ³⁷⁵³⁷6
960 3419 1811 3538 OPUSCULUM
1915 3419 2569 3535 DECIMUM
2679 3381 3455 3532 SEPTIMUM.
3554 3451 3558 3454 -

372 3661 480 3720 DE
517 3658 937 3720 CIELIBATU
981 3659 1541 3721 SACERDOTUM.
1590 3660 1696 3718 AD
1734 3657 2145 3719 NICOLAUM
2181 3660 2602 3720 SECUNDUM
2663 3658 3062 3719 ROMANUM
3111 3653 3622 3716 PONTIFICEM.

374 3934 768 3990 Ancona-srvat.
799 3965 864 3974 —
892 3934 1165 3988 l’ublicam
1197 3934 1688 3988 ecclesiasticorum
1723 3932 1961 3984 virorum
2015 3931 2289 3984 lasciviam
2338 3947 2400 3983 ac
2451 3929 2780 3998 petulantem
2824 3929 3034 3982 vircndi
3085 3927 3354 3981 licentiam
3395 3929 3633 3998 compri-

446 4007 692 4059 mendam
723 4020 883 4068 esse;
921 4015 1232 4072 quantoque
1265 4005 1556 4057 nobiliores
1581 4011 1709 4072 sunt
1745 4003 1834 4071 qui
1881 4012 2130 4072 peccant,
2177 4019 2240 4054 cn
2269 3997 2469 4068 majore
2492 4002 2654 4053 animi
2704 4001 2918 4072 ardore,
2953 4015 3012 4052 ac.
3043 3999 3291 4072 libertate
3341 3997 3630 4072 reprehen-

442 4077 672 4135 dendos,
711 4066 960 4144 exemplo
1005 4066 1223 4142 egregio
1273 4074 1530 4134 Phincos,
1571 4066 1921 4144 fornicarium
1953 4070 2102 4125 illum
2137 4073 2334 4124 nodum
2357 4066 2794 4144 'disrttmpentis.
2825 4071 3181 4144 demonstrat.
3215 4068 3344 4144 qua:
3374 4082 3459 4118 res
3489 4066 3628 4144 adeo

443 4145 594 4199 cordi
629 4134 739 4198 Deo
764 4134 887 4207 fuit,
917 4152 976 4197 ut
1010 4134 1165 4197 ititer'
1179 4153 1375 4197 caetera
1412 4144 1482 4197 ob
1514 4152 1717 4196 tantam
1749 4159 1862 4196 rem
1887 4143 2025 4209 bene
2054 4152 2284 4211 gestam,
2314 4141 2507 4195 collata
2547 4134 2682 4194 dona
2704 4179 2718 4203 ,
2749 4156 2872 4208 quze
2921 4140 2972 4192 iu
3021 4147 3194 4211 semet
3239 4137 3476 4211 Phinees
3505 4134 3632 4201 jure

443 4214 647 4282 optimo
677 4206 972 4283 promereri
992 4212 1251 4283 voluerit,
1303 4213 1615 4281 sempiterni
1665 4206 2192 4283 sacerdotii'ftn'dere
2231 4213 2313 4283 sit
2350 4211 2680 4283 cuumlatus.
2712 4206 2911 4283 Contra
2945 4209 3190 4263 accidere
3226 4206 3510 4283 desidiosis
3539 4221 3631 4283 reo

447 4274 712 4346 etut-ibus,
734 4293 788 4336 et
816 4279 1032 4353 ﬂagitiis
1047 4281 1382 4353 subditorum
1423 4274 1854 4353 conniventibus,
1906 4280 2018 4334 Heli
2052 4281 2348 4353 sacerdotis
2382 4282 2635 4334 admonet
2683 4297 2861 4336 casus.
2895 4280 3127 4353 Domum
3151 4276 3430 4353 acriter_in
3461 4274 3632 4327 forni-

444 4353 624 4407 carios
653 4347 960 4406 sacerdot'es
1005 4361 1168 4418 atque
1193 4352 1493 4420 episcopos,
1531 4360 1640 4404 tum
1672 4351 1864 4405 validis
1888 4351 2247 4421 argumentis,
2292 4358 2402 4405 tum
2427 4367 2600 4406 sacrae
2639 4354 2960 4405 auctoritate
3010 4349 3307 4418 Scriptum
3345 4347 3629 4421 invectus,

446 4423 726 4476 Nicolaum
775 4437 1042 4490 summum
1077 4415 1394 4487 ponti—licem
1442 4422 1693 4474 hortatur
1735 4415 1995 4475 canonica
2028 4422 2348 4484 indictione,
2381 4433 2441 4476 ut
2469 4422 2607 4476 male
2655 4431 2944 4490 peccantes
2981 4415 3263 4483 coerceat;
3292 4434 3361 4472 ne
3387 4419 3514 4472 dum
3543 4415 3631 4468 ui-

448 4493 614 4546 mimn
643 4491 762 4560 pius
796 4489 1184 4560 iudulgensque
1213 4491 1268 4543 in
1297 4491 1432 4544 alios
1463 4492 1552 4555 sit,
1586 4491 1814 4545 alienam
1855 4491 1968 4561 ipse
1995 4491 2047 4545 in
2073 4506 2132 4546 se
2161 4490 2455 4546 transferat
2485 4489 2719 4560 pteuam.

446 4649 655 4703 Domno
676 4645 910 4703 NICOLAO
932 4663 1143 4702 summo
1170 4647 1434 4716 pontifici,
1458 4646 1674 4703 Perses
1697 4658 1950 4718 peccator
1977 4651 2022 4712 C
2053 4659 2171 4700 esse
2201 4646 2465 4700 sententia
2491 4651 2709 4715 propter
2733 4643 2959 4698 luxuriae
2981 4642 3168 4695 vitium
3194 4657 3296 4694 non
3314 4619 3582 4694 formidan

377 4741 676 4798 monachus
705 4741 896 4796 debita:
922 4739 1270 4810 subjectionis
1295 4743 1634 4811 obsequium.

447 4832 628 4901 Nuper
672 4833 878 4886 habens
915 4848 1038 4887 cum
1073 4833 1343 4888 nonnullis
1371 4833 1636 4902 episcopis
1663 4849 1726 4887 ex
1757 4843 1952 4888 vestra:

377 4921 676 4989 majestatis
698 4923 1020 4976 auctoritate
1044 4923 1392 4991 colloquium,
1433 4925 1639 4978 sanctis
1665 4941 1851 4980 eorum
1877 4925 1954 4979 fe-

378 5012 618 5067 moribus
665 5013 811 5066 volui
857 5027 1008 5066 seras
1052 5027 1356 5082 apponere,
1395 5015 1595 5068 tentari
1629 5015 1953 5084 genitalibus

378 5102 753 5167 sacerdotum,
785 5110 844 5156 ut
872 5101 943 5155 ita
994 5100 1204 5171 loquar,
1248 5103 1593 5159 continentiae
1639 5104 1829 5158 fibulas
1857 5105 1951 5158 ad-

377 5195 582 5250 hibere.
618 5192 725 5249 Sed
747 5193 1000 5264 quoniam
1030 5194 1146 5248 haec
1175 5203 1258 5248 est
1284 5205 1429 5250 secta
1449 5236 1463 5261 ,
1489 5197 1574 5251 cui
1598 5196 1796 5266 ubique
1823 5211 1951 5250 con-

377 5287 697 5352 tradicitur;
727 5285 871 5340 aliud
901 5286 1114 5356 quidem
1145 5287 1502 5356 quodcunque
1536 5296 1730 5340 vestra:
1752 5287 1953 5340 consti-

378 5378 604 5432 tutionis
641 5379 925 5448 imperium
951 5379 1050 5432 sub
1076 5393 1169 5447 spe
1196 5377 1524 5448 perficiendi,
1559 5378 1784 5431 fidenter
1813 5377 1955 5431 indi-

378 5471 570 5523 cimus.
620 5468 788 5538 Hujus
820 5479 998 5524 autcm
1029 5469 1246 5539 capituli
1278 5470 1473 5522 nudam
1504 5467 1694 5522 saltem
1723 5467 1953 5538 prornis-

379 5557 590 5611 sionem
622 5559 865 5614 tremulis
891 5559 1153 5629 prolatam
1185 5559 1344 5614 labiis
1373 5555 1641 5612 difiicilius
1668 5567 1955 5626 extorque-

382 5664 522 5702 mus.
555 5648 770 5715 Primo,
797 5650 921 5719 quia
955 5649 1225 5720 fastigium
1271 5649 1536 5703 castitatis
1586 5648 1852 5718 attingere
1897 5664 1954 5702 se

385 5759 542 5810 posse
574 5744 855 5809 desperant
886 5759 897 5792 :
924 5740 1114 5793 deinde
1145 5741 1265 5808 quia
1298 5739 1536 5809 synodali
1561 5756 1618 5796 se
1645 5739 1951 5810 plectendos

2056 4733 2265 4790 Nostris
2289 4735 2486 4805 quippe
2509 4733 2835 4803 temporibus
2858 4733 3088 4804 genuina
3112 4733 3504 4802 quodammodo
3526 4730 3634 4785 Ro-

2057 4843 2229 4881 mana:
2259 4827 2512 4881 Ecclesiae
2541 4826 2873 4880 consuetudo
2921 4836 3186 4890 servatur,
3221 4833 3281 4879 ut
3314 4826 3379 4879 de
3423 4826 3636 4879 caeteris

2056 4920 2271 4990 quidem
2327 4919 2712 4975 ecclesiastica:
2771 4921 3069 4990 disciplinae
3123 4920 3313 4974 slmliis
3364 4935 3631 4984 examen,

2057 5021 2216 5081 prout
2247 5012 2465 5082 dignum
2504 5022 2619 5079 est,
2667 5023 2910 5076 moveat;
2943 5013 3009 5065 de
3037 5013 3358 5067 clericorum
3410 5027 3539 5065 vero
3572 5011 3637 5065 li-

2056 5102 2238 5158 bidine
2281 5114 2501 5174 propter
2547 5104 2946 5158 insultationem
2975 5104 3312 5158 saecularium
3357 5104 3637 5173 dispensa-

2060 5198 2194 5250 torie
2222 5197 2572 5251 conticescat.
2625 5196 2777 5262 Quod
2809 5205 2956 5250 certe
3001 5196 3136 5249 satis
3172 5196 3507 5250 correctione
3549 5195 3634 5247 di-

2059 5301 2224 5354 gnum
2251 5295 2366 5348 est,
2396 5301 2462 5338 ne
2493 5285 2634 5338 unde
2663 5285 2857 5353 vulgus
2900 5301 3060 5339 omne
3107 5286 3478 5355 conqtteritur,
3514 5284 3638 5338 inde

2060 5375 2397 5443 potissimum
2423 5391 2452 5428 a
2479 5376 2750 5442 magistris
2781 5376 3036 5431 Ecclesia:
3063 5377 3115 5431 iu
3139 5375 3345 5445 judicio
3372 5385 3634 5430 taceatur.

2063 5466 2120 5520 Si
2150 5466 2292 5520 enim
2324 5466 2522 5520 malum
2561 5467 2661 5522 hoc
2683 5477 2825 5524 esset
2848 5469 3121 5522 occultum
3146 5510 3160 5531 ,
3191 5469 3366 5522 fuerat
3393 5467 3638 5521 fortassis

2060 5567 2336 5626 utcunque
2367 5557 2678 5622 ferendum;
2723 5559 2858 5623 sed,
2892 5559 2958 5612 alt
2991 5559 3198 5613 scelus!
3223 5559 3381 5614 omni
3427 5559 3640 5627 pudore

2061 5648 2381 5720 postposito,
2406 5648 2572 5716 pestis
2598 5648 2711 5702 lucc
2736 5648 2792 5703 in
2815 5659 3017 5702 tantam
3048 5649 3292 5720 prorupit
3327 5649 3637 5711 audaciam,

2061 5752 2111 5797 ut
2148 5759 2243 5811 pcr
2269 5758 2360 5796 ora
2393 5742 2572 5811 populi
2607 5742 2830 5796 volitent
2864 5742 2976 5796 loca
3008 5745 3387 5797 scortantium.
3417 5741 3642 5795 nomi..a
