4080 6194
345 327 443 383 58!

1262 328 1506 389 OPUSC.
1548 331 1709 390 XVII.
1743 365 1812 375 —
1840 334 1927 390 DE
1964 335 2331 395 C/ELIBATU
2373 339 2666 398 SACBRD.

3481 347 3588 403 58!

345 437 643 493 concubina
656 453 770 493 rum
793 480 808 503 ,
841 454 1154 495 socerorum
1201 457 1416 527 quoque
1446 447 1703 502 vocabula
1724 487 1739 514 ,
1765 448 1924 502 simul
1953 453 2001 510 Α
2030 451 2299 519 proximos
2349 469 2475 510 suos
2518 455 2830 512 occiderent
2857 495 2870 521 ,
2921 472 3020 527 pro
3074 459 3304 514 vindicta
3362 459 3590 515 fornicu-

346 539 402 582 et
433 543 684 583 socruum
704 569 721 593 ,
769 527 998 583 fratrum
1035 517 1263 601 denique
1283 573 1296 597 ,
1327 544 1383 588 et
1413 536 1776 603 quorumlibet
1803 552 1924 605 pro-

345 619 672 689 pinquorum
694 659 709 683 ,
752 630 806 673 et
837 636 901 672 ne
931 621 1059 689 quid
1104 621 1188 677 his
1216 625 1608 681 assertionibus
1635 626 1822 681 deesse
1849 626 1926 678 vi-

349 710 558 772 deatur,
594 711 904 765 testimonio
934 720 1060 767 sunt
1081 713 1348 770 discursio
1377 716 1708 781 nuntiorum,
1736 716 1925 771 effusio

350 785 1155 864 munerumfeacbinnantium
1199 804 1320 874 joca
1342 847 1356 868 ,
1389 815 1596 860 secreta
1625 807 1922 877 colloquia;

347 898 659 958 postremo,
690 890 777 943 ubi
811 893 986 947 omnis
1011 895 1254 949 dubietas
1287 895 1516 963 tollitur,
1545 898 1682 952 uteri
1715 906 1927 951 tumen-

351 989 467 1044 tes,
496 990 551 1034 et
590 983 741 1050 pueri
787 983 1084 1052 vagientes.
1136 984 1278 1056 Ergo
1323 1001 1434 1055 pra:
1477 989 1712 1056 pudore,
1744 989 1926 1043 nescio

348 1071 616 1137 quomodo
641 1070 1011 1141 supprimatur
1047 1073 1098 1126 in
1131 1076 1364 1145 synodo,
1417 1078 1558 1145 quod
1593 1078 1804 1147 publice
1834 1094 1926 1133 vo-

347 1159 607 1215 ciferatur
638 1161 690 1214 in
724 1163 953 1228 mutulo;
984 1172 1042 1217 ut
1086 1180 1190 1219 non
1219 1167 1378 1222 modo
1407 1177 1726 1235 peccantes,
1761 1178 1818 1222 ut
1847 1170 1926 1223 di-

351 1267 515 1322 gnum
564 1263 680 1318 est,
726 1264 984 1309 notentur
1037 1257 1292 1324 infamia;
1348 1260 1441 1315 sed
1488 1270 1544 1316 et
1590 1261 1642 1315 lii
1673 1276 1924 1331 quoque,

349 1345 442 1414 qui
475 1343 678 1398 ultores
702 1360 822 1400 esse
868 1346 1164 1402 debuerant
1192 1390 1206 1414 ,
1237 1350 1526 1405 videantur
1553 1353 1605 1406 in
1642 1352 1815 1423 culpa.

865 1461 1091 1516 CAPUT
1129 1462 1417 1520 PRIMUM.

351 1545 506 1612 Quod
533 1543 952 1622 Pliinesirlcirro
988 1553 1155 1620 fwdus
1187 1557 1368 1608 αντενηὶ
1397 1558 1586 1609 meruit
1620 1559 1922 1622 sacerdotii,

652 1621 774 1688 quia
796 1620 852 1674 in
883 1621 1049 1675 zelum
1077 1639 1131 1676 se
1162 1624 1344 1678 extulit
1384 1627 1616 1680 ultionis.

401 1707 519 1762 Non
532 1707 619 1764 hic
639 1710 808 1779 pudor
821 1711 1011 1766 faciem
1029 1713 1258 1770 Phinees
1274 1717 1569 1772 sacerdotis
1581 1719 1812 1787 operuit,
1833 1720 1921 1787 qui

347 1798 606 1853 nimirum
623 1812 906 1857 coeuntem
925 1820 1043 1858 cum
1063 1805 1408 1862 Madianitide
1423 1807 1719 1864 lsraelitem
1737 1826 1920 1866 coram
1957 1788 1999 1847 Β

348 1891 496 1944 omni
515 1890 856 1947 multitudine
873 1895 924 1948 in
943 1894 1074 1951 locis
1096 1896 1417 1966 genitalibus
1433 1909 1648 1970 arrepto
1664 1901 1921 1970 pugione,

351 1981 637 2036 transfodit
655 1983 846 2051 (Num.
867 1985 1014 2055 xxv).
1032 1987 1201 2042 Porro
1214 1998 1397 2043 autem
1413 2005 1510 2044 nos
1533 2001 1722 2046 contra
1744 1993 1922 2046 divina

350 2073 609 2128 mandata
639 2091 992 2143 personarum
1039 2089 1374 2148 acceptores,
1408 2081 1461 2134 in
1486 2082 1788 2138 minoribus
1808 2085 1928 2153 qui-

349 2162 472 2217 dem
531 2165 901 2221 sacerdotibus
967 2167 1192 2222 luxuriae
1267 2170 1672 2238 inquinamenta
1737 2189 1922 2242 perse-

349 2253 572 2320 quimur
596 2254 774 2325 (Deut.
809 2257 868 2326 x)
905 2275 917 2311 :
953 2257 1004 2310 in
1046 2259 1314 2330 episcopis
1343 2271 1520 2316 autem
1547 2303 1564 2327 ,
1598 2264 1738 2332 quod
1766 2265 1927 2320 nimis

348 2345 640 2399 absurdum
659 2357 762 2410 est,
780 2364 874 2416 per
886 2351 1081 2404 silentii
1101 2353 1434 2408 tolerantiam
1450 2371 1790 2412 veneramur.
1821 2360 1925 2414 Sed

347 2449 480 2489 ecce
504 2435 589 2490 hic
627 2436 854 2493 Phinees
871 2439 1030 2492 divini
1058 2441 1291 2502 Spiritus
1313 2444 1429 2498 zelo
1450 2460 1740 2500 succensus
1757 2487 1776 2515 ,
1803 2461 1925 2503 cum

347 2523 514 2595 377
544 2537 684 2581 totus
712 2543 848 2596 pene
897 2531 1256 2586 lsraelitarum
1287 2536 1512 2605 populus
1550 2552 1671 2592 cum
1713 2540 1927 2595 ﬁliabus

349 2615 511 2671 Moab
541 2616 858 2674 fornicando
886 2633 1197 2689 corrueret,
1231 2639 1457 2696 seseque
1485 2628 1818 2701 Beelphegor
1836 2646 1927 2685 sa-

350 2711 571 2779 crilegis
622 2714 960 2768 caeremoniis
1016 2715 1303 2783 initiaret,
1370 2735 1474 2774 non
1531 2720 1583 2775 in
1647 2722 1928 2792 despectos

349 2815 637 2870 quosque,
693 2803 774 2858 vel
852 2805 1066 2862 infimos
1127 2809 1322 2864 divinae
1385 2811 1517 2883 legis
1565 2827 1930 2886 propugnator

348 2891 594 2958 insiluit;
638 2894 730 2947 sed
781 2897 1190 2954 excellentiores
1227 2909 1282 2956 et
1321 2901 1577 2958 clariores
1616 2905 1670 2959 in
1711 2907 1927 2976 populo,

347 2997 488 3051 quos
537 2985 602 3037 ad
671 2988 978 3042 terrenlum
1043 2999 1269 3047 caeteros
1330 2996 1655 3060 trucidaret,
1722 2997 1926 3069 elegit;

343 3081 588 3128 testante
639 3075 920 3147 Scriptura
969 3095 1088 3148 qua:
1124 3083 1256 3137 dicit
1297 3101 1310 3137 :
1357 3102 1374 3135 ι
1404 3085 1564 3150 Erat,
1604 3088 1796 3158 inquit,
1828 3105 1927 3144 no-

347 3178 476 3216 men
525 3165 623 3218 viri
667 3166 923 3222 lsraelita:
949 3208 965 3234 ,
1017 3171 1106 3238 qui
1138 3173 1350 3227 occisus
1383 3183 1468 3230 est
1509 3190 1631 3230 cum
1669 3176 1927 3232 Madiani-

348 3254 464 3306 tide
487 3295 501 3316 ,
533 3255 746 3310 Zambri
798 3258 940 3314 filius
992 3259 1136 3315 Salai
1167 3301 1182 3327 ,
1235 3263 1342 3317 dux
1379 3265 1446 3320 de
1481 3268 1799 3335 cognatione
1826 3309 1840 3334 ,
1875 3277 1930 3323 et

350 3348 498 3400 tribu
537 3347 806 3404 Simeonis
864 3350 1050 3422 (Num.
1086 3356 1267 3422 xxv)»
1312 3356 1386 3410 De
1431 3357 1675 3413 mulieris
1715 3375 1929 3428 quoque

349 3438 658 3501 nobilitate,
685 3441 728 3494 si
759 3442 1041 3509 quaeritur,
1089 3444 1192 3501 hoc
1241 3446 1292 3500 in
1344 3449 1695 3516 sequentibus
1726 3451 1925 3505 inveni-

349 3536 480 3581 tur:
532 3529 735 3585 IPOI'I'O
766 3532 956 3587 mulier
993 3533 1319 3600 Madianitis,
1361 3554 1479 3607 qua:
1518 3541 1719 3607 pariter
1759 3541 1926 3597 inter-

350 3619 493 3673 fecta
537 3631 663 3683 est,
718 3625 1012 3678 vocabatur
1070 3625 1233 3682 Cozbi
1265 3670 1278 3692 ,
1337 3629 1443 3683 illia
1499 3630 1604 3685 Sur
1669 3635 1930 3705 principis

349 3712 672 3767 nobilissimi
725 3713 1138 3772 Madianitarum
1185 3719 1428 3790 (lbid.).i
1489 3721 1798 3795 Sanepost
1851 3727 1930 3780 di-

348 3815 558 3874 gestam
620 3807 994 3863 fornicationis
1043 3821 1098 3865 et
1139 3812 1312 3882 digna:
1363 3814 1580 3868 ultionis
1622 3816 1928 3881 historiam.

347 3897 484 3966 quid
526 3912 661 3967 opus
689 3898 789 3952 fuit
819 3899 1020 3970 Moysi.
1071 3911 1129 3956 ut
1173 3904 1540 3975 genealogiam
1589 3907 1931 3962 fornicatoris

346 3989 638 4058 utriusque
666 4000 1029 4056 contexeret;
1073 4003 1128 4046 et
1170 3994 1400 4048 alterum
1445 3997 1658 4059 ducem,
1707 3997 1928 4052 alteram

347 4078 676 4133 nobilissimi
740 4081 1002 4151 princrpis
1056 4082 1218 4136 ﬁliam
1274 4082 1441 4140 fuisse
1497 4095 1788 4145 narraret:
1828 4088 1930 4142 nisi

347 4179 412 4222 ut
452 4173 670 4226 doceret
707 4176 954 4232 carnales
991 4177 1272 4234 illecebras
1313 4181 1365 4234 in
1405 4181 1765 4236 eminentibus
1810 4198 1934 4254 per-

345 4262 505 4316 sonis
543 4263 723 4318 acrius
753 4269 1196 4336 persequendas?
1233 4268 1369 4324 llinc
1403 4280 1483 4325 est
1539 4272 1679 4339 quod
1728 4282 1783 4326 et
1821 4272 1933 4342 ipse

344 4351 639 4419 Dominus,
685 4370 806 4410 cum
857 4359 1034 4413 omnis
1071 4359 1363 4415 Israelitica
1412 4361 1562 4430 plebs
1593 4377 1696 4414 non
1727 4362 1930 4432 dispari

2031 542 2188 598 tionis
2229 544 2478 613 injunxit.
2513 545 2650 613 Quid
2677 547 2729 600 in
2771 548 2856 602 his
2883 549 3134 604 cronibus
3160 552 3319 603 datur
3344 551 3591 622 intelligi.

2026 634 2126 689 nisi
2178 635 2301 702 quia
2348 645 2531 689 reatus
2583 636 2827 692 adulterii
2884 638 2934 692 in
2985 641 3228 708 personis
3274 641 3597 696 clarioribus

2027 728 2184 781 debet
2236 727 2424 782 durius
2455 727 2790 782 .viudicari?
2845 730 2909 783 Et
2953 731 3044 800 qui
3104 731 3238 786 tales
3276 728 3595 788 commotus

2027 818 2336 882 ulciscitur,
2396 833 2582 887 pacem
2622 821 2840 889 superni
2883 821 3080 890 judicis
3123 831 3178 876 et
3214 823 3439 892 gratiam
3488 837 3596 878 non

2029 911 2186 964 modo
2219 910 2339 974 sibi,
2368 911 2461 966 sed
2506 918 2561 966 et
2598 911 2791 980 populo
2816 911 3019 982 absque
3045 913 3210 968 dubio
3233 921 3591 983 promeretur.

2031 1001 2182 1057 Unde
2216 1001 2394 1056 divina
2438 1017 2576 1056 vox:
2623 1023 2640 1054 ι
2671 1003 2918 1064 Phinees,
2967 1006 3157 1074 inquit.
3220 1007 3413 1062 avertit
3454 1006 3594 1062 iram

2028 1107 2203 1146 meam
2240 1107 2269 1145 a
2302 1091 2426 1148 ﬁliis
2456 1093 2619 1148 lsrael
2646 1133 2662 1158 ,
2707 1095 2833 1162 quia
2885 1095 3000 1150 zelo
3036 1109 3154 1152 meo
3179 1105 3479 1150 commotus
3514 1104 3599 1152 est

2027 1194 2216 1238 contra
2258 1198 2386 1249 eos,
2421 1193 2480 1238 ut
2515 1198 2619 1237 non
2653 1184 2766 1252 ipse
2796 1185 3028 1240 delerem
3070 1199 3165 1241 eos
3214 1185 3267 1240 in
3316 1186 3431 1240 zelo
3477 1201 3597 1241 meo

2029 1272 2270 1343 (Ibid):
2324 1273 2460 1328 Ecce
2517 1275 2822 1329 audivimus
2879 1277 3146 1344 quomodo
3189 1286 3410 1346 propter
3462 1277 3597 1332 iram

2028 1364 2259 1418 Phinees
2287 1364 2492 1434 placata
2520 1377 2599 1419 est
2631 1367 2708 1420 ira
2749 1366 2958 1421 Domini
2991 1381 3152 1435 super
3178 1366 3336 1421 lsrael
3361 1407 3375 1429 ,
3408 1367 3596 1422 audia-

2029 1471 2147 1509 mus
2174 1455 2337 1509 etiam
2385 1471 2528 1510 nunc
2557 1456 2788 1524 qualiter
2838 1457 2950 1525 ipse
2998 1472 3095 1526 per
3143 1457 3308 1510 animi
3339 1457 3418 1510 sui
3445 1472 3595 1512 com-

2028 1547 2354 1610 motionem,
2411 1557 2723 1616 perpetuam
2766 1546 2869 1601 sibi
2918 1563 3038 1602 cum
3091 1547 3317 1600 Domino
3352 1547 3600 1600 statuerit

2029 1651 2234 1706 pacem.
2274 1656 2290 1686 ‹
2315 1636 2473 1700 Ecce,
2504 1636 2699 1705 inquit,
2731 1637 2802 1690 do
2825 1636 2872 1690 ei
2905 1650 3092 1706 pacem
3125 1635 3346 1690 foederis
3387 1634 3513 1698 mei,
3545 1644 3601 1689 et

2030 1727 2135 1780 erit
2161 1736 2268 1779 tam
2297 1726 2423 1795 ipsi,
2447 1741 2607 1796 quam
2651 1727 2840 1780 semini
2891 1726 3032 1780 illius
3069 1734 3284 1795 pactum
3314 1723 3597 1780 sacerdotii

2028 1819 2459 1889 sempiternum,
2513 1819 2638 1888 quia
2699 1819 2904 1873 zelatus
2946 1827 3028 1872 est
3071 1833 3170 1887 pro
3222 1818 3331 1872 Deo
3372 1830 3509 1882 suo,
3546 1825 3600 1869 et

2028 1913 2266 1980 expiavit
2326 1912 2499 1966 scelus
2553 1911 2782 1966 ﬁliorum
2835 1910 3002 1965 lsrael
3282 1904 3466 1976 (Ibid.
3500 1909 3541 1978 ).
3575 1925 3593 1958 ι

2027 2002 2221 2056 Pacem
2249 2001 2445 2070 quippe
2484 2000 2740 2054 Dominus
2773 1998 2844 2053 illi
2891 2000 2974 2054 sui
3013 1998 3232 2054 foederis
3273 1997 3440 2063 dedit,
3469 1998 3598 2068 quia

2028 2091 2212 2146 sedata
2244 2091 2390 2146 omni
2430 2090 2608 2144 carnis
2655 2089 2920 2153 molestia,
2948 2090 3128 2145 vivere
3163 2089 3308 2143 illum
3339 2103 3506 2158 usque
3546 2089 3597 2142 in

2029 2181 2191 2238 finem
2247 2182 2475 2248 mundi,
2532 2182 2585 2236 itt
2640 2182 2875 2252 paradisi
2936 2182 3246 2236 amoenitate
3296 2182 3595 2236 constituit.

2027 2271 2144 2342 lpse
2170 2273 2436 2341 siquidem
2483 2285 2586 2336 est,
2635 2273 2737 2326 nisi
2783 2271 2960 2334 fallor,
3010 2272 3154 2325 Elias
3191 2272 3474 2342 propheta,
3505 2269 3596 2339 qui

2029 2362 2277 2416 videlicet
2307 2362 2477 2429 igneis
2527 2362 2680 2430 equis
2729 2371 2782 2414 et
2820 2377 3005 2426 curru,
3033 2361 3207 2414 Elisco
3248 2360 3598 2428 suspiciente,

2027 2463 2114 2509 est
2173 2454 2464 2509 translatus
2519 2455 2571 2508 in
2631 2455 2828 2509 coelum
2869 2452 3244 2524 (IVReg.tt).
3303 2452 3454 2508 Unde
3511 2466 3601 2506 tne

2027 2546 2271 2616 quisquis
2301 2545 2516 2600 mentiri
2548 2554 2830 2610 autumat,
2860 2546 3053 2600 divinte
3094 2545 3224 2614 legis
3252 2544 3597 2612 interpretem

2028 2633 2431 2703 Hieronymum,
2465 2633 2553 2702 qui
2585 2633 2686 2687 hoc
2731 2633 2784 2686 in
2832 2632 3208 2687 Hebraicarum
3239 2631 3598 2701 quaestionum

2028 2725 2169 2780 libro
2209 2732 2459 2788 testatur,
2497 2723 2674 2794 potius
2724 2723 3099 2792 reprehendat.
3132 2723 3300 2778 Porro
3336 2733 3516 2778 autem
3544 2730 3604 2778 et

2029 2825 2270 2884 tempore
2332 2813 2500 2868 David
2555 2814 2696 2884 regis
2753 2814 2841 2868 hic
2899 2813 3128 2868 Phinees
3183 2827 3483 2883 superesse,
3537 2828 3602 2867 ac

2028 2905 2363 2962 sacerdotale
2392 2903 2623 2960 ofﬁcium
2652 2921 2840 2974 gerere
2881 2906 3162 2975 perspicue
3206 2904 3491 2973 reperitur,
3522 2903 3608 2956 di-

2029 3007 2186 3052 cente
2237 2995 2554 3066 Scriptura:
2617 2994 2722 3049 (Hi
2767 3007 2911 3059 sunt,
2972 2995 3170 3063 inquit,
3217 2993 3412 3048 Coritu:
3442 3008 3630 3071 super

2030 3104 2193 3156 opera
2221 3087 2523 3150 ministerii,
2551 3086 2805 3142 custodes
2833 3085 3214 3140 vestibulorum
3245 3083 3409 3154 378
3429 3084 3605 3136 taber—

2034 3177 2235 3242 naculi,
2263 3185 2316 3232 et
2354 3175 2570 3230 familiae
2615 3190 2798 3230 eorum
2841 3190 2936 3245 per
2976 3175 3120 3229 vices
3165 3185 3464 3228 eaStrorum
3496 3173 3603 3226 Do—

2033 3270 2164 3324 mini
2211 3267 2572 3323 custodientes
2620 3267 2916 3320 introitum.
2967 3265 3196 3319 Pbinees
3243 3273 3420 3319 autem
3466 3262 3606 3316 ﬁlius

2034 3359 2277 3422 Eleazar,
2302 3366 2418 3412 erat
2439 3357 2544 3410 dux
2572 3370 2757 3409 eorum
2779 3369 2957 3408 coram
2984 3354 3208 3407 Domino
3241 3351 3291 3423 (I
3319 3351 3443 3406 Par.
3468 3351 3598 3421 Vt)»

2034 3452 2129 3507 Cui
2173 3450 2426 3504 nimirum
2459 3445 2688 3501 Phinees
2726 3461 2919 3500 nomen
2958 3454 3048 3510 est
3073 3462 3102 3498 a
3130 3444 3440 3515 parentibus
3468 3441 3604 3496 indi-

2037 3553 2168 3605 tum,
2200 3539 2346 3595 Elias
2375 3554 2502 3594 vero
2532 3551 2794 3609 agnomen
2823 3545 2906 3591 est
2936 3537 3185 3591 accidens
3209 3551 3303 3605 per
3329 3543 3602 3589 eventum.

2036 3632 2178 3686 Elias
2217 3629 2480 3698 siquidem
2527 3629 2938 3697 interpretatur,
2970 3625 3113 3681 Deus
3153 3625 3430 3688 Dominus,
3462 3624 3606 3692 quod

2033 3738 2098 3778 ex
2137 3723 2238 3778 hac
2292 3721 2392 3776 sibi
2442 3721 2730 3775 occasione
2765 3719 3069 3787 impositum
3123 3715 3290 3772 fuisse
3344 3714 3607 3779 creditur,

2033 3813 2160 3882 quia
2201 3826 2323 3866 cum
2372 3810 2655 3882 legationis
2697 3807 2872 3865 ollicio
2905 3806 3216 3878 fungeretur
3242 3847 3257 3872 ,
3304 3807 3504 3859 missus
3539 3803 3609 3860 ab

2033 3903 2328 3959 lsraelitico
2354 3903 2549 3972 populo
2574 3903 2640 3956 ad
2670 3903 2802 3957 duas
2842 3899 3173 3965 semitribus,
3228 3897 3414 3951 Ruben
3453 3896 3604 3950 vide-

2033 3994 2162 4050 licet
2202 4004 2254 4050 et
2302 3993 2437 4058 Gad,
2492 4001 2547 4047 et
2597 3992 2872 4047 dimidiam
2927 3990 3125 4043 tribum
3171 3988 3439 4052 Manasse,
3486 4002 3606 4056 qua:

2035 4087 2275 4142 enormis
2307 4083 2689 4156 magnitudinis
2717 4082 2887 4137 altare
2925 4085 3361 4144 construxerant,
3401 4078 3503 4132 hoc
3539 4079 3606 4132 ab

2034 4177 2114 4232 eis
2147 4190 2463 4244 responsum
2493 4172 2857 4228 excusationis
2886 4171 3093 4241 accepit
3118 4188 3131 4224 :
3179 4187 3196 4221 ι
3219 4169 3567 4224 Fortissimus
3591 4207 3606 4232 ,

2035 4267 2308 4337 inquiunt,
2339 4266 2480 4320 Deus
2509 4263 2788 4328 Dominus,
2821 4263 2934 4333 ipse
2983 4262 3151 4329 novit,
3197 4261 3241 4316 si
3284 4259 3608 4332 praevarica-

2038 4357 2202 4410 tionis
2231 4355 2410 4409 animo
2445 4354 2548 4409 hoc
2592 4353 2762 4407 altare
2811 4353 3208 4407 construximus
3239 4349 3374 4418 (los.
3413 4350 3603 4419 χχιι).›

343 4443 584 4498 crimine
651 4453 928 4502 teneretur
990 4450 1222 4504 obnoxia
1251 4492 1264 4516 ,
1337 4452 1404 4505 de
1463 4445 1656 4522 populo
1711 4455 1926 4523 quiue...
1958 4445 2116 4526 DAb
2164 4443 2248 4498 bis
2303 4443 2485 4511 itaque
2535 4441 2798 4497 rationem
2850 4441 3188 4495 reddentium
3225 4439 3423 4504 verbis,
3464 4437 3614 4494 Elius

345 4535 546 4599 tacuit,
588 4537 849 4592 adversus
883 4548 1064 4594 autem
1097 4541 1237 4596 solos
1275 4543 1545 4612 principes
1593 4543 1643 4596 in
1692 4544 1927 4600 furorem

343 4639 415 4679 se
464 4627 639 4698 digna:
676 4627 1161 4685 animadversionis
1214 4633 1404 4686 erexit.
1452 4633 1626 4688 Iratus
1663 4635 1807 4689 enim
1855 4638 1931 4690 ait

342 4716 565 4786 Moysi:
633 4715 826 4772 «Tolle
883 4728 1105 4774 cunctos
1145 4721 1414 4790 principes
1449 4723 1663 4791 populi,
1719 4733 1772 4778 et
1811 4740 1932 4778 sus-

336 4809 530 4878 pende
576 4822 671 4862 eos
718 4818 907 4862 contra
956 4809 1124 4863 solem
1163 4811 1216 4864 in
1257 4811 1529 4881 patibulis,
1572 4821 1626 4866 ut
1657 4823 1933 4867 avertatur

337 4901 509 4956 furor
546 4915 698 4955 meus
747 4901 817 4955 ab
865 4901 1025 4956 lsrael
1061 4901 1268 4972 (Ibid).
1309 4923 1328 4955 ι
1381 4902 1544 4959 Plane
1600 4913 1656 4960 et
1720 4903 1932 4973 Moyses

2038 4543 2375 4603 nuncupatus
2420 4535 2698 4598 asseritur,
2748 4532 2838 4602 qui
2879 4531 3108 4586 Phinees
3146 4543 3369 4586 eatenus
3393 4530 3614 4584 diceba-

2039 4636 2165 4692 tur;
2206 4635 2267 4679 ut
2321 4625 2532 4678 illorum
2579 4639 2892 4695 responsum
2919 4663 2934 4685 ,
2990 4621 3148 4691 hujus
3198 4621 3444 4675 videatur
3489 4635 3610 4676 esse

2039 4720 2375 4774 vocabulum.

2107 4809 2414 4864 Notandum
2461 4815 2638 4861 autem
2667 4847 2682 4872 ,
2729 4805 2853 4875 quia
2897 4805 3035 4860 sicut
3080 4805 3132 4858 in
3182 4803 3452 4857 chronicis
3496 4803 3611 4856 suis

2038 4901 2424 4957 solertissimus
2470 4897 2613 4952 Beda
2669 4905 2936 4959 testatur,
3000 4897 3068 4950 ab
3112 4910 3331 4966 egressu
3379 4893 3606 4947 filiorum

2036 4989 2199 5045 lsrael
2236 5005 2298 5044 ex
2331 4987 2582 5060 Egypto,
2636 5003 2804 5058 usque
2839 4988 2904 5042 ad
2941 4986 3070 5042 Elite
3114 4987 3168 5041 in
3219 4984 3343 5042 caeli
3396 4984 3609 5040 culmen

2035 5096 2343 5147 ascensum,
2381 5089 2756 5136 sexcentarum
2789 5081 2974 5152 viginti
3021 5094 3282 5134 annorum
3328 5074 3606 5148 supputari
3635 5066 3656 5071 “

2036 5176 2274 5234 calculus
2305 5175 2593 5228 invenitur.
2637 5170 2765 5227 Jure
2806 5188 2935 5242 ergo
2964 5171 3054 5240 qui
3099 5169 3324 5225 mmcbis
3375 5165 3609 5237 repenti-

2038 5285 2162 5325 nam
2207 5265 2390 5322 intulit
2434 5281 2642 5329 necem,
2679 5280 2895 5319 annosae
2917 5264 3041 5317 vita:
3063 5262 3287 5316 sortitus
3324 5269 3406 5314 est
3438 5257 3610 5328 longi-

2040 5358 2322 5421 tudinem;
2377 5353 2574 5424 quiqtie
2611 5353 2664 5407 in
2709 5352 2869 5406 terris
2919 5351 3084 5404 divini
3137 5349 3233 5403 zeli
3285 5357 3367 5402 est
3420 5348 3612 5401 ardore

2041 5460 2336 5501 succensus
2363 5485 2376 5508 ,
2423 5449 2782 5515 congruenter
2811 5446 2894 5496 est
2919 5439 3071 5510 equis
3099 5437 3267 5505 igneis
3290 5435 3526 5493 elevatus
3559 5438 3610 5491 in

2038 5538 2251 5594 cmlum.

334 5007 465 5047 non
516 4991 579 5044 ad
626 4991 763 5046 alios
791 5032 805 5056 ,
853 4993 946 5046 sed
1001 4995 1068 5047 ad
1116 4992 1326 5062 iudices
1362 4995 1526 5051 lsrael
1565 4997 1682 5052 ait:
1730 5015 1748 5048 ι
1778 4995 1932 5052 Occi-

334 5089 451 5142 dat
491 5087 858 5156 unusquisque
910 5087 1188 5155 proximos
1234 5104 1394 5153 suos,
1434 5090 1523 5157 qui
1564 5089 1756 5144 initiati
1807 5096 1934 5143 sunt

331 5171 688 5244 Beelphegor
735 5174 976 5244 (lbid.).i
1021 5177 1156 5230 Dum
1207 5191 1337 5246 ergo
1385 5177 1616 5231 Phinees
1648 5193 1751 5246 pro
1785 5192 1932 5232 com-

329 5261 508 5319 muni
547 5261 903 5318 fornicatione
958 5265 1123 5318 totius
1174 5265 1531 5319 multitudinis
1585 5266 1928 5330 ulciscenda,

328 5355 396 5408 in
465 5364 558 5403 eos
602 5353 946 5420 pottssimum
982 5354 1071 5422 qui
1112 5354 1277 5409 duces
1327 5355 1678 5419 videbantur,
1725 5355 1931 5419 insiliit,

323 5442 628 5514 principes
683 5443 933 5500 similiter
985 5445 1166 5515 populi
1236 5445 1288 5499 in
1355 5445 1608 5514 patibulis
1679 5448 1928 5517 suspendi

323 5533 624 5592 sententia
690 5534 872 5588 divina
934 5536 1226 5605 praecepit,
1281 5536 1492 5608 Moyses
1549 5552 1764 5606 quoque
1828 5552 1930 5592 non

322 5623 685 5697 quibuslibet
750 5625 991 5691 inlimis,
1084 5627 1175 5681 sed
1258 5625 1527 5694 indicibus
1597 5627 1800 5690 lsrael.
1876 5636 1929 5681 ut
