4080 6194
463 418 568 475 385

1076 527 1301 583 CAPUT
1350 527 1412 582 ll.

534 648 687 714 Quod
727 645 848 699 Heli
886 645 1000 697 ideo
1048 644 1242 714 periit,
1298 642 1423 714 quia
1472 640 1598 714 ﬁliis
1634 638 1966 709 peccantibus

960 713 1097 767 male
1151 714 1268 783 pius
1322 713 1560 765 indulsit.

530 808 601 861 At
647 815 861 868 contra.
908 804 1053 859 Heli
1081 805 1205 874 quia
1258 803 1486 857 liliorum
1517 808 1738 871 peccata
1765 796 2037 866 cognovit,

460 898 553 953 sed
593 914 686 952 eos
722 898 1048 959 invectione,
1095 911 1200 965 qua
1232 894 1376 963 digni
1407 901 1587 957 erant,
1629 892 1896 946 acerrima
1933 905 2038 945 non

458 988 759 1057 corripuit,
808 988 1010 1042 eisdem
1044 986 1168 1041 ﬁliis
1209 1002 1239 1040 a
1270 985 1593 1039 Philistbiim
1640 984 1692 1037 in
1735 983 1875 1037 bello
1918 997 2040 1051 per-

460 1081 695 1149 emptis,
741 1080 856 1149 ipse
899 1091 1113 1149 quoque
1177 1080 1241 1132 de
1297 1078 1428 1131 sella
1485 1086 1780 1132 retrorsum
1826 1077 2037 1142 cecidit,

461 1171 760 1241 fractisque
815 1172 1118 1227 cervicibus
1165 1171 1463 1239 exspiravit
1516 1170 1568 1239 (1
1597 1169 1722 1239 Reg.
1759 1168 1853 1239 tv).
1901 1168 2040 1236 Quin

460 1271 516 1318 et
544 1278 671 1317 arca
702 1263 912 1317 Domini
944 1263 1012 1315 ab
1043 1257 1288 1316 hostibus
1326 1272 1480 1331 capta
1518 1273 1632 1325 est,
1660 1271 1714 1315 et
1743 1262 1890 1331 prius
1916 1262 2041 1330 qui-

461 1353 583 1406 dem
621 1363 855 1423 quatuor
895 1353 1083 1416 millia,
1119 1354 1314 1407 deinde
1359 1353 1577 1424 triginta
1610 1354 1773 1407 millia
1799 1355 2043 1408 virorum

458 1459 607 1515 sunt,
637 1449 953 1506 Philisthaso
995 1452 1298 1506 trucidante
1323 1492 1336 1514 ,
1382 1461 1674 1521 prostrata.
1724 1451 1791 1504 Et
1825 1450 2040 1519 quidem

462 1541 767 1611 redarguit,
796 1552 851 1597 et
877 1543 1095 1611 quidem
1126 1543 1420 1612 corripuit:
1451 1543 1542 1597 sed
1564 1542 1785 1597 lenitate
1812 1549 1863 1595 et
1890 1556 2044 1594 man-

460 1635 747 1689 suetudine
808 1636 997 1706 patris,
1047 1650 1152 1689 non
1204 1637 1527 1699 severitate,
1588 1637 1670 1691 vel
1721 1637 2043 1691 auctoritate

459 1725 732 1793 pontiﬁcis
766 1744 780 1779 :
843 1745 860 1777 ‹
891 1726 1098 1792 Quare,
1137 1726 1349 1796 inquit,
1381 1725 1559 1782 facitis
1605 1742 1692 1781 res
1737 1725 2041 1796 huiusmodi

462 1831 599 1884 quas
645 1831 744 1884 ego
796 1817 975 1881 audio,
1027 1832 1112 1871 res
1167 1818 1447 1885 pessimas,
1502 1818 1568 1869 ab
1622 1817 1767 1871 omni
1808 1816 2041 1886 populo?

461 1905 658 1969 Nolite,
694 1906 791 1961 lilii
829 1908 977 1972 mei;
1031 1922 1138 1961 non
1190 1917 1273 1962 est
1319 1908 1463 1961 enim
1512 1909 1650 1961 bona
1700 1905 1841 1961 fama
1879 1923 2037 1976 quam

464 2002 625 2057 audio
656 2002 817 2074 (Ibid.
850 2003 968 2072 11).»
1008 2004 1268 2059 Audierat
1294 2005 1469 2069 enim,
1517 2004 1797 2074 Scriptura
1832 2013 2041 2059 testan-

463 2105 547 2161 te,
579 2096 704 2164 quia
739 2115 757 2146 ι
798 2095 1144 2151 dormiebant
1189 2111 1311 2150 cum
1363 2096 1680 2150 mulieribus
1708 2112 1828 2164 quae
1862 2096 2044 2149 obser-

462 2189 661 2241 vabant
705 2188 771 2241 ad
822 2188 1020 2242 ostium
1054 2188 1385 2243 tabernaculi
1440 2187 1682 2259 (lbid.).i
1713 2187 1881 2242 Porro
1910 2202 2045 2256 quos

464 2277 714 2333 inimicos
742 2277 835 2331 Dei
879 2278 1033 2337 vidit.
1089 2278 1139 2331 in
1191 2278 1485 2348 perniciem
1523 2292 1674 2333 suam
1723 2276 1863 2331 ﬁlios
1888 2291 2043 2330 reco-

463 2368 680 2438 gnovit:
714 2377 769 2422 et
798 2385 934 2438 quos
957 2370 1134 2423 hostili
1170 2368 1332 2423 ferire
1362 2369 1537 2437 gladio
1568 2369 1773 2432 debuit,
1805 2377 2046 2437 paterme

463 2459 737 2513 blanditia:
785 2459 1007 2514 lenitate
1059 2459 1316 2528 palpavit.
1374 2458 1489 2513 Non
1536 2458 1615 2513 sie
1666 2457 1754 2513 ille
1790 2456 1963 2512 ﬁdelis
1992 2457 2043 2511 in

465 2552 623 2605 domo
674 2551 886 2605 Domini
932 2550 1165 2605 famulus
1211 2550 1443 2621 Moyses,
1496 2550 1757 2621 magister
1795 2550 2047 2604 videlicet

467 2643 680 2709 ingenui
732 2641 983 2695 Phinees.
1025 2641 1187 2696 Stans
1219 2642 1363 2696 enim
1414 2642 1464 2695 in
1512 2650 1663 2711 porta
1716 2650 2042 2707 castrorum,

464 2733 579 2785 ait:
631 2730 728 2785 «Si
772 2733 893 2800 quis
922 2743 1003 2783 est.
1032 2731 1263 2791 Domini,
1302 2732 1559 2800 jungatur
1602 2731 1753 2786 mihi.
1808 2731 2046 2801 Congre-

466 2823 682 2891 gatique
725 2830 849 2875 sunt
881 2822 944 2872 ad
973 2837 1094 2874 eum
1144 2836 1332 2874 omnes
1378 2822 1469 2873 ﬁlii
1517 2821 1665 2885 Levi,
1703 2822 1897 2889 quibus
1928 2824 2040 2876 ait:

466 2912 593 2967 Hace
624 2912 754 2965 dicit
782 2911 1037 2966 Dominus
1068 2913 1209 2966 Deus
1238 2912 1401 2965 Israel
1433 2929 1445 2965 :
1489 2911 1660 2967 Ponat
1698 2913 1931 2982 gladium
1962 2914 2046 2968 vir

467 3017 631 3071 super
661 3002 835 3056 femur
864 3018 1017 3055 suum
1044 3019 1057 3067 ;
1089 3003 1160 3055 ite
1183 3043 1196 3066 ,
1230 3012 1284 3056 et
1310 3003 1482 3056 redite
1506 3004 1572 3057 de
1600 3015 1748 3071 porta
1779 3021 1948 3074 usque
1978 3006 2045 3059 ad

466 3101 674 3164 portam
726 3108 820 3161 per
864 3094 1097 3147 medium
1147 3104 1485 3149 castrorum:
1547 3104 1601 3149 et
1645 3097 1854 3151 occidat
1884 3114 2044 3153 unus-

469 3183 697 3253 quisque
729 3183 973 3248 fratrem,
1034 3195 1088 3237 et
1131 3185 1458 3254 proximum,
1510 3196 1564 3240 ct
1610 3188 1841 3253 amicum
1885 3206 2041 3245 suum
2073 3220 2117 3282 Ο

476 3278 672 3349 (Exod.
703 3281 871 3346 xxxii)
902 3298 915 3334 :
951 3281 1117 3337 Caesis
1145 3282 1328 3350 itaque
1381 3284 1570 3353 viginti
1604 3286 1777 3340 tribus
1808 3288 2049 3344 millibus

468 3370 774 3432 hominum.
800 3373 874 3426 ait
896 3371 1140 3426 Movses:
1173 3392 1190 3424 ι
1221 3373 1600 3430 Consecrasds
1632 3394 1817 3431 IllatlllS
1841 3389 2047 3432 vestras

470 3456 633 3510 hodie
683 3457 931 3522 Domino,
966 3460 1335 3528 unusquisque
1368 3461 1419 3513 in
1466 3461 1574 3515 ﬁlio
1624 3470 1674 3516 et
1729 3461 1897 3519 fratre
1926 3479 2045 3529 suo,

471 3555 533 3601 ut
561 3549 717 3600 detur
744 3548 895 3601 vobis
925 3548 1227 3603 benedictio
1257 3549 1496 3622 (lbid.).i
1527 3552 1691 3607 Plane
1720 3552 1860 3606 sicut
1886 3554 2049 3607 bene-

472 3637 705 3692 dictione
731 3640 873 3708 digni
907 3636 1051 3701 sunt,
1078 3641 1168 3709 qui
1200 3642 1386 3710 culpas
1415 3644 1731 3714 corrigunt,
1773 3644 1937 3715 379
1975 3647 2047 3701 ila

472 3728 822 3783 nihilominus
850 3730 1213 3786 maledictioni
1250 3733 1471 3787 obnoxii
1504 3745 1661 3798 sunt,
1693 3736 1782 3804 qui
1815 3750 2047 3805 peccan-

473 3821 619 3876 tibus
667 3822 1048 3887 blandiuntur,
1103 3824 1239 3877 sicut
1294 3839 1392 3894 per
1436 3827 1751 3897 prophetam
1804 3828 2047 3884 dicitur:

479 3928 499 3963 ι
527 3909 843 3967 Maledictus
870 3915 959 3983 qui
989 3916 1237 3984 prohibet
1268 3919 1501 3988 gladium
1540 3936 1696 3975 suum
1727 3937 1755 3974 a
1789 3922 2052 3994 sanguine

474 4001 647 4072 (Hier.
680 4005 922 4077 vam).»
975 4007 1018 4061 Α
1070 4009 1329 4077 sanguine
1372 4010 1567 4080 quippe
1616 4012 1847 4082 gladium
1895 4030 2050 4069 suum

472 4094 746 4163 prohibet,
777 4098 868 4166 qui
910 4113 967 4153 se
1002 4097 1070 4152 ab
1111 4098 1389 4153 inferenda
1423 4102 1667 4170 reprobis
1711 4104 1885 4173 dignae
1930 4120 2051 4160 sen-

474 4187 660 4241 tentia:
688 4189 1155 4244 animadversione
1184 4200 1418 4245 coercet.
1453 4192 1600 4245 Facti
1645 4194 1906 4261 siquidem
1939 4196 2053 4249 cul-

474 4293 598 4345 pam
632 4278 812 4344 habet,
869 4282 957 4347 qui
1011 4282 1150 4349 quod
1207 4292 1419 4350 potest,
1474 4284 1693 4353 negligit
1744 4288 2049 4342 emendare.

477 4366 633 4420 Unde
662 4376 716 4421 et
745 4368 969 4438 praefato
1000 4368 1113 4423 Heli
1156 4371 1242 4423 vir
1270 4371 1386 4436 Dei,
1417 4373 1506 4440 qui
1550 4382 1603 4427 et
1636 4374 1861 4429 Phinees
1888 4374 2053 4432 fuisse

476 4465 698 4527 putatur
724 4500 739 4525 ,
786 4460 899 4512 ait:
948 4480 964 4510 ι
997 4460 1120 4515 ηερε
1159 4462 1287 4515 dicit
1338 4463 1636 4518 Dominus:
1685 4465 1863 4531 Quare
1907 4468 2054 4523 calce

927 416 987 472 s.
1027 414 1227 470 parm
1270 410 1549 467 DAMIANI
1589 408 1738 466 opp.
1781 405 2021 464 ronL's
2057 405 2191 464 seu
2231 404 2415 464 mss
2451 405 2539 463 tu.
2566 382 3045 465 —'opuscum
3086 406 3317 462 vanu.

3608 406 3709 461 386

2064 526 2111 582 A
2141 531 2247 589 rat,
2280 524 2457 579 divina
2489 540 2588 579 vox
2640 525 2719 579 ait
2746 542 2759 578 :
2806 544 2824 578 ι
2851 523 3170 593 Quicunque
3198 522 3581 592 gloriﬁcaverit
3608 541 3712 593 me,

2137 616 2450 687 gloriﬁcabo
2478 632 2598 672 eum
2626 634 2641 682 ;
2673 616 2764 687 qui
2801 626 2980 671 autem
3014 618 3371 672 contemnunt
3406 632 3513 681 me,
3559 628 3719 672 erunt

2140 708 2419 779 ignobiles.
2440 729 2459 762 ι
2478 708 2578 765 Ubi
2612 724 2732 763 mox
2756 708 3005 764 subditur
3028 726 3040 761 :
3063 727 3081 759 ‹
3114 708 3252 762 Ecce
3280 706 3395 761 dies
3410 708 3649 773 veniunt,
3666 710 3731 763 ct'

2138 801 2426 870 praecidam
2472 800 2756 854 brachium
2801 808 2972 864 tuum,
3003 808 3055 853 et
3094 798 3373 853 brachium
3406 798 3599 853 domus
3630 813 3721 867 pa-

2143 890 2239 944 tris
2263 889 2336 943 tui
2367 889 2417 959 (1
2448 890 2573 960 Reg.
2604 889 2719 959 ll).)
2777 889 2855 943 Ac
2904 888 2946 942 si
2997 897 3183 958 aperte
3223 887 3408 942 dicat:
3452 888 3589 955 Quia
3623 901 3719 958 ego

2139 995 2237 1051 per
2292 980 2583 1049 pastoralis
2638 978 2795 1034 oﬁicii
2847 979 3163 1049 dignitatem
3214 987 3405 1032 contra
3473 976 3729 1031 inimicos

2141 1086 2292 1127 meos
2338 1072 2615 1129 brachium
2669 1071 2763 1125 tibi
2812 1069 3146 1125 fortitudinis
3194 1068 3416 1132 contuli,
3447 1068 3539 1123 sed
3568 1075 3623 1122 tu
3655 1070 3720 1123 ad

2141 1178 2327 1217 eorum
2375 1162 2630 1216 ultionem
2684 1161 2812 1215 illud
2862 1176 3087 1215 exerere
3130 1158 3387 1223 noluisti;
3434 1159 3545 1228 iam
3593 1159 3722 1212 bra-

2142 1254 2323 1309 cbium
2352 1271 2381 1309 a
2414 1263 2464 1309 te
2491 1252 2800 1326 praecidam,
2838 1254 2889 1308 id
2916 1261 3022 1319 est,
3077 1254 3315 1323 vigorem
3349 1251 3441 1305 tibi
3472 1250 3725 1305 sacerdo-

2143 1345 2266 1399 talis
2304 1345 2555 1400 culminis
2599 1345 2881 1399 auferam:
2916 1352 2972 1399 ut
3018 1344 3108 1412 qui
3150 1357 3405 1411 manceps
3437 1340 3617 1396 fueras
3659 1339 3723 1393 ad

2142 1437 2492 1505 pugnandum
2549 1451 2648 1505 pro
2698 1450 2802 1500 me,
2836 1432 2945 1503 iam
2998 1448 3099 1488 nec
3157 1447 3373 1487 manum
3422 1430 3620 1485 habeas
3656 1428 3723 1484 ad

2145 1525 2404 1579 tuendum
2443 1534 2515 1579 te.

2212 1616 2484 1670 Ponamus
2512 1615 2692 1685 plane,
2724 1614 2865 1686 quod
2893 1612 3089 1682 Ophni,
3118 1621 3171 1669 et
3200 1611 3435 1667 Phinees
3481 1594 3735 1679 episcopi

2144 1708 2288 1774 sint;
2323 1707 2439 1761 Heli
2469 1717 2650 1761 autem
2692 1704 3093 1775 metropolitani
3122 1704 3294 1758 vicem
3331 1710 3544 1756 teneat:
3595 1699 3727 1768 quid

2143 1814 2277 1870 ergo
2302 1800 2543 1854 deterius
2575 1798 2696 1867 quis
2722 1807 2901 1868 potest
2930 1809 3089 1865 agere
3111 1836 3125 1859 ,
3173 1809 3335 1863 quam
3365 1793 3407 1847 si
3436 1789 3729 1845 luxuriosis

2143 1891 2409 1959 episc0pis
2444 1898 2663 1959 parcat,
2704 1903 2826 1942 cum
2873 1886 3162 1942 emendare
3206 1882 3537 1953 praevaleat?
3585 1880 3741 1934 Pra‘;

2144 1982 2331 2036 sertim
2363 1996 2485 2034 cum
2510 1979 2735 2049 prmfato
2764 1978 2880 2032 Heli
2915 1976 3173 2030 Dominus
3217 1976 3397 2029 dicat:
3454 1991 3471 2023 ι
3500 1970 3731 2025 Praedixi

2143 2072 2217 2137 ei,
2255 2071 2397 2141 quod
2423 2070 2768 2139 iudicaturus
2813 2084 2987 2123 essem
3039 2067 3254 2121 domum
3307 2063 3420 2132 eius
3470 2063 3522 2116 in
3570 2056 3743 2117 teter;

2145 2178 2295 2225 num,
2326 2172 2549 2230 propter
2578 2161 2916 2230 iniquitatem
2942 2201 2954 2223 ,
2990 2174 3054 2214 eo
3083 2157 3223 2227 quod
3258 2166 3481 2210 noverat
3514 2154 3733 2224 indigne

2146 2271 2307 2327 agere
2337 2257 2475 2311 ﬁlios
2522 2272 2668 2320 suos,
2724 2264 2777 2309 et
2823 2271 2930 2309 non
2979 2252 3303 2320 corripuerit
3347 2265 3480 2314 eos;
3528 2248 3733 2303 idcirco

2140 2348 2316 2419 iuravi
2364 2347 2545 2400 domui
2604 2346 2759 2410 Ileli,
2816 2345 2959 2415 quod
3017 2360 3121 2397 non
3174 2342 3422 2411 expietur
3474 2340 3732 2407 iniquitas

2146 2441 2335 2495 domus
2371 2438 2488 2505 eius
2538 2438 2771 2493 victimis
2821 2446 2874 2491 et
2927 2438 3258 2497 muneribus,
3291 2449 3461 2502 usque
3488 2433 3542 2485 in
3575 2439 3735 2485 mter-

2146 2549 2274 2587 num
2327 2532 2378 2604 (Ι
2404 2532 2527 2601 Reg.
2557 2532 2695 2598 "1).:
2753 2529 2809 2583 Si
2858 2546 2986 2600 ergo
3036 2528 3269 2582 victimis
3319 2535 3372 2581 et
3415 2522 3731 2578 muneribus

2145 2627 2324 2679 omnia
2363 2626 2587 2680 crimina
2637 2625 2945 2685 diluuntur,
2976 2623 3086 2677 sola
3118 2631 3297 2676 autem
3341 2620 3473 2674 falsa
3518 2621 3570 2673 in
3618 2619 3732 2687 epi-

2147 2717 2323 2785 scopis
2348 2716 2519 2783 pietas
2545 2715 2756 2768 veniam
2788 2730 2892 2767 non
2929 2723 3186 2776 meretur,
3216 2712 3396 2765 videat
3423 2711 3513 2779 qui
3538 2725 3727 2764 eorum

2146 2807 2441 2876 diiudicare
2478 2805 2617 2859 mala
2664 2804 2990 2869 dissimulat,
3042 2820 3202 2871 quam
3250 2804 3396 2858 durae
3444 2801 3733 2857 sententia:

2145 2898 2284 2966 apud
2314 2896 2615 2951 districtum
2652 2893 2888 2963 iudicem
2939 2911 2996 2948 se
3037 2894 3331 2948 obnoxium
3380 2894 3587 2947 reddat.
3621 2890 3731 2946 Sed

2145 2989 2401 3058 quoniam
2442 3003 2540 3057 ego
2576 3004 2843 3042 summum
2879 2987 3135 3041 Ecclesiae
3170 2986 3490 3040 universalis
3519 2984 3731 3037 antisti-

2148 3087 2253 3131 tem
2282 3078 2365 3130 vel
2396 3077 2587 3131 leviter
2610 3077 2896 3147 suggillare
2951 3092 3054 3130 non
3109 3075 3281 3129 audeo
3309 3117 3322 3140 ,
3370 3075 3584 3145 ipsum,
3634 3072 3731 3142 qui

2147 3178 2353 3237 peccat.
2379 3166 2618 3222 breviter
2646 3166 2908 3235 alloquar.

2761 3275 2987 3331 CAPUT
3041 3275 3125 3329 HL
3196 3258 3198 3261 ’

2380 3367 2573 3421 Contra
2614 3367 2933 3421 sacerdotem
2974 3351 3199 3421 luxuriet
3246 3366 3499 3419 deditum.

2221 3459 2347 3523 Cur,
2381 3474 2414 3510 o
2461 3458 2734 3520 sacerdos,
2772 3458 2862 3526 qui
2908 3473 3121 3511 sacrum
3163 3457 3323 3519 dare,
3372 3455 3472 3509 hoc
3513 3462 3597 3509 est
3642 3467 3735 3507 sa—

2155 3550 2417 3603 criﬁcium
2450 3549 2558 3602 Deo
2584 3549 2747 3604 debes
2776 3547 2995 3613 ollerre,
3035 3548 3376 3617 temetipsum
3419 3545 3569 3615 prius
3615 3559 3733 3597 ma-

2154 3642 2298 3713 ligno
2326 3641 2536 3711 spiritui
2580 3655 2684 3694 non
2713 3642 2916 3696 vereris
2945 3641 3222 3695 victimam
3267 3637 3578 3692 immolare?
3608 3636 3741 3691 For-

2154 3734 2343 3789 nieans
2394 3734 2537 3787 enim
2595 3750 2624 3786 a
2676 3732 2875 3788 Christi
2930 3742 2980 3787 te
3039 3732 3295 3787 membris
3341 3731 3635 3793 abscindis,
3680 3738 3741 3785 et

2155 3826 2459 3880 meretricis
2485 3840 2681 3895 corpus
2728 3824 2993 3889 eﬁiccris,
3036 3824 3293 3893 Apostolo
3343 3832 3592 3884 testante,
3642 3822 3737 3890 qui

2158 3916 2280 3970 ait:
2336 3935 2354 3967 ‹
2394 3916 2493 3983 Qui
2538 3917 2778 3970 adhaeret
2821 3915 2985 3985 380
3040 3914 3353 3973 meretrici.
3404 3928 3567 3965 unum
3620 3927 3731 3965 cor.

2155 4024 2256 4078 pus
2279 4007 2509 4063 efficitur
2536 4006 2583 4078 (1
2614 4006 2735 4060 Cor.
2772 4008 2868 4077 vt).
2901 4027 2920 4058 ι
2965 4007 3022 4059 ΕΙ
3059 4007 3250 4059 iterum
3283 4022 3295 4057 :
3334 4023 3351 4054 ι
3381 4002 3608 4065 Tollam,
3660 4003 3730 4055 in-

2157 4100 2309 4169 quit,
2361 4099 2600 4154 membra
2645 4097 2892 4161 Christi,
2939 4106 2992 4152 et
3032 4096 3225 4151 faciam
3266 4094 3504 4151 membra
3557 4107 3735 4146 mere-

2158 4192 2306 4245 tricis
2358 4188 2565 4260 (Ibid.).
2615 4208 2633 4241 ι
2700 4189 2872 4241 Absit.
2940 4187 3077 4254 Quid
3129 4202 3258 4257 ergo
3308 4186 3404 4240 tibi
3448 4199 3570 4238 eum
3609 4199 3733 4237 cor-

2156 4300 2286 4355 pore
2313 4285 2537 4349 Christi,
2586 4283 2677 4354 qui
2726 4299 2821 4353 per
2864 4282 3043 4336 carnis
3096 4281 3423 4335 illecebrosa:
3469 4276 3737 4331 luxuriam

2158 4379 2459 4434 membrum
2501 4377 2676 4432 factus
2722 4392 2778 4430 es
2816 4374 3178 4430 Antichristi?
3231 4393 3249 4424 ‹
3275 4372 3404 4437 Quae
3432 4371 3573 4425 enim
3607 4384 3745 4422 con-

2158 4470 2340 4525 ventio
2380 4469 2516 4523 lucis
2548 4471 2614 4523 ad
2660 4467 2926 4529 tenebras,
2976 4474 3070 4519 aut
3098 4480 3218 4534 qua:
3258 4462 3491 4516 societas
3536 4458 3631 4512 Dei
3668 4464 3739 4512 ad

480 4549 713 4618 abiicitis
738 4551 1009 4605 victimam
1042 4569 1235 4620 meam,
1265 4562 1319 4607 et
1345 4570 1565 4610 munera
1598 4571 1712 4608 mea
1744 4573 1861 4624 qua:
1911 4573 2047 4626 prae.
2078 4561 2131 4622 D
2158 4558 2358 4614 Belial?
2396 4579 2413 4610 ›
2450 4558 2534 4619 (ΙΙ
2564 4554 2686 4611 Cor.
2718 4559 2816 4627 vt.)
2860 4556 3112 4624 Nunquid
3156 4556 3387 4624 ignoras,
3418 4552 3509 4605 Dei
3538 4550 3738 4604 Filium

480 4643 597 4712 cepi
653 4652 709 4696 ut
737 4641 1061 4698 oﬁ‘erreutur
1107 4646 1158 4699 in
1189 4647 1386 4713 templo
1413 4687 1425 4711 ,
1480 4657 1535 4700 et
1576 4649 1745 4718 magis
1777 4649 2057 4705 honorasti

481 4733 622 4790 ﬁlios
648 4745 767 4792 tuos
796 4752 956 4807 quam
990 4737 1117 4792 me?
1156 4757 1173 4789 ι
1207 4739 1258 4808 (1
1284 4738 1404 4808 Reg.
1439 4739 1522 4809 ιι.)
1550 4739 1604 4793 Si
1632 4757 1760 4812 ergo
1788 4741 1904 4796 lleli
1933 4758 2058 4811 pro-

480 4833 603 4897 pter
632 4828 765 4883 duos
814 4830 1074 4883 duntaxat
1110 4828 1269 4893 ﬁlios,
1315 4846 1452 4900 quos
1501 4847 1607 4886 non
1652 4846 1714 4886 ea
1754 4848 1855 4902 qua
1912 4834 2055 4904 digni

483 4927 640 4972 erant
691 4919 992 4975 invectione
1029 4922 1273 4989 corripit,
1308 4939 1428 4976 cum
1479 4925 1558 4977 eis
1604 4923 1787 4987 simul,
1831 4933 1884 4978 et
1931 4939 2055 4978 cum

484 5017 566 5065 tot
608 5010 882 5064 hominum
947 5012 1287 5067 multitudine
1341 5016 1539 5082 periit;
1582 5031 1683 5084 qua
1730 5016 2056 5070 arbitramur

484 5100 674 5169 dignos
700 5114 820 5154 esse
850 5102 1135 5163 sententia,
1178 5103 1266 5172 qui
1324 5104 1377 5157 in
1417 5104 1535 5156 aula
1576 5104 1968 5168 ecclesiastica,
2002 5114 2058 5159 et

484 5187 1010 5258 soliisiudieantium
1040 5192 1354 5260 prmsident,
1404 5202 1458 5246 et
1501 5208 1662 5262 super
1713 5210 1816 5247 non
1859 5193 2057 5264 ignotis

483 5298 772 5354 pravorum
823 5283 1102 5340 hominum
1146 5286 1460 5341 criminibus
1501 5288 1721 5341 tacent?
1773 5286 1874 5354 Qui
1929 5286 2055 5341 dum

485 5377 844 5431 dehonestare
875 5375 1119 5431 homines
1146 5376 1199 5431 in
1231 5375 1443 5445 publico
1473 5385 1737 5441 metuunt,
1766 5377 1832 5430 ad
1868 5385 2056 5431 contu—

484 5465 703 5521 meliam
741 5468 957 5537 superni
983 5464 1180 5536 iudicis
1224 5467 1417 5522 divina:
1464 5467 1597 5535 legis
1642 5467 1894 5521 mandata
1931 5484 2059 5523 con-

484 5554 754 5609 fundunt:
794 5565 849 5611 et
891 5557 1015 5613 dum
1044 5558 1268 5627 perditis
1314 5558 1624 5613 hominibus
1652 5559 1929 5613 amittendi
1961 5560 2058 5613 ho-

488 5645 637 5699 noris
682 5644 914 5701 oﬁicium
964 5657 1201 5713 servant,
1254 5649 1427 5718 ipsum
1479 5649 1861 5704 ecclesiastica:
1890 5649 2062 5719 digni-

491 5742 619 5791 tatis
647 5747 921 5792 auctorem
948 5740 1241 5794 crudeliter
1270 5741 1608 5795 inhonorant.
1636 5740 1788 5795 Unde
1814 5751 1869 5794 et
1888 5741 2061 5795 eidem

493 5826 630 5894 Heli,
665 5827 755 5896 qui
785 5826 972 5892 Deum,
1006 5844 1132 5883 suos
1166 5824 1298 5884 ﬁlios
1347 5833 1693 5900 honorando,
1727 5842 2062 5903 contempse—

2157 4650 2290 4704 adeo
2315 4649 2494 4704 carnis
2524 4647 2753 4717 elegisse
2783 4646 3123 4709 munditiam,
3155 4655 3213 4698 ut
3236 4660 3303 4699 ne
3333 4643 3551 4710 quidem
3581 4642 3743 4710 pudi-

2158 4739 2283 4794 citia
2315 4737 2599 4806 coniugali.
2627 4738 2720 4792 sed
2747 4738 2812 4792 de
2846 4736 3087 4792 clausula
3115 4737 3295 4807 potius
3322 4737 3637 4789 incarnatus
3666 4734 3745 4786 sit

2158 4830 2447 4900 virginali?
2479 4830 2544 4882 Et
2576 4845 2641 4883 ne
2673 4829 2776 4883 hoc
2808 4828 3055 4883 sufﬁcere
3088 4829 3355 4893 videatur,
3398 4836 3457 4880 ut
3501 4833 3747 4878 tantum-

2160 4923 2319 4975 modo
2350 4923 2498 4989 virgo
2545 4921 2612 4976 sit
2657 4930 2831 4975 mater
2853 4961 2869 4987 ,
2914 4919 3167 4975 Ecclesiae
3199 4919 3329 4973 ﬁdes
3355 4927 3439 4972 est
3461 4958 3475 4979 ,
3504 4925 3561 4969 ut
3589 4916 3747 4983 virgo

2164 5013 2326 5069 fuerit
2351 5026 2404 5068 et
2438 5015 2481 5069 is
2511 5015 2599 5084 qui
2657 5014 2942 5068 simulatus
2981 5022 3065 5067 est
3105 5022 3279 5082 pater.
3327 5012 3383 5064 Si
3428 5010 3590 5080 igitur
3628 5006 3745 5060 ite-

2163 5104 2413 5173 demptor
2454 5114 2639 5158 noster
2663 5114 2942 5172 tantopere
2968 5102 3154 5156 dilexit
3199 5100 3374 5154 ﬁoridi
3398 5098 3619 5168 pudoris
3659 5097 3749 5148 iu-

2164 5195 2491 5265 tegritatem,
2519 5203 2576 5247 ut
2605 5209 2709 5247 non
2750 5193 2907 5247 modo
2933 5192 3000 5245 de
3028 5191 3271 5262 virgineo
3311 5198 3467 5243 utero
3493 5200 3751 5241 nascere-

2164 5297 2275 5353 tur,
2309 5288 2401 5343 sed
2430 5288 2591 5343 etiam
2617 5305 2645 5341 a
2682 5288 2917 5343 nutricio
2944 5288 3155 5357 virgine
3185 5293 3532 5348 tractaretur,
3558 5290 3612 5337 et
3639 5280 3753 5335 hoc

2165 5396 2289 5437 cum
2345 5382 2522 5436 adhuc
2568 5380 2823 5451 parvulus
2878 5381 3084 5450 vagiret
3132 5380 3183 5433 in
3231 5378 3421 5442 cunis,
3473 5391 3503 5429 a
3548 5373 3757 5442 quibus

2167 5485 2329 5534 nunc,
2362 5469 2608 5534 obsecro,
2644 5470 2862 5524 tractari
2894 5471 3006 5522 vult
3031 5483 3229 5538 corpus
3253 5483 3436 5532 suum,
3468 5480 3587 5520 cum
3630 5476 3752 5531 iam

2165 5560 2461 5614 immensus
2488 5568 2676 5626 regnat
2706 5560 2759 5613 iu
2781 5559 2975 5613 caelis?
3022 5559 3078 5613 Si
3106 5558 3319 5612 mundis
3350 5556 3540 5625 attingi
3572 5555 3745 5608 mani-

2167 5652 2268 5705 bus
2297 5651 2512 5704 volehat
2556 5650 2607 5703 in
2640 5652 2901 5720 praesepio
2940 5651 3145 5721 positus
3171 5691 3185 5715 ,
3220 5658 3481 5719 quantam
3528 5648 3756 5715 corpori

2171 5756 2269 5795 suo
2307 5756 2451 5795 nunc
2500 5741 2614 5794 vult
2650 5744 2837 5795 adesse
2887 5742 3203 5796 munditiam
3249 5740 3360 5808 iam
3412 5741 3463 5794 in
3511 5747 3758 5808 paterna:

2180 5833 2478 5902 maiestatis
2509 5834 2678 5903 gloria
2724 5834 3078 5889 sublimatus?
3126 5833 3285 5889 Plane
3312 5834 3354 5887 si
3384 5838 3539 5902 pater
3584 5831 3757 5885 ﬁliam
