4080 6194
369 297 472 327 ’χοε

1286 309 1526 370 OPUSC.
1569 314 1730 372 XVII.
1764 351 1834 360 —
1865 323 1951 377 DE
1994 326 2360 388 CIELIBATU
2414 335 2704 395 SACERD.

3511 361 3622 420 586

365 429 520 468 suam
549 413 852 471 incestuose
878 420 1196 490 corrumpit,
1248 439 1370 478 mox
1417 427 1484 480 ab
1528 428 1766 486 Ecclesia
1817 451 1939 502 pro-
1967 444 2015 499 Α
2045 437 2358 497 incurristi?
2390 444 2640 504 Nicolaus
2670 452 2886 523 quippe,
2918 473 3053 514 unus
3076 476 3140 516 ex
3165 463 3249 518 his
3274 481 3411 536 quos
3431 469 3624 532 Petrus

365 502 533 536 Ianum
577 505 883 536 ωτι-Μυκη...
972 513 1344 536 ...ω-..-ιηηεμη
1395 519 1566 536 μηκη.
1730 532 1738 536 .
1845 525 1856 536 .
1891 527 1901 536 .
2237 532 2246 536 -
2366 535 2369 536 ,

355 502 535 571 jcctus
577 505 916 571 excluditur,
969 513 1348 570 communione
1393 519 1661 586 privatur,
1690 532 1745 577 et
1776 525 1859 578 vel
1889 527 1941 580 in

358 607 636 648 carcerem
660 595 913 660 truditur,
931 598 1014 652 vel
1046 600 1096 656 in
1119 602 1366 657 exsilium
1388 607 1706 665 destinatur.
1732 613 1942 678 Quanto

357 695 489 749 ergo
513 681 756 738 deterius
788 685 900 753 ipse
931 687 1263 757 abjiciendus
1309 708 1388 756 es,
1425 697 1515 764 qui
1546 714 1667 753 cum
1706 701 1812 756 filia
1849 711 1938 758 tua

354 784 463 824 non
494 771 712 839 quidem
741 776 968 842 carnali,
999 779 1140 846 quod
1171 780 1347 835 minus
1374 793 1476 850 est,
1501 787 1594 841 sed
1624 805 1745 843 cum
1780 793 1940 862 spiri-

352 859 482 912 tuali
514 862 694 930 potius
723 865 900 932 perire
940 881 1046 920 non
1091 872 1326 926 metuis?
1373 874 1574 930 Omnes
1601 859 1937 950 quippevEc-

349 948 534 1003 etesia:
569 959 672 1005 tua:
714 953 826 1016 lilii,
855 957 932 1010 tui
967 959 1157 1025 procul
1189 961 1354 1018 dubio
1386 963 1480 1019 ﬁlii
1516 977 1662 1022 sunt.
1695 948 1761 1024 Et
1785 983 1934 1029 certe

345 1043 694 1112 perspicuum
734 1055 832 1102 .est
887 1049 1013 1116 quia
1073 1051 1372 1121 spiritualis
1423 1060 1701 1126 generatio
1763 1064 1934 1132 major

346 1141 623 1202 estquam
651 1137 900 1193 carnalis.
937 1139 1106 1195 Porro
1149 1157 1272 1196 cum
1314 1153 1368 1197 tu
1397 1147 1473 1200 sis
1520 1149 1604 1202 vir
1626 1160 1676 1204 et
1700 1166 1929 1222 sponsus

341 1221 599 1279 Ecclesiae
643 1235 783 1292 tum,
829 1231 971 1297 quod
1020 1232 1206 1301 utique
1257 1235 1543 1302 perhibent
1589 1248 1645 1294 et
1698 1242 1928 1299 annulus

342 1312 809 1383 desponsationis,
865 1330 920 1379 et
964 1323 1114 1394 virga
1145 1327 1579 1396 commissionis;
1617 1347 1805 1389 omnes
1832 1336 1922 1404 qui

340 1400 394 1454 in
424 1417 488 1457 ea
520 1408 822 1475 regenerati
850 1419 975 1465 sunt
1003 1413 1458 1484 per‘baptismatis
1498 1431 1920 1489 sacramentum,

341 1494 436 1547 tibi
477 1510 697 1567 quoque
743 1500 1092 1560 nihilominus
1121 1506 1493 1577 astringuntur
1522 1513 1921 1571 necessitudine

337 1581 596 1638 filiorum.
628 1586 726 1652 Qui
754 1603 884 1662 ergo
928 1607 1049 1646 cum
1080 1594 1344 1664 spirituali
1390 1598 1495 1652 lilia
1528 1607 1617 1654 tua
1647 1605 1918 1661 commitis

335 1670 632 1754 incestum,
664 1691 768 1746 qua
795 1680 1129 1737 conscientia
1165 1684 1435 1750 ,Dominici
1475 1692 1717 1758 corporis
1748 1695 1915 1751 audes

2046 532 2317 599 apostolus
2342 535 2593 593 diacones
2623 557 3059 616 consecraverant,
3092 554 3491 624 degmatizabat
3511 565 3622 620 cle-

2045 621 2187 678 ricos
2215 624 2504 694 cujuslibet
2532 633 2738 689 ordinis
2772 639 3101 706 nuptialibus
3130 644 3478 706 faederandos
3497 670 3621 711 esse

2040 715 2321 788 coniugiis.
2355 720 2506 787 Quod
2539 741 2668 795 ergo
2715 728 2802 784 ille
2848 731 3073 790 docebat
3099 740 3303 805 verbis,
3336 746 3401 797 ad
3429 747 3530 800 hoc
3562 760 3618 804 tu

2039 803 2092 858 in
2121 807 2378 862 cathedra
2399 813 2718 879 pestilentia:
2737 820 3133 887 sedens,.multo
3156 803 3398 886 deterius
3419 835 3617 893 invitas

2036 896 2315 964 exemplis.
2350 899 2424 954 De
2457 918 2566 972 quo
2595 905 2844 962 videlicet
2867 913 3088 980 scelere,
3117 921 3306 988 angelo
3333 921 3615 991 Ephesinm

2037 983 2287 1042 Ecclesia}
2307 990 2485 1046 divina
2517 1010 2618 1049 vox
2655 998 2762 1052 ait:
2797 1019 2816 1052 ‹
2837 1001 3005 1058 Odisti
3036 1004 3178 1061 facta
3193 983 3610 1082 l‘licolaitarum,

2032 1089 2151 1144 qua:
2177 1089 2230 1132 et
2260 1095 2360 1148 ego
2386 1084 2471 1136 odi
2502 1085 2684 1155 (Apoc.
2717 1091 2798 1159 ιι).
2824 1111 2842 1144 ι
2877 1093 2942 1146 Ει
2971 1111 3093 1151 cum
3124 1099 3412 1168 Apostolus
3435 1107 3608 1163 dicat:

2036 1183 2054 1215 ‹
2082 1164 2270 1224 Omnis
2297 1171 2590 1230 fornicator
2615 1193 2721 1233 non
2755 1181 2914 1237 habet
2945 1164 3314 1246 hteredilatem
3347 1194 3398 1247 in
3445 1211 3610 1266 regno

2029 1255 2226 1314 Christi
2270 1270 2323 1316 et
2356 1263 2445 1319 Dei
2479 1264 2694 1337 (Ep/tes.
2741 1275 2857 1342 vj,»
2922 1280 3012 1348 qui
3056 1281 3110 1334 in
3144 1298 3308 1354 regno
3346 1287 3462 1355 Dei,
3503 1255 3609 1346 hoc

2025 1357 2130 1414 est,
2165 1350 2217 1404 in
2250 1353 2407 1418 cwlo,
2439 1372 2542 1412 non
2571 1360 2738 1417 habes
2761 1367 3056 1433 quamlibet
3080 1350 3604 1450 hereditatem-,quo

2021 1450 2180 1508 pacto
2211 1444 2264 1497 in
2295 1445 2562 1514 Ecclesia,
2593 1467 2713 1520 quae
2743 1455 3093 1518 nihilominus
3127 1478 3348 1536 regnum
3376 1467 3470 1524 Dei
3496 1482 3602 1537 est,

1997 1529 2356 1608 .oraelationis
2385 1535 2597 1593 obtines
2623 1539 2979 1610 dignitatem?

2631 1670 2862 1727 CAPUT
2900 1673 2986 1729 IV.

333 1769 574 1820 tractare
632 1771 990 1838 mysterium?
1044 1774 1148 1829 Sed
1198 1775 1444 1834 fortassis
1491 1783 1735 1852 objicias,
1789 1788 1890 1856 qui;

2020 1768 2328 1868 Etrhortqtiu
2356 1777 2427 1858 od
2461 1795 2726 1859 summum
2759 1786 3088 1866 pontiﬁcem,
3134 1800 3188 1868 ut
3231 1793 3283 1846 in
3331 1796 3598 1868 episcopos

328 1853 490 1926 longe
535 1867 826 1929 antequam
884 1872 937 1918 tu
980 1865 1188 1922 culmen
1241 1869 1317 1924 sis
1364 1872 1588 1942 adeptus
1629 1853 1909 1945 episcopi,

330 1945 418 2001 illa
442 1950 519 2003 sit
547 1959 691 2017 nata,
744 1954 827 2008 vel
855 1971 958 2010 non
996 1958 1048 2011 in
1095 1960 1387 2030 episcopio,
1420 1965 1515 2019 sed
1545 1965 1597 2018 in
1638 1966 1814 2036 aliqua
1842 1968 1913 2024 sit

1006 2057 1260 2119 tanquam
1321 2061 1374 2107 tu
1432 2069 1618 2109 eorum
1677 2067 1910 2112 tantum-

321 2129 518 2194 modo,
573 2133 664 2201 qui
715 2135 974 2191 nascituri
1037 2151 1219 2201 erant,
1277 2141 1448 2198 factus
1501 2147 1575 2207 sis
1627 2157 1802 2217 pater,
1852 2159 1908 2205 et

328 2037 568 2107 plebium
624 2043 928 2114 baptizala;

322 2219 504 2272 omnis
527 2223 784 2289 parochia
817 2232 905 2278 tua
937 2241 1044 2280 non
1076 2229 1146 2282 sit
1190 2229 1425 2293 Ecclesia
1473 2243 1582 2287 tua.
1618 2235 1904 2298 Enimvero

316 2323 438 2362 cum
488 2309 750 2369 Dominus
800 2315 983 2370 dicat:
1051 2338 1070 2370 ι
1100 2318 1272 2375 Nolite
1317 2334 1561 2378 sanetum
1594 2327 1722 2382 dare
1750 2330 1902 2383 cani-

313 2397 415 2451 bus
444 2397 662 2470 (Matth.
689 2404 844 2476 vn),i
877 2407 1018 2474 quod
1042 2409 1106 2463 de
1130 2419 1180 2464 te
1209 2411 1472 2480 judicium
1503 2417 1628 2479 erit,
1653 2417 1743 2486 qui
1775 2434 1897 2474 cor-

311 2501 413 2556 pus
438 2499 616 2555 tuum,
645 2496 784 2561 quod
813 2497 1000 2566 utique
1053 2501 1448 2556 sanctificatum
1477 2515 1557 2558 est
1588 2521 1681 2574 per
1706 2524 1898 2565 conse-

313 2582 579 2636 crationis
611 2601 914 2654 accessum,
966 2606 1070 2658 non
1110 2594 1352 2655 canibus,
1405 2597 1498 2656 sed
1550 2598 1895 2669 lupanaribus

309 2671 618 2728 tradis?Et
664 2692 786 2730 cum
836 2696 1025 2736 omnes
1069 2684 1467 2741 ecclesiasticos
1510 2690 1728 2747 ordines
1760 2695 1810 2750 in
1845 2705 1894 2750 tc

307 2776 415 2815 uno
436 2760 639 2818 habeas
665 2770 950 2823 metuenda
979 2772 1116 2826 mole
1143 2785 1451 2844 congestos,
1485 2792 1678 2835 omnes
1707 2785 1889 2852 procul

308 2851 476 2906 dubio
525 2853 718 2921 foedas,
747 2859 871 2912 dum
917 2868 969 2914 te
1021 2864 1302 2932 prostibuli
1363 2851 1885 2936 permistioneicom—

303 2945 570 3017 maculas.
601 2946 801 3004 Polluis
832 2952 1014 3021 itaque
1042 2955 1093 3008 in
1142 2965 1194 3010 te
1224 2960 1502 3015 ostiarinm
1529 3004 1543 3027 ,
1597 2963 1886 3034 lectorem,

298 3037 670 3120 exorcistam,
739 3055 1035 3113 omnesque
1095 3047 1348 3119 deinceps
1397 3067 1581 3108 sacros
1633 3055 1884 3124 ordines,

2227 1846 2546 1912 fornicarios
2580 1846 2891 1909 canonicum
2905 1846 3096 1913 ’στεναὶ
3128 1846 3372 1928 vigorem:

2080 1949 2161 2004 Tu
2189 1961 2366 2009 autem
2389 1996 2403 2022 ,
2431 1959 2648 2015 domine
2672 1962 2764 2028 mi,
2791 1967 3119 2026 venerabilis
3142 1986 3300 2042 papa,
3318 1976 3407 2044 qui
3433 1976 3594 2032 Chri-

2010 2039 2078 2095 sti
2117 2043 2235 2098 vice
2283 2045 2546 2116 fungeris,
2595 2052 2687 2120 qui
2722 2067 2932 2111 summo
2957 2039 3161 2128 pastori
3211 2039 3263 2116 in
3293 2067 3589 2133 apostolica

2009 2132 2271 2198 dignitate
2313 2141 2582 2208 succedis,
2622 2143 2732 2198 noli
2771 2156 2976 2215 pestem
3005 2152 3144 2206 hanc
3189 2169 3285 2223 per
3313 2132 3584 2227 ignaviam

2008 2223 2074 2275 ad
2102 2224 2435 2283 incrementa
2464 2233 2792 2302 perducere;
2825 2239 2931 2293 noli
2963 2243 3320 2311 connivendo,
3349 2258 3403 2302 et
3424 2249 3590 2306 dissi-

2005 2313 2257 2372 mulamlo
2279 2323 2545 2388 grassanti
2573 2323 2736 2395 382
2765 2327 2990 2384 luxuria:
3019 2331 3168 2386 frena
3207 2334 3407 2392 laxare.
3452 2340 3584 2396 Ser-

2001 2401 2078 2471 pit
2117 2405 2259 2460 enim
2289 2408 2377 2462 hic
2417 2412 2638 2468 morbus
2673 2424 2730 2468 ut
2769 2433 2984 2484 cancer,
3028 2432 3080 2476 et
3127 2425 3302 2480 virosa
3346 2445 3588 2500 propago

2000 2494 2066 2546 ad
2115 2495 2324 2551 infinita
2373 2503 2687 2573 porrigitur,
2742 2509 2844 2564 nisi
2897 2515 3202 2583 evangelica
3262 2494 3399 2574 falce
3438 2494 3580 2591 quod

2000 2580 2140 2639 male
2174 2583 2402 2649 pullulat
2455 2599 2779 2658 amputetur.
2811 2595 2965 2651 Absit
3004 2580 3188 2668 igitur,
3230 2613 3289 2656 ut
3330 2580 3578 2662 sanctum

1998 2685 2094 2726 cor
2121 2683 2358 2729 vestrum
2398 2680 2578 2748 segnis
2605 2679 2721 2737 lleli
2753 2694 2937 2754 torpor
2961 2691 3221 2754 emolliat,
3259 2697 3352 2750 sed
3395 2700 3577 2766 potius

1995 2763 2060 2814 ad
2092 2763 2312 2820 sceleris
2333 2767 2592 2824 ultionem
2616 2771 2833 2842 ingenui
2862 2776 3090 2834 Phinees
3115 2783 3264 2838 zelus
3288 2789 3572 2845 accendet.

1994 2853 2344 2922 Deponantur
2363 2857 2420 2922 ii,
2443 2847 2534 2928 qui
2564 2862 2944 2923 ecclesiasticae
2969 2871 3231 2927 castitatis
3257 2891 3360 2930 non
3386 2891 3578 2934 veren-

1993 2951 2083 2998 tur
2118 2943 2322 3001 fmdare
2354 2950 2669 3008 munditiam
2702 2969 2717 3007 :
2749 2963 2804 3010 et
2849 2956 3042 3025 deiecti
3074 2962 3405 3032 deterreant,
3435 2983 3577 3038 quos

1989 3032 2133 3088 male
2161 3042 2368 3092 stantes
2394 3039 2462 3092 ad
2500 3041 2674 3111 turpis
2708 3043 2934 3103 luxuriae
2963 3055 3344 3111 contumeliam
3373 3032 3570 3128 provo-

297 3140 396 3194 pro
424 3127 622 3195 quibus
666 3133 917 3187 omnibus
948 3135 1002 3188 in
1034 3135 1281 3193 districto
1313 3141 1408 3196 Dei
1446 3141 1650 3211 judicio
1700 3122 1881 3203 reddi;
1913 3148 1958 3210 C
1989 3122 2207 3178 cabam'
2252 3125 2334 3180 Ad
2365 3127 2624 3185 "nionem
2649 3132 2814 3202 igitur
2841 3150 2900 3192 se
2935 3141 3226 3198 amnicus
3258 3147 3409 3217 Vigor
3439 3166 3570 3206 ⁸⁸⁸⁸

296 3225 455 3272 turus
513 3233 572 3273 es
617 3223 901 3278 rationem.
948 3226 1028 3281 Ad
1085 3229 1484 3300 impositionem
1537 3253 1728 3293 manus
1779 3248 1882 3296 tuae

293 3304 580 3362 descendit
610 3308 844 3379 Spiritus
875 3326 1093 3372 sanctus
1115 3359 1130 3385 ,
1159 3330 1214 3374 et
1242 3330 1297 3376 tu
1325 3339 1442 3378 eam
1475 3327 1699 3384 adhibes
1726 3332 1880 3400 geni-

296 3395 501 3450 talibus
546 3403 917 3458 meretricum.
949 3406 1170 3479 Lingua:
1217 3421 1320 3467 tute
1356 3415 1673 3488 obsequitur
1716 3422 1876 3487 Deus,

291 3493 345 3539 et
389 3497 447 3539 tu
501 3505 606 3544 non
659 3496 866 3551 vereris
896 3497 1271 3572 obtemperare
1313 3507 1680 3567 daemonibus?
1711 3515 1880 3574 Porro

289 3579 380 3648 qui
426 3580 478 3634 in
522 3587 889 3644 ecclesiastica
943 3597 1183 3651 cerncris
1233 3597 1492 3668 dignitate
1532 3607 1878 3676 conspicuus,

288 3686 395 3742 non
428 3683 480 3728 te
507 3679 785 3742 erubescis
814 3681 1134 3756 immergere
1161 3687 1456 3748 fornicibus
1485 3701 1880 3756 scortatorum?

291 3759 358 3814 Et
387 3764 481 3830 qui
513 3767 838 3834 praedicator
867 3777 1194 3833 constitutus
1241 3796 1300 3834 es
1349 3784 1636 3851 castitatis,
1684 3805 1790 3844 non
1825 3801 1876 3847 te

288 3850 460 3918 pudet
491 3869 707 3911 servum
738 3874 858 3916 esse
895 3862 1169 3921 libidinis?
1217 3871 1428 3938 Veniet,
1477 3877 1653 3932 veniet
1698 3881 1878 3948 profe-

281 3949 373 3997 cto
422 3945 572 4011 dies,
622 3948 731 4002 imo
781 3967 926 4022 nox,
977 3959 1190 4025 quando
1244 3961 1406 4019 libido
1459 3965 1560 4022 ista
1609 3945 1712 4024 tua“
1749 3987 1873 4028 ver-

285 4041 437 4086 tatur
489 4035 544 4088 in
591 4038 763 4106 picem
794 4081 809 4106 ,
857 4057 962 4111 qua
1010 4061 1069 4099 se
1116 4059 1413 4118 perpetuus
1466 4053 1604 4124 ignis
1659 4058 1711 4116 in
1766 4063 1872 4118 tuis

277 4120 438 4192 381
467 4125 768 4182 visceribus
793 4131 1300 4208 inexstinguihiliter
1321 4142 1557 4210 nutriat,
1597 4157 1649 4200 et
1670 4150 1874 4203 medul-

277 4209 354 4266 las
386 4201 533 4279 tuas,
565 4216 724 4270 simul
751 4231 806 4274 et
832 4237 952 4277 ossa
986 4224 1306 4283 indefectiva
1335 4232 1757 4304 conﬂagratione
1781 4241 1873 4293 dc-

275 4308 494 4372 pascat!
525 4307 626 4374 Qui
647 4311 789 4365 enim
809 4312 1021 4370 ﬂamma
1039 4318 1273 4376 libidinis
1297 4335 1519 4390 aestuas,
1543 4341 1644 4396 qua
1668 4329 1868 4396 fronte,

274 4411 378 4464 qua
404 4399 635 4454 audacia
664 4404 839 4460 sacris
866 4406 1130 4465 altaribus
1156 4414 1592 4488 appropinquas?
1624 4418 1864 4488 Ignoras,

1987 3222 2089 3277 rat,
2145 3223 2200 3270 et
2248 3217 2606 3284 petulantinm
2663 3221 2984 3281 clericorum
3036 3232 3174 3285 mala
3225 3249 3567 3306 compescat;

1984 3311 2251 3371 quatenus
2295 3315 2349 3362 et
2387 3308 2710 3366 beatitudini
2742 3327 2955 3382 vestrae,
3000 3323 3143 3389 quod
3182 3323 3340 3388 absit,
3385 3343 3569 3384 naevus

1984 3406 2089 3446 non
2131 3393 2358 3465 obrepat
2405 3398 2658 3467 infamiae,
2691 3411 2744 3457 et
2771 3404 2964 3461 solitus
3013 3411 3158 3465 nitor
3185 3413 3570 3475 ecclesiasticae

1983 3483 2322 3553 resplendeat
2353 3489 2673 3560 disciplinae.
2707 3494 2901 3552 Vestra
2922 3500 3118 3570 quippe
3145 3503 3432 3563 clementia
3456 3525 3565 3566 non

1982 3574 2212 3642 ignorat,
2240 3581 2496 3648 quoniam
2527 3585 2714 3642 Achab
2742 3603 2836 3643 rex
2873 3590 3059 3656 Israel,
3091 3593 3217 3648 dum
3247 3600 3358 3669 regi
3397 3600 3566 3674 Assy-

1982 3664 2184 3720 riorum
2227 3668 2479 3726 Benadad
2525 3674 2826 3735 inordinata
2868 3680 3071 3748 pietate
3103 3664 3364 3754 pepercit,
3395 3664 3564 3748 divini

1981 3753 2267 3814 adversum
2297 3776 2356 3816 se
2382 3762 2586 3822 furoris
2612 3771 2933 3826 sententiam
2963 3779 3311 3845 provocavit;
3352 3783 3438 3836 cui
3481 3785 3568 3840 ni-

1981 3849 2178 3906 mirum
2221 3851 2318 3905 vir"
2331 3855 2426 3908 Dei
2453 3855 2530 3910 ait
2561 3875 2572 3910 :
2617 3876 2637 3910 ι
2659 3859 2781 3915 Iltec
2802 3861 2932 3916 dicit
2960 3864 3214 3922 Dominus
3243 3886 3257 3921 :
3305 3869 3440 3936 Quia
3475 3875 3562 3928 di-

1979 3939 2173 4002 misisti
2201 3943 2378 4005 vitum
2401 3955 2577 4004 morte
2604 3949 2823 4022 dignum
2849 3956 2914 4008 de
2944 3971 3106 4011 manu
3132 3963 3358 4025 tua,erit
3377 3965 3558 4020 anima

1977 4037 2067 4085 tua
2120 4047 2219 4100 pro
2260 4037 2440 4092 anima
2487 4039 2626 4107 ejus,
2676 4052 2730 4096 et
2781 4046 3008 4115 papulus
3041 4058 3163 4104 tuus
3210 4068 3310 4121 pro
3363 4058 3561 4126 popqu

1974 4123 2090 4190 ejus
2120 4122 2238 4195 (III
2266 4125 2398 4198 Reg.
2421 4133 2536 4201 xx).
2567 4151 2585 4184 ι
2638 4133 2739 4191 llic
2783 4136 2899 4206 ipse
2929 4154 3144 4210 quoque
3178 4145 3264 4198 vir
3297 4122 3392 4201 Dei
3431 4122 3556 4204 cum

1974 4214 2180 4272 diceret
2201 4219 2348 4275 socio
2370 4235 2470 4277 suo
2495 4240 2508 4276 :
2539 4243 2557 4276 ι
2583 4223 2638 4278 In
2656 4241 2907 4284 sermone
2923 4231 3132 4289 Domini
3148 4247 3369 4305 percute
3397 4256 3546 4307 me;t

1974 4305 2442 4379 noluissetqueillc
2458 4320 2890 4384 percutere,,ait:
2911 4341 2932 4374 σ
2953 4321 3088 4390 Quia
3120 4327 3334 4382 noluisti
3367 4305 3560 4387 audire

1971 4411 2159 4452 vocem
2205 4399 2437 4469 Domini,
2477 4421 2606 4462 ecce
2658 4411 2878 4467 recedes
2906 4429 2934 4466 a
2969 4430 3074 4480 me,
3122 4426 3177 4472 et
3210 4422 3474 4487 percutiet
3503 4431 3560 4478 te

272 4489 398 4556 quia
460 4489 555 4544 filii
597 4492 804 4561 Aaron,
841 4497 1028 4556 Nadab
1083 4502 1335 4560 videlicet
1375 4486 1615 4576 et‘Abiu,
1649 4486 1865 4570 nam.

1991 4503 2054 4542 eo
2093 4489 2302 4563 (Mitt).
2333 4513 2352 4546 ι
2394 4495 2638 4568 Cumque
2679 4502 2954 4570 paululum
3003 4486 3316 4568 recessisset
3355 4516 3424 4571 ab
3465 4531 3550 4581 eo,

271 4580 486 4648 caelesti
509 4593 637 4638 sunt
658 4585 781 4656 igne
803 4594 1128 4664 consumpti,
1146 4597 1398 4664 quoniam
1422 4601 1656 4656 alienum
1684 4605 1864 4676 ignem

271 4670 471 4727 oﬂ'erre
487 4675 715 4731 Domino
738 4689 1234 4752 praesumpserant?
1258 4689 1439 4759 (Levit.
1470 4708 1533 4759 x;
1561 4694 1726 4750 Num.
1751 4701 1860 4770 ιιι.)

267 4759 480 4816 Altaria
509 4765 707 4835 quippe
737 4769 948 4826 Domini
980 4789 1086 4829 non
1118 4776 1372 4842 alienum,
1403 4782 1496 4836 sed
1526 4784 1700 4853 ignem
1725 4759 1861 4844 dun;

271 4862 425 4908 taxat
465 4856 632 4912 divini
671 4862 873 4918 amoris
927 4866 1216 4936 accipiunt.
1249 4870 1502 4941 Quisquis
1538 4875 1701 4946 igitur
1741 4896 1862 4934 car-

267 4943 411 4998 nalis
459 4945 724 5005 illecebrae
771 4953 985 5024 ignibus
1030 4968 1240 5026 :estuat,
1289 4972 1342 5016 et
1394 4965 1564 5020 sacris
1607 4970 1859 5030 assistere

263 5035 548 5104 mysteriis
597 5055 704 5094 non
752 5041 1028 5114 formidat,
1080 5048 1174 5104 ille
1213 5053 1399 5121 procul
1449 5054 1612 5111 dubio
1661 5059 1858 5126 divina:

264 5122 494 5180 ultionis
523 5126 737 5184 interim
767 5131 888 5203 igne
928 5141 1286 5204 consumitur,
1316 5141 1382 5198 de
1419 5159 1525 5212 quo
1574 5122 1856 5216 Scriptura

263 5219 534 5268 testatur:
563 5233 581 5266 ι
604 5216 671 5272 Et
698 5234 839 5276 nunc
869 5223 1007 5294 ignis
1024 5228 1366 5286 adversarios
1388 5236 1854 5308 consumit(Hebr.

263 5308 350 5372 ι).
380 5322 399 5354 ι
438 5303 506 5360 Ει
537 5307 676 5364 sicut
708 5327 850 5368 nunc
877 5319 1160 5374 :estuantis
1188 5321 1412 5384 luxuriae
1449 5326 1667 5383 ﬂamma
1697 5331 1856 5386 deco-

263 5394 479 5462 quitur,
518 5398 592 5452 ita
637 5389 981 5469 postmodum
1031 5427 1305 5482 nunquam
1359 5415 1609 5474 finiendis
1655 5424 1857 5480 atrocis

257 5485 527 5554 gehean
573 5491 861 5558 incendiis.
903 5515 1125 5555 necesse
1167 5514 1251 5558 est
1297 5508 1666 5565 comburatur.
1711 5511 1855 5569 Prte-

258 5587 413 5633 terea
443 5596 551 5635 non
597 5590 934 5657 expavescis,
968 5608 1000 5647 ο
1031 5594 1210 5650 infelix
1238 5599 1508 5670 episc0pe,
1557 5604 1682 5673 quia
1727 5607 1852 5661 dum

257 5666 314 5721 in
351 5665 574 5728 luxuriae
603 5680 912 5748 voraginem
935 5685 1164 5754 corruis,
1194 5687 1579 5753 Nicolaitarum
1604 5696 1856 5752 haeresim

1969 4585 2028 4634 ut
2059 4579 2338 4651 Scriptura
2363 4596 2613 4657 testatur,
2645 4592 2848 4650 invenit
2869 4611 2996 4652 eum
3023 4600 3123 4666 leo,
3152 4612 3315 4674 atque
3335 4579 3554 4676 percus-

1966 4669 2061 4725 sit.
2089 4670 2294 4736 Quibus
2332 4677 2517 4746 utique
2569 4681 2709 4735 sacri
2754 4683 2952 4753 eloquii
2984 4691 3185 4755 verbis,
3224 4669 3367 4762 quid
3403 4698 3551 4756 aliud

1965 4758 2225 4826 innuitur,
2254 4778 2414 4831 quam
2441 4768 2564 4836 quia
2590 4770 2946 4842 incomposita
2975 4777 3150 4845 pietas
3173 4758 3361 4849 procul
3385 4786 3556 4843 dubio

1961 4865 2202 4912 meretur
2229 4857 2364 4915 iram
2404 4859 2524 4927 Dei,
2556 4863 2683 4917 dum
2727 4881 2840 4920 non
2873 4871 3177 4943 promulgat
3212 4875 3264 4928 in
3299 4892 3422 4933 reos
3447 4883 3554 4936 sub

1961 4944 2189 4999 districti
2230 4945 2368 5014 juris
2398 4953 2652 5020 aequitate
2697 4961 3018 5012 censuram?
3049 4960 3358 5035 Meritoque
3385 4968 3546 5026 debet

1961 5039 2176 5104 superni
2230 5039 2433 5110 judicis
2482 5043 2664 5100 subire
2718 5047 3008 5106 vindictam
3055 5055 3145 5124 qui
3200 5058 3435 5129 neglexit
3489 5061 3547 5116 in

1957 5127 2201 5184 subditos
2249 5145 2473 5188 exerere
2528 5134 2870 5207 disciplinam
2917 5160 2930 5195 :
2979 5143 3164 5216 illique
3214 5127 3394 5216 leoni,
3447 5152 3545 5222 qui

1959 5219 2154 5274 circuit
2223 5237 2474 5291 quarens
2541 5241 2703 5296 quem
2749 5230 2971 5288 devoret
3021 5236 3072 5307 (I
3125 5235 3271 5292 Patr.
3313 5244 3388 5312 v),
3421 5219 3544 5298 me-

1961 5310 2064 5365 rito
2117 5313 2372 5379 traditur,
2421 5317 2512 5385 qui
2579 5320 2648 5373 ab
2702 5320 2992 5391 intligendo
3039 5310 3371 5395 pmnitentia:
3417 5333 3540 5389 vul~

1959 5417 2088 5457 nere
2113 5418 2209 5473 per
2237 5409 2470 5476 torporis
2495 5411 2758 5468 desidiam
2789 5417 3094 5473 cohibetur.
3130 5419 3221 5476 Sic
3249 5424 3413 5492 igitur
3446 5428 3534 5482 in-

1957 5509 2165 5563 genuus
2206 5508 2386 5554 vester
2417 5503 2639 5571 spiritus
2681 5506 2748 5560 ad
2797 5507 3087 5563 tollendum
3127 5514 3395 5572 castitatis
3436 5533 3532 5588 op-

1958 5589 2232 5655 prohrinm
2276 5609 2335 5648 se
2370 5593 2639 5650 ferventer
2667 5600 2933 5670 accingat,
2965 5603 3043 5658 sic
3079 5620 3135 5661 se
3176 5607 3230 5661 in
3279 5610 3537 5670 ultionem

1957 5679 2234 5738 Nicolaitte
2284 5683 2506 5742 haeresis
2555 5697 2774 5744 strenue
2828 5708 2892 5749 ac
2947 5695 3174 5753 viriliter
3227 5703 3424 5774 erigat,
3477 5720 3534 5760 ut
