4080 6194
424 329 529 384 ὖδτι

843 335 904 395 s.
942 334 1148 393 Ps'rm
1184 318 1469 393 9mm
1505 331 1655 391 ore.
1696 328 1932 387 'rouus
1967 329 2016 386 δι

2137 328 2316 385 rans
2352 326 2441 385 ιιι.
2482 359 2550 370 --
2588 324 2951 387 oruscum
2997 325 3226 383 vanu.

3568 324 3672 380 588

415 452 567 523 juxta
605 428 951 521 sponsionem
978 451 1234 516 Phinees,
1257 465 1444 520 pacem
1474 447 1555 503 sui
1578 445 1800 501 fcederis
1821 444 1997 499 vobis-
2024 453 2074 510 Α
2100 448 2199 502 bus
2221 446 2340 509 (III
2372 445 2499 518 Reg.
2525 444 2701 514 xvtn),
2732 443 2871 498 caelo
2902 458 2997 497 vos
3027 456 3131 497 non
3161 438 3316 509 equis
3347 439 3538 511 igneis,
3580 442 3672 495 sed

421 558 543 597 cum
589 543 728 596 Deus
766 542 1105 611 omnipotens
1148 548 1380 603 statuat;
1432 540 1561 600 imo,
1608 537 1749 591 sicut
1796 534 1992 597 Etiam,

421 632 575 688 caesis
620 632 797 704 typice
820 632 1230 701 quadringentis
1259 628 1647 699 quinquaginta
1694 622 1995 679 sacerdoti-

2098 540 2303 614 angelis
2329 538 2711 594 comitantibus
2741 533 3069 590 introducat.

2437 629 2514 686 Sit
2544 644 2727 683 nomen
2756 625 2965 681 Domini
2988 622 3333 678 benedictum.

463 808 3614 856 ____________________________.______.____——._.

617 976 979 1053 me“
1060 980 1909 1102 OPUSCULUM
1994 972 2646 1088 DECIMUM
2733 966 3470 1083 OCTAVUM.

1309 1200 1632 1264 CONTRA
1696 1190 2365 1257 INTEMPERANTES
2398 1186 2813 1259 CLEBICOS,

747 1372 1119 1433 Contextum
1154 1383 1229 1425 ex
1260 1362 1464 1423 tribus
1498 1359 1646 1420 aliis
1671 1358 1829 1420 beati
1878 1354 2166 1415 ι)αωίαηί
2202 1351 2275 1411 de
2313 1369 2379 1411 eo
2419 1356 2782 1429 argumento
2816 1340 3387 1410 dissertationibus.

1773 1518 2304 1546 μ

856 1660 1307 1718 DISSERTATIO
1345 1652 1575 1714 PRIMA.

428 1778 825 1835 Ancuusn'ruu.
842 1802 909 1813 ——
924 1772 1085 1825 Petro
1107 1770 1365 1825 cardinali
1384 1770 1499 1822 viro
1523 1766 1718 1837 insigni
1742 1762 2004 1837 currenti,

503 1834 561 1900 ut
583 1848 753 1905 aiunt,
783 1842 1030 1896 stinmlos
1054 1841 1220 1901 addit,
1246 1842 1371 1893 dum
1400 1840 1453 1891 in
1481 1834 1802 1891 clericorum
1822 1834 2007 1905 impu-

501 1919 676 1971 dicam
706 1904 871 1966 vitam
912 1912 1069 1981 longa
1094 1912 1337 1981 oratione
1372 1910 1613 1981 invectus
1640 1906 1787 1981 illum
1821 1904 2006 1981 horta-

503 1996 608 2047 tur,
637 1992 694 2036 ut
731 1975 1169 2050 suscipiat‘hanc
1210 1978 1594 2050 cogitationem
1637 1975 2007 2050 dignissimam

504 2042 615 2109 sua:
666 2042 912 2115 virtutis';
960 2042 1524 2103 eorumdem'scilicet
1582 2042 2011 2115 intemperantia}

504 2126 630 2179 totis
659 2124 865 2176 viribus
899 2110 1320 2191 'Oppugnandaa,
1353 2128 1411 2171 ut
1454 2116 1634 2191 aliqua
1683 2110 1911 2175 ratione,
1962 2110 2009 2164 si

500 2194 617 2248 ﬁeri
664 2193 855 2255 possit,
901 2187 1237 2245 coerceatur.
1289 2189 1458 2252 Quam
1487 2187 1559 2241 sit
1600 2187 1708 2240 Deo
1740 2198 1853 2237 rem
1885 2195 2012 2252 gra-

505 2274 612 2317 tam
658 2255 894 2316 facturus
923 2301 936 2324 ,
966 2258 1214 2327 exemplo
1245 2257 1473 2312 Phinees
1510 2265 1564 2309 et
1597 2255 1803 2327 Moysis
1823 2261 2009 2327 osten-

502 2336 598 2386 dit.
635 2332 814 2385 Multis
835 2322 1048 2399 qucque
1076 2322 1398 2390 rationibus,
1424 2322 1836 2399 etargum'entis
1859 2322 2009 2375 illum

504 2403 741 2460 instruit.
802 2394 867 2453 et'
906 2394 975 2452 ιη’
1009 2399 1314 2452 castitatem
1364 2396 1525 2459 tueri,
1580 2394 1639 2449 et
1686 2394 2009 2448 clericorum

502 2472 671 2543 possit
700 2470 976 2524 libidinem
1009 2483 1105 2522 sua
1139 2468 1387 2521 oratione
1418 2466 1716 2521 destruere.

503 2586 710 2640 Domno
732 2582 915 2637 Psrno
937 2579 1319 2635 Lateranensis
1334 2578 1609 2633 canonicae
1630 2575 2011 2647 archipresby-

434 2688 570 2742 tero,
604 2676 818 2731 Penus
848 2682 1102 2745 peccator
1132 2671 1429 2727 monachus
1468 2668 1722 2723 fraternae
1745 2667 2011 2738 glutinum

434 2768 744 2824 charitatis.

506 2859 739 2913 Tantum
779 2854 923 2909 valet
954 2853 1213 2924 iaculum,
1247 2860 1448 2921 quanta
1476 2849 1648 2904 virtus
1672 2857 1755 2903 est
1778 2846 2010 2903 bellato-

434 2948 535 3001 ris.
562 2945 695 2999 Nam
709 2942 1044 3012 quantalibet
1064 2942 1305 3004 limetur,
1326 2948 1381 2994 et
1405 2948 1702 2994 exacuatur
1724 2936 2008 2998 industria,

437 3038 485 3093 si
536 3036 816 3090 brachium
861 3031 1124 3087 vibrantis
1167 3031 1452 3101 elangueat
1505 3029 1729 3099 insignis
1773 3027 2013 3082 victoria:

437 3127 724 3182 manubias
750 3139 853 3178 non
879 3130 1137 3192 reportat.
1171 3120 1240 3174 At
1262 3121 1351 3174 ubi
1381 3118 1609 3174 bellator
1626 3127 1709 3171 est
1734 3125 2011 3181 strenuus,

436 3233 535 3285 per
580 3217 829 3269 obtusum
874 3226 1089 3282 quoque
1134 3210 1367 3280 gladium
1424 3208 1578 3263 caesis
1628 3207 1871 3261 hostibus
1911 3206 2012 3259 ali-

437 3307 653 3376 quando
682 3305 739 3359 fit
767 3305 1091 3374 triumphus.
1124 3301 1254 3355 Nam
1277 3312 1332 3356 et
1355 3299 1568 3355 Goliath
1603 3298 1797 3369 insigni
1833 3298 2011 3352 muni-

439 3408 525 3452 tus
556 3396 755 3467 gladio,
792 3411 896 3449 non
922 3394 1081 3449 modo
1118 3392 1369 3461 perdidit,
1403 3391 1497 3445 sed
1530 3400 1584 3444 et
1606 3382 1896 3458 percussus
1924 3402 2015 3441 oc-

444 3487 629 3540 cubuit
659 3485 707 3554 (Ι
744 3483 864 3553 Reg.
896 3484 1049 3554 xvn).
1083 3484 1148 3537 Et
1171 3482 1401 3537 Samson
1426 3497 1550 3536 cum
1581 3481 1672 3533 vili
1706 3478 2012 3534 mandtbula

447 3577 583 3630 asini
626 3575 771 3629 mille
815 3576 881 3629 de
907 3574 1233 3628 Philisthiim
1271 3572 1420 3626 viros
1447 3570 1645 3626 occidit
1668 3570 1868 3639 (Judic.
1899 3567 2011 3639 xv).

444 3667 582 3722 Hinc
620 3677 705 3719 est
730 3665 873 3734 quod
914 3680 1035 3719 cum
1063 3662 1250 3718 Jether
1293 3661 1682 3731 primogenitus
1725 3660 2010 3722 Gedeonis,

451 3752 688 3820 gladium
716 3751 990 3807 timuisset
1018 3753 1271 3818 educere,
1296 3751 1488 3817 Zebee,
1514 3760 1567 3805 et
1590 3748 1843 3804 Salmana
1871 3761 2027 3816 reges

452 3844 707 3907 Madiam,
732 3844 987 3897 dixerunt
1011 3841 1250 3898 Gedeoni
1278 3861 1293 3897 :
1324 3860 1348 3894 ι
1372 3839 1453 3895 Τιι
1498 3855 1682 3909 surge,
1714 3847 1769 3892 et
1790 3838 1934 3892 irrue
1972 3837 2026 3892 in

448 3953 572 4004 nos,
593 3937 719 4006 quia
738 3936 895 4007 juxta
910 3943 1124 3992 aetatem
1142 3936 1403 3992 roburest
1417 3932 1654 3990 hominis
1669 3931 1823 3999 (Ibid.
1845 3929 2018 4000 νιιι).›

438 4024 624 4097 Itaque
653 4027 745 4097 qui
774 4034 961 4082 contra
991 4024 1313 4081 clericorum
1346 4022 1616 4077 luxuriam
1650 4031 1907 4091 tanquam
1940 4032 2019 4076 tu-

445 4117 590 4175 dites
611 4118 848 4187 iaculum
884 4117 1115 4182 fabrico,
1149 4116 1204 4170 in
1235 4116 1434 4170 nullius
1463 4130 1585 4168 enin
1616 4114 1831 4177 melius,
1855 4128 2018 4182 quam

443 4210 497 4263 in
550 4209 653 4262 tuis
702 4209 950 4262 manibus
995 4222 1157 4276 pono.
1203 4205 1377 4260 Tanto
1407 4206 1602 4274 quippe
1650 4203 1768 4259 zelo
1812 4204 1918 4256 vidi
1966 4212 2019 4257 te

441 4313 657 4366 semper
692 4298 951 4353 adversus
980 4312 1168 4351 eorum
1200 4297 1440 4366 perditos
1487 4309 1664 4348 mores
1709 4293 2018 4347 medullitus

440 4387 809 4451 inardescere,
840 4397 898 4439 ut
927 4387 1178 4452 Phineas,
1201 4387 1283 4443 vel
1306 4386 1468 4440 lleliae
1486 4384 1744 4453 judiceris
1772 4383 2019 4438 incendio

442 4492 551 4532 non
594 4490 785 4547 egere;
817 4476 955 4545 adeo
995 4486 1055 4529 ut
1090 4476 1209 4546 plus
1255 4477 1308 4529 in
1351 4473 1740 4544 suggillationis
1787 4482 1887 4525 tuae
1930 4487 2020 4526 ve-

443 4577 667 4623 reantur
713 4566 1047 4636 obloquium,
1097 4581 1259 4637 quam
1311 4566 1483 4636 ipsum
1535 4580 1749 4635 quoque
1793 4564 2021 4617 timeant

442 4657 638 4730 papale
663 4657 959 4713 decretum.
990 4657 1121 4711 Nam
1152 4656 1297 4712 velut
1323 4656 1571 4726 egregius
1596 4656 1749 4709 canis
1779 4655 1913 4708 aula:
1937 4669 2021 4708 re-

442 4753 544 4822 giae.
570 4762 776 4817 custos,
806 4762 1100 4807 nocturnos
1126 4751 1273 4808 fures
1299 4751 1461 4807 claris
1501 4746 1826 4805 banhatibus
1851 4751 2019 4820 impe-

448 4847 538 4911 tis,
564 4861 763 4915 eosque
792 4860 859 4899 ne
898 4844 1136 4899 libidinis
1170 4860 1280 4899 suae
1309 4843 1515 4898 facibus
1539 4842 1796 4913 palatium
1838 4841 2019 4911 regale

443 4936 781 5000 comburanl,
809 4934 1082 4988 mordicus
1108 4934 1487 5003 apprehendis.

641 5040 771 5096 CAP.
807 5041 917 5093 l.-—
941 5040 1050 5095 Cur
1075 5041 1248 5094 clerici
1276 5042 1491 5094 debeant
1532 5057 1640 5094 esse
1671 5043 1822 5094 casti.

514 5150 631 5208 Non
672 5161 723 5206 te
756 5152 884 5205 latet
912 5151 1035 5219 quia
1094 5151 1444 5221 presbyteris.
1490 5150 1753 5213 diaconis,
1798 5159 1853 5203 et
1898 5152 2023 5203 sub-

445 5246 714 5309 diaconis,
748 5253 858 5297 tam
884 5244 1163 5306 districtze,
1193 5252 1299 5296 tam
1329 5242 1512 5310 rigidae
1546 5241 1726 5310 regula
1757 5240 2022 5295 castitatis

447 5337 725 5395 indicitur.
755 5344 812 5387 ut
833 5335 978 5387 omni
1006 5333 1394 5388 catholicorum
1422 5332 1641 5386 Patrum
1665 5340 2022 5386 concurrente

444 5425 669 5493 judicio,
700 5422 1136 5479 acontrahendis
1180 5423 1382 5491 nuptiis
1426 5421 1665 5477 funditur
1706 5422 2025 5476 abscindan-

450 5525 556 5567 tur.
596 5514 663 5566 Et
691 5524 839 5568 certe
880 5514 1012 5567 satis
1039 5522 1122 5567 est
1154 5514 1361 5567 ratione
1395 5513 1787 5581 plenissimum,
1812 5521 1871 5565 ut
1907 5520 2027 5581 post

450 5605 756 5673 episcopos,
808 5606 859 5659 in
915 5606 999 5659 his
1045 5620 1259 5674 quoque
1300 5605 1474 5658 tribus
1523 5605 1797 5673 gradibus,
1841 5604 2027 5659 niveus

454 5696 724 5763 pudicitia:
752 5696 955 5750 candor
984 5692 1247 5762 efﬂarent,
1280 5694 1370 5765 qui
1406 5695 1659 5750 nimirum
1700 5696 1873 5751 sacris
1908 5708 2028 5765 my-

2040 2997 2085 3060 c
2117 2991 2326 3045 taribus
2370 2989 2536 3044 induo
2580 3007 2593 3041 :

2037 1640 2081 1698 Β
2120 1627 2297 1685 stet-iis
2345 1626 2664 1684 familiarius
2693 1628 3140 1699 appropinquant.
3181 1624 3317 1683 Nam
3348 1643 3470 1707 quia
3503 1630 3683 1685 Domi-

2116 1721 2296 1774 nicum
2321 1736 2519 1789 corpus
2545 1721 2598 1773 in
2623 1718 2899 1788 virginalis
2925 1719 3062 1772 uteri
3079 1719 3281 1787 templo
3309 1718 3683 1783 cualuit,nunc
3742 1756 3747 1775 ι

2113 1813 2276 1865 etiam
2309 1826 2339 1864 a
2368 1810 2630 1865 ministris
2668 1809 3121 1866 suiscontinentis
3162 1809 3432 1879 pudicitia:
3475 1810 3685 1863 mundi-
3740 1790 3749 1881 ξ

2113 1905 2244 1958 tiam
2275 1903 2489 1971 quaarit.

2191 1992 2356 2047 Plane
2381 1993 2523 2047 sicut
2551 1990 2877 2061 concipienti
2915 1988 3130 2045 Demeae
3160 1990 3367 2059 Virgini
3399 2004 3504 2044 non
3529 1988 3687 2044 virile

2116 2100 2302 2142 semen
2333 2084 2566 2149 inﬂuxit,
2595 2084 2686 2138 sed
2722 2083 2896 2137 virtus
2922 2082 3097 2137 sancti
3128 2081 3363 2152 Spiritus
3396 2081 3689 2136 obumbra-

2110 2175 2221 2239 vit;
2252 2176 2326 2229 ita
2356 2190 2497 2229 nunc
2520 2174 2573 2228 in
2616 2172 2773 2227 altari
2804 2172 3039 2242 positum
3067 2180 3462 2228 sacramentum
3496 2172 3689 2227 eadem

2112 2266 2284 2321 sancti
2318 2263 2550 2334 Spiritus
2584 2264 2755 2317 virtus
2783 2271 2888 2329 est,
2913 2277 3031 2331 quae
3066 2261 3341 2316 vivificat:
3370 2269 3424 2316 et
3466 2277 3689 2317 necesse

2058 2386 2081 2409 ι
2109 2367 2215 2439 est,
2254 2366 2314 2411 ut
2355 2357 2458 2410 hoc
2497 2356 2693 2426 pudica
2722 2370 2934 2418 manus,
2975 2362 3030 2408 et
3070 2354 3350 2424 impolluta
3387 2355 3685 2425 contingat.

2113 2449 2220 2506 Sed
2245 2449 2503 2521 quoniam
2534 2462 2698 2516 super
2732 2447 2835 2501 hoc
2863 2447 3101 2500 themate
3128 2445 3388 2515 prolixius
3407 2444 3521 2514 jam
3556 2445 3688 2500 alibi

2111 2538 2519 2609 disputavimus,
2535 2547 2589 2590 et
2604 2536 2777 2606 primo
2793 2533 3012 2604 quidem
3040 2535 3433 2603 pizememoriae
3463 2534 3691 2591 Nicolao

2112 2645 2283 2702 papae,
2317 2630 2511 2684 deinde
2554 2622 2877 2682 Taurinensi
2915 2626 3187 2695 episcopo,
3222 2636 3497 2696 postremo
3524 2626 3691 2680 etiam

2113 2719 2405 2775 comitissa:
2428 2716 2695 2783 Adelaidi,
2729 2715 2933 2771 viritim
2963 2715 3261 2771 scribentes
3295 2715 3508 2771 diversa
3540 2712 3693 2769 Scri-

2112 2820 2393 2882 pturarum
2442 2808 2687 2877 exempla
2747 2810 3123 2878 congessimus
3149 2826 3161 2860 :
3192 2807 3259 2862 ad
3285 2806 3371 2859 illa
3411 2814 3485 2870 te,
3527 2805 3697 2859 frater

2115 2899 2443 2964 venerande,
2496 2897 2829 2962 transmitto,
2886 2898 2991 2953 illis
3045 2906 3097 2952 te
3140 2897 3285 2951 velut
3334 2896 3501 2949 armis
3552 2894 3696 2948 mili-

2641 2998 2805 3057 atque
2854 2996 2914 3042 ut
2962 2987 3099 3042 alter
3143 2985 3305 3042 Josue
3354 2984 3543 3040 urbem
3605 2982 3698 3038 Je-

2118 3080 2269 3135 richo
2314 3079 2634 3134 subvertere
2686 3077 2902 3143 nitaris,
2952 3076 3191 3147 impello.
3249 3075 3510 3145 Superest
3562 3088 3696 3142 ergo

2117 3184 2285 3234 nunc,
2335 3177 2396 3223 ut
2446 3168 2663 3223 eosdem
2693 3167 2920 3222 clericos
2960 3167 3075 3237 ipse
3102 3167 3379 3237 paulisper
3412 3163 3573 3235 385
3602 3177 3696 3234 ag-

2132 3262 2386 3336 grediar;
2420 3271 2686 3333 quatenus
2712 3261 2854 3330 quod
2882 3260 2933 3314 in
2977 3260 3191 3315 camino
3216 3258 3448 3330 pectoris
3491 3258 3696 3321 fervet,

2118 3354 2192 3408 ita
2243 3352 2398 3407 labiis
2434 3351 2589 3420 quasi
2620 3350 2775 3405 rimis
2820 3349 3128 3418 patentibus
3151 3355 3425 3416 evaporet.

2187 3443 2462 3501 Convenio
2493 3458 2608 3507 vos,
2660 3458 2693 3497 ο
2720 3440 3056 3510 proleCtarii,
3087 3438 3283 3503 uxorii,
3317 3453 3382 3492 ac
3410 3434 3701 3491 mulierum

2117 3533 2507 3591 dominantium
2544 3532 2840 3586 ditionibus
2890 3527 3154 3593 inserviti,
3188 3538 3245 3583 ut
3271 3528 3398 3599 quid
3421 3527 3703 3582 canonica;

2120 3623 2417 3679 sanctionis
2447 3620 2570 3690 jura
2627 3618 2979 3683 confunditis,
3017 3628 3072 3674 et
3113 3635 3143 3672 a
3195 3620 3399 3673 sanctis
3446 3618 3701 3672 Patribus

2122 3715 2427 3768 institutam
2478 3712 2732 3779 puritatis
2763 3709 3144 3765 ecclesiastica:
3174 3709 3409 3779 regulam
3439 3708 3653 3764 violatis
3676 3707 3705 3760 τ

2120 3802 2261 3855 Proh
2289 3803 2462 3872 pudor
2486 3802 2498 3853 !
2533 3799 2771 3854 libidinis
2800 3809 2994 3855 vestra:
3022 3799 3227 3870 legibus
3253 3797 3390 3852 colla
3431 3796 3706 3852 submitti-

2123 3895 2210 3958 tis,
2253 3904 2307 3948 et
2348 3892 2683 3963 promulgata
2708 3907 2803 3961 per
2827 3906 2923 3945 ora
2951 3891 3232 3945 doctorum
3256 3890 3427 3944 sancti
3463 3888 3707 3959 Spiritus

2120 3985 2293 4038 edicta
2327 3983 2565 4038 calcatis.
2594 3984 2728 4038 Ecce
2751 3998 2846 4052 per
2860 3998 2955 4036 vos
2976 3981 3340 4051 apostolorum
3372 3980 3523 4035 labor
3543 3995 3702 4035 ever-

2122 4075 2271 4139 titur,
2300 4082 2355 4128 et
2376 4071 2687 4137 aedificium,
2718 4072 2859 4141 quod
2884 4072 3134 4127 doctores
3161 4071 3415 4127 Ecclesia:
3442 4070 3706 4125 fundare.

2123 4174 2268 4224 runt,
2296 4162 2464 4231 liquet
2495 4163 2658 4231 quod,
2714 4162 2866 4216 vobis
2910 4162 3366 4231 impugnantibus,
3418 4164 3703 4217 obruatur.

2123 4252 2189 4305 Et
2243 4256 2313 4305 tta
2369 4251 2448 4317 fit,
2506 4262 2565 4305 ut
2626 4252 2711 4307 lex
2761 4251 3014 4307 Ecclesiae
3064 4269 3226 4323 quam
3279 4252 3546 4309 clericalis
3567 4254 3708 4309 ordo

2048 4355 2096 4413 ι)
2122 4342 2475 4397 constituisse
2522 4342 2880 4412 dignoscitur,
2912 4358 3008 4412 per
3033 4343 3283 4397 eumdem
3328 4358 3515 4398 rursus
3550 4342 3707 4397 ordi-

2122 4447 2244 4486 nem
2297 4449 2328 4485 e
2379 4432 2653 4487 contrario
2707 4432 3037 4487 destruatur.
3092 4433 3303 4487 Amnon
3361 4441 3416 4486 et
3468 4431 3707 4487 Absalon

2124 4519 2320 4574 fratres
2353 4518 2591 4585 fuerunt,
2615 4536 2751 4589 quos
2779 4537 2917 4574 unus
2941 4521 3156 4590 quidem
3187 4530 3343 4591 pater
3365 4523 3576 4592 genuit;
3608 4521 3708 4575 sed

2123 4612 2350 4666 alterum
2382 4612 2520 4667 alter
2541 4613 2833 4683 exstinguit
2857 4612 2941 4685 (ll
2966 4612 3095 4684 Reg.
3123 4615 3230 4683 ιιι).
3250 4614 3383 4669 Cain
3417 4613 3707 4669 trucidavit

2120 4701 2252 4757 Abel
2285 4702 2438 4771 (Gen.
2476 4701 2572 4773 tv),
2601 4702 2774 4757 malus
2804 4704 3013 4758 scilicet
3034 4706 3272 4773 justum;
3306 4703 3503 4773 saepius
3534 4704 3705 4758 etiam

2129 4792 2463 4847 adulterinus
2494 4793 2789 4862 legitimum
2826 4794 3065 4863 perimit,
3101 4794 3242 4849 sicut
3265 4792 3548 4864 Jugurtha.
3582 4808 3710 4863 per-

2127 4881 2348 4938 hibente
2376 4882 2565 4952 Crispo
2596 4883 2913 4954 (Sumen,
2949 4883 3022 4936 De
3054 4884 3184 4938 bello
3205 4885 3501 4955 Jugurth.),
3525 4883 3710 4939 Hicin.-

2131 4974 2244 5043 psal
2293 4982 2351 5029 et
2397 4974 2669 5030 Adherbal
2716 4977 2946 5040 occidit;
2988 4977 3059 5030 ita
3113 4977 3508 5046 quodammodo
3535 4976 3709 5048 spurii

2131 5063 2327 5119 fratres
2376 5065 2642 5136 legitimos
2684 5065 2978 5135 perimunt,
3008 5084 3130 5122 cum
3164 5068 3198 5122 ii
3252 5068 3343 5137 qni
3369 5083 3428 5123 se
3462 5068 3578 5123 solo
3605 5083 3708 5122 no-

2133 5156 2277 5210 mine
2299 5155 2525 5210 clericos
2555 5157 2895 5225 profitentur,
2922 5167 3230 5212 sanctorum
3259 5157 3477 5211 Patrum
3500 5158 3709 5228 judicia

2134 5245 2440 5299 destruunt.
2465 5246 2531 5300 Et
2559 5255 2817 5315 tanquam
2851 5250 2994 5318 ipsos
3027 5248 3278 5302 videntur
3312 5248 3662 5319 exstinguere
3689 5287 3708 5311 ,

2129 5349 2357 5403 quorum
2406 5351 2508 5390 non
2570 5344 2814 5393 metuunt
2861 5338 3160 5393 sententias
3208 5336 3508 5392 annullare.
3561 5336 3714 5403 Quos

2133 5424 2383 5479 videlicet
2429 5435 2553 5495 apte
2605 5426 2913 5497 signiﬁcare
2957 5428 3168 5481 videtur
3221 5426 3532 5482 Abimelech
3567 5424 3715 5481 filius

2132 5513 2410 5579 Jerohaal,
2441 5530 2600 5585 quem
2638 5517 2917 5588 Scriptura
2945 5519 3182 5589 genitum
3212 5517 3378 5572 refert
3420 5519 3485 5573 de
3506 5532 3716 5573 concu-

2135 5602 2285 5669 bina,
2337 5619 2497 5675 quam
2556 5605 2820 5661 habuerat
2872 5608 2927 5661 in
2978 5608 3194 5663 Sichem
3247 5608 3449 5679 (Judic.
3480 5606 3579 5678 xx).
3614 5605 3718 5661 Hic

2134 5693 2276 5749 enim
2304 5694 2504 5753 occidit
2524 5693 2726 5753 fratres
2753 5711 2880 5753 suos
2903 5696 3041 5754 filios
3068 5696 3343 5765 Jerobaal,
3372 5696 3719 5768 septuaginta
