4080 6194
366 247 467 301 3&9
1048 245 1290 300 OPUSC.
1333 242 1514 299 XV’lll.
1543 276 1548 280 -
1579 276 1608 284 ~
1635 245 1912 302 CONTRA
1950 247 2531 304 INTEMPERANTES
2580 245 2939 308 CLERICOS.

3527 255 3630 314 390

363 361 508 411 viros
538 371 700 426 super
729 355 961 424 lapidem
1019 371 1206 409 unum.
1255 355 1392 422 Quid
1421 356 1565 410 enim
1594 373 1691 426 per
1731 367 1950 428 septua-
1979 370 2020 426 Α
2054 358 2236 431 (Zach.
2289 362 2392 428 ιιι),
2430 381 2444 412 ι
2487 361 2650 433 Lapis
2699 364 2800 419 iste
2835 365 3122 435 utrobique
3165 382 3306 422 unus
3356 369 3634 437 aptissime

363 450 510 514 ginta
539 448 707 512 viros,
740 447 843 500 nisi
877 445 1291 516 praedicatorum
1314 445 1569 500 Ecclesiae
1595 445 1730 499 libra
1763 447 1947 516 signa-

367 539 487 592 tur?
533 539 600 592 de
636 536 834 606 quibus
862 537 939 590 ait
980 535 1156 590 Lucas
1182 535 1552 605 evangelista:
1586 557 1603 586 ι
1637 535 1772 602 Quia
1811 537 1950 590 desi-

365 627 600 696 signavit
647 625 910 680 Dominus
949 624 1326 695 septuaginta;
1378 633 1433 678 et
1481 624 1626 678 misit
1653 625 1771 677 illos
1795 625 1952 679 binos

364 727 490 772 ante
517 717 711 771 faciem
744 730 899 771 suam
927 716 981 768 in
1003 729 1218 769 omnem
1249 715 1522 769 civitatem
1560 724 1616 769 et
1637 714 1811 769 locum
1843 729 1952 785 quo

361 818 484 864 erat
515 810 630 878 ipse
658 815 920 864 venturus
948 804 1101 876 (Luc.
1134 809 1212 875 χ).
1249 825 1267 858 ›

435 899 535 955 Hic
580 901 744 955 etiam
777 897 1190 967 praedicandum
1222 896 1357 951 ordo
1380 896 1491 966 jam
1529 894 1869 966 ﬁgurabatur
1897 895 1949 949 in

363 991 494 1054 illis,
517 990 586 1045 de
609 990 808 1059 quibus
852 989 918 1043 ad
945 987 1164 1058 Moysen
1188 987 1449 1043 Dominus
1474 987 1550 1040 ait
1577 1005 1588 1039 :
1620 1003 1638 1038 c
1672 985 1951 1056 Congrega

366 1083 498 1137 mihi
547 1081 886 1152 septuaginta
914 1081 1062 1134 viros
1093 1081 1158 1134 de
1180 1079 1485 1135 senioribus
1511 1077 1699 1142 Israel,
1729 1093 1865 1148 quos
1893 1087 1950 1131 tn

365 1173 534 1237 nosti,
563 1171 708 1242 quod
741 1185 902 1226 senes
940 1169 1122 1241 populi
1155 1170 1286 1234 sint,
1321 1178 1377 1224 et
1420 1168 1688 1238 magistri,
1713 1176 1768 1221 et
1789 1167 1954 1222 duces

365 1279 464 1320 eos
491 1264 558 1318 ad
582 1263 784 1318 ostium
827 1261 1162 1317 tabernaculi
1205 1259 1426 1315 foederis
1462 1257 1652 1329 (Num.
1694 1256 1952 1327 x1).ldem

365 1368 583 1423 quoque
604 1353 865 1423 mysticus
891 1365 1151 1406 numerus
1176 1347 1626 1420 praedicatoribus
1659 1347 1954 1403 convenire

366 1453 498 1498 tunc
524 1443 895 1498 indubitanter
917 1441 1251 1510 agnoscitur,
1285 1455 1406 1494 eum
1433 1438 1762 1494 lsraeliticus
1786 1454 1956 1508 popu-

365 1535 452 1589 lus
500 1535 556 1589 in
611 1535 752 1590 Elim
804 1544 986 1590 castra
1019 1534 1264 1604 posuisse
1313 1541 1570 1586 narratur
1595 1530 1791 1601 (Exod.
1824 1529 1952 1600 xv);

365 1628 460 1682 ubi
487 1625 743 1682 videlicet
792 1636 950 1681 erant
992 1626 1274 1681 duodecim
1309 1625 1482 1680 fontes
1523 1631 1577 1677 et
1619 1622 1956 1694 septuaginta

368 1719 582 1788 palmae.
622 1718 762 1786 Quid
791 1719 936 1774 enim
970 1734 1068 1788 per
1093 1719 1377 1774 duodecim
1419 1719 1619 1782 fontes,
1642 1716 1748 1771 nisi
1777 1715 1952 1771 sancti
1985 1707 2028 1765 Β

370 1808 730 1878 designantur
755 1807 1006 1878 apostoli,
1039 1807 1131 1878 qui
1173 1807 1479 1861 ariditatem
1525 1805 1704 1861 cordis
1734 1804 1954 1859 humani

370 1908 574 1954 sanctae
633 1899 1032 1969 praedicationis
1071 1913 1176 1952 non
1219 1899 1473 1953 desinunt
1508 1897 1739 1968 irrigare
1791 1895 1957 1950 fluen-

371 1994 485 2048 tis?
512 1993 652 2061 Quid
686 2008 816 2048 veru
845 2008 944 2064 per
973 1993 1310 2064 septuaginta
1337 1992 1546 2064 palmas
1569 2032 1585 2058 ,
1611 1991 1711 2046 nisi
1736 1989 1957 2046 inferio-

369 2088 450 2141 ris
493 2089 694 2159 gradus
731 2087 930 2142 debent
953 2086 1266 2142 sacerdotes
1299 2083 1559 2155 intelligi,
1606 2084 1700 2155 qui
1749 2083 1954 2139 consti-

371 2178 475 2232 tuti
527 2186 656 2232 sunt
705 2191 802 2247 per
854 2178 1114 2232 mundum
1144 2176 1347 2232 Christi
1387 2190 1612 2230 narrare
1657 2174 1958 2230 victorias?

371 2267 556 2324 Palma
593 2269 861 2338 siquidem
889 2267 1172 2322 consuevit
1199 2279 1467 2322 coronare
1500 2265 1766 2331 victores;
1802 2264 1958 2318 dena-

372 2362 486 2417 rius
534 2372 716 2416 autem
771 2374 1029 2416 numerus
1078 2359 1130 2413 in
1177 2359 1262 2414 his
1308 2356 1675 2428 septenarium
1701 2356 1955 2418 ducitur;

370 2459 499 2529 quia
549 2467 772 2509 necesse
800 2461 904 2516 est,
931 2459 990 2504 ut
1012 2464 1107 2520 per
1136 2447 1466 2519 septiformis
1515 2446 1751 2518 Spiritus
1785 2445 1958 2499 sancti

371 2550 602 2623 gratiam
635 2545 919 2615 decalogus
945 2539 1262 2613 impleatur.’

441 2641 554 2697 Nec
583 2635 1038 2711 praetereundum,
1092 2633 1234 2704 quod
1279 2629 1510 2702 pepulus
1550 2627 1638 2684 ille
1667 2635 1957 2698 antequam

375 2733 586 2789 venerit
635 2731 690 2785 in
743 2729 900 2792 Elim,
935 2727 1187 2798 pridiana
1233 2730 1650 2782 castrametatus
1701 2721 1876 2777 fuerat
1903 2721 1956 2774 in

377 2825 553 2878 Maara
605 2820 812 2894 (Ibid).
867 2818 969 2875 Ubi
1023 2817 1279 2872 nimirum
1326 2830 1449 2870 cum
1490 2829 1628 2883 aqua
1661 2821 1769 2866 tam
1816 2819 1960 2867 esset

376 2931 559 2970 amara
613 2923 668 2968 ut
713 2913 962 2983 poculum
1020 2925 1128 2966 non
1178 2908 1513 2974 admitteret,
1563 2906 1766 2978 lignum
1818 2905 1960 2972 quod

379 3008 518 3062 Deus
567 3003 827 3068 ostendit,
871 3000 1156 3071 ingeritur,
1213 3006 1269 3053 et
1315 2997 1564 3067 protinus
1614 2993 1954 3050 obdulcatur.

373 3101 721 3156 Occidentem
771 3095 968 3166 quippe
1001 3092 1236 3149 litteram
1268 3089 1473 3146 veteris
1501 3088 1660 3156 legis,
1693 3087 1822 3156 quia
1868 3100 1959 3140 ne-

373 3210 463 3248 mo
516 3191 734 3246 valebat
778 3188 1026 3258 implere,
1073 3184 1228 3254 quasi
1261 3198 1371 3254 prae
1394 3179 1758 3236 amaritudine
1791 3177 1961 3234 salsas

374 3302 547 3356 aquas
591 3283 981 3339 horrescebant
1018 3279 1267 3334 homines
1308 3275 1526 3337 bibere;
1569 3274 1664 3330 sed
1695 3273 1781 3329 his
1808 3271 1963 3340 aquis

373 3392 498 3432 cum
525 3377 728 3446 lignum
758 3371 936 3427 crucis
963 3368 1130 3440 386
1167 3367 1476 3428 adhibetur,
1506 3378 1630 3420 cum
1671 3360 1964 3418 Dominica:

372 3466 646 3537 passionis
701 3463 871 3520 series
917 3460 1240 3530 applicatur,
1275 3471 1399 3510 mox
1439 3453 1734 3525 spiritualis
1767 3450 1960 3506 intelli-

372 3558 572 3629 gentia:
596 3572 719 3612 cum
745 3552 1031 3610 dulcedine
1061 3550 1270 3604 bibitur
1311 3554 1732 3602 sacramentum.
1765 3541 1963 3612 Sicque

373 3649 606 3722 populus
632 3649 698 3702 de
727 3646 871 3700 Mara
897 3643 1049 3699 venit
1074 3642 1127 3696 in
1159 3641 1329 3705 Elim;
1362 3651 1559 3692 amarae
1583 3634 1790 3691 scilicet
1814 3633 1960 3688 litte-

374 3758 451 3798 rae
479 3739 687 3811 spernit
713 3739 1016 3800 horrorem,
1047 3741 1102 3788 et
1130 3731 1195 3786 ad
1221 3728 1549 3800 apostolicos
1571 3725 1771 3791 fontes,
1801 3733 1964 3794 atque

372 3836 447 3891 ad
490 3832 739 3905 palmalis
776 3830 987 3884 fructus
1027 3825 1226 3898 gaudet
1296 3821 1556 3877 festinare
1601 3816 1960 3874 dulcedinem.

369 3923 626 3995 Legalem
657 3919 920 3990 abjicicns
954 3915 1293 3979 servitutem,
1325 3910 1538 3966 dulcem
1566 3907 1768 3978 expetit
1799 3920 1963 3961 evan—

370 4016 560 4077 geliea:
588 4011 775 4083 gratia:
799 4010 1126 4064 libertatem.

365 4132 503 4184 Car.
529 4130 588 4182 ll.
617 4159 684 4168 —
721 4125 1001 4180 Luxuriosi
1041 4123 1215 4178 clerici
1249 4136 1367 4174 cum
1409 4116 1702 4173 Abimeleclt
1752 4131 1963 4186 compa—

731 4211 738 4214 ’
1062 4202 1268 4246 ταηηιτ.

445 4291 516 4347 Ut
562 4305 693 4359 ergo
738 4289 805 4343 ad
851 4287 904 4341 id
945 4284 1088 4355 quod
1134 4280 1399 4352 cmpimus
1440 4291 1799 4341 revertamur,
1838 4291 1960 4332 cum

2051 449 2270 515 dicitur,
2320 460 2379 504 ut
2430 452 2610 506 unitas
2639 454 2894 508 Ecclesia:
2942 457 3369 512 commendetur.
3422 459 3497 512 De
3523 476 3631 530 qua

2051 552 2281 608 Sponsus
2325 540 2400 594 ait
2452 537 2508 595 in
2554 540 2825 598 Canticis:
2863 563 2881 595 ι
2929 543 3044 599 Una
3075 556 3159 603 est
3193 546 3441 602 columba
3491 565 3631 617 mea,

2052 647 2157 685 una
2191 641 2276 687 est
2302 631 2590 689 Genitricis
2615 650 2725 690 sua:
2758 635 2936 706 (Cant.
2971 640 3070 705 vi).
3107 657 3126 688 ι

2024 789 2028 794 ν
2123 723 2262 789 Quid
2319 735 2444 779 sunt
2503 735 2681 780 autem
2740 738 2948 796 septem
3000 729 3139 784 oculi
3185 744 3348 800 super
3400 730 3633 800 lapidem

2052 827 2244 878 unum,
2275 813 2420 868 salvo
2450 823 2652 882 tamen,
2691 817 2735 870 si
2778 827 2882 882 est,
2906 819 3085 873 altiori
3118 822 3398 891 mysterio,
3425 823 3526 876 nisi
3556 824 3634 878 illi

2053 904 2393 976 septuaginta
2423 906 2548 973 viri,
2584 907 2686 963 hoc
2718 919 2820 975 est,
2859 909 3111 966 doctores
3151 912 3325 966 sancti
3366 913 3420 966 in
3452 913 3630 968 eccle-

2053 994 2286 1050 siasticm
2335 997 2486 1066 pacis
2527 1000 2734 1056 unitate
2777 1000 3074 1069 conjuncti,
3104 1002 3436 1072 septiformis
3459 1005 3635 1059 sancti

2055 1087 2291 1160 Spiritus
2317 1091 2736 1148 charismatibus
2765 1093 3051 1148 illustrati?
3085 1095 3187 1149 Per
3206 1096 3306 1150 hos
3334 1097 3476 1151 enim
3505 1113 3635 1151 ocu-

2052 1181 2134 1237 los
2162 1191 2348 1237 sancta
2375 1185 2519 1238 videt
2549 1183 2814 1250 Ecclesia,
2840 1201 2936 1254 per
2967 1187 3066 1240 hos
3091 1187 3358 1256 conspicit
3378 1186 3466 1241 ubi
3503 1185 3634 1242 recti

2054 1276 2236 1345 operis
2272 1278 2459 1346 pedem
2499 1285 2685 1348 ponat,
2734 1292 2796 1331 ac
2821 1294 2922 1347 per
2945 1278 3085 1332 viam
3129 1280 3508 1334 mandatorum
3539 1279 3634 1332 Dei

2053 1366 2326 1439 gradiens,
2363 1382 2610 1420 normam
2637 1368 2975 1422 rectitudinis
3006 1386 3109 1423 non
3139 1367 3397 1424 offendat.

2122 1459 2436 1513 Ahimelech
2488 1474 2618 1530 ergo
2666 1476 2887 1515 manzer
2937 1476 3000 1514 ac
3036 1461 3255 1529 spurius
3293 1462 3634 1531 septuaginta

2056 1548 2323 1618 legitimos
2373 1547 2570 1604 fratres
2620 1536 2792 1617 ‘super
2849 1564 3013 1602 unum
3075 1550 3306 1618 lapidem
3377 1549 3631 1618 perimit;

2056 1641 2274 1710 quando
2316 1655 2444 1709 pars
2485 1639 2738 1712 [primus]
2786 1639 3104 1696 clericorum
3147 1642 3214 1696 ab
3252 1641 3637 1696 ecclesiasticas

2054 1732 2326 1788 castitatis
2348 1733 2631 1789 nobilitate
2661 1734 3019 1804 degenerans,
3063 1733 3374 1789 obscaenius
3398 1749 3456 1789 se
3481 1734 3638 1790 luxu-

2057 1823 2150 1877 ria:
2197 1822 2407 1894 legibus
2450 1823 2686 1894 snhjicit.
2711 1823 2777 1878 Et
2819 1823 2945 1878 dum
2977 1838 3163 1878 sacros
3189 1838 3428 1878 canones
3449 1839 3638 1892 repro-

2056 1915 2266 1971 bandos
2309 1915 2540 1986 iudicat,
2586 1931 2775 1970 eorum
2818 1915 3150 1980 conditores,
3183 1923 3398 1970 sanctos
3429 1914 3640 1970 scilicet

2042 2011 2224 2084 ,νὴ-οε,
2249 2027 2314 2066 ac
2339 2027 2436 2082 per
2463 2012 2568 2066 hoc
2596 2011 2826 2074 nobiles,
2858 2009 3160 2072 Gedeonis,
3189 2009 3240 2062 id
3281 2017 3362 2063 est
3391 2007 3638 2064 Salvato-

2060 2102 2135 2157 ris
2169 2116 2234 2156 ac
2254 2101 2514 2174 Ecclesiae
2543 2100 2704 2165 ﬁlios,
2758 2100 2921 2170 impia
2958 2099 3358 2175 quodammodo
3408 2097 3641 2152 crudeli-

2060 2201 2169 2247 tate
2196 2192 2455 2248 trucidat.
2487 2190 2700 2246 Habent
2743 2191 2889 2245 cnim
2918 2189 3250 2245 adulterinos
3276 2201 3536 2249 canones,
3585 2195 3642 2241 et

2059 2283 2322 2352 quasdam
2405 2291 2848 2350 argumentorum
2919 2277 3288 2335 cavillantium
3353 2277 3640 2338 novitates,

2058 2372 2257 2444 quibus
2301 2379 2630 2442 Oppugnent.
2686 2370 2840 2437 Quod
2885 2369 3137 2423 videlicet
3185 2367 3238 2420 in
3292 2366 3376 2418 illa
3425 2380 3642 2434 quoque

2061 2462 2226 2516 turris
2256 2460 2619 2516 Sichimorum
2641 2459 2921 2514 obsidione
2941 2457 3203 2527 signatur,
3223 2471 3344 2508 cum
3367 2455 3434 2509 de
3449 2453 3638 2509 eodem

2058 2553 2338 2608 fratricida
2390 2567 2487 2622 per
2532 2545 2770 2616 historia:
2824 2548 3023 2603 seriem
3079 2546 3374 2602 dicitur:-¢
3416 2546 3637 2600 Abime-

2059 2642 2200 2707 lech,
2235 2639 2434 2710 inquit,
2467 2639 2693 2694 audiens
2722 2639 2864 2692 viros
2897 2635 3062 2690 turris
3094 2635 3462 2690 Sichimorum
3499 2634 3644 2704 pari-

2061 2743 2144 2789 ter
2169 2731 2541 2802 conglobatos,
2587 2728 2830 2785 ascendit
2883 2728 2938 2782 in
2974 2736 3212 2782 montem
3255 2725 3474 2780 Selmon
3522 2741 3646 2780 cum

2060 2824 2207 2880 omni
2238 2822 2435 2893 popqu
2457 2837 2578 2885 suo,
2613 2828 2666 2876 et
2706 2828 2924 2890 arrepta
2953 2819 3158 2883 securi,
3196 2818 3441 2888 praecidit
3479 2816 3644 2872 arboo

2062 2915 2141 2970 ris
2186 2928 2422 2978 ramum,
2457 2907 3103 2982 impositumqueferens
3137 2909 3385 2972 humero,
3414 2909 3553 2963 dixit
3577 2911 3646 2962 ad

2063 3006 2242 3061 socios
2276 3021 2290 3059 :
2326 3004 2470 3074 quod
2506 3018 2591 3057 me
2619 3001 2811 3056 videtis
2839 2998 3039 3064 facere,
3081 2999 3190 3055 cito
3232 2997 3396 3054 facite
3441 2999 3645 3069 (ludio.

2062 3097 2162 3168 ιι).
2201 3117 2221 3149 ι
2255 3095 2461 3152 Deinde
2486 3095 2733 3164 sequitur
2765 3111 2780 3148 :
2819 3111 2838 3145 ι
2867 3093 3034 3164 Igitur
3061 3093 3310 3148 certatim
3343 3107 3524 3146 ramos
3570 3093 3641 3147 de

2061 3188 2350 3243 arboribus
2374 3185 2750 3256 prmeidentes,
2781 3185 3151 3254 sequebantur
3190 3184 3414 3248 ducem,
3439 3184 3656 3253 quibus

2061 3277 2461 3333 circumdantes
2509 3274 2820 3345 praesidium
2871 3273 3308 3329 succenderunt:
3364 3281 3529 3342 atque
3568 3273 3645 3327 ita

2063 3368 2266 3422 factum
2310 3374 2418 3432 est,
2459 3374 2519 3419 ut
2563 3365 2713 3419 fumo
2762 3364 2926 3435 387
2957 3371 3010 3418 et
3037 3364 3161 3433 igne
3185 3363 3333 3418 mille
3361 3363 3642 3418 hominum

2064 3464 2416 3520 necarentur,
2468 3455 2568 3509 viri
2627 3454 2833 3523 pariter
2869 3469 2934 3508 ac
2965 3454 3221 3511 mulieres
3274 3453 3643 3510 habitatorum

2064 3547 2230 3603 turris
2263 3546 2479 3602 Sichem
2504 3545 2713 3618 (Ιὸἱά.).
2750 3565 2768 3598 ι

2133 3639 2250 3696 Non
2294 3651 2379 3694 est
2404 3637 2561 3707 hujus
2591 3639 2694 3694 loci
2719 3653 2889 3694 sacrae
2917 3638 3118 3709 figuras
3145 3637 3386 3694 historiae
3413 3637 3646 3694 solerter

2063 3746 2359 3802 exponere,
2403 3728 2635 3785 sufﬁciat
2680 3729 2858 3794 nobis,
2885 3740 3152 3799 quantum
3197 3730 3264 3784 ad
3307 3731 3646 3799 propositum

2064 3823 2282 3886 attinet,
2316 3836 2426 3876 rem
2459 3828 2832 3876 summotenus
2868 3821 3170 3890 praelibare.
3200 3819 3359 3874 Rami
3389 3821 3648 3876 arborum

2066 3921 2195 3968 sunt
2242 3911 2581 3968 sententiolae
2606 3910 3032 3982 Scripturarum,
3063 3927 3200 3980 quas
3228 3912 3356 3966 dum
3387 3912 3648 3981 impudici

2019 4009 2266 4079 -quique
2290 4007 2356 4060 ad
2398 4005 2737 4076 allegationis
2785 4020 2896 4060 suae
2958 4006 3121 4060 robur
3175 4005 3442 4060 violenter
3493 4004 3647 4060 inﬂe-

2062 4108 2233 4162 ctunt,
2283 4096 2451 4162 fumo,
2478 4096 2636 4151 simul
2671 4107 2727 4151 et
2751 4096 2876 4168 igne
2901 4112 3218 4152 numerosas
3247 4096 3524 4152 hominum
3551 4113 3645 4152 ea-

2063 4197 2245 4244 tcrvas
2273 4188 2626 4259 exstinguunt
2660 4206 2673 4242 :
2705 4187 2853 4244 fumo
2903 4189 3108 4244 scilicet
3162 4189 3386 4255 erroris,
3423 4197 3479 4244 et
3523 4189 3650 4260 igne

2064 4277 2334 4341 libidinis;
2367 4287 2423 4332 ut
2451 4280 2704 4349 deceptas
2750 4279 2891 4334 mala
2941 4279 3265 4334 discentium
3315 4289 3548 4346 mentes,
3594 4293 3650 4336 et

356 4396 468 4452 per
485 4378 831 4450 septuaginta
857 4375 1025 4437 viros,
1061 4386 1197 4441 quos
1218 4369 1416 4424 occidit
1447 4366 1784 4430 Abimelech,
1815 4381 1957 4464 prae-
1990 4403 2038 4464 υ
2065 4370 2292 4426 luxuria:
2319 4370 2535 4426 flamma
2573 4372 2888 4437 succendat,
2916 4379 2970 4427 et
2997 4372 3153 4443 pravi
3179 4372 3445 4444 dogmatis
3473 4373 3651 4445 caligo

351 4473 642 4529 dicatorcs
698 4469 997 4539 figurentur
1047 4461 1333 4524 Ecclesia);
1381 4457 1509 4528 quid
1561 4471 1655 4526 per
1707 4453 1952 4510 eumdem

348 4562 710 4626 Ahimelech,
748 4558 839 4628 qui
863 4569 1051 4610 eorum
1084 4551 1254 4607 frater
1281 4556 1420 4612 erat,
1452 4547 1547 4602 sed
1578 4545 1817 4616 spurius,
1848 4543 1953 4598 nisi

347 4651 657 4714 luxuriosi,
690 4657 856 4717 atque
900 4642 1146 4700 carnales
1200 4635 1534 4706 intelligendi
1587 4643 1713 4690 sunt
1751 4632 1954 4696 clerici,

344 4744 463 4815 qui
510 4739 926 4803 catholicorum,
959 4742 1379 4801 sanctorumque
1405 4725 1723 4798 pontiﬁcum
1753 4733 1809 4779 et
1844 4721 1956 4778 fra-

341 4849 485 4891 tres
504 4831 724 4903 quidem
755 4835 884 4885 sunt
910 4841 1008 4898 per
1031 4831 1311 4894 acceptum
1340 4818 1768 4876 ecclesiasticum
1809 4815 1957 4871 ordi-

2063 4465 2375 4523 confundat.
2430 4463 2525 4520 Hae
2565 4472 2693 4520 sunt
2735 4465 2882 4521 enim
2913 4479 3142 4531 merces,
3169 4481 3289 4536 qua:
3317 4467 3383 4522 de
3413 4467 3650 4522 Sedoma

2063 4563 2118 4611 et
2181 4554 2484 4611 Gomorrha
2537 4555 2755 4625 prodire
2802 4555 2931 4610 visa:
2977 4564 3104 4611 sunt
3152 4564 3276 4626 post
3319 4557 3588 4612 excidium
3631 4577 3645 4611 :

2069 4665 2087 4698 ι
2129 4646 2426 4710 Abraham,
2459 4646 2634 4714 inquit
2657 4643 2937 4715 Scriptura
2966 4643 3121 4715 (Gen.
3154 4645 3652 4716 nx),consurgens

2067 4751 2226 4790 mane
2271 4736 2360 4791 ubi
2416 4744 2644 4790 steterat
2684 4735 2838 4804 prius
2880 4749 3003 4790 cum
3033 4734 3284 4800 Domino,
3317 4734 3544 4789 intuitus
3565 4745 3650 4790 est

2068 4827 2358 4884 Sodomam
2388 4835 2440 4882 et
2469 4826 2854 4892 Gomorrham,
2887 4836 2942 4880 et
2978 4826 3287 4881 universam
3318 4833 3518 4880 terram
3564 4842 3650 4882 re-

332 4940 520 4989 nem,
541 4935 596 4979 et
622 4931 804 4977 tamen
837 4917 1008 4989 spurii
1031 4915 1346 4986 iudicantur
1373 4925 1471 4982 per
1501 4907 1788 4979 degeneris
1813 4908 1956 4968 vitae,

328 5028 407 5074 et
469 5011 792 5084 ignobilium
835 5023 1060 5081 cperum
1099 5002 1464 5077 pravitatem?
1493 4999 1558 5055 Ili
1600 4999 1795 5054 fratres
1833 5013 1960 5052 suos

325 5104 649 5167 occidunt,
678 5117 802 5156 cum
832 5108 1144 5155 sanctorum
1177 5093 1401 5150 Patrum
1419 5090 1622 5162 judicia
1652 5089 1956 5151 destruunt,

321 5211 496 5256 cum
546 5195 858 5250 sanctiones
894 5206 1082 5247 eorum
1119 5199 1279 5257 atque
1333 5186 1551 5240 decreta
1581 5196 1836 5253 perverse
1881 5181 1959 5234 vi-

317 5286 550 5346 vendo
581 5283 938 5340 confundunt.
969 5281 1038 5336 Et
1066 5281 1180 5336 hac
1206 5275 1515 5333 interfectio
1545 5273 1603 5328 fit
1633 5289 1795 5344 super
1826 5271 1957 5340 lapi-

311 5384 497 5436 dea]
523 5391 706 5429 unum.
747 5373 912 5442 Lapis
961 5372 1064 5427 iste
1109 5367 1409 5425 Salvatoris
1436 5374 1521 5422 est
1570 5363 1841 5425 Ecclesia,
1893 5362 1957 5416 de

307 5484 466 5539 qua
532 5480 621 5533 per
649 5464 970 5521 Zachariam
1020 5463 1218 5518 dicitur
1257 5476 1272 5513 :
1321 5479 1338 5509 ε
1373 5457 1518 5513 Ecce
1542 5471 1644 5528 ego
1696 5454 1958 5509 adducam

301 5569 593 5618 servum
625 5570 804 5609 meum
826 5555 1117 5612 orientem,
1141 5552 1269 5621 quia
1297 5563 1422 5604 ecce
1451 5548 1609 5620 lapis,
1639 5560 1797 5616 quem
1837 5543 1959 5598 dedi

297 5656 564 5705 coram
585 5641 709 5696 Jesu
737 5661 750 5695 :
785 5641 961 5712 Super
985 5641 1215 5711 lapidem
1243 5653 1407 5694 unum
1432 5646 1640 5708 septem
1665 5633 1807 5690 oculi
1838 5642 1961 5690 sunt

2060 4921 2235 4990 gionis
2266 4919 2429 4984 illius,
2454 4919 2694 4988 viditque
2716 4920 3098 4973 ascendentem
3127 4919 3365 4974 favillam
3389 4920 3455 4974 de
3478 4929 3646 4982 terra,

2062 5012 2218 5082 quasi
2241 5010 2477 5066 fornacis
2507 5009 2734 5067 fumum.
2779 5029 2798 5062 ι
2844 5011 3016 5066 Porro
3049 5019 3230 5066 autem
3252 5020 3308 5067 et
3338 5013 3464 5067 dum
3507 5011 3648 5067 The-

2062 5103 2159 5159 bes
2212 5117 2334 5156 cum
2384 5101 2498 5157 suis
2552 5100 2856 5172 agminibus
2894 5101 3168 5157 obsideret
3191 5101 3465 5171 oppidum,
3497 5115 3648 5156 eum-

2064 5196 2186 5250 dem
2213 5201 2404 5248 contra
2429 5193 2739 5248 castitatem
2779 5192 3101 5248 Abimelech
3135 5193 3349 5248 videtur
3389 5192 3648 5263 ligni-asse

2066 5280 2392 5338 conﬂictum.
2425 5300 2441 5333 ι
2473 5282 2605 5336 Erat
2626 5293 2808 5336 autem
2841 5282 3005 5337 turris
3024 5282 3258 5342 excelsa.
3288 5291 3347 5336 ut
3368 5281 3646 5351 Scriptura

2067 5381 2321 5438 testatur,
2372 5373 2424 5428 in
2475 5371 2656 5428 medio
2702 5374 2962 5440 civitatis,
3010 5373 3262 5444 adquam
3287 5372 3648 5444 confugerant

2074 5465 2174 5518 viri
2203 5464 2363 5519 simul
2388 5481 2451 5520 ac
2479 5465 2754 5531 mulieres,
2800 5473 2854 5520 et
2884 5480 3073 5520 omnes
3094 5464 3366 5534 principes
3385 5465 3644 5527 civitatis,

2072 5553 2253 5609 clausa
2306 5554 2618 5610 firmissime
2663 5556 2852 5626 janua,
2897 5565 2952 5610 et
2997 5569 3160 5624 super
3222 5554 3387 5610 turris
3444 5564 3644 5611 tcctmn

2074 5653 2280 5699 stantes
2304 5660 2403 5716 per
2451 5645 2854 5716 propugnacula
2891 5645 3090 5715 (Judic.
3121 5647 3216 5718 Ix).
3255 5665 3272 5700 υ
3299 5647 3504 5703 Civitas
3525 5652 3644 5702 uni-
