4080 6194
406 323 501 380 591

836 315 900 374 S.
938 313 1144 372 PETRI
1185 310 1467 368 DAMlANl
1502 305 1652 364 OPP.
1692 303 1929 362 TOMUS
1961 303 2091 362 SEU
2130 302 2312 368 PARS
2350 300 2434 358 ill.
2472 333 2542 343 —
2565 299 2929 358 OPUSCULA
2970 299 3199 355 VARlA.

3535 301 3646 359 39‘!

398 432 626 490 versalis
651 429 914 495 Ecclesia,
946 427 1112 482 turris
1138 423 1405 479 castitatis
1429 429 1514 475 est
1541 409 1857 479 eminentia,
1902 416 1967 470 ad
1997 421 2044 478 Α
2074 424 2221 476 rant,
2247 414 2422 485 lapide
2459 422 2828 484 proterantur,
2879 421 2940 466 ut
2963 412 3198 483 gladium
3230 426 3336 467 non
3365 411 3599 467 evadant
3630 430 3646 464 :

397 544 561 600 quam
604 525 957 594 confugerant
1005 519 1104 573 viri
1162 513 1324 571 simul
1371 528 1436 568 ac
1483 511 1760 572 mulieres,
1806 507 1971 561 fortes

387 599 604 673 scilicet
652 626 706 669 et
749 611 970 672 inﬁrmi,
1027 607 1300 677 principes
1347 604 1510 658 etiam
1552 599 1814 662 civitatis,
1839 599 1974 653 ordo

400 711 650 766 videlicet
699 705 1042 766 clericorum,
1100 699 1189 768 qui
1239 705 1386 751 tenet
1417 694 1670 749 Ecclesiae
1694 690 1974 760 principa-

403 812 535 856 tum.
564 797 842 852 Accedens
870 795 1052 862 itaque
1102 785 1588 853 Abimelecbiuxta
1628 783 1840 846 turrim,
1866 795 1975 835 cce-

401 893 479 961 pit
519 887 803 944 instantius
855 885 1153 946 dimicare,
1210 890 1265 934 et
1308 877 1747 949 appropinquans
1799 873 1972 937 ostio,

400 981 578 1049 ignem
604 975 902 1031 conabatur
928 985 1218 1042 apponere.

403 1087 530 1143 CAP.
559 1084 643 1140 lll.
675 1081 943 1148 —'Quam
972 1077 1264 1158 pernicioso
1315 1075 1380 1129 sit
1436 1073 1741 1127 clericorum
1787 1071 1976 1123 intent-

1008 1214 1016 1216 ἡ
1057 1158 1315 1216 perantia.

469 1246 584 1301 Hoc
611 1246 793 1312 itaque
815 1241 976 1296 modo
1025 1238 1203 1293 clerici
1241 1235 1564 1306 petulantes,
1593 1243 1647 1289 et
1682 1230 1977 1298 infruniti,

401 1336 537 1392 turri
580 1333 850 1390 castitatis
896 1330 1192 1384 moliuntur
1241 1325 1582 1390 incendium,
1627 1325 1754 1379 dum
1779 1323 1980 1378 multos

401 1427 469 1481 ad
511 1441 622 1480 sua:
659 1421 919 1486 libidinis,
965 1429 1019 1474 et
1048 1417 1327 1474 aestuantis
1358 1417 1584 1470 insaniae
1619 1416 1981 1496 cohortantur

399 1514 724 1585 exemplum.
778 1510 995 1583 Ignibus
1033 1507 1227 1564 armati
1281 1507 1474 1561 turrim
1505 1504 1771 1560 castitatis
1809 1503 1981 1572 impe-

405 1617 546 1673 tunt,
593 1609 718 1661 dum
768 1603 958 1659 incesti
998 1610 1179 1657 castos
1221 1599 1435 1653 ﬁamma
1471 1593 1745 1667 pestiferae
1765 1609 1982 1663 persua-

400 1699 570 1754 sionis
591 1695 914 1750 accendunt.
963 1693 1070 1748 Sed
1101 1692 1226 1746 huic
1257 1689 1537 1744 certamini
1570 1689 1693 1758 quis
1724 1687 1846 1742 ﬁnis
1882 1688 1981 1741 im-

2073 519 2277 574 cosque
2327 503 2536 573 pondus
2588 502 2767 570 primo
2816 501 3012 556 divina:
3057 501 3341 556 sententiae
3361 509 3648 565 conterat,

2073 597 2266 652 deinde
2315 594 2534 666 maligni
2587 593 2809 664 spiritus
2859 591 3087 662 pcenalis
3143 607 3334 648 mucro
3361 593 3650 655 concidat;

2072 704 2381 757 quanquam
2413 703 2519 742 non
2569 687 2906 756 ignoremus,
2960 700 3067 739 non
3091 685 3326 741 absurde
3356 685 3651 755 signiﬁcari

2071 795 2231 852 posse
2256 795 2353 850 per
2379 778 2628 834 Jerobaal
2653 778 2964 844 Christum;
3009 793 3108 846 per
3145 777 3458 832 Abimelecb
3498 777 3654 832 Anti-

2074 871 2356 926 christum.
2385 870 2487 936 Qui
2535 869 2790 924 nimirum
2835 869 2974 924 sicut
3018 867 3107 924 ille
3131 867 3466 932 concubinae,
3499 869 3577 922 sic
3601 877 3654 920 et

2077 967 2180 1020 iste
2208 973 2292 1019 est
2321 964 2538 1034 reiectae
2565 963 2704 1017 ﬁlius
2737 977 3044 1032 synagoga).
3076 961 3180 1016 Per
3194 961 3532 1030 septuaginta
3554 973 3651 1014 ve-

2077 1071 2138 1109 ro
2167 1052 2380 1118 fratres,
2405 1068 2542 1123 quos
2583 1052 2894 1108 Abimelech
2929 1053 3193 1108 occidisse
3221 1060 3493 1116 narratur,
3525 1057 3648 1120 ‘sep-

2079 1146 2314 1215 tuaginta
2346 1145 2646 1215 linguarum
2677 1154 2885 1216 gentes,
2917 1160 3054 1215 quas
3083 1143 3451 1198 Antichristus
3477 1144 3530 1197 in
3551 1159 3654 1197 saa-

2077 1238 2184 1293 culi
2205 1239 2320 1292 ﬁne
2357 1236 2718 1307 persequitur.
2751 1235 2858 1290 Sed
2903 1242 2958 1289 et
2994 1249 3116 1297 nos,
3141 1241 3202 1289 ut
3230 1232 3516 1304 coepimus,
3543 1231 3655 1288 cle-

2078 1331 2316 1386 ricorum
2347 1329 2527 1384 adhuc
2556 1326 2831 1382 vesaniam
2859 1339 3268 1395 prosequamur.

2148 1423 2212 1478 lii
2263 1422 2421 1493 plane
2467 1430 2725 1490 tanquam
2772 1417 2866 1473 ﬁlii
2920 1417 3107 1479 Jacob,
3149 1426 3397 1487 paternae
3433 1414 3657 1487 quidem

2077 1514 2345 1594 prosapia:
2373 1511 2528 1568 titulo
2569 1511 2901 1565 decorantur
2934 1527 2946 1562 :
2975 1509 3072 1563 sed
3117 1508 3246 1578 quia
3283 1507 3453 1578 spurii
3493 1513 3659 1576 atque

2079 1604 2396 1673 degeneres,
2449 1615 2556 1656 non
2595 1599 2889 1671 legitimam
2923 1613 2990 1654 ex
3015 1597 3294 1658 uxoribus,
3325 1597 3420 1652 sed
3455 1598 3657 1668 ignobi-

2079 1692 2186 1747 lem
2217 1691 2418 1762 potius,
2477 1691 2632 1760 quasi
2678 1705 2744 1745 ex
2779 1689 3096 1745 concubinis
3121 1688 3381 1758 originem
3416 1688 3658 1742 trahunt.

401 1789 654 1859 ponitur?
698 1787 843 1852 Quos
891 1785 1132 1839 victoria
1173 1781 1357 1837 titulos
1378 1782 1495 1836 haec
1521 1793 1696 1851 pugna
1721 1777 1982 1834 sortitur?
2012 1769 2058 1830 Β
2088 1783 2241 1840 Sicut
2292 1783 2439 1838 enim
2498 1780 2777 1850 Scriptura
2819 1779 2997 1836 dicit;
3043 1796 3062 1830 ι
3100 1778 3292 1847 Spuria
3342 1777 3657 1832 vitulamina

409 1899 428 1932 ι
463 1881 624 1944 Ecce,
675 1878 872 1948 inquit,
915 1875 1109 1930 mulier
1155 1873 1519 1944 fragmentum
1558 1870 1714 1925 mola:
1753 1869 1983 1938 desuper

400 1972 628 2039 iaciens,
689 1968 840 2022 illisit
877 1966 1041 2036 capiti
1068 1964 1402 2028 Abimelech,
1440 1971 1498 2017 et
1524 1959 1790 2031 confregit
1832 1974 1986 2016 cere-

408 2057 731 2128 brum’ejus.
761 2058 865 2125 Qui
915 2058 1124 2112 vocavit
1161 2057 1271 2111 cito
1321 2053 1648 2124 armigerum
1691 2066 1871 2116 suum,
1928 2057 1985 2105 et

403 2150 476 2204 ait
503 2151 570 2205 ad
609 2164 733 2219 eum
761 2167 773 2201 :
801 2148 1036 2218 Evagina
1063 2145 1301 2214 gladium
1334 2152 1504 2205 tuum,
1530 2149 1586 2196 et
1612 2148 1833 2212 percute
1871 2153 1981 2204 me,

403 2255 472 2295 ne
522 2239 661 2293 forte
705 2239 918 2292 dicatur
961 2235 1104 2302 quod
1156 2250 1186 2289 a
1237 2232 1436 2288 femina
1488 2229 1803 2286 interfectus
1858 2228 1982 2283 sim.

403 2331 504 2397 Qui
532 2330 679 2401 iussa
703 2328 1010 2399 pet-ﬁciens,
1039 2324 1310 2380 interfecit
1335 2337 1456 2377 eum
1479 2321 1697 2393 ⁵(ιιιιιιίίις.
1726 2318 1823 2390 ιιι).
1860 2337 1879 2370 ι
1917 2316 1985 2373 Ut

363 2431 585 2476 ‘autem
639 2420 691 2473 in
742 2418 826 2472 his
877 2416 1058 2472 verbis
1136 2429 1242 2470 non
1326 2412 1529 2468 diutius
1609 2411 1981 2475 immoremur,

403 2512 647 2580 fragmen
703 2510 806 2564 hoc
855 2506 1033 2570 molze,
1060 2507 1203 2576 quod
1225 2505 1541 2560 Abimelech
1567 2501 1852 2558 cerebrum
1880 2498 1987 2554 fre-

403 2603 503 2672 git,
543 2600 673 2654 nihil
703 2607 787 2654 est
825 2597 968 2650 aliud
998 2611 1159 2666 quam
1191 2609 1381 2650 saxum
1407 2593 1561 2659 illud,
1613 2591 1757 2660 quod
1799 2587 1988 2642 Daniel

405 2692 523 2746 sine
576 2689 823 2744 manibus
884 2686 1184 2741 abscissum
1205 2687 1272 2739 de
1297 2692 1480 2738 monte
1511 2680 1794 2751 conspexit
1819 2679 1985 2748 (Dan.

405 2783 501 2852 ιι);
554 2781 668 2850 ipse
715 2778 966 2832 videlicet
1002 2776 1280 2841 Dominus,
1305 2775 1396 2844 qui
1419 2775 1486 2829 de
1518 2788 1575 2828 se
1601 2774 1655 2827 in
1695 2769 1987 2842 Evangelio

406 2871 541 2926 dicit
572 2886 587 2922 :
624 2887 643 2921 ι
700 2867 802 2934 Qui
856 2866 1117 2922 ceciderit
1163 2871 1332 2934 super
1372 2864 1604 2933 lapidem
1641 2861 1830 2927 istum,
1855 2869 1988 2916 c'on-

404 2961 705 3032 fringetur;
730 2974 894 3029 super
917 2974 1078 3027 quem
1116 2971 1242 3012 vero
1266 2956 1544 3022 ceciderit,
1589 2962 1834 3010 conteret
1863 2969 1987 3010 eum

406 3048 624 3121 (Matth.
651 3046 784 3117 xm).
821 3065 839 3098 ι
889 3045 1082 3102 Mulier
1114 3057 1242 3100 vero
1273 3046 1339 3101 de
1379 3044 1532 3114 cuius
1568 3045 1815 3098 manibus
1862 3042 1988 3098 mit—

2083 1890 2190 1930 non
2221 1874 2427 1928 dabunt
2454 1872 2664 1926 radices
2691 1871 2828 1926 altas
2854 1868 3006 1937 (Sap.
3038 1868 3130 1940 tv).
3163 1889 3182 1921 ι
3226 1868 3341 1924 Νοιι
3363 1868 3506 1922 enim
3528 1867 3658 1930 Liaa,

2085 1967 2200 2021 sive
2224 1955 2499 2029 Rachel'is,
2545 1964 2641 2018 sed
2684 1962 2826 2016 Bais:
2851 1961 3053 2031 potius,
3083 1959 3168 2013 vel
3199 1959 3413 2028 Zelphze
3437 1957 3665 2012 ancilla-

2085 2076 2204 2114 rum
2256 2058 2351 2113 ﬁlii
2401 2058 2454 2112 in
2508 2055 2691 2111 servili
2745 2055 2979 2110 sordida:
3017 2051 3448 2106 conversationis
3501 2063 3664 2119 opere

2085 2150 2530 2220 comprobantur.
2557 2145 2688 2201 Bala
2713 2144 2980 2215 siquidem
3011 2143 3420 2214 interpretatur,
3455 2142 3660 2194 invete-
3729 2209 3754 2220 ἰ

2087 2251 2226 2296 rata.
2261 2241 2326 2293 Et
2363 2239 2417 2293 hi
2449 2240 2574 2293 dum
2609 2235 2905 2293 carnaliter
2932 2233 3142 2297 vivunt,
3173 2248 3277 2286 non
3306 2247 3373 2286 ex
3422 2230 3665 2286 novitate

2089 2330 2334 2401 spiritus,
2392 2329 2486 2384 sed
2515 2343 2581 2384 ex
2605 2325 2812 2382 carnali
2841 2323 3035 2379 vetusti
3062 2322 3296 2378 hominis
3321 2319 3564 2392 germine
3605 2333 3668 2375 se

2087 2422 2306 2492 prodire
2355 2428 2640 2475 testantur.
2666 2415 2869 2488 Zelpha
2898 2432 3028 2472 vero
3058 2415 3112 2470 in
3141 2423 3328 2470 nostra
3358 2413 3533 2483 lingua
3576 2427 3668 2468 so-

2089 2522 2185 2568 nat
2208 2528 2271 2568 os
2292 2513 2464 2567 hians.
2500 2509 2820 2578 llzecitaque
2843 2506 3052 2562 illorum
3077 2514 3254 2561 mater
3276 2513 3423 2559 recte
3446 2503 3664 2568 dicitur,

2090 2618 2321 2672 quorum
2349 2601 2559 2657 scilicet
2589 2601 2643 2655 in
2667 2599 3106 2671 pradicationem
3135 2596 3380 2652 veritatis
3405 2611 3468 2651 os
3486 2596 3670 2649 videa-

2091 2703 2180 2748 tur
2205 2693 2304 2756 ire,
2333 2693 2426 2747 sed
2466 2707 2562 2746 cor
2591 2706 2698 2745 non
2738 2690 2847 2754 ire;
2878 2690 2944 2744 de
2966 2688 3162 2758 quibus
3183 2687 3368 2756 utique
3405 2685 3668 2756 scriptum

2090 2792 2213 2840 est:
2263 2801 2281 2833 ι
2321 2781 2554 2852 Populus
2590 2781 2678 2836 hic
2711 2779 2871 2835 labiis
2906 2794 2992 2834 me
3037 2778 3311 2842 honorat,
3351 2791 3446 2830 cor
3483 2786 3666 2828 autem

2093 2889 2280 2928 eorum
2319 2871 2476 2943 longe
2524 2882 2608 2928 est
2649 2885 2679 2924 a
2720 2884 2806 2924 me
2849 2867 2979 2938 (Ira.
3015 2867 3185 2940 χχιχ).
3221 2888 3239 2920 ι
3267 2865 3472 2934 Quibus
3506 2864 3670 2921 etiam

2093 2959 2386 3032 Apostolus
2454 2959 2609 3031 quasi
2677 2956 3039 3028 personaliter
3103 2956 3476 3026 exprobrans,
3549 2953 3669 3008 ait:

2100 3071 2120 3105 ι
2157 3051 2257 3119 Qui
2310 3066 2441 3122 ergo
2494 3049 2656 3103 alium
2695 3049 2874 3112 doces,
2925 3046 3156 3116 teipsum
3188 3061 3294 3100 non
3338 3045 3542 3100 doces?
3566 3043 3670 3112 Qui

408 3143 565 3206 titur,
598 3154 753 3195 sacra
809 3137 895 3196 lex
935 3147 1040 3203 est,
1073 3144 1192 3207 Quae
1215 3137 1506 3209 ﬂagitiosis
1556 3135 1829 3207 pudicitiae
1856 3151 1986 3192 con-
2013 3128 2060 3193 C
2089 3144 2354 3216 praedicas
2385 3158 2487 3197 non
2509 3140 2814 3205 furandum,
2838 3138 3073 3194 iuraris?
3103 3137 3204 3205 Qui
3229 3137 3366 3192 dicis
3396 3152 3503 3192 non
3532 3151 3673 3192 mm-

409 3230 801 3302 tentploribus._
832 3229 1168 3299 repentinum
1217 3227 1417 3284 ChfiSli
1461 3227 1723 3297 iudieium
1759 3224 1985 3282 commi-
2088 3233 2381 3300 chandum,
2415 3231 2710 3287 moecharis
2731 3231 2755 3284 ?
2779 3229 2881 3298 Qui
2911 3228 3241 3284 abominaris
3270 3226 3432 3291 idola,
3455 3225 3676 3282 sacrile-

409 3333 594 3381 natur.
655 3321 732 3375 De
776 3335 884 3390 quo
931 3333 1029 3389 per
1079 3317 1370 3400 Jeremiam
1413 3317 1612 3372 dicitur
1641 3333 1655 3373 :
1689 3335 1708 3368 ι
1735 3314 1988 3386 Nunquid

2092 3327 2238 3400 gium
2265 3324 2440 3380 facis?
2467 3323 2568 3391 Qui
2596 3322 2649 3378 in
2675 3321 2792 3393 lege
2833 3319 3105 3393 gloriaris,
3142 3334 3239 3390 per
3272 3317 3676 3388 praevaricatio-

410 3429 520 3469 non
542 3410 712 3466 verba
743 3424 862 3466 mea
903 3419 1029 3464 sunt
1070 3408 1224 3480 quasi
1258 3408 1417 3477 ignis,
1447 3408 1582 3464 dicit
1628 3407 1908 3474 Dominus,
1935 3415 1992 3463 et
2093 3433 2218 3472 nem
2249 3415 2385 3487 legis
2429 3415 2599 3469 Deum
2653 3411 2985 3468 inhonoras?
3023 3410 3226 3466 Nomen
3258 3410 3402 3467 enim
3445 3409 3538 3465 Dei
3577 3423 3680 3480 per

409 3503 580 3576 388
597 3501 750 3572 quasi
779 3500 1006 3556 malleus
1029 3509 1317 3556 conterens
1340 3499 1580 3572 petram?
1601 3494 1990 3569 )(Jer_XXllll.)

2092 3527 2192 3569 vos
2239 3509 2651 3580 blasphematur
2688 3507 2743 3562 in
2768 3505 3018 3576 gentibus
3047 3504 3228 3578 (Rom.
3260 3506 3342 3572 ιι).
3383 3523 3402 3557 ι
3438 3504 3678 3560 Verbum

410 3594 664 3662 Armiger
682 3607 814 3648 vero
834 3591 1169 3654 Abimelech,
1204 3591 1452 3646 diabolus
1482 3590 1698 3660 est,qui
1740 3589 1996 3645 videlicet
2094 3601 2293 3672 quippe
2341 3598 2457 3663 Dei,
2505 3597 2650 3668 quod
2702 3595 2862 3650 labiis
2887 3604 3155 3662 astruunt,
3185 3595 3415 3664 reprobe
3445 3593 3675 3650 vivendo

414 3685 692 3750 omnibus,
751 3685 844 3754 qui
906 3684 1098 3738 turrim
1157 3684 1428 3739 castitatis
1481 3689 1812 3753 oppugnant,
1844 3695 1991 3736 arma

2095 3691 2425 3748 convellunt.
2467 3688 2535 3743 Et
2560 3688 2839 3758 loquentes
2871 3686 3108 3756 quidem,
3151 3687 3217 3742 de
3248 3686 3550 3742 clarissima
3578 3701 3679 3756 pa-

413 3774 674 3839 libidinis,
712 3781 770 3828 et
819 3781 976 3830 acuta
1001 3773 1230 3828 luxuria:
1264 3772 1448 3844 iacula
1486 3774 1882 3828 subministrat.
1920 3771 1991 3826 De

2099 3781 2458 3838 triarcharum
2477 3779 2728 3834 videntur
2753 3778 3032 3834 nobilitate
3062 3777 3410 3858 descendere,
3434 3779 3681 3834 viventes

411 3870 612 3941 quibus
652 3867 851 3940 iaculis
906 3868 1416 3940 dicit,Apo'stolus:
1460 3886 1481 3921 ι
1509 3867 1566 3924 ln
1597 3869 1850 3924 omnibus
1908 3883 1999 3923 su-

415 3970 628 4018 mentes
680 3969 893 4015 scutum
944 3960 1090 4025 ﬁdei,
1156 3960 1208 4014 in
1254 3975 1362 4030 quo
1397 3959 1618 4029 possitis
1659 3959 1840 4012 omnia
1889 3957 1997 4013 tela

415 4051 734 4120 nequissimi
767 4053 922 4123 ignea
966 4052 1312 4122 exstinguere
1344 4049 1562 4122 (Ephes.
1592 4050 1691 4123 vt).
1726 4070 1743 4103 ι
1780 4049 1847 4104 Et
1874 4065 2000 4120 pro-

413 4147 620 4218 pheta:
657 4163 678 4198 ι
710 4145 787 4202 lbi
813 4185 828 4209 ,
877 4146 1070 4215 inquit,
1103 4145 1273 4200 Assur
1294 4161 1414 4199 cum
1443 4146 1610 4200 armis
1637 4145 1750 4200 suis
1778 4143 1996 4216 (Ezeclt.

416 4235 614 4305 um).
636 4253 656 4285 ι
675 4233 847 4300 Quem
872 4249 1004 4305 ergo
1025 4235 1217 4289 mulier
1237 4235 1502 4306 fragmine
1533 4235 1688 4289 molae
1709 4235 1999 4305 percussit,

419 4329 656 4400 armiger
680 4341 810 4382 ense
856 4317 1128 4397 peremit;
1157 4328 1283 4398 quia
1321 4325 1588 4382 castitatis
1635 4325 2001 4390 adversarios,

417 4417 616 4488 quibus
639 4417 919 4485 Scriptura
945 4427 1100 4470 sacra
1150 4415 1413 4486 iudicium
1441 4415 1634 4470 divinze
1661 4413 2002 4470 animadver-

418 4510 592 4565 sionis
619 4510 876 4575 intentat,
907 4507 1154 4564 diabolus
1192 4516 1410 4562 aeternae
1455 4507 1647 4561 mortis
1675 4506 2002 4560 internecio-

419 4615 491 4655 ne
517 4599 787 4665 trucidat;
839 4608 898 4653 ut
952 4598 1148 4669 quibus
1192 4597 1372 4652 fuerat
1421 4596 1672 4652 minister
1713 4595 1768 4650 in
1797 4609 1998 4666 pugna,

418 4691 735 4749 earumdem
782 4693 852 4748 sit
893 4691 1233 4765 postmodum
1270 4699 1442 4746 tortor
1471 4690 1526 4745 in
1557 4703 1741 4759 poma,
1770 4703 2003 4759 quaeque

423 4783 532 4840 illis
610 4791 801 4839 contra
879 4783 1192 4854 pudicitiam
1259 4795 1409 4836 arma
1479 4787 1850 4851 suggesserat,
1914 4793 2005 4834 ca-

421 4877 546 4932 dem
596 4875 936 4947 exigentibus
986 4875 1197 4930 meritis
1252 4873 1307 4928 in
1356 4888 1544 4928 eorum
1599 4880 1728 4928 tunc
1759 4870 2006 4942 iugulum

423 4975 620 5023 vertat.

498 5057 640 5110 Eant
687 5054 852 5127 igitur
900 5069 1046 5110 nunc
1093 5054 1275 5110 clerici
1302 5055 1510 5119 molles,
1537 5054 1756 5118 incesti,
1782 5061 2000 5124 atquea

424 5147 662 5220 genuina
715 5147 796 5200 sui
844 5145 1050 5200 ordinis
1078 5145 1359 5201 nobilitate
1387 5146 1706 5216 degeneres;
1740 5157 1862 5197 cum
1882 5141 2006 5196 Abi-

427 5238 640 5293 melech
683 5251 834 5292 arma
867 5236 1199 5307 corripiant;
1247 5237 1517 5308 legitimos
1541 5251 1704 5307 super
1731 5249 1897 5290 unum
1928 5233 2004 5286 la-

427 5327 609 5396 pidem
655 5325 857 5383 fratres
901 5328 1190 5394 occidant;
1227 5327 1418 5383 turrim
1443 5324 1676 5389 Thebes,
1704 5325 1756 5379 id
1799 5332 1884 5379 est
1910 5338 2002 5378 ca-

427 5417 634 5471 stitatis
664 5429 870 5483 arcem,
896 5431 1206 5491 expugnare
1237 5417 1586 5472 contendant.
1613 5415 1802 5472 Omnis
1829 5424 2007 5472 tamen
2034 5427 2046 5443 '

427 5522 620 5561 eorum
642 5507 923 5564 conﬂictus
949 5509 1051 5564 hoc
1075 5510 1182 5567 ﬁne
1214 5509 1575 5573 concluditur,
1607 5519 1668 5563 ut
1695 5516 1819 5580 post
1841 5509 2006 5564 ictum

429 5595 663 5665 lapidis,
716 5598 970 5670 armigeri
1010 5612 1226 5669 quoque
1279 5600 1362 5654 sui
1411 5597 1589 5670 gladio
1625 5599 2004 5669 perimantur;

429 5695 696 5756 quatenus
717 5689 809 5760 qui
839 5705 1004 5762 super
1041 5691 1272 5762 lapidem
1295 5691 1473 5762 gladio
1501 5690 1703 5750 fratres
1727 5692 2006 5750 exstinxe-

2096 3887 2275 3930 autem
2289 3888 2352 3927 ex
2369 3872 2723 3943 ignominiosa
2736 3869 2864 3926 foedi
2881 3871 3163 3940 prostibuli
3178 3872 3596 3941 comprobantur
3610 3872 3682 3926 li-

2097 3980 2198 4022 nea
2220 3963 2384 4035 389
2411 3963 2716 4032 propagari.
2747 3959 3020 4017 Abraham
3061 3961 3220 4031 plane
3265 3978 3431 4017 unum
3461 3963 3678 4033 quidem

2099 4055 2168 4110 de
2194 4068 2386 4116 uxore,
2417 4052 2598 4120 plures
2626 4058 2805 4106 autem
2839 4067 2904 4108 ex
2950 4051 3268 4107 concubinis
3307 4051 3447 4108 ﬁlios
3468 4055 3676 4124 genuit,

2098 4147 2194 4203 sed
2218 4160 2311 4202 eos
2333 4146 2401 4201 ab
2430 4144 2521 4199 illo
2549 4141 2758 4214 procul,
2776 4143 2903 4198 dum
2931 4142 3229 4208 adviveret,
3248 4147 3534 4216 separavit.
3559 4143 3676 4202 Non

2099 4240 2246 4294 enim
2272 4237 2430 4291 fratri
2453 4235 2570 4291 ﬁeri
2594 4244 2844 4305 poterant
2870 4236 3200 4302 cohaeredes,
3229 4239 3321 4308 qui
3350 4238 3683 4294 ancillaban-

2103 4335 2193 4382 tur
2221 4327 2274 4380 in
2300 4325 2565 4397 germine.
2595 4324 2735 4392 Quid
2767 4324 2952 4395 itaque
2979 4324 3261 4396 Scriptura
3286 4328 3451 4382 dicit?
3486 4347 3504 4380 (
3524 4327 3683 4383 Dedit

2104 4418 2378 4472 Abraham
2415 4425 2614 4471 cuncta
2650 4431 2770 4485 qua:
2799 4417 3116 4486 possederat
3143 4417 3316 4483 lsaac,
3344 4419 3472 4474 ﬁliis
3500 4429 3682 4476 autem

2107 4510 2531 4566 concubinarum
2576 4509 2726 4564 dedit
2769 4525 2995 4566 munera
3032 4497 3192 4582 (Gen.
3227 4528 3332 4568 xxv
3367 4513 3439 4587 ).›
3473 4515 3542 4569 Ει
3565 4515 3684 4584 qui-

2109 4601 2232 4656 dem
2266 4600 2393 4656 dum
2433 4610 2744 4678 superesset
2769 4599 3066 4670 Abraham,
3099 4619 3290 4660 omnes
3312 4603 3686 4674 gloriabantur

2109 4707 2169 4748 se
2196 4707 2318 4748 esse
2346 4691 2487 4747 ﬁlios
2525 4691 2757 4747 Abrahze
2784 4710 2796 4748 :
2821 4694 2917 4748 sed
2963 4710 3086 4749 cum
3137 4696 3191 4750 in
3239 4695 3348 4752 ﬁne
3379 4705 3551 4752 totum
3593 4697 3688 4752 uni

2109 4783 2497 4853 patrimonium
2539 4783 2786 4858 contulit,
2815 4784 2909 4854 qui
2951 4801 3138 4842 revera
3177 4785 3273 4841 lilii
3325 4802 3520 4842 nomen
3551 4788 3690 4842 obti-

2113 4881 2263 4935 neat,
2292 4872 2383 4940 qui
2426 4872 2770 4928 concubinali
2809 4883 3068 4929 notantur
3116 4865 3359 4944 infamia,
3403 4877 3690 4934 manifeste

2108 4961 2385 5018 discrevit.
2436 4962 2593 5018 Nunc
2622 4964 2804 5033 itaque
2829 4981 3116 5022 manzeres
3145 4967 3328 5023 clerici
3376 4970 3519 5025 inter
3563 4970 3692 5039 legi-

2109 5051 2270 5106 timos
2303 5051 2533 5108 Abrahae
2581 5051 2720 5108 ﬁlios
2757 5056 3032 5110 communi
3065 5057 3318 5114 videntur
3368 5059 3692 5116 admistione

2110 5141 2437 5208 discurrere,
2460 5144 2553 5199 sed
2583 5145 2925 5213 postmoddm
2955 5147 3026 5200 ab
3053 5148 3389 5207 barreditatis
3415 5153 3694 5208 consortio

2111 5231 2467 5303 repelluntur,
2499 5235 2590 5305 qui
2623 5235 2784 5290 modo
2813 5235 3134 5298 mulieribus
3163 5243 3319 5313 quasi
3358 5245 3631 5316 perceptis
3659 5261 3692 5301 a

2111 5337 2265 5397 patre
2287 5329 2626 5395 muneribus,
2658 5328 3014 5388 delectantur.

2110 5442 2240 5500 Car.
2266 5445 2356 5501 iV.
2374 5445 3012 5589 ——Clericorun;elp‘::g:
3063 5450 3401 5520 objections,
3431 5452 3486 5506 et
3507 5468 3695 5508 eorum

2181 5603 2292 5661 Sed
2339 5605 2528 5663 dicunt
2557 5625 2572 5662 :
2601 5607 2792 5664 Nonne
2847 5611 2982 5667 dicit
3039 5611 3380 5682 Apostolus:
3413 5632 3432 5665 ι
3462 5611 3700 5682 Propter

2108 5694 2521 5757 fornicationem
2548 5701 2922 5773 unuscuisque
2945 5717 3100 5764 suam
3130 5719 3359 5763 uxorem
3387 5704 3608 5775 habeat,
3639 5714 3698 5760 et
