4080 6194
325 376 435 436 393

1022 373 1257 429 OPUSC.
1299 371 1478 426 XVIII.
1522 402 1590 410 ——
1629 369 1905 427 CONTRA

2025 367 2515 426 ΙἙΜΡΕΒΑΝΤΕΞ
2549 373 2897 430 CLEIiICOS.

3478 379 3583 433 ὅθι

326 505 666 560 unaquarque
695 486 868 542 virum
898 503 1052 541 suum
1103 485 1328 540 haheat?
1363 484 1456 539 Vir
1483 485 1635 539 uxori
1667 483 1904 537 debitum
1933 483 1976 538 Α
2008 480 2187 547 pidat,
2243 499 2400 552 quem
2457 496 2706 541 tartareae
2763 487 3000 542 libidinis
3057 499 3217 543 azstus
3266 491 3584 547 ίιιαειηιιηειι,

326 581 542 644 reddat,
574 589 629 633 et
677 591 811 633 uxor
841 578 992 632 viro?
1021 577 1071 645 (1
1099 577 1221 630 Cor.
1255 576 1373 646 vn.)
1405 595 1424 628 ι
1449 575 1606 638 Ecce,
1641 575 1906 643 inquiunt,

325 673 443 725 haec
469 669 766 740 apostolica
794 667 957 722 verba
984 667 1257 738 generalia
1287 677 1444 721 sunt:
1470 675 1526 722 et
1551 668 1677 721 dum
1699 665 1910 719 unicui-

325 776 433 830 que
473 760 710 814 nubendi
757 758 1029 812 licentiam
1081 757 1352 821 tribuunt,
1395 772 1492 811 nos
1525 757 1773 826 excipere
1803 765 1908 808 nun

324 850 602 903 videntur.
630 843 714 901 Ad
738 846 882 916 quod
905 861 1006 915 ego
1031 864 1043 899 :
1073 845 1129 899 Si
1161 861 1257 914 per
1280 847 1393 900 haec
1423 845 1584 900 verba
1614 842 1910 913 coniugalis

325 940 736 995 incontinentia:
753 940 951 1008 passim
972 936 1123 991 frena
1149 937 1419 998 laxantur.
1435 936 1699 1006 episc0pis
1721 936 1908 998 etiam,

324 1033 441 1086 sive
472 1030 776 1094 monachis,
821 1029 1042 1096 insuper
1071 1037 1125 1080 et
1151 1027 1436 1080 abbatibus
1474 1026 1695 1080 libertas
1720 1025 1909 1080 eadem

325 1140 435 1175 non
471 1130 714 1190 negetur.
746 1119 811 1172 Et
841 1118 1095 1188 quoniam
1120 1127 1346 1187 uterque
1374 1132 1536 1172 sexus
1562 1132 1666 1171 non
1698 1117 1911 1171 diversa

325 1215 447 1282 lege
479 1211 893 1280 constringitur,
923 1210 1087 1263 etiam
1114 1222 1284 1263 sacrm
1318 1207 1556 1279 virgines
1581 1208 1646 1260 ad
1677 1207 1910 1260 ineunda

326 1305 630 1376 coniugalis
685 1303 890 1373 copula:
937 1301 1138 1358 fmdera
1187 1309 1568 1370 proVOCetitt'ir.
1633 1296 1737 1353 Sed
1792 1314 1912 1368 qua:

326 1413 489 1451 aures
518 1395 902 1449 ecclesiasticis
924 1395 1121 1448 attrita:
1141 1394 1399 1448 doctrinis
1421 1394 1522 1447 hoc
1536 1392 1913 1461 mquanimiter

328 1485 530 1549 ferant,
560 1494 614 1539 et
643 1500 748 1538 non
786 1485 1034 1554 protinus
1065 1492 1488 1552 expavescentes
1533 1483 1771 1536 immane
1821 1498 1908 1536 sa—

327 1575 614 1643 crilegium
676 1573 1130 1644 perhorrescant?
1176 1572 1246 1625 At
1293 1571 1536 1626 nonnulli
1601 1585 1762 1640 super
1808 1571 1913 1624 hac

328 1666 629 1733 quaestione
653 1663 922 1726 conventi,
952 1663 1017 1716 ad
1039 1663 1369 1732 paupertatis
1393 1662 1534 1716 illico
1553 1660 1913 1732 patrocinium

327 1753 638 1815 convolant,
679 1753 821 1807 unde
849 1752 950 1808 sibi
993 1753 1238 1823 clypeum
1286 1753 1493 1806 frivola:
1547 1751 1914 1807 excusationis

326 1839 973 1913 opponantzbluliebris,
1030 1820 1300 1911 inquiunt,
1355 1841 1662 1896 sedulitatis
1709 1840 1911 1894 auxilio
1944 1820 1986 1876 Β

329 1949 523 1989 curere
549 1951 656 1989 non
704 1949 1011 2004 possumus,
1045 1935 1170 2004 quia
1220 1934 1301 1989 rei
1351 1931 1632 1988 familiaris
1671 1934 1910 2004 inOpiam

329 2025 683 2078 sustinemus.
1217 2078 1222 2083 ,

404 2113 611 2180 Quibus
652 2114 814 2167 etiam
859 2128 890 2166 e
939 2115 1220 2170 contrario
1256 2113 1644 2184 respondemus
1673 2114 1796 2183 quia
1824 2113 1913 2166 ubi

333 2205 648 2274 angustiora
675 2215 802 2258 sunt
827 2203 1103 2271 alimenta,
1134 2206 1204 2259 ibi
1234 2206 1409 2260 minor
1429 2214 1510 2260 est
1540 2205 1729 2260 alenda
1762 2205 1915 2258 fami-

333 2295 436 2359 lia;
486 2305 538 2350 et
586 2311 776 2349 mensa
824 2311 943 2366 quae
992 2310 1098 2349 non
1149 2304 1404 2365 gravatur
1433 2295 1646 2356 eduliis.
1694 2304 1915 2348 nonest

333 2389 580 2458 pluribus
607 2389 852 2444 obeunda
881 2389 1141 2444 convivis.
1171 2389 1324 2444 Unde
1347 2401 1569 2442 necesse
1597 2397 1680 2442 est
1708 2398 1765 2441 ut
1787 2402 1917 2455 pau-

333 2491 519 2550 pertas
547 2481 725 2549 indiga
751 2479 1057 2535 solitudinis
1103 2479 1430 2533 feminarum
1454 2478 1643 2532 doceat
1664 2477 1916 2531 abdicare

333 2571 690 2633 consortium,
724 2580 777 2625 et
804 2585 993 2641 greges
1020 2570 1298 2624 inhianter
1324 2568 1600 2622 edentium
1633 2566 1936 2636 prohibeat.

334 2661 558 2730 gignere
592 2661 958 2729 parvulorum.
1397 2663 1406 2667 ’

416 2753 610 2805 Verum
641 2767 746 2820 qua
778 2752 973 2805 mentis
1016 2750 1236 2805 audacia
1284 2748 1482 2803 divinis
1523 2759 1630 2802 non
1681 2759 1916 2816 expave-

339 2852 497 2898 scunt
519 2844 951 2912 appropinquare
969 2844 1237 2914 mysteriis
1254 2859 1266 2906 ;
1283 2857 1402 2896 cum
1427 2841 1614 2905 David,
1630 2849 1917 2908 antequam

343 2951 510 3003 panes
562 2936 944 3004 propositionis
984 2936 1234 3002 attingat,
1283 2935 1539 2987 nmndum
1591 2947 1649 2987 se
1681 2947 1744 2987 ac
1790 2948 1918 2987 suos

336 3027 449 3093 jam
489 3039 588 3093 per
623 3027 859 3078 tridumn
911 3041 938 3078 a
979 3035 1225 3080 contactu
1269 3025 1553 3079 mulierum
1603 3032 1919 3078 reverenter

2089 575 2145 630 Si
2197 577 2256 640 is,
2309 579 2396 647 qui
2444 579 2773 648 nuptialibus
2821 597 2923 634 non
2981 582 3278 636 ornabatur
3331 583 3583 643 induviis.

2009 688 2263 727 manuum
2315 673 2621 740 pedumque
2649 671 2778 726 loris
2813 672 3057 726 addictus
3100 674 3151 726 in
3184 675 3433 730 tenebras
3462 691 3586 750 pro—

2003 764 2190 833 jicitur
2220 763 2438 816 ultionis
2465 763 2676 834 (Matth.
2704 763 2868 834 xxn);
2893 763 3020 833 quid
3044 764 3115 816 tlli
3142 765 3462 832 sperandum
3479 778 3583 830 est,

2011 855 2101 924 qui
2134 855 2443 909 coelestibus
2475 851 2722 909 tricliniis
2746 854 3105 920 intromissus,
3142 870 3246 908 non
3287 855 3445 909 modo
3475 871 3582 909 non

2009 954 2092 998 est
2115 944 2372 1012 spiritalis
2400 944 2697 999 indumenti
2728 945 2921 998 decore
2944 945 3289 1013 conspicuus,
3320 946 3412 999 sed
3445 945 3587 998 ultro

2010 1037 2171 1088 ctiam
2202 1034 2332 1088 fetet
2375 1033 2644 1088 sordentis
2675 1034 2898 1088 luxuriae
2933 1035 3183 1104 squalore
3214 1035 3500 1104 perfusus?
3527 1035 3586 1090 Si

2015 1129 2102 1183 ille
2133 1128 2366 1182 stridore
2413 1123 2672 1190 dentimn,
2719 1137 2774 1182 et
2818 1127 2945 1182 ﬂetu
2999 1129 3252 1198 plectitur
3280 1129 3585 1192 oculorum,

2012 1221 2102 1290 qni
2133 1219 2279 1274 cultu
2305 1220 2557 1284 vestium,
2584 1221 2985 1273 convivantium
3022 1236 3126 1274 non
3176 1220 3410 1276 oblectat
3434 1236 3590 1290 aspc-

2012 1320 2131 1366 ctus
2155 1351 2168 1364 .
2195 1309 2336 1381 quod
2370 1310 2444 1364 illi
2488 1310 2771 1380 judicium,
2802 1313 2893 1381 qui
2922 1312 3235 1368 fmculentus
3260 1329 3324 1368 ac
3353 1313 3588 1377 luridus,

2013 1411 2270 1467 quantum
2301 1399 2365 1453 ad
2397 1402 2633 1470 seipsum
2657 1401 2915 1471 nuptialis
2937 1402 3098 1456 edulii
3131 1403 3448 1456 munditiam
3473 1403 3594 1472 pol-

2012 1489 2132 1548 luit,
2178 1487 2629 1545 discumbentium
2661 1491 2977 1545 candidatos
3011 1489 3251 1554 offendit,
3306 1493 3591 1562 ipsumque

2013 1575 2213 1646 Regem
2261 1576 2493 1634 sordidis
2536 1579 2786 1635 manibus
2819 1590 3109 1634 attrectare
3139 1581 3449 1649 praesumit?
3484 1579 3588 1636 Da-

2015 1663 2142 1721 than
2179 1677 2232 1720 et
2261 1667 2462 1723 Abii-on
2501 1668 2784 1738 iurgantes
2818 1679 3004 1724 contra
3046 1668 3264 1740 Moysen
3301 1681 3355 1725 et
3405 1673 3588 1726 Aaron

2015 1762 2299 1817 dehiscens
2346 1771 2487 1815 terra
2535 1758 2986 1830 deglutiit(Num.
3033 1759 3165 1831 xw).
3207 1759 3344 1815 Core
3371 1772 3594 1831 propter

2017 1855 2118 1908 hec
2149 1853 2321 1922 ipsum
2352 1868 2474 1906 cum
2519 1852 2762 1905 ducentis
2807 1845 3194 1921 quinquaginta
3223 1852 3371 1914 viris,
3403 1865 3598 1920 repen-

2016 1943 2187 1997 tinum
2217 1943 2282 1996 de
2311 1941 2450 1995 coelo
2494 1937 2872 1995 descendentis
2905 1939 3042 2009 ignis
3088 1940 3395 1994 incendium
3429 1940 3596 1994 devo-

2017 2031 2182 2094 ravit,
2208 2039 2262 2084 et
2291 2029 2392 2082 iste
2423 2027 2690 2098 quomodo
2716 2029 2884 2094 'vivet,
2913 2028 3005 2098 qui
3031 2044 3136 2082 non
3169 2029 3464 2093 hominem,
3494 2030 3590 2083 sed

2017 2120 2294 2173 hominum
2319 2127 2426 2172 tant
2457 2130 2704 2184 cruente,
2735 2128 2842 2172 tam
2869 2120 3099 2189 turpiter
3123 2114 3346 2176 offendit
3389 2123 3594 2176 Aucto-

2018 2211 2167 2263 rem?
2213 2209 2527 2278 llujusntodi
2575 2210 2732 2279 plane
2781 2211 2963 2265 clerici
3004 2211 3324 2282 legationem
3376 2213 3598 2267 mittunt
3649 2227 3660 2232 ·

2018 2299 2265 2364 Domino,
2290 2315 2396 2354 non
2426 2300 2641 2368 quidem
2680 2301 2904 2370 strepitu
2937 2301 3249 2369 verborum,
3281 2295 3375 2356 sed
3399 2301 3599 2374 linguis

2017 2403 2238 2457 operum
2274 2398 2329 2442 et
2370 2388 2671 2444 intentione
2699 2401 2942 2446 votorum
2971 2409 2984 2442 :
3015 2390 3280 2446 Nolumus
3322 2392 3464 2447 hunc
3513 2408 3599 2446 rc-

2018 2495 2184 2549 gnare
2209 2491 2370 2549 super
2401 2497 2518 2535 nos.
2536 2481 2610 2535 De
2636 2481 2831 2560 quibus
2860 2483 3045 2550 utique
3068 2482 3312 2536 dicturus
3337 2490 3420 2536 est
3449 2492 3599 2551 post-

2020 2570 2234 2623 modum
2255 2588 2266 2622 :
2289 2589 2308 2619 ‹
2342 2568 2720 2624 Verumtamen
2752 2570 2997 2625 inimicos
3026 2586 3194 2636 meos,
3224 2570 3342 2626 illos
3372 2571 3465 2640 qui
3495 2587 3597 2624 no-

2020 2662 2238 2714 luerunt
2264 2677 2348 2716 me
2378 2675 2605 2731 regnare
2634 2677 2798 2732 super
2826 2678 2905 2726 se,
2937 2663 3203 2724 adducite,
3229 2673 3284 2718 ct
3310 2655 3598 2716 interficite

2021 2765 2145 2809 ante
2200 2769 2284 2807 me
2337 2751 2490 2824 (Luc.
2543 2757 2712 2822 xu)»
2775 2752 3078 2807 Pharaonis
3129 2753 3325 2823 quippe
3381 2750 3602 2806 sibimet

2021 2861 2252 2916 praeesse
2279 2845 2619 2900 delectantur
2644 2845 2946 2914 imperium,
2971 2853 3026 2898 et
3047 2839 3213 2897 Deum
3244 2842 3407 2898 Israel
3434 2857 3601 2910 super

2025 2950 2086 2990 se
2119 2949 2342 2999 regnare
2367 2943 2744 2989 contemnunt.
2773 2935 2878 2989 Sed
2917 2934 3004 2988 ille
3025 2950 3118 2988 eos
3140 2935 3250 2988 luto
3267 2945 3317 2989 et
3343 2935 3602 2992 lateribus

2026 3028 2286 3097 Opprimit
2331 3023 2547 3097 (Exod.
2583 3026 2637 3096 ι)
2673 3026 2798 3096 quia
2844 3025 3124 3101 lutulentis
3167 3035 3328 3092 atque
3360 3030 3598 3082 emnosis

339 3116 599 3170 excusat?
655 3115 872 3169 Dixerat
919 3117 1062 3168 Cll’llll
1111 3117 1208 3169 Silll
1256 3115 1570 3168 Abimclcch
1625 3115 1916 3168 sacerdos:
1951 3115 1996 3183 C
2027 3121 2282 3191 operibus
2309 3121 2563 3174 incubare
2586 3117 2873 3186 compellit,
2895 3117 3100 3184 Quibus
3128 3116 3383 3186 operibus
3409 3117 3602 3170 admis.

346 3205 493 3260 «Non
517 3208 691 3260 habeo
713 3222 877 3275 panes
901 3206 1087 3270 laicos,
1103 3209 1194 3260 sed
1219 3216 1630 3275 tantumpancm
1654 3213 1921 3260 sanctum.

344 3297 399 3352 Si
426 3299 611 3352 mundi
641 3307 769 3352 sunt
793 3299 964 3366 pueri,
997 3299 1231 3352 maxime
1271 3314 1297 3351 a
1330 3299 1664 3363 mulieribus,
1699 3297 1924 3351 mandu-

346 3400 470 3444 cent
496 3390 551 3461 (Ι
581 3388 704 3460 Reg.
737 3397 875 3461 XXI).
900 3410 916 3440 ι
957 3391 1053 3444 Ubi
1096 3391 1409 3454 notandum,
1450 3391 1573 3458 quia
1630 3405 1750 3441 cum
1794 3389 1925 3442 dicit

345 3499 441 3536 eos
471 3484 561 3551 qui
593 3497 786 3552 panem
833 3492 1077 3536 sanctum
1108 3484 1436 3551 cogebantur
1471 3482 1630 3534 edere
1689 3480 1924 3534 maxime

347 3590 375 3626 a
407 3575 725 3628 mulieribus
766 3577 991 3627 mutulos
1020 3588 1140 3627 esse
1168 3573 1396 3635 debere;
1429 3573 1715 3641 perspicue
1768 3571 1923 3625 docet

347 3670 553 3723 nullout
582 3670 748 3738 culpa:
772 3670 1102 3739 contagium,
1128 3667 1328 3721 nullum
1360 3668 1581 3722 omnino
1606 3676 1813 3720 reatum
1841 3666 1924 3719 di-

345 3761 493 3813 vinis
543 3760 814 3831 mysteriis
863 3775 982 3813 esse
1026 3758 1378 3819 contrarium,
1409 3771 1570 3825 quain
1614 3765 1696 3810 cst
1740 3755 1924 3809 illicita

347 3853 647 3925 pnesertim
673 3846 976 3905 connnistio
1022 3849 1364 3904 feminarum.
1391 3849 1560 3903 Porro
1585 3848 1711 3902 dum
1746 3857 1926 3900 tantus

349 3947 490 4011 apud
516 3955 723 3998 veteres
764 3953 936 3996 metus
964 3943 1162 3997 inesset
1195 3943 1398 3995 umbra:
1452 3937 1614 4010 390
1661 3937 1923 3992 Dominici

347 4036 615 4103 corporis,
644 4045 842 4103 quanta
880 4049 1021 4087 nunc
1051 4033 1275 4086 debetur
1303 4032 1400 4100 ipsi
1437 4030 1736 4083 reverentia
1765 4025 1875 4082 veri
1894 4058 1917 4066 -

351 4125 488 4177 tati?
532 4125 598 4178 Et
643 4127 685 4178 si
732 4125 1009 4194 coniugale
1044 4123 1428 4178 commercium
1478 4121 1543 4174 ab
1598 4119 1738 4173 illius
1772 4119 1924 4188 panis

347 4217 725 4284 compescebat
777 4230 1016 4277 accessu,
1044 4224 1243 4282 quanto
1294 4211 1462 4279 magis
1510 4209 1576 4263 ab
1616 4210 1716 4262 hoc
1746 4225 1924 4262 sacro-

350 4316 542 4359 sancto
571 4306 826 4375 mysterio
860 4305 1212 4358 removendus
1243 4312 1321 4357 est
1359 4301 1670 4371 pellicatus?
1702 4300 1780 4353 Ah
1809 4314 1924 4354 scc-

350 4399 464 4452 lus!
523 4398 730 4459 Manus,
761 4414 879 4465 quae
909 4397 1177 4466 deputata:
1224 4395 1434 4447 fuerant
1485 4392 1549 4445 ad
1600 4391 1926 4445 ordinandas

2028 3220 2218 3264 ccntur
2247 3219 2300 3263 et
2336 3209 2523 3278 paleae,
2570 3209 2813 3262 actiones
2858 3206 3068 3260 scilicet
3115 3205 3330 3259 inutiles
3363 3214 3418 3260 et
3473 3204 3601 3259 infe-

2026 3303 2236 3364 cunda},
2274 3317 2334 3354 ac
2366 3299 2595 3354 flammis
2624 3297 3146 3368 inexstinguibilibus
3176 3297 3464 3367 deputatas.

2132 3389 2257 3446 Car.
2287 3389 2349 3446 ν.
2373 3422 2441 3429 ——
2461 3390 2701 3444 Citautur
2725 3389 2961 3458 exempla
2996 3405 3160 3443 sacra:
3182 3385 3493 3458 Scriptum.

2094 3481 2217 3536 Istis
2242 3469 2501 3551 praetcrea
2532 3461 2903 3550 prepheticuui
2927 3480 3139 3534 lumbar
3167 3477 3296 3535 illud
3325 3479 3601 3550 aptissime

2027 3575 2296 3643 congruit,
2327 3573 2393 3627 de
2425 3589 2531 3643 quo
2571 3571 2833 3628 Jcrcaiias
2862 3574 2939 3628 ait
2967 3591 2980 3626 :
3014 3591 3030 3624 ι
3061 3572 3205 3626 Dixit
3248 3571 3506 3627 Dominus
3537 3575 3603 3625 ad

2029 3685 2111 3720 me
2139 3686 2150 3719 :
2186 3665 2346 3730 Vade,
2382 3675 2435 3720 et
2461 3667 2676 3736 posside
2721 3667 2814 3720 tibi
2861 3667 3073 3720 lmnbar
3099 3665 3323 3730 lineum,
3355 3674 3411 3719 et
3437 3679 3604 3733 pones

2029 3759 2158 3811 illud
2201 3774 2368 3827 super
2395 3759 2604 3813 lumbos
2651 3769 2767 3813 tuos
2791 3759 2925 3824 (Jer.
2972 3763 3114 3828 xm).
3139 3779 3156 3811 ι
3200 3760 3274 3812 De
3304 3772 3410 3826 quo
3441 3756 3604 3826 paulo

2029 3857 2188 3926 post:
2229 3869 2244 3898 ι
2270 3849 2527 3914 Surgens,
2568 3849 2757 3916 inquit,
2789 3848 2946 3918 391
2982 3849 3114 3902 vade
3163 3848 3229 3901 ad
3267 3846 3600 3914 Euphraten,

2027 3949 2081 3991 et
2111 3939 2378 3993 absconde
2418 3939 2546 3992 illud
2593 3938 2661 3992 ibi
2692 3940 2746 3993 in
2789 3940 3052 3993 foramine
3082 3948 3263 4007 petrae.
3299 3938 3452 4005 Quod
3476 3953 3600 3992 cum

2030 4029 2264 4091 fecisset,
2292 4041 2344 4081 et
2376 4031 2426 4082 in
2455 4029 2746 4097 Euphrate,
2771 4030 3108 4096 sicutjussus
3140 4029 3338 4093 fuerat,
3368 4030 3602 4083 abscon-

2031 4123 2229 4182 dissot,
2264 4131 2386 4190 post
2431 4120 2691 4188 plurimos
2733 4121 2870 4181 dics,
2907 4121 2981 4174 ait
3016 4121 3273 4174 Doniinus
3325 4120 3393 4174 ad
3439 4135 3602 4174 eum:

2034 4203 2223 4282 Surge,
2255 4214 2388 4267 vade
2417 4214 2482 4267 ad
2515 4213 2844 4282 Euphraten,
2865 4207 2932 4266 ἐι
2970 4213 3095 4266 tolle
3126 4212 3248 4266 inde
3275 4213 3507 4267 lumbar.
3537 4213 3606 4267 Et

2031 4305 2161 4368 abii,
2209 4305 2405 4373 inquit,
2438 4305 2502 4358 ad
2535 4297 2862 4371 Euphraten,
2894 4315 2947 4359 et
2978 4305 3070 4358 tttli
3117 4305 3330 4360 lumbar
3376 4306 3443 4360 de
3487 4307 3607 4361 loco

2032 4395 2121 4447 tibi
2177 4393 2562 4449 absconderant
2609 4395 2731 4447 illud
2768 4410 2781 4448 :
2811 4406 2864 4449 et
2912 4412 3038 4451 ecce
3069 4405 3502 4467 computruerat,
3530 4400 3610 4452 ita

351 4491 407 4542 in
435 4489 672 4543 cmlestis
705 4504 900 4541 mensa:
928 4487 1129 4541 ferculo
1155 4486 1342 4540 vitales
1377 4483 1562 4553 epulas
1591 4479 1921 4552 angelorum,
1953 4459 2005 4519 Ῐ)
2036 4497 2088 4540 ut
2117 4487 2244 4541 nulli
2271 4490 2388 4542 usui
2411 4498 2593 4557 aptum
2623 4498 2786 4543 esset,
2820 4489 2886 4542 Ει
2916 4491 2992 4542 ait
3021 4491 3278 4544 Dominus
3303 4509 3315 4543 ;
3346 4510 3364 4541 ι
3395 4489 3486 4544 δίο
3510 4507 3608 4560 ριι-

354 4589 593 4632 tractare
631 4595 736 4630 non
771 4588 1013 4631 metuunt
1042 4579 1428 4632 obscmuilates
1481 4588 1533 4629 et
1564 4591 1759 4643 spurca
1791 4590 1921 4627 con-

355 4671 495 4740 tagia
528 4671 834 4722 mulierum.
886 4670 942 4732 li,
977 4670 1066 4738 qui
1108 4670 1247 4722 inter
1293 4669 1380 4721 illa
1432 4665 1693 4721 terribilia
1746 4681 1929 4719 sat-ra-

353 4773 535 4816 menta
564 4765 744 4818 choris
770 4763 1134 4816 admiscentur
1171 4761 1451 4830 angelicis,
1506 4776 1628 4812 mox
1675 4768 1928 4826 tanquam

354 4855 424 4909 de
448 4856 585 4907 coelo
615 4863 853 4917 ruentes,
903 4853 966 4905 ad
1019 4851 1262 4905 fontiucze
1309 4851 1568 4904 l'tetlitatis
1617 4850 1931 4901 relabuntur

352 4943 653 5010 amplexus,
674 4929 1014 4996 etvelutsucs
1035 4943 1323 4994 immume
1351 4940 1582 4993 cwnosis
1612 4937 1932 5005 vcrmigena:

352 5030 584 5084 luxuriae
620 5032 914 5084 volutabris
948 5031 1358 5098 innuerguntttr.
1399 5049 1416 5080 ‹
1438 5030 1677 5095 Quorum
1725 5028 1933 5080 scilicet

355 5121 499 5187 ignis
521 5138 624 5175 non
658 5121 1044 5192 cxstinguctur,
1067 5132 1120 5176 ct
1145 5123 1339 5176 vermis
1370 5140 1475 5175 non
1506 5121 1764 5174 morietur
1796 5119 1932 5190 (lsa.

356 5215 527 5280 LXVI).
549 5234 566 5265 ι
601 5215 808 5270 Caelum
837 5217 1095 5285 aperitur,
1141 5233 1349 5270 smuma
1390 5215 1558 5269 simul
1607 5215 1660 5267 in
1693 5231 1856 5266 lllllltll
1884 5223 1939 5265 ct

357 5307 471 5359 ima
500 5316 851 5370 concurrunt,
876 5317 929 5360 et
962 5323 1020 5361 se
1047 5307 1299 5360 sordibus
1325 5306 1548 5375 quilibet
1573 5305 1831 5358 audacter
1864 5305 1939 5355 iu-

355 5410 552 5469 gcrere
595 5414 698 5450 non
735 5407 971 5451 veretur.
1005 5398 1305 5455 Potestates
1352 5398 1601 5465 angelica:
1651 5395 1945 5450 trementes

356 5490 645 5555 assistunt,
705 5492 848 5545 inter
904 5489 1242 5547 offerentium
1300 5509 1488 5545 manus
1543 5491 1714 5545 virtus
1767 5491 1945 5543 divina

358 5581 664 5641 descendit,
718 5582 916 5634 donum
964 5585 1131 5636 sancti
1185 5583 1418 5652 Spiritus
1466 5581 1660 5647 influit,
1706 5580 1945 5649 pontifex

359 5668 481 5731 ille,
533 5686 691 5737 quem
730 5672 958 5725 adorant
1001 5673 1194 5743 angeli,
1229 5689 1256 5724 a
1291 5672 1369 5725 sui
1427 5673 1670 5740 corporis
1739 5679 1791 5724 et
1825 5686 1948 5724 san-

359 5760 549 5829 guinis
608 5763 779 5816 hostia
851 5757 956 5816 non
1023 5767 1254 5823 t'rccdil,
1306 5779 1360 5817 et
1415 5765 1601 5818 adesse
1676 5780 1779 5818 non
1844 5772 1949 5817 tre-

819 5858 1040 5917 ΡΑἰίωι
1123 5852 1366 5917 CXLV.

2037 4586 2271 4629 tresccrc
2297 4576 2486 4630 faciam
2515 4578 2822 4644 superbiam
2851 4576 3007 4640 Juda,
3037 4588 3091 4631 et
3120 4579 3426 4645 superbiam
3451 4578 3608 4632 Jeru-

2033 4668 2198 4722 salem
2233 4669 2474 4730 multatn,
2501 4669 2750 4736 populum
2785 4669 2943 4720 istum
2971 4668 3282 4735 pessimum,
3301 4668 3389 4735 qui
3417 4668 3608 4720 uolunt

2033 4761 2220 4814 audire
2252 4760 2410 4813 verba
2455 4775 2592 4822 mea,
2623 4769 2677 4811 et
2707 4759 3004 4825 ambulant
3035 4759 3088 4811 in
3134 4759 3402 4827 pravitate
3428 4757 3610 4811 cordis

2036 4853 2160 4903 sui:
2197 4863 2250 4904 et
2281 4860 2439 4903 erunt
2490 4851 2626 4903 sicut
2673 4849 2879 4902 lumbar
2930 4849 3090 4914 istud,
3144 4851 3288 4918 quod
3331 4851 3459 4903 nulli
3491 4856 3609 4907 usui

2036 4951 2220 5012 aptum
2261 4950 2341 4993 est
2367 4938 2607 5007 (lbid.).o
2639 4938 2776 5004 Quid
2815 4939 2904 4992 hic
2943 4937 3189 4992 Jercmim
3217 4954 3472 5007 persona,
3510 4941 3611 4994 nisi

2037 5029 2358 5084 Dominum?
2391 5028 2526 5093 Quid
2552 5029 2778 5091 lumhar,
2809 5029 2910 5082 nisi
2941 5029 3187 5082 ordinem
3211 5029 3481 5099 significat
3507 5030 3614 5082 cle-

2041 5121 2311 5174 ricorum?
2338 5119 2524 5172 Omnis
2554 5119 2790 5172 Ecclesia
2824 5121 2986 5174 vestis
3013 5131 3096 5175 cst
3115 5121 3336 5186 Christi,
3370 5122 3433 5174 de
3459 5121 3613 5188 cujus

2041 5216 2142 5269 sibi
2173 5214 2427 5268 membris
2473 5227 2567 5281 per
2596 5213 2913 5281 prephctam
2939 5214 3173 5268 dicitur:
3205 5232 3221 5263 ι
3243 5211 3503 5267 Omnibus
3530 5213 3615 5265 his

2043 5303 2188 5356 velut
2243 5311 2560 5354 ornamento
2600 5302 2851 5355 vestieris
2900 5301 3036 5371 (Isa.
3071 5303 3275 5369 xux)»
3319 5299 3424 5354 Sed
3467 5301 3612 5354 sicut

2047 5393 2257 5447 lumbar
2287 5393 2534 5446 intimum
2565 5403 2648 5446 est
2673 5394 2909 5448 hUmano
2941 5392 3176 5460 corpori,
3207 5402 3262 5444 ct
3286 5391 3492 5445 arctius
3522 5394 3610 5444 ad-

2048 5469 2217 5540 hieret
2269 5502 2428 5554 quam
2477 5485 2694 5554 reliquie
2727 5495 2932 5549 vestes;
2970 5485 3045 5538 ita
3076 5483 3340 5538 clericalis
3379 5486 3511 5538 ordo
3541 5483 3616 5537 fa-

2051 5578 2317 5632 miliarius
2339 5578 2532 5631 divinis
2555 5578 2917 5646 agglutinatur
2937 5575 3235 5644 obsequiis,
3257 5591 3418 5646 quam
3434 5577 3614 5629 caateri

2052 5672 2329 5730 homines;
2357 5671 2497 5724 sicut
2524 5669 2631 5723 illic
2666 5669 2731 5722 de
2765 5668 3058 5722 Israelitico
3085 5667 3278 5736 populo
3301 5669 3482 5721 divina
3514 5681 3612 5719 vos

2056 5764 2128 5816 ait
2163 5778 2174 5815 :
2215 5784 2230 5814 ι
2257 5763 2408 5817 Sicut
2439 5764 2580 5815 cnim
2614 5759 2849 5814 adluerct
2885 5747 3196 5814 lumbar'ad
3235 5762 3444 5814 lumbos
3497 5759 3616 5820 viri,

3117 5850 3186 5910 f3
