4080 6194
508 352 612 408 395
927 346 987 401 S.
1027 345 1228 401 PETRI
1264 341 1546 399 DAMIANI
1583 312 1735 396 OPPx.
1775 336 2010 395 TOMUS
2051 336 2179 392 SEU
2224 332 2403 393 PARS
2441 331 2525 389 Ill.
2567 362 2635 374 —
2672 328 3038 387 OPUSCULA
3062 327 3309 397 .VARIA.
3654 328 3756 385 390

509 468 589 520 sic
615 460 936 534 aggmtmavi
963 461 1089 512 inihi
1116 473 1331 512 omnem
1354 459 1568 512 domum
1593 455 1846 516 lsrael,et
1864 466 2077 507 omnem
2107 456 2154 510 Α
2183 452 2308 504 dum
2352 449 2552 518 quique
2624 439 2870 502 carnales
2926 456 2982 501 et
3029 445 3229 499 sordidi
3278 443 3445 499 vitam
3494 459 3649 499 suam
3703 446 3758 499 in

511 561 725 611 domum
756 552 910 613 Inda,
944 551 1070 603 dicit
1098 549 1385 611 Dominus;
1413 554 1469 599 ut
1500 554 1642 600 esset
1671 543 1800 597 mihi
1829 542 1884 596 in
1916 555 2081 611 popn-
2183 539 2409 597 luxuriae
2443 539 2616 592 fetore
2662 537 3007 592 concludunt.
3042 534 3178 588 Nulli
3207 536 3369 589 etiam
3417 536 3536 589 usui
3573 543 3759 605 aptum

512 648 643 712 lum,
675 657 729 702 et
774 647 824 698 in
856 659 1074 705 nomen,
1104 650 1159 695 et
1203 641 1254 693 in
1289 639 1520 702 laudem,
1550 645 1606 691 et
1658 636 1710 689 in
1742 632 1991 703 gloriam,
2031 638 2086 683 et
2185 641 2454 699 repertqu
2483 638 2597 693 est;
2644 643 2769 697 quia
2818 627 3075 681 Dominus
3127 625 3242 679 ait:
3278 643 3294 676 ι
3325 624 3493 679 Nemo
3542 626 3763 679 mittens

512 752 618 793 non
649 737 933 789 audierunt
955 730 1086 801 (Jer.
1122 731 1263 799 χιιι).
1288 748 1304 780 ι
2186 737 2404 776 manum
2430 736 2582 775 suam
2614 721 2679 773 ad
2707 728 2970 780 aratrum,
3006 727 3061 771 et
3088 717 3356 786 aspiciens
3400 725 3567 779 retro,
3606 726 3764 784 aptus

580 828 806 894 Quibus,
834 838 1034 892 quaeso,
1066 831 1171 874 tam
1202 829 1341 889 apte,
1383 826 1490 871 tam
1522 831 1779 885 expresse
1822 813 1959 868 sicut
1981 811 2089 864 cle-
2188 827 2269 881 est
2293 830 2455 885 regno
2487 815 2578 868 Dei
2613 814 2764 883 (Luc.
2795 815 2889 883 ιι).
2916 833 2934 865 ι
2968 814 3045 866 Ac
3072 813 3119 865 si
3160 818 3347 880 aperte
3393 811 3537 864 dicat
3565 829 3576 862 :
3602 809 3762 876 Quis-

513 920 640 975 ricls
670 924 894 988 possunt
945 916 1046 968 ista
1094 925 1417 981 congruere,
1469 909 1561 978 qui
1612 923 1804 961 nomen
1836 904 2089 967 Dei,lan—
2188 906 2331 973 quis,
2364 905 2600 957 dictante
2654 902 2736 956 sui
2785 900 2993 955 ordinis
3040 899 3224 969 regula
3277 897 3551 966 pudicitia:
3599 896 3766 952 semel

514 1017 633 1067 dem
662 1020 716 1064 et
736 1009 958 1080 gloriam
982 1004 1283 1075 specialiter
1313 1002 1589 1055 constituti
1618 994 2090 1066 snntprtedicare?
2190 988 2379 1064 arripit
2403 995 2622 1056 stivam,
2658 993 2701 1046 si
2740 992 3083 1060 postmodum
3127 1006 3222 1060 per
3250 993 3498 1045 ardorem
3529 992 3768 1046 libidinis

515 1104 671 1158 Sicut
704 1101 847 1155 enim
895 1096 1057 1151 Israel
1092 1105 1146 1150 et
1191 1092 1328 1147 Juda
1372 1090 1660 1161 peculiaris
1716 1097 1835 1140 erat
1862 1084 2092 1155 populus
2190 1086 2375 1139 oculos
2424 1083 2650 1139 reﬂectit
2695 1084 2762 1137 ad
2809 1082 3133 1147 Sodomam;
3183 1082 3307 1149 quia
3348 1080 3459 1149 jam
3512 1090 3767 1135 montana

518 1192 627 1247 Deo
673 1192 812 1244 inter
839 1202 1027 1243 omnes
1053 1193 1238 1256 gentes
1271 1192 1449 1245 terrm,
1487 1182 1557 1233 ita
1588 1195 1728 1233 nunc
1759 1176 1938 1231 clerici
1969 1190 2094 1242 spc-
2193 1180 2459 1248 desperat,
2500 1191 2665 1246 regno
2691 1176 2782 1229 Dei
2815 1190 2874 1229 se
2894 1192 3115 1243 prorsus
3145 1173 3384 1229 inutilem
3418 1175 3616 1228 factum
3648 1190 3772 1229 esse

518 1281 727 1336 cialiter
754 1280 1033 1333 adhaerent
1059 1274 1275 1329 Christo
1307 1287 1417 1340 prze
1457 1270 1670 1324 cunctis
1707 1265 1966 1321 membris
1995 1264 2095 1316 Ec—
2194 1272 2553 1323 demonstrat.
2609 1265 2689 1320 Ad
2738 1267 2910 1321 instar
2957 1281 3086 1334 ergo
3133 1265 3392 1320 lumini-is
3423 1266 3475 1319 iu
3517 1266 3771 1320 ιιυηιροιο

518 1371 713 1426 clesiae.
766 1370 853 1423 lsti
887 1381 1077 1435 nempe
1105 1373 1233 1418 sunt
1263 1361 1702 1416 lnmbarlinenm
1751 1357 1969 1412 arctiori
2011 1356 2095 1409 di-
2195 1360 2315 1415 loco
2361 1358 2542 1428 positi,
2594 1357 2775 1413 clerici
2833 1366 3288 1427 compntrescunt,
3345 1356 3470 1410 dum
3537 1358 3772 1412 tumidos

517 1465 643 1519 vino
672 1460 886 1530 corpori
938 1456 1301 1511 familiaritate
1345 1467 1671 1508 connexum.
1704 1448 1897 1504 Linum
1928 1447 2096 1516 siqui-
2196 1452 2438 1521 crapula,
2468 1459 2523 1504 et
2549 1449 2812 1504 ebrietate
2836 1459 3053 1503 ventres
3097 1448 3424 1519 ingurgitant
3447 1466 3459 1500 :
3485 1448 3608 1502 dum
3642 1450 3771 1503 illn—

520 1556 639 1607 dem
667 1551 929 1605 laboriose
948 1547 1191 1615 pervenit
1212 1545 1277 1598 ad
1299 1542 1587 1597 candorem
1615 1559 1627 1593 :
1652 1549 1706 1595 et
1729 1539 1911 1594 clerici
1938 1538 2096 1591 modo
2196 1542 2283 1595 vie
2307 1557 2364 1595 se
2391 1540 2625 1594 libidinis
2659 1548 2715 1593 et
2742 1552 2972 1592 caenosa:
2998 1536 3221 1591 luxnria:
3243 1537 3457 1593 ﬂuentis
3484 1538 3768 1591 inundant.

522 1648 823 1701 litterarum
874 1640 1067 1694 studiis
1121 1635 1438 1697 insndando,
1471 1632 1630 1686 modo
1673 1647 1767 1700 per
1813 1627 2097 1683 intervalla
2200 1633 2397 1700 Sicque
2434 1631 2644 1686 cunctis
2688 1630 2875 1685 usibus
2906 1630 3205 1684 redduntur
3231 1630 3475 1693 inutiles;
3505 1629 3629 1699 quia
3662 1645 3773 1697 quo

524 1747 822 1803 temporum
850 1729 1167 1797 quibusdam
1197 1726 1449 1796 gradibus
1493 1722 1852 1785 ascendendo,
1880 1719 2097 1774 diﬂicile
2200 1723 2371 1792 magis
2391 1723 2642 1777 videntur
2675 1721 2730 1776 in
2757 1736 2920 1776 carne
2945 1723 3238 1785 virescere,
3263 1737 3328 1776 eo
3355 1722 3593 1779 deterius
3626 1736 3773 1775 mar-

528 1828 913 1892 promoventur
942 1818 1006 1869 ad
1044 1816 1183 1869 sacri
1213 1815 1419 1868 ordinis
1458 1814 1790 1883 dignitatem.
1846 1808 2095 1877 Alioquin
2130 1811 2170 1869 Β
2200 1820 2479 1867 ceseentes
2508 1811 2852 1866 obsolescunt
2881 1811 2933 1865 in
2964 1810 3256 1880 squalentis
3287 1811 3479 1865 anima:
3506 1809 3768 1865 fmditatc.

465 1903 469 1906 ’
526 1916 568 1967 si
596 1906 737 1979 huis
771 1906 1159 1962 contentiosius
1205 1912 1411 1958 astruat
1462 1904 1563 1956 hoc
1606 1901 1757 1971 juxta
1784 1898 2095 1966 Scriptura:
2199 1905 2275 1958 De
2324 1904 2519 1973 quibus
2567 1903 2618 1955 iu
2661 1901 2907 1972 psalmo;
2944 1920 2962 1952 ι
2989 1901 3240 1972 Corrupii
3286 1910 3431 1967 sum,
3478 1902 3673 1972 inquii,
3715 1912 3773 1955 (ιι

523 2001 719 2054 seriem
747 1995 1097 2051 historialiter
1126 1993 1349 2057 factum,
1380 2006 1478 2045 nec
1520 1989 1873 2060 spiritualiter
1904 1985 2097 2040 intclli-
2200 1991 2589 2048 abominabiles
2619 1990 2746 2048 facti
2795 2001 2921 2047 sunt
2968 1992 3021 2047 in
3050 1991 3411 2062 voluptatibus
3453 1991 3566 2048 suis
3596 1991 3769 2063 (Paul.

524 2090 778 2160 gendum,
811 2086 1079 2156 quomodo
1105 2083 1370 2151 Jercmias
1398 2082 1572 2153 potuit
1610 2083 1749 2134 inter
1782 2080 2094 2133 innumera-
2198 2085 2341 2157 χιιι),
2373 2104 2391 2138 ,

525 2180 662 2236 biles
702 2179 1072 2250 Assyriorum,
1108 2175 1585 2242 Chaldaeorumquc
1632 2173 1879 2226 nationes
1910 2169 2098 2223 urbem
2303 2175 2539 2232 Cum“,
2561 2206 2629 2216 _
2653 2176 2960 2229 ΑάΙιοτιαιίο
2987 2177 3057 2229 ad
3078 2174 3295 2230 Petrum
3320 2173 3660 2228 cardinalem,

525 2270 824 2325 Jerusalem
847 2267 1165 2337 constipatis
1187 2265 1489 2336 agminibus
1510 2263 1840 2327 obsidentes,
1868 2261 2098 2315 lumbari
2269 2265 2349 2319 Tu
2374 2276 2574 2329 autem,
2597 2266 2920 2321 venerabilis
2943 2265 3131 2329 frater,
3164 2267 3245 2320 his
3272 2265 3494 2335 aliisque
3528 2263 3775 2333 scriptu-

527 2364 848 2432 prazcinctus
874 2360 1054 2425 exire,
1087 2359 1246 2426 idque
1278 2358 1329 2411 in
1375 2357 1663 2424 Euphrate,
1689 2355 1780 2425 qui
1810 2364 1918 2408 tam
1946 2354 2100 2422 loxge
2200 2371 2384 2411 rarum
2416 2356 2535 2411 telis
2563 2366 2829 2421 armatus,
2872 2357 3133 2410 adversus
3177 2355 3385 2409 Madian
3429 2364 3609 2410 castra
3637 2370 3770 2409 con-

466 2444 473 2447 ’
528 2452 789 2518 decurrit,
815 2448 1180 2507 abscondere?
1200 2448 1547 2503 Posttnodnm
1576 2461 1789 2517 quoque
1819 2443 2101 2515 proﬂigato
2201 2446 2445 2515 gredere,
2490 2445 2767 2510 Zambrin,
2807 2454 2860 2501 et
2889 2446 3111 2510 Cosbin,
3156 2446 3207 2500 in
3236 2445 3512 2500 meritorio
3545 2444 3775 2514 turpiter

527 2542 765 2600 diuturni
820 2541 1077 2611 temporis
1121 2556 1303 2605 cursu,
1336 2554 1442 2608 quo
1492 2548 1650 2608 pacto
1679 2537 1833 2607 quasi
1878 2550 2102 2591 securus
2201 2545 2478 2602 coeuntes,
2501 2538 2666 2593 divini
2706 2538 2854 2592 verbi
2885 2539 3116 2608 pugione
3153 2538 3434 2607 transtige,
3482 2547 3542 2591 ut
3585 2551 3772 2606 pacem

530 2635 715 2697 rediit,
769 2633 1003 2701 illudque
1035 2629 1417 2699 putrefactum,
1461 2630 1601 2684 sicut
1626 2629 1908 2697 Scriptura
1939 2634 2103 2680 testa-
2204 2628 2423 2684 fmderis
2471 2628 2705 2693 Domini,
2751 2638 2808 2683 et
2845 2629 2936 2698 jus
2964 2627 3250 2683 sacerdotii
3302 2628 3617 2695 sempiterni
3650 2643 3774 2681 cum

530 2736 641 2790 tur,
672 2723 904 2787 invenit;
932 2736 1055 2774 cum
1101 2718 1401 2773 Jerusalem
1433 2718 1684 2772 videlicet
1728 2716 1895 2779 fossa,
1938 2714 2100 2779 vallo,
2203 2717 2431 2772 Phinees
2461 2719 2721 2774 merearis
2754 2721 3034 2787 accipere:
3067 2736 3085 2768 ι
3114 2717 3268 2781 Ecce,
3294 2718 3467 2787 inquit
3492 2717 3775 2781 Dominus,

530 2814 767 2870 castellis
811 2821 865 2865 et
899 2821 1005 2863 tam
1031 2810 1221 2863 crebra
1242 2808 1478 2877 undique
1507 2816 1650 2862 esset
1676 2807 1974 2860 munitione
1996 2805 2099 2861 cir-
2211 2810 2279 2865 do
2302 2810 2349 2864 ei
2383 2824 2569 2880 paceni
2601 2810 2821 2866 fmderis
2847 2810 2970 2875 mei,
2999 2818 3054 2865 et
3079 2810 3185 2865 erit
3213 2819 3318 2864 tam
3350 2810 3472 2881 ipsi,
3502 2826 3664 2879 quam
3690 2826 3778 2865 se-

531 2900 815 2957 cumdata?
863 2898 995 2952 Nam
1045 2912 1164 2951 cum
1210 2895 1495 2965 aliquando
1534 2895 1671 2951 idem
1720 2895 1982 2964 propheta
2036 2893 2103 2948 ad
2206 2901 2337 2954 mini
2395 2901 2540 2957 illius
2592 2911 2808 2972 pactum
2863 2900 3147 2956 sacerdotii
3200 2901 3615 2970 sempiternum;
3649 2902 3777 2970 quia

532 2993 802 3047 Anathoth
851 2988 1081 3043 viculum
1113 3002 1266 3041 suum
1300 2986 1354 3039 in
1400 2986 1560 3040 tertio
1588 2984 1837 3039 milliario
1865 2984 1933 3039 ab
1969 2983 2100 3038 urbe
2204 2992 2409 3046 zeiuuis
2433 3002 2518 3046 esi
2540 3008 2638 3062 ριιο
2670 2992 2781 3047 Deo
2807 3008 2926 3057 suo,
2957 3001 3011 3047 ει
3053 2993 3291 3062 εχρίεηίι
3334 2992 3510 3047 scelus
3540 2992 3775 3047 quorum

533 3086 691 3139 situm
723 3089 1012 3136 conaretur
1039 3079 1210 3141 exire,
1237 3077 1289 3129 in
1315 3084 1466 3145 porta
1499 3075 1743 3155 protinus
1772 3076 2004 3144 capitur,
2031 3073 2098 3128 ad
2132 3143 2169 3155 Α
2204 3080 2367 3136 Israel
2399 3080 2587 3151 (Num.
2633 3083 2781 3153 xxv).
2813 3102 2831 3133 ι
2883 3082 2998 3137 Non
3048 3083 3232 3152 itaque
3279 3083 3543 3138 hostilitas
3589 3084 3780 3138 “mea.

532 3178 804 3250 princrpes
845 3174 1092 3237 trahitur,
1120 3170 1356 3243 graviter
1383 3166 1719 3231 verberatur,
1759 3174 1816 3219 et
1845 3176 2097 3233 tanquam
2127 3143 2174 3204 θ
2209 3180 2295 3225 tur
2364 3171 2595 3225 humana
2620 3212 2636 3237 ,
2717 3188 2838 3242 qua
2906 3189 3036 3243 pace
3110 3172 3276 3229 diuini
3348 3174 3571 3229 ιωιιθτίς
3625 3190 3780 3229 com-

535 3268 958 3339 transfuga,sive
980 3264 1165 3335 patria:
1186 3261 1447 3331 proditor,
1477 3259 1528 3313 in
1553 3272 1825 3314 carcerem
1849 3256 2101 3309 truditur.
2204 3271 2481 3331 peusaiur,
2513 3262 2723 3335 Moyses
2750 3280 2981 3334 namque
3005 3266 3130 3335 quia
3160 3265 3781 3337 percussumgypuum'

532 3362 669 3431 Quia
706 3374 833 3429 ergo
866 3372 970 3411 non
998 3353 1370 3423 consequitur,
1398 3359 1458 3404 nt
1486 3349 1817 3419 intelligatur
1845 3346 2101 3401 historia-
2205 3349 2459 3421 profugus
2503 3368 2627 3406 mox
2682 3353 2865 3407 amisit
2911 3351 3201 3425 JEgyptnm
3229 3355 3403 3409 :unde
3436 3357 3780 3424 postmodum

527 3452 658 3507 liter
706 3448 928 3510 factum,
976 3453 1190 3500 constat
1239 3441 1427 3512 procul
1471 3439 1633 3494 dubio
1684 3439 1872 3508 typicac
1919 3436 2105 3505 figurae
2206 3440 2351 3493 velut
2374 3452 2534 3496 aucto
2567 3441 2791 3506 fmuore,
2822 3442 3317 3499 totinslsraelitica:
3345 3444 3517 3514 plebis
3544 3445 3782 3499 obtinuit

529 3556 641 3595 non
663 3539 850 3593 deesse
878 3516 1212 3604 mysterium.
1235 3531 1377 3584 Bene
1402 3544 1529 3600 ergo
1553 3542 1650 3598 per
1674 3526 2103 3582 lutnbarlincum
2206 3530 2607 3600 principatum:
2640 3531 2824 3586 «Vidit
2868 3534 3034 3598 enim,
3086 3542 3144 3588 ut
3193 3516 3471 3603 scriptura
3529 3543 3780 3596 testatur,

528 3627 682 3697 juxta
711 3627 846 3690 haec,
870 3637 987 3692 qua:
1011 3620 1265 3691 superius
1287 3618 1428 3674 dicta
1452 3620 1597 3684 sunt,
1622 3616 1820 3673 chorus
1849 3615 2105 3685 exprimi-
2204 3621 2378 3675 virum
2415 3621 2728 3694 :Egyptium
2760 3624 3151 3692 percutientem
3183 3626 3467 3695 quemdam
3497 3625 3564 3681 de
3592 3626 3782 3681 fratri-

533 3725 624 3773 tur
654 3715 996 3771 clericorum.

2205 3712 2305 3767 bus
2342 3713 2477 3777 suis,
2521 3730 2681 3783 quem
2718 3714 2860 3770 illico
2907 3730 3221 3786 percussum
3280 3719 3560 3773 abscondit
3590 3717 3783 3773 sabulo

606 3804 757 3873 Quod
793 3810 971 3857 autem
1019 3801 1122 3856 hoc
1155 3799 1368 3855 lnmbar
1410 3799 1462 3854 in
1492 3798 1824 3868 Euphraten,
1865 3796 1970 3853 hoc
2021 3805 2107 3852 est
2207 3802 2401 3873 (Exod.
2436 3804 2558 3875 ιι).›
2595 3804 2674 3859 Tn
2720 3820 2934 3875 quoque
2958 3807 3086 3862 dum
3133 3808 3285 3864 vides
3310 3808 3642 3880 IEgyptium,
3679 3811 3785 3865 hoc

536 3898 590 3953 in
617 3908 817 3966 aquoso
860 3892 1001 3957 loco,
1041 3900 1095 3947 et
1146 3892 1199 3945 in
1254 3889 1517 3945 foramine
1583 3896 1772 3958 petrze,
1817 3887 1870 3941 id
1920 3894 2004 3942 est
2052 3887 2107 3941 in

2206 3903 2289 3949 est
2312 3895 2609 3966 principem
2661 3897 3028 3964 tenebrarum,
3066 3899 3361 3968 quemlibet
3405 3901 3472 3955 de
3518 3899 3786 3955 fratribus

536 3988 865 4044 ῢδεευνίιδίθ
909 3993 1069 4052 διίὶιιθ
1097 3982 1287 4036 υ¹¹¹ὶπ³
1312 3980 1435 4052 Ροιιί
1464 3980 1704 4050 limem”,
1728 3978 1853 4048 (ἰυίά
1884 3993 1981 4048 ρει·
2003 3978 2105 4033 hoc
2209 3988 2616 4051 tuis,c|ericalis
2643 3988 3091 4055 scilicetordinis,
3109 3990 3254 4061 virga
3280 3989 3513 4047 libidinis
3542 3991 3789 4061 afﬂigen-

536 4081 877 4151 expl‘imilm‘.
898 4076 999 4133 nisi
1030 4074 1117 4128 illa
1149 4073 1464 4127 οιθτῖεονυιη
1503 4070 1664 4142 392
1692 4085 1840 4138 Pars.
1861 4085 1980 4139 (ιυω
2007 4070 2107 4123 δαὶ)
2209 4088 2315 4134 tem
2335 4096 2349 4143 ;
2372 4079 2478 4133 imo
2493 4080 2633 4148 quod
2648 4080 2818 4149 magis
2831 4080 3294 4151 congruit,lethali
3314 4081 3493 4152 jaculo
3507 4084 3790 4137 trucidan-

535 4171 820 4241 volup‘tatis
838 4169 1054 4231 umbra,
1088 4176 1142 4219 et
1179 4165 1229 4218 in
1260 4163 1402 4218 ﬂuxu
1445 4163 1668 4217 luxuriae
1710 4161 2108 4216 commoratur?
2212 4181 2341 4233 lem,
2373 4170 2582 4224 viiii-aio
2611 4173 2857 4239 protinus
2884 4172 3031 4226 vei-iii
3070 4172 3245 4241 gladio
3283 4172 3334 4226 in
3373 4173 3537 4227 icium
3582 4182 3633 4228 ie
3667 4175 3792 4228 vui.

534 4260 866 4329 De‘qnorum
897 4258 1031 4311 duce
1062 4256 1115 4309 in
1163 4256 1299 4308 libro
1337 4252 1436 4307 Job
1463 4253 1719 4307 Dominus
1746 4253 1876 4306 dicit
1904 4270 1915 4304 :
1949 4270 1966 4302 ι
1996 4250 2109 4306 Sub
2209 4261 2355 4315 ueris
2389 4260 2548 4331 393
2582 4275 2767 4325 exere,
2791 4276 3019 4332 eumque
3042 4263 3131 4332 qui
3170 4263 3523 4317 domesticum
3558 4266 3793 4319 seminis

535 4349 727 4403 umbra
766 4346 960 4401 dormit
1002 4346 1052 4398 in
1084 4354 1295 4398 secreto
1324 4344 1518 4398 calami
1579 4351 1632 4397 et
1666 4342 1798 4396 locis
1839 4342 2108 4396 humenti-

2210 4350 2286 4403 tui
2343 4350 2636 4404 mulclabat
2665 4352 2875 4416 occide,
2932 4371 2950 4403 ι
2983 4367 3168 4421 argue,
3199 4352 3445 4417 obsecra,
3478 4353 3697 4423 increpa
3736 4354 3791 4406 in

541 4444 658 4498 bus.
708 4441 1003 4509 Protegunt
1044 4438 1249 4491 umbra:
1302 4437 1546 4491 umbram
1599 4434 1733 4503 ejus,
1773 4435 2108 4490 circumdant
2134 4487 2185 4511 ﬁ
2211 4438 2357 4493 omni
2395 4439 2675 4509 patientia,
2702 4447 2757 4493 et
2785 4440 3029 4494 doctrina
3062 4439 3144 4510 (11
3175 4439 3310 4493 Tim.
3338 4440 3432 4511 tv).
3458 4457 3479 4491 ι
3512 4438 3618 4494 Sed
3648 4456 3794 4510 quo-

544 4487 658 4498 ν--ν-
709 4487 1001 4509 --νν-ο---ν
1050 4487 1246 4491 --------ν
1608 4487 1644 4503 -.
1692 4487 1733 4499 η
1944 4487 1969 4488 η
2395 4487 2675 4509 ,ηπ-η--.
2707 4487 2756 4493 --
2788 4487 3029 4494 _-------_
3086 4487 3139 4492 -_
3338 4487 3379 4493 --
3419 4487 3432 4492 -
3459 4487 3472 4491 τ
3513 4487 3618 4494 --_
3692 4487 3762 4495 _-

540 4544 661 4585 eum
691 4529 882 4584 salices
914 4525 1166 4581 torrentis
1213 4525 1335 4597 (Job
1362 4526 1471 4594 XL).
1500 4544 1517 4576 ι
1551 4526 1725 4593 Atque
1768 4534 1824 4578 ut
1857 4526 2108 4580 ostendat
2134 4487 2376 4593 1)niam,
2414 4530 2554 4584 sicut
2585 4530 2726 4584 idem
2769 4539 2992 4585 testatur
3023 4487 3343 4601 Apostolus,
3392 4487 3427 4583 Ic
3458 4541 3614 4587 erunt
3646 4487 3800 4588 rion-

543 4628 797 4691 quantum
828 4633 948 4672 cum
990 4616 1101 4671 suis
1130 4615 1483 4683 familiaribus
1527 4616 1578 4669 in
1626 4615 1957 4671 habitatione
2002 4614 2105 4669 Ωιι·
2212 4621 2342 4691 nulli
2371 4621 2461 4691 qui
2517 4636 2703 4676 sanam
2732 4622 3033 4676 doctrinam
3062 4637 3166 4676 non
3194 4624 3554 4686 sustinebunt,
3589 4622 3685 4677 sed
3720 4622 3799 4679 ad

538 4711 702 4768 minis
729 4710 1043 4774 delectetur,
1076 4708 1320 4777 protinus
1350 4708 1551 4761 addidit
1582 4724 1596 4761 :
1632 4726 1648 4756 ι
1672 4706 1818 4761 Ecce
1847 4708 2103 4763 absorbe-
2212 4688 2325 4764 sua'
2340 4711 2604 4765 desideria
2647 4711 3041 4767 coacervabunt
3070 4712 3169 4766 sibi
3213 4713 3497 4783 magistros
3530 4712 3804 4780 prnrien-o

468 4819 473 4826 θ
534 4804 616 4859 bit
640 4801 881 4864 ﬂuvium,
914 4810 968 4854 et
994 4815 1099 4853 non
1133 4797 1448 4852 mirabitur:
1474 4799 1633 4851 habet
1662 4798 1802 4851 enim
1834 4798 2105 4862 ﬁduciam,
2214 4808 2296 4855 tes
2330 4802 2570 4865 auribus,
2603 4812 2658 4856 et
2686 4810 2934 4858 avertent
2966 4804 3181 4875 quidem
3208 4804 3447 4858 auditum
3471 4818 3499 4857 a
3530 4805 3799 4868 veritate,

536 4894 679 4965 quod
710 4891 896 4946 inﬂuat
917 4889 1166 4945 Iordanis
1191 4891 1242 4943 in
1267 4904 1327 4943 os
1346 4887 1714 4973 ejusilbid.).o
1747 4889 1900 4955 Quod
1928 4899 2107 4943 autem
2214 4892 2282 4946 ad
2328 4891 2536 4947 fabulas
2579 4902 2757 4947 autem
2799 4902 3183 4948 convertentur
3226 4893 3447 4966 (lbid.);
3494 4912 3512 4944 ι
3570 4902 3624 4947 ιιι
3673 4896 3799 4950 noli

535 4984 737 5038 dicitur
763 4982 926 5035 fuisse
948 4982 1178 5050 positum
1208 4981 1258 5034 in
1287 4979 1548 5033 foramine
1575 4989 1759 5049 petrae,
1793 4989 1967 5050 potest
1996 4997 2104 5035 non
2209 4999 2445 5051 cessare,
2468 4983 2559 5039 sed
2587 4997 2687 5055 age
2736 4986 2877 5055 quod
2906 4986 3186 5055 sequitur:
3231 5004 3248 5037 ι
3283 4985 3360 5040 Tu
3392 5001 3542 5051 vero,
3574 4987 3673 5052 ait,
3704 4974 3765 5042 'vi

540 5072 980 5130 inconvenienter
1006 5072 1224 5142 intelligi
1274 5073 1411 5126 intra
1451 5083 1599 5142 septa
1636 5072 1908 5127 Ecclesiae.
1943 5072 2105 5139 Quasi
2211 5075 2337 5145 gila.
2368 5076 2419 5128 in
2446 5075 2696 5131 omnibus
2740 5075 2945 5140 labora,
2984 5090 3117 5145 opus
3162 5074 3249 5129 fac
3272 5075 3645 5145 .evangelistae,
3688 5092 3803 5130 nn-

533 5165 679 5220 enim
728 5164 779 5216 in
815 5162 1079 5217 foramine
1125 5173 1290 5233 petr:c
1325 5163 1506 5218 clerici
1564 5163 1929 5226 recluduntur,
1982 5165 2107 5217 dum
2213 5164 2491 5218 nisterinm
2541 5174 2688 5220 tuum
2732 5164 2894 5234 imple
2932 5164 3143 5236 (Ibid.).
3177 5184 3195 5216 ι
3238 5164 3347 5219 Hos
3395 5166 3575 5234 itaque
3601 5166 3802 5228 modo,

536 5248 679 5308 intra
710 5252 962 5306 Ecclesia:
991 5252 1175 5305 limina
1208 5253 1319 5307 suis
1362 5253 1633 5307 excubare
1676 5252 1991 5305 ministeriis
2019 5268 2107 5306 se-
2211 5268 2347 5322 quos
2373 5255 2608 5323 poteris,
2656 5256 2901 5320 attrahe;
2931 5266 3277 5311 contumaces
3303 5266 3504 5321 autem,
3534 5265 3589 5310 et
3615 5256 3807 5311 obsti-

536 5343 660 5397 dula
708 5342 1135 5410 frequentatione
1170 5341 1442 5411 jnbentur.
1475 5339 1710 5393 Lumbar
1738 5356 1864 5408 ergo
1905 5340 1957 5393 in
2008 5340 2105 5393 hu-
2213 5355 2335 5397 nata
2385 5354 2564 5398 mente
2624 5344 2850 5399 rebelles
2897 5346 2947 5399 in
2983 5345 3352 5401 obscenitatis
3380 5361 3491 5401 suae
3537 5346 3808 5402 fmditate

534 5433 701 5486 menti
755 5433 872 5486 loco
916 5431 1145 5500 positum
1201 5431 1435 5499 putruit;
1484 5430 1608 5498 quia
1663 5431 1728 5485 de
1778 5430 1864 5494 iis,
1909 5430 1999 5500 qui
2050 5431 2102 5484 in
2212 5433 2467 5503 relinque.
2487 5433 2600 5488 Hoc
2622 5442 2705 5489 est
2734 5435 2875 5489 enim
2902 5434 3213 5506 Egyptium
3243 5438 3294 5491 in
3321 5437 3507 5492 sabulo
3527 5440 3806 5507 sepelire.

536 5523 761 5578 luxuriae
818 5524 1046 5577 ﬂuxibus
1104 5523 1475 5585 immorantur,
1531 5523 1789 5591 propheta
1835 5530 2098 5574 testatur:
2209 5523 2466 5578 Sabulum
2510 5526 2704 5594 quippe
2732 5542 2958 5580 arenosa
2988 5536 3096 5592 est,
3133 5538 3187 5582 et
3233 5528 3438 5597 fragilis
3466 5537 3629 5590 terra,
3667 5545 3809 5598 qua:

541 5631 559 5664 ι
588 5611 1041 5682 Gomputruerunt
1061 5613 1303 5680 jumenta
1335 5612 1385 5664 in
1415 5620 1659 5665 stercore
1688 5627 1785 5665 suo
1815 5611 1973 5680 (Joel.
2002 5616 2093 5682 t).o
2206 5614 2475 5683 surgentis
2512 5615 2722 5669 :edilicii
2767 5617 3048 5672 continere
3089 5628 3319 5688 nequeat
3347 5618 3805 5673 fundamentum.

534 5698 781 5755 Jumenta
842 5700 1037 5768 quippe
1081 5700 1134 5754 in
1191 5709 1427 5755 stercore
1477 5713 1577 5754 suo
1629 5708 2094 5772 computrescunt,
2204 5702 2356 5758 Unde
2386 5704 2571 5761 nonin
2603 5719 2804 5772 arena,
2836 5707 2928 5762 sed
2962 5707 3014 5761 in
3047 5718 3196 5778 pctra
3254 5717 3513 5779 perpetuo
3541 5704 3810 5773 nonlap.
