4080 6194
445 352 537 407 397

1122 346 1361 405 OPUSC.
1399 344 1579 402 XVIII.
1623 375 1692 386 —
1726 342 1999 400 CONTRA
2041 332 2613 394 INTEMPERANTES
2649 331 3000 390 CLERICOS.

3572 329 3676 385 398

444 476 567 516 sura
595 461 851 515 fundatur
875 459 1152 516 Ecclesia:
1187 479 1206 512 ι
1239 461 1414 530 Super
1444 462 1603 524 hanc,
1632 459 1804 529 inquit
1829 456 2004 511 Domi-
2035 459 2236 527 Agergo
2282 459 2484 507 sancta:
2526 450 2847 519 eloquentia:
2876 456 2981 503 tua:
3008 440 3265 502 mucrone
3286 460 3576 517 percussus
3607 462 3684 500 m~

448 568 574 616 nus,
622 560 829 622 petram
876 551 1154 606 aedificabo
1219 552 1516 607 Ecclesiam
1573 566 1747 605 meam
1796 547 2018 617 (Matth.

448 643 577 710 xvi).
616 662 632 692 ι
691 640 1123 695 Fundamentum
1153 656 1281 712 ergo
1324 657 1481 695 suum
1511 641 1564 694 in
1589 651 1740 709 petra
1771 637 2022 692 Ecclesiae

447 734 713 787 collocant
744 734 942 801 quique
977 731 1066 785 fixi
1089 767 1104 797 ,
1157 747 1222 785 ac
1259 732 1480 786 stabiles
1507 732 1560 785 in
1590 732 1747 785 bonis
1769 730 2023 799 operibus

449 830 814 888 perseverant.
846 821 922 875 De
967 821 1164 889 quibus
1208 820 1262 874 in
1296 820 1583 888 Evangelia
1619 819 1879 874 Dominus
1908 820 2021 872 ait:

454 930 473 961 ι
509 910 697 967 Omnis
718 911 900 972 homo,
927 911 1017 979 qui
1044 910 1194 964 audit
1217 910 1377 964 verba
1403 925 1517 964 mea
1548 912 1685 972 bam,
1709 918 1763 963 et
1784 908 1913 962 facit
1937 923 2021 971 ea,

448 1001 797 1055 assimilabitu
808 1018 831 1053 r
843 1001 959 1055 viro
978 1001 1205 1070 sapienti
1219 1002 1324 1070 .qui
1348 1001 1859 1056 mdiﬁcavitdomum
1873 1014 2025 1054 suam

448 1104 609 1158 supra
644 1099 870 1158 petram.
899 1089 1185 1143 Descendit
1206 1090 1403 1159 pluvia,
1422 1099 1475 1142 et
1499 1100 1757 1144 venerunt
1783 1089 2026 1151 flumina,

451 1190 507 1234 et
534 1180 799 1232 [laverunt
815 1180 1048 1243 venti,et
1070 1181 1339 1234 irrueruut
1362 1181 1413 1233 in
1436 1180 1649 1235 domum
1674 1180 1905 1245 illam,et
1920 1195 2026 1234 non

451 1269 669 1325 cecidit:
697 1268 918 1322 fundata
946 1270 1088 1323 enim
1109 1280 1401 1340 eratsupra
1426 1279 1630 1340 petram
1655 1270 2024 1340 (Matth.vu).s

400 1366 418 1417 ξ
451 1359 551 1424 Qui
573 1372 701 1411 vero
724 1356 942 1428 fragiles
962 1366 1087 1413 sunt
1108 1369 1269 1427 atque
1294 1360 1554 1429 pulverei,
1575 1370 1632 1415 et
1653 1360 1798 1415 velut
1824 1361 2031 1415 arundo

453 1448 850 1518 impellentibus
874 1449 1105 1502 carnalis
1134 1449 1398 1506 illecebra:
1418 1449 1635 1505 ﬂatibus
1658 1451 1840 1521 agitati
1877 1449 2029 1521 (Luc.

454 1542 577 1608 vn),
628 1541 844 1594 arenosi
893 1539 1079 1608 procul
1131 1540 1292 1596 dubio
1329 1542 1500 1597 sabuli
1553 1552 1678 1596 sunt
1739 1542 2033 1597 subsicivio

416 1633 820 1702 comparandi.
875 1633 950 1687 De
1000 1632 1196 1701 quibus
1256 1647 1355 1702 pe‘
1396 1632 1735 1687 Psalmistam
1789 1633 2028 1687 dicitur:

464 1744 481 1772 ι
518 1721 635 1776 Non
668 1724 746 1777 sic
777 1722 946 1791 impii,
978 1738 1083 1776 non
1111 1723 1213 1785 sic,
1237 1723 1328 1777 sed
1364 1732 1616 1793 tanquam
1646 1722 1841 1793 pulvis,
1870 1738 2031 1793 quem

462 1810 675 1880 projicit
698 1820 886 1865 ventus
908 1826 939 1865 a
967 1811 1102 1866 facie
1132 1822 1288 1866 terra:
1309 1810 1481 1883 (Paul.
1506 1812 1567 1882 ι).
1596 1831 1615 1863 ι
1645 1812 1711 1866 Et
1740 1813 2022 1867 Dominus:
2060 1804 2104 1862 Β

464 1922 482 1951 ι
514 1903 721 1965 Omnis,
753 1903 945 1971 inquit,
978 1900 1077 1972 qui
1112 1904 1263 1958 audit
1291 1904 1450 1958 verba
1492 1920 1607 1958 mea
1644 1906 1776 1968 btec,
1828 1913 1882 1958 et
1919 1920 2023 1958 non

462 1992 589 2047 facit
612 2008 697 2053 ea.
746 1993 939 2047 similis
988 1994 1091 2048 erit
1122 1994 1238 2049 viro
1284 1993 1468 2058 stulto,
1497 1994 1587 2064 qui
1622 1995 1907 2050 aedificavit
1933 1995 2026 2049 do-

462 2100 605 2137 mum
652 2099 804 2138 suam
846 2099 1003 2154 supra
1044 2100 1259 2139 arenam
1288 2103 1300 2139 :
1332 2097 1387 2140 et
1414 2087 1690 2141 descendit
1723 2087 1921 2155 pluvia,
1972 2095 2027 2140 et

463 2173 982 2236 veneruutilumina,
1014 2186 1067 2230 et
1094 2175 1357 2231 [laverunt
1383 2178 1548 2241 venti,
1589 2187 1644 2232 et
1666 2178 1939 2233 irruerunt
1974 2179 2026 2232 in

464 2266 679 2319 domum
710 2265 876 2328 illam,
900 2275 955 2319 et
1001 2266 1218 2330 cecidit,
1243 2279 1298 2321 et
1331 2268 1430 2321 fuit
1477 2269 1629 2322 ruina
1671 2267 1786 2337 ejus
1833 2284 2027 2339 magna

465 2354 681 2416 (Matth.
710 2353 828 2425 vn).
862 2372 879 2405 ι
915 2353 1049 2408 Hinc
1070 2355 1233 2408 etiam
1260 2356 1312 2409 in
1337 2356 1473 2411 libro
1493 2357 1695 2429 Regum
1724 2376 1735 2411 :
1768 2376 1786 2409 ι
1814 2357 2026 2421 Omnia,

468 2444 660 2513 inquit,
702 2460 851 2508 vasa,
902 2460 1022 2514 qua:
1085 2446 1207 2501 fecit
1238 2446 1435 2502 Hiram
1492 2449 1601 2519 ubi
1651 2448 1921 2504 Salomoni
1975 2450 2028 2503 in

468 2533 625 2587 domo
664 2533 895 2596 Domini,
926 2535 994 2590 de
1028 2536 1337 2592 aurichalco
1362 2546 1535 2601 erant,
1571 2547 1625 2592 ct
1653 2540 1706 2594 in
1743 2538 2031 2609 campestri

468 2627 683 2694 regione
728 2625 979 2682 Jordanis
1033 2626 1172 2683 fudit
1221 2644 1286 2685 ea
1340 2643 1431 2686 rex
1483 2631 1535 2685 in
1596 2629 1842 2701 argillosa
1887 2642 2030 2686 terra

469 2716 589 2784 (III
619 2715 744 2787 Reg.
784 2720 905 2788 vn).
941 2737 960 2771 ι
997 2718 1128 2772 Nam
1158 2720 1282 2788 quia
1310 2736 1433 2775 vasa
1486 2721 1571 2775 illa
1600 2720 1845 2776 carnales
1872 2736 2034 2790 quos-

470 2822 571 2874 que
592 2808 901 2878 designant,
924 2824 1028 2863 non
1053 2824 1116 2864 ex
1137 2826 1289 2873 auro,
1319 2812 1411 2867 sed
1438 2826 1503 2866 ex
1527 2813 1833 2868 aurichalco
1858 2813 2035 2882 potius

469 2901 720 2955 dicuntur
739 2916 859 2956 esse
887 2901 1115 2957 formata
1140 2920 1153 2956 :
1187 2913 1240 2958 et
1266 2904 1388 2960 ideo
1411 2919 1516 2959 non
1542 2905 1595 2959 in
1622 2906 1916 2969 montibus,
1942 2903 2034 2958 sed

473 2991 524 3044 in
553 2992 841 3061 campestri
871 2993 1088 3059 regione
1125 2994 1450 3056 funduntur;
1503 2994 1628 3062 quia
1672 2994 1762 3062 qui
1789 3009 1886 3063 per
1923 2994 2038 3049 hac

476 3079 798 3149 figurantur,
826 3096 932 3136 non
958 3083 1216 3137 virtutum
1248 3092 1499 3137 montana
1527 3084 1911 3146 conscendunt,
1943 3083 2035 3139 sed

473 3170 523 3223 in
553 3172 791 3226 carnalis
862 3181 916 3226 et
951 3173 1235 3229 luxuriosa:
1281 3175 1404 3228 vita:
1448 3175 1689 3230 convalle
1732 3175 2033 3229 subsidunt.

473 3260 580 3316 Nec
638 3263 783 3316 enim
831 3264 1076 3327 ductiles,
1129 3265 1222 3319 sed
1267 3266 1444 3334 potius
1486 3264 1672 3320 fusiles
1712 3273 1875 3331 sunt;
1915 3264 2037 3334 quia

474 3367 575 3406 non
625 3354 990 3408 extenduntur
1017 3356 1196 3409 crucis
1235 3363 1291 3409 et
1334 3356 1666 3425 ptenitentia:
1693 3354 1919 3421 malleis,
1947 3355 2040 3410 sed

476 3442 751 3499 libidinum
774 3445 1022 3500 laxantur
1046 3446 1329 3509 illecebris,
1352 3458 1408 3500 et
1428 3445 1685 3501 ﬂuoribus
1705 3445 2043 3502 resolvuntur

474 3536 891 3591 obscaenissimze
914 3536 1222 3607 voluptatis.
1249 3536 1478 3607 Ideoque
1511 3537 1653 3592 sicut
1686 3538 1738 3592 in
1769 3537 2041 3607 Euphrate

476 3628 687 3682 lumbar
715 3638 821 3706 est.
846 3630 1112 3697 positum,
1151 3629 1230 3684 sic
1279 3629 1380 3683 ista
1420 3644 1545 3683 vasa
1565 3627 1720 3695 juxta
1754 3628 2040 3683 Jordanem

476 3716 589 3771 fusa
622 3719 967 3773 referuntur:
999 3727 1053 3773 et
1098 3735 1205 3773 non
1255 3720 1309 3773 in
1368 3719 1535 3774 solida
1582 3735 1644 3773 ac
1677 3718 1829 3773 firma
1876 3730 2040 3783 terra,

479 3820 594 3873 quas
635 3808 781 3862 basis
811 3807 1021 3876 injecta:
1044 3811 1320 3865 contineat
1364 3810 1800 3873 fundamentum,
1851 3810 1945 3865 sed
1989 3810 2042 3862 in

477 3898 723 3967 argillosa
754 3900 931 3967 potius
969 3908 1023 3955 et
1052 3915 1279 3956 arenosa
1297 3940 1313 3966 ,
1337 3916 1457 3970 quae
1507 3900 1841 3970 repentinum
1870 3901 2046 3960 pariat

478 3989 847 4044 subsicivium.
910 4056 917 4065 θ
1842 4032 1845 4033 ν

548 4080 627 4134 Tu
661 4081 862 4149 itaque,
900 4083 1205 4138 venerande
1227 4081 1415 4146 frater,
1446 4098 1567 4137 cum
1596 4080 1779 4153 Moyse
1812 4080 1927 4136 zelo
1959 4081 2042 4136 di-

480 4172 680 4227 stricta:
719 4172 1077 4241 correptionis
1103 4172 1414 4245 Egyptium
1459 4187 1831 4243 percussorem
1864 4171 2046 4226 fratris

481 4260 718 4315 interfice
739 4258 935 4331 (Exod.
968 4262 1051 4330 ιι),
1073 4274 1302 4331 eumque
1328 4271 1584 4331 tanquam
1607 4261 1795 4321 sabulo
1818 4262 1869 4315 iu
1897 4275 2048 4315 men-

481 4346 621 4404 tibus
663 4350 906 4403 arenosis
937 4348 1240 4414 absconde;
1277 4359 1337 4404 ut
1369 4350 1677 4419 argillosam
1712 4362 2047 4404 terrenarum

481 4443 741 4498 mentium
793 4443 1123 4514 sepulturam
1156 4454 1401 4499 mortuus
1443 4443 1681 4513 impleat,
1716 4443 1896 4513 ibique
1928 4457 2043 4497 ver-

481 4546 593 4587 mes
635 4534 1087 4603 concupiscentia:
1135 4534 1334 4603 pariat.
1384 4534 1490 4588 Eos
1516 4531 1679 4603 394
1708 4544 1909 4595 autem,
1955 4532 2047 4601 qui

479 4638 603 4679 vere
627 4624 882 4679 Israelita:
901 4633 1049 4690 sunt,
1080 4627 1437 4681 tentationum
1466 4639 1688 4679 suarum
1719 4622 1901 4691 flagris
1932 4636 2049 4674 ver-

482 4718 675 4773 berare
720 4718 966 4774 desistat.
998 4714 1114 4773 Non
1143 4716 1287 4773 enim
1318 4734 1447 4773 casu
1471 4716 1690 4778 accidit,
1719 4714 1859 4783 quod
1889 4720 2052 4781 caput

481 4807 774 4863 electorum
807 4809 1064 4864 Dominus
1096 4810 1148 4863 in
1179 4788 1343 4863 sax'eo
1373 4814 1738 4866 monumento,
1769 4802 2052 4873 Aigyptius

382 4934 399 4941 ι
484 4897 736 4966 vero,qui
752 4896 1021 4952 diabolum
1053 4897 1532 4968 ligurat,sepelitur
1556 4896 1609 4950 in
1636 4894 1843 4949 sabulo.
1862 4891 2054 4946 Diabo-

484 4984 721 5041 lusenlm
748 4988 839 5056 qui
863 4986 1249 5057 interpretatur
1294 4987 1534 5040 deorsum
1572 4985 1763 5053 ﬂuens,
1798 4980 1914 5035 illos
1951 4979 2050 5033 sibi

484 5076 747 5140 vindicat,
778 5076 868 5145 qui
902 5078 969 5131 ad
1023 5077 1230 5130 ruinam
1275 5090 1487 5145 semper
1528 5072 1671 5127 velut
1697 5086 1857 5125 arena
1896 5067 2055 5122 dissi-

485 5166 635 5221 liunt.
665 5167 768 5233 Qui
799 5177 978 5222 autem
1003 5166 1200 5222 Christi
1245 5176 1391 5229 sunt,
1422 5172 1730 5219 constanter
1775 5162 1829 5215 in
1880 5158 2053 5214 sancti

485 5256 745 5324 propositi
784 5256 1054 5311 soliditate
1094 5257 1410 5326 persistuut.
1460 5254 1745 5323 Sepultura
1782 5266 1910 5306 vero
1956 5252 2053 5304 do-

487 5359 605 5399 mus
627 5354 714 5399 est
737 5356 1093 5401 mortuorum.
1126 5346 1193 5400 Et
1229 5349 1352 5417 quia
1384 5342 1629 5401 diabolus
1667 5352 1910 5398 mortuus
1950 5350 2053 5407 est,

488 5425 739 5504 quoniam
786 5452 815 5490 a
854 5437 984 5501 Deo,
1031 5452 1159 5490 vera
1192 5439 1398 5492 scilicet
1426 5438 1567 5501 vita,
1609 5435 1906 5505 disjuuctus
1953 5442 2054 5495 est,

490 5543 702 5581 onmem
729 5538 985 5593 mentem,
1014 5543 1175 5598 quam
1203 5528 1486 5592 inhabitat,
1517 5528 1644 5583 facit
1664 5530 1867 5597 absque
1894 5522 2056 5581 dubio

493 5619 841 5687 sepulturam.
873 5620 1025 5675 Unde
1060 5635 1155 5691 per
1180 5619 1499 5688 Prophetam
1536 5620 1767 5673 dicitur:
1806 5638 1825 5670 ‹
1854 5614 1929 5672 lbi
1957 5618 2057 5671 As-

496 5723 609 5774 sur,
668 5720 724 5766 et
764 5712 1007 5781 sepulcra
1049 5710 1164 5782 eius
1211 5711 1424 5782 (Esecli.
1474 5710 1665 5779 χχιιι).
1698 5728 1717 5762 ι
1769 5704 2056 5783 Egyptius

2120 552 2315 606 tereat,
2342 556 2577 612 eumque
2604 541 2777 595 sabuli
2802 541 3073 610 sepultura
3101 538 3408 595 concludat.
3437 547 3497 592 ut
3523 538 3685 593 lsraeo

2120 635 2266 689 litica
2296 633 2467 703 plebs,
2510 632 2789 686 Pharaone
2826 630 3073 684 demerso
3111 637 3166 682 et
3190 629 3461 697 pudicius
3486 642 3687 695 prteceo

2122 726 2281 779 dente
2310 723 2666 781 vcxillo.eum
2698 718 3112 789 triumphalibus
3147 718 3363 787 hymnis
3392 720 3460 771 ad
3491 726 3688 771 terram

2124 812 2553 883 repromissionis
2577 811 2853 865 ascendat.

2500 916 2950 976 DlSSERTATlO
2988 919 3322 975 SECUNDA.

2359 1027 2568 1067 CONTRA
2605 1026 2938 1065 CLERICORUM
2974 1024 3463 1064 INTEHPEBANTIAH.

2127 1105 2516 1157 Aacuussruu.
2544 1132 2611 1140 ———
2641 1100 2733 1152 Vir
2758 1099 3136 1153 ecclesiasticrr
3159 1109 3285 1151 tunc
3304 1113 3439 1166 pene
3464 1098 3689 1153 labentis

2199 1172 2491 1239 disciplina.-
2539 1170 2733 1224 vindex
2776 1171 3095 1230 acerrimus,
3137 1169 3507 1236 castitatisque
3540 1185 3688 1221 amna

2202 1253 2286 1295 tor
2331 1238 2609 1309 cultorque
2656 1240 3051 1309 sanctissimus,
3085 1248 3250 1309 totum
3282 1252 3465 1309 prope
3495 1238 3690 1309 orbem

2200 1311 2265 1363 ad
2314 1325 2433 1363 eam
2482 1304 2772 1363 a'clericis
2811 1304 3169 1376 oppugnatam
3210 1304 3594 1360 defendendam
3639 1316 3689 1360 et

2202 1378 2581 1433 sublevandam
2609 1378 2966 1431 disertissimo
2986 1392 3082 1431 ore
3116 1377 3268 1443 quasi
3294 1377 3524 1444 quodam
3555 1376 3691 1429 clas-

2200 1450 2314 1503 sico
2336 1449 2574 1502 excitare
2594 1456 2647 1499 et
2674 1445 3006 1501 inﬂammare
3032 1453 3274 1499 conatur.
3306 1446 3506 1500 Scribit
3546 1447 3689 1499 enim

2201 1519 2267 1572 ad
2298 1518 2606 1586 episcopum
2636 1516 3050 1586 Tam-incusem,
3076 1516 3127 1568 in
3165 1515 3322 1586 cujus
3346 1516 3547 1586 ditione
3586 1525 3689 1567 tam

2240 1580 2496 1642 ern'iciosi'
2537 1586 2765 1654 exempli
2816 1580 3024 1639 facinus
3057 1580 3264 1654 publice
3299 1585 3514 1637 tolerari
3552 1586 3690 1637 scie-

2241 1666 2316 1719 at,
2346 1664 2405 1709 ut
2451 1653 2757 1708 scandalum
2793 1654 2894 1707 hoc
2936 1655 3002 1708 ab
3043 1653 3277 1707 Ecclesia
3316 1668 3412 1706 sua
3442 1654 3692 1707 extermis

2206 1742 2337 1781 nare
2378 1734 2434 1779 et
2477 1740 2727 1779 amovere
2775 1723 3101 1779 contendat:
3134 1725 3274 1791 quod
3306 1733 3361 1775 ut
3386 1723 3433 1777 ei
3473 1737 3694 1791 persua-

2199 1798 2328 1850 dere
2354 1795 2544 1863 possit,
2569 1793 2702 1863 nihil
2721 1794 3041 1863 intentauuu
3068 1792 3341 1863 relinquit.
3365 1791 3555 1863 Omnia
3576 1801 3687 1863 tam

2198 1864 2331 1919 Novi
2357 1859 2541 1933 _quam
2595 1862 2804 1917 Veteris
2839 1860 3165 1933 Testamenti
3207 1862 3449 1933 exempla
3485 1871 3539 1914 et
3576 1859 3691 1913 loca

2198 1938 2439 2001 congerit
2480 1942 2532 1985 et
2575 1933 2795 1986 excutit.
2838 1933 2892 1985 lu
2945 1932 3170 1985 clericos
3197 1945 3410 2001 quoque
3441 1932 3603 2001 ipsos,
3638 1938 3693 1983 et

2199 2000 2383 2057 eorum
2415 2002 2663 2072 pollices,
2698 2016 2832 2070 quas
2881 2001 2980 2072 ipsi
3034 2014 3230 2055 uxores
3281 2000 3415 2053 Nso
3455 2000 3691 2072 appellas

2199 2074 2354 2134 bant,
2385 2069 2685 2125 luculenter
2721 2069 2782 2124 et
2818 2071 3075 2139 graviter.
3108 2077 3165 2122 ut
3194 2083 3282 2123 res
3310 2085 3423 2138 ipsa
3453 2069 3692 2137 postula-

2200 2142 2312 2205 bat,
2344 2140 2632 2218 inveliitur.
2680 2140 2950 2218 Denique,
2987 2148 3045 2192 ut
3071 2154 3185 2218 uno.
3209 2140 3692 2218 verizoalnisolvaui,

2199 2228 2306 2267 non
2331 2208 2615 2263 committit
2637 2218 2695 2262 ut
2717 2208 2953 2264 castitati
2983 2208 3339 2277 patrocinium
3362 2208 3595 2263 defuisse
3619 2209 3696 2261 vi-

2202 2282 2412 2335 deatur.

2204 2372 2410 2425 Domuo
2452 2371 2763 2427 CUNIBERTO
2806 2370 3244 2425 reverentissimo
3290 2370 3565 2439 episcopo,
3597 2369 3698 2424 Pas

2132 2476 2269 2517 'ruus
2294 2469 2549 2529 peccator
2601 2459 2896 2515 monachus
2924 2458 3130 2514 devota:
3164 2456 3513 2526 subjectionis
3538 2458 3691 2512 obse-

2130 2553 2339 2622 quium.

2204 2642 2328 2698 liazc
2352 2649 2436 2697 est
2465 2656 2604 2697 verte
2628 2641 2909 2696 charitatis
2930 2647 2985 2695 et
3010 2638 3259 2694 amicitia:
3290 2636 3492 2708 regula,
3523 2645 3580 2691 ut
3626 2637 3699 2692 ita

2133 2749 2192 2789 se
2220 2734 2418 2787 fratres
2441 2743 2641 2786 mutua:
2666 2730 2967 2786 dulcedinis
2993 2744 3178 2784 amore
3197 2726 3537 2791 confoveant,
3570 2741 3701 2796 qua.

2137 2832 2293 2878 tenus
2322 2821 2367 2876 si
2402 2821 2532 2891 quid
2562 2821 2615 2874 in
2642 2819 2848 2875 utrovis
2880 2816 3303 2888 reprehensibile
3337 2825 3439 2879 est,
3466 2817 3604 2870 alter
3628 2817 3703 2869 al-

2136 2913 2235 2967 teri
2266 2927 2373 2966 non
2406 2909 2718 2964 abscondat.
2751 2908 2841 2967 Illa
2868 2908 3063 2978 quippe
3084 2904 3703 2981 uccessitudoprobatur

2137 3002 2285 3057 utilis
2325 3009 2381 3056 et
2413 3001 2665 3061 honesta,
2696 3011 2817 3068 qua:
2855 2998 2980 3052 dum
3012 3004 3207 3052 cuneta
3238 2994 3486 3063 producit
3510 2995 3562 3049 in
3602 3010 3705 3049 mc.

2138 3094 2308 3156 dium,
2354 3100 2410 3146 et
2460 3089 2603 3160 quod
2654 3089 3027 3159 corrigendum
3082 3095 3167 3142 est
3209 3086 3452 3156 corrigit,
3483 3094 3537 3140 et
3564 3087 3705 3155 quod

2137 3198 2325 3237 sanqu
2352 3190 2435 3236 est
2457 3189 2644 3234 mutuo
2671 3179 2922 3249 puritatis
2943 3192 3009 3233 ac
3052 3176 3377 3232 sinceritatis
3402 3190 3585 3230 amore
3613 3191 3706 3229 cu-

2136 3274 2321 3329 stodit.
2354 3272 2551 3341 Sicque
2588 3271 2650 3325 tit
2685 3279 2744 3324 ut
2774 3271 2899 3324 dum
2944 3268 3309 3337 delinquentis
3344 3266 3503 3335 culpa
3533 3267 3704 3320 corri-

2136 3361 2631 3434 gitur,’corripieuti
2677 3360 2946 3430 copiosior
2971 3359 3145 3428 gratia
3193 3350 3521 3413 cumuletur.
3564 3355 3708 3409 luter

2140 3452 2425 3509 nonnullos
2448 3452 2710 3505 virtutum
2738 3449 2919 3513 ﬂores,
2951 3447 3274 3504 venerabilis
3299 3446 3478 3510 Pater,
3515 3446 3707 3515 quibus

2144 3552 2246 3598 tua:
2271 3541 2582 3597 sanctitatis
2610 3548 2801 3597 vernat
2824 3540 3119 3611 ingenium,
3145 3554 3313 3595 unum
3336 3538 3491 3601 mibi,
3515 3537 3707 3595 fateor.

2141 3634 2295 3688 valde
2340 3634 2651 3703 displicuit:
2702 3635 2847 3703 quod
2892 3632 3145 3686 nimirum
3201 3642 3255 3686 et
3286 3643 3412 3687 tunc
3447 3647 3534 3686 me
3571 3631 3622 3684 iu
3661 3640 3710 3683 te

2140 3723 2487 3779 vehementer
2522 3723 2684 3794 395
2716 3724 2939 3788 invexit,
2964 3732 3019 3778 et
3044 3738 3189 3778 nunc
3216 3723 3338 3793 Styli
3376 3721 3534 3788 lmjus
3578 3721 3711 3774 arti—

2142 3812 2319 3868 culum
2347 3827 2575 3868 exarare
2603 3813 2898 3883 compellit.
2928 3813 3200 3867 Permittis
3229 3811 3372 3867 enim
3391 3851 3404 3873 ,
3435 3820 3494 3864 ut
3528 3810 3707 3881 Eccje-

2141 3904 2237 3958 sia:
2264 3914 2369 3958 tua:
2396 3902 2602 3968 clerici,
2636 3904 3004 3973 cujuscunque
3032 3904 3143 3959 sint
3168 3902 3393 3962 ordinis.
3424 3900 3562 3955 velut
3588 3901 3710 3970 jure

2145 3994 2470 4048 matrimonii
2540 3994 2973 4049 (-onfmderentur
3036 3993 3312 4049 uxoribus.
3367 3989 3519 4058 Quod
3585 4005 3715 4045 sane

2143 4098 2304 4153 quam
2357 4082 2737 4139 ecclesiasticae
2786 4083 3063 4139 munditia:
3104 4082 3350 4137 videatur
3395 4079 3711 4155 obscenum,

2145 4190 2307 4245 quam
2353 4175 2626 4230 canonica:
2670 4175 2739 4230 sit
2780 4175 3087 4231 auctoritati
3134 4166 3499 4236 contrarium,
3552 4186 3714 4241 quam

2145 4273 2296 4318 certe
2324 4264 2534 4319 cunctis
2566 4274 2878 4319 sanctorum
2920 4262 3141 4317 Patrum
3177 4260 3545 4318 sanctionibus
3566 4259 3716 4314 odio-

2148 4366 2287 4417 sum,
2335 4352 2479 4407 absit
2507 4362 2567 4406 ut
2610 4362 2759 4407 tanta
2789 4367 2909 4422 qua:
2939 4352 2993 4406 in
3046 4359 3099 4405 te
3134 4357 3215 4405 est
3248 4348 3418 4418 possit
3469 4347 3718 4418 ignorare

2072 4471 2125 4530 Ι)
2150 4441 2453 4511 prudentia.
2493 4441 2800 4497 Praesertim
2831 4457 2953 4497 eum
3004 4449 3059 4496 et
3090 4440 3189 4509 ipsi
3219 4438 3400 4495 clerici
3448 4440 3520 4492 tui
3540 4478 3554 4499 ,
3585 4438 3717 4492 alias

2150 4531 2367 4599 quidem
2397 4530 2531 4586 satis
2561 4530 2794 4594 honesti,
2824 4539 2880 4584 et
2908 4529 3207 4583 litterarum
3239 4527 3432 4581 studiis
3456 4526 3586 4580 sint
3622 4527 3719 4580 de-

2149 4628 2335 4675 center
2376 4619 2647 4674 instructi.
2679 4617 2779 4685 Qui
2818 4618 2944 4671 dum
2969 4616 3035 4670 ad
3074 4631 3157 4669 me
3202 4615 3554 4679 confluerent,
3606 4624 3719 4668 tan-

2149 4727 2309 4781 quam
2350 4712 2550 4766 chorus
2587 4710 2861 4778 angelicas
2898 4716 2952 4769 et
2977 4706 3123 4761 velut
3157 4705 3481 4774 conspicuus
3536 4703 3720 4759 Eccle-

2150 4800 2243 4855 sia:
2266 4797 2548 4852 videbatur
2572 4797 2780 4850 enitere
2799 4802 3039 4849 senatus.

2157 4908 2288 4965 CAP.
2315 4906 2353 4961 1.
2387 4933 2458 4948 -
2486 4905 2745 4960 Hortatur
2778 4903 3031 4957 labentem
3053 4900 3383 4971 disciplinam
3407 4900 3721 4956 ecclesiasti-

2522 4991 2638 5029 cam
2663 4984 2711 5028 et
2748 4974 3036 5028 castitatem
3061 4971 3347 5027 sublevare.

2229 5068 2520 5138 Postquam
2560 5064 2814 5119 latentem
2856 5061 3021 5131 pestis
3067 5058 3222 5128 hujus
3268 5059 3496 5115 eluviem
3535 5059 3719 5122 didici,

2161 5160 2406 5229 protinus
2435 5158 2526 5211 lux
2554 5156 2606 5210 in
2650 5153 2952 5223 caliginem,
2980 5161 3037 5206 et
3082 5152 3264 5205 lzetitia
3312 5149 3443 5203 mihi
3491 5149 3722 5202 vertitur

2164 5253 2216 5306 in
2242 5264 2549 5310 maerorem,
2577 5257 2740 5316 atque
2763 5246 2826 5299 ad
2855 5245 2981 5298 illud
3004 5244 3371 5313 evangelicum
3404 5242 3546 5295 illico
3573 5256 3723 5295 mens

2163 5341 2439 5397 recurrit:
2481 5357 2501 5390 ι
2540 5339 2630 5392 Va:
2659 5337 2840 5400 vobis,
2879 5335 3074 5405 inquit,
3105 5334 3307 5388 Scriba:
3356 5342 3412 5388 et
3439 5333 3722 5395 l’liariszci,

2163 5433 2252 5502 qui
2283 5430 2488 5485 similes
2509 5429 2642 5484 estis
2667 5427 2927 5497 sepulcris
2952 5422 3236 5485 dealbatis,
3259 5439 3379 5491 qua:
3407 5423 3536 5477 foris
3561 5439 3724 5493 appa-

2166 5532 2287 5576 rent
2316 5519 2622 5574 hominibus
2672 5510 2933 5586 speciosa,
2987 5514 3130 5565 intus
3176 5522 3353 5567 autem
3408 5513 3562 5581 plena
3601 5525 3725 5565 sunt

2162 5614 2378 5670 ossibus
2404 5621 2737 5665 mortuorum
2773 5609 2982 5662 etomni
3016 5606 3717 5685 spurcitia(Maltinxvni).i

2164 5705 2301 5775 Quid
2332 5710 2437 5768 est,
2474 5710 2648 5773 pater,
2696 5699 2838 5771 quod
2868 5700 2964 5754 tibi
2991 5699 3090 5754 soli
3128 5698 3356 5769 vigilas:
3405 5708 3462 5753 et
3502 5699 3604 5760 his,
3630 5710 3726 5761 pro
