4080 6194
354 312 459 368 599

996 302 1064 364 ἓξ
1096 307 1299 365 PETRI
1337 305 1623 363 DAMIANI
1659 303 1808 364 OPP.
1854 305 2033 361 PARS
2072 305 2256 363 III.—
2282 307 2648 365 OPUSCULA
2687 307 2920 365 VARIA.

3523 315 3624 369 400

353 425 554 495 quibus
590 430 828 496 priorem
861 423 1159 493 exigendus
1193 438 1254 478 es
1283 421 1583 484 rationem,
1625 430 1734 474 tam
1781 417 1941 473 inerti
1971 422 2020 478 Α
2048 415 2270 473 aIIectus
2304 418 2644 488 amplexibus
2687 420 2907 488 penitus
2949 419 3053 473 sint
3088 419 3302 475 remoti.
3344 414 3479 477 Nam
3504 426 3630 493 quia

352 515 648 570 securitate
695 514 992 568 dormitas?
1054 512 1111 566 In
1162 513 1284 567 aliis
1325 521 1475 567 certe
1531 512 1944 580 quibuscunque

351 606 601 679 personis
633 621 736 659 non
765 604 1001 676 exigitur
1042 604 1350 660 fecunditas
1398 603 1698 667 castitatis,
1731 603 1786 657 in
1825 603 1943 672 epi-

352 712 519 768 scopo
559 705 738 750 autem
789 695 1000 751 inutilis
1028 709 1151 751 esse
1186 697 1411 750 castitas
1448 693 1571 762 jure
1611 694 1942 755 decernitur,

353 803 474 858 qua:
521 803 579 842 se
628 787 707 841 sic
757 786 976 842 exhibet
1023 787 1289 850 sterilem,
1343 796 1402 840 ut
1431 786 1592 840 aliam
1623 801 1728 838 non
1767 785 1947 854 pariat

356 878 685 931 castitatem.
743 874 1050 931 Praesertim
1092 891 1214 930 cum
1265 875 1381 944 ipse
1425 875 1568 932 Deus
1605 875 1946 943 omnipotens

354 983 450 1039 per
477 967 708 1021 Isaiam:
763 985 781 1018 ι
818 964 1069 1035 Nunquid
1101 981 1221 1036 ego,
1251 966 1340 1035 qui
1377 965 1514 1019 alios
1549 981 1739 1034 parere
1780 965 1942 1026 facio,

354 1061 471 1132 ipse
503 1075 609 1116 non
638 1057 872 1131 pariam,
913 1058 1044 1115 dicit
1087 1059 1384 1113 Dominus?
1417 1078 1434 1109 ι
1472 1057 1606 1130 (lea.
1644 1056 1812 1126 LXVI.)
1843 1057 1944 1112 Ubi

355 1151 676 1215 notandum,
720 1150 853 1220 quia
904 1149 1034 1204 dum
1081 1166 1188 1204 non
1241 1149 1396 1216 alias,
1447 1152 1541 1204 scd
1588 1149 1725 1204 alios
1751 1165 1946 1218 parere

354 1241 518 1308 facio,
565 1241 732 1305 dicat,
787 1241 1024 1295 virorum
1077 1242 1259 1310 potius
1291 1257 1354 1296 ac
1383 1251 1660 1312 pastorum
1694 1241 1947 1296 Ecclesia:

357 1334 519 1388 fastus
578 1342 880 1403 exspectat.
933 1332 1104 1388 Malus
1151 1343 1332 1388 autem
1381 1343 1568 1404 pastor
1591 1350 1715 1389 cum
1753 1337 1942 1390 eodem

353 1425 615 1494 propheta
648 1433 826 1493 potest
855 1424 1088 1494 lugendo
1116 1434 1379 1480 cantare:
1432 1444 1450 1478 ι
1491 1424 1608 1480 Non
1655 1427 1942 1497 parturivi,

357 1525 413 1570 et
448 1529 554 1568 non
585 1515 788 1584 peperi,
824 1523 879 1569 et
909 1530 1015 1568 non
1045 1516 1278 1569 enutrivi
1302 1516 1563 1585 juvenes,
1613 1534 1710 1572 nec
1741 1517 1806 1572 ad
1859 1519 1942 1572 in-

356 1613 694 1660 crementum
731 1605 957 1674 perduxi
1003 1605 1240 1674 virgines
1274 1605 1407 1676 (Isa.
1445 1606 1621 1678 χχιιι).
1662 1631 1680 1660 ι
1714 1607 1946 1664 Attende

353 1696 520 1750 etiam
549 1695 836 1765 diligenter
863 1696 1006 1766 quod
1044 1696 1097 1749 in
1143 1696 1384 1753 Levitieo
1420 1698 1654 1769 legitur:
1695 1721 1711 1750 ι
1747 1699 1939 1765 Omne,

2047 511 2160 566 sola
2193 511 2411 566 levitica
2441 512 2614 566 tribus
2637 513 2722 567 ad
2754 511 3092 566 sacerdotale
3119 513 3479 569 ministerium
3505 526 3629 571 tunc

2047 609 2166 655 erat
2205 601 2395 667 electa,
2425 604 2734 658 necessaria
2765 613 2896 659 tunc
2923 611 3044 657 erat
3073 606 3389 676 propagatio
3419 611 3630 679 generis

2046 694 2113 746 ad
2157 695 2591 749 conservandum
2634 695 2988 761 sacerdotalis
3034 695 3273 752 ofﬁcium
3315 699 3631 770 dignitatis,

2046 783 2186 838 sicut
2210 784 2264 850 in
2291 784 2536 840 Levitieo
2562 786 2862 842 Dominus:
2902 806 2921 840 ι
2956 787 3260 859 Virginem,
3291 790 3489 861 inquit,
3548 809 3634 849 Sa-

2043 874 2237 930 cerdos
2269 876 2432 932 ducet
2467 893 2693 932 uxorem
2725 896 2737 932 :
2779 879 3002 935 viduam
3025 921 3038 946 ,
3079 889 3135 936 et
3174 882 3546 950 repudiatam,
3581 895 3637 939 et

2043 967 2338 1031 sordidam,
2372 976 2537 1038 atque
2565 970 2909 1024 meretricem
2944 986 3049 1026 non
3078 972 3332 1040 accipiet,
3359 973 3452 1027 sed
3485 975 3636 1044 puel-

2045 1053 2151 1108 lam
2182 1055 2250 1108 de
2279 1056 2477 1126 popqu
2503 1073 2634 1122 suo;
2663 1075 2733 1113 ne
2762 1059 3118 1115 commisceat
3157 1061 3382 1130 stirpem
3421 1063 3634 1132 generis

2039 1145 2128 1198 sui
2173 1145 2332 1216 vulgo
2357 1148 2535 1216 gentis
2561 1164 2704 1214 sum;
2733 1151 2860 1219 quia
2883 1164 2986 1219 ego
3013 1151 3294 1214 Dominus,
3321 1154 3412 1221 qui
3436 1154 3633 1206 sancti-

2047 1238 2149 1293 ﬁco
2185 1254 2306 1292 eum
2336 1238 2526 1309 (Leuit.
2556 1240 2694 1312 xxi).
2735 1262 2753 1294 ι
2807 1242 2962 1296 Nunc
3007 1253 3184 1298 autem
3235 1247 3358 1313 quia
3390 1259 3456 1298 ex
3482 1246 3631 1300 onmi

2046 1330 2242 1401 populo
2287 1329 2598 1386 Christiano
2627 1332 2828 1401 passim
2855 1332 2915 1386 ﬁt
2953 1333 3305 1389 sacerdotalis
3331 1335 3543 1400 electio,
3579 1344 3632 1389 ct

2047 1425 2101 1474 in
2127 1421 2469 1490 promotione
2489 1422 2809 1476 clericorum
2839 1438 2945 1477 non
2971 1423 3248 1478 distinctio
3269 1427 3504 1494 generis,
3535 1427 3631 1482 sed

2045 1511 2408 1582 praerogativa
2451 1512 2718 1565 duntaxat
2773 1512 3081 1582 exquiritur
3123 1514 3469 1582 sanctitatis;
3507 1532 3630 1574 ces-

2046 1611 2170 1658 sant
2213 1603 2338 1672 jura
2373 1601 2610 1673 coujugii
2631 1642 2647 1669 ,
2687 1603 2812 1657 dum
2843 1604 3197 1673 pmcedcntis
3227 1605 3472 1660 aboletur
3496 1621 3628 1662 cen-

2046 1711 2172 1751 sura
2225 1697 2491 1761 mandati,
2540 1697 2681 1751 sicut
2731 1697 3021 1766 Apostolns
3072 1697 3136 1751 ad
3205 1697 3462 1755 Hebraea
3507 1699 3628 1754 ait:

357 1789 552 1858 inquit,
585 1788 806 1850 animal,
860 1791 1004 1858 quod
1049 1789 1136 1842 vel
1184 1791 1455 1861 contritis,
1476 1766 1568 1844 'vel
1619 1793 1809 1855 tunsis,
1861 1792 1942 1846 vel
1975 1766 2020 1824 Β
2053 1805 2072 1838 ‹
2106 1786 2434 1856 Reprobatio
2465 1787 2520 1840 ﬁt
2553 1787 2910 1856 prtecedcntis
2949 1789 3188 1841 mandati
3228 1798 3446 1858 propter
3475 1790 3627 1844 inﬁr-

356 1880 522 1934 sectis
548 1878 850 1948 ablatisque
878 1880 1146 1935 testiculis
1189 1889 1292 1944 est,
1319 1898 1424 1934 non
1451 1879 1692 1935 olTerctis
1714 1881 1942 1937 Domino

356 1971 548 2042 (Levii.
576 1972 736 2043 xxii).
780 1993 797 2023 ι

423 2063 596 2120 Porro
617 2065 660 2120 si
687 2074 835 2119 tanto
867 2068 1005 2120 Deus
1030 2066 1153 2121 odio
1181 2066 1343 2122 habet
1375 2066 1714 2123 sterilitatem
1740 2068 1791 2121 in
1826 2068 1944 2122 ani-

357 2156 588 2212 malibus
613 2156 811 2222 brutis,
839 2172 957 2226 qua:
984 2157 1086 2211 sibi
1111 2173 1209 2226 per
1225 2157 1558 2212 sacerdotale
1581 2158 1942 2212 ministerium

355 2245 678 2312 oﬁ'cruntur,
709 2257 914 2316 quanto
941 2249 1110 2317 magis
1140 2247 1281 2302 hanc
1310 2258 1634 2318 aspernatur
1666 2248 1719 2301 in
1756 2263 1940 2302 sacer—

356 2339 592 2403 dotibus,
621 2338 713 2408 qtti
737 2339 839 2393 sibi
879 2338 1212 2393 sacriﬁcium
1239 2336 1510 2393 oIIerunt?
1543 2338 1834 2401 Nitnirttm,
1885 2347 1944 2391 ut

353 2428 496 2483 sicut
533 2427 637 2483 illis
680 2428 846 2482 ﬁctus
897 2429 1134 2497 exigitur
1182 2429 1383 2492 carnis,
1417 2429 1490 2482 ita
1537 2429 1852 2484 sacerdotes
1887 2430 1941 2482 in

353 2517 492 2572 alios
537 2519 860 2588 propagines
897 2517 1206 2587 germinent
1237 2519 1564 2572 sanctitatis.
1607 2517 1761 2592 Tunc
1811 2533 1942 2587 ergo

350 2623 538 2662 coram
563 2608 762 2663 divinis
787 2607 1067 2663 obtutibus
1109 2616 1199 2664 tua
1243 2609 1470 2663 castitas
1510 2610 1861 2678 approbatur,
1897 2609 1941 2663 si

352 2711 410 2755 et
467 2701 520 2754 in
561 2700 791 2755 clericos
839 2711 958 2754 tuos
1007 2701 1360 2770 propagiuata
1405 2702 1722 2769 porrigitur.
1774 2700 1942 2754 Porro

355 2803 539 2846 autem
564 2791 710 2846 sicut
734 2791 862 2845 olim
898 2791 1040 2846 Deus
1059 2792 1407 2862 omnipotens
1436 2792 1502 2846 de
1532 2794 1742 2848 cunctis
1771 2793 1933 2847 tribu-

353 2887 454 2940 bus
483 2885 676 2948 levitas
709 2883 895 2953 elegit,
919 2892 978 2936 ttt
1027 2899 1124 2952 per
1154 2882 1351 2951 legales
1387 2885 1741 2939 cteremouias
1767 2885 1941 2940 Israe-

321 2975 556 3030 ‘liticam
585 2983 830 3046 regerent
860 2974 1070 3043 plebem
1099 2992 1112 3027 :
1163 2973 1235 3028 ita
1266 2975 1429 3028 etiam
1468 2975 1520 3028 in
1565 2975 1715 3030 Novo
1751 2975 1943 3030 Testa-

352 3075 538 3119 mento
578 3063 806 3118 clericos
851 3062 989 3129 sibi,
1032 3072 1293 3133 tanquam
1338 3063 1634 3119 familiares
1687 3066 1936 3131 adscivit,

352 3155 550 3225 quibus
584 3153 1010 3209 ecclesiasticam
1038 3154 1403 3209 committeret
1431 3155 1772 3226 dignitatem.
1802 3156 1939 3212 Dicit
1967 3153 2015 3179 "

351 3248 497 3302 enim
527 3246 742 3318 Moysi:
800 3266 819 3298 ι
857 3246 1172 3316 Applicabis
1218 3246 1411 3303 levitas
1455 3264 1639 3312 coram
1690 3250 1941 3306 taberna-

351 3337 476 3394 Culo
519 3337 765 3402 Rede-ris,
810 3347 1110 3392 convocata
1158 3338 1308 3393 omni
1336 3339 1682 3395 multitudine
1708 3340 1938 3396 ﬁliorum

351 3427 537 3483 Israel.
566 3427 811 3496 Cumque
831 3425 1008 3482 levita:
1027 3427 1232 3481 fuerint
1259 3442 1440 3482 coram
1464 3429 1714 3496 Domino,
1739 3442 1942 3500 ponent

323 3587 325 3590 η
355 3523 450 3578 ﬁlii
484 3521 651 3579 Israel
681 3537 875 3577 manus
921 3536 1048 3576 suas
1081 3536 1246 3591 super
1293 3539 1408 3588 eos,
1440 3533 1496 3577 et
1535 3523 1730 3580 offeret
1758 3525 1940 3580 Aaron

354 3614 566 3676 levitas,
599 3628 794 3666 munus
823 3613 877 3666 in
923 3622 1216 3682 conspectu
1256 3613 1468 3668 Domini
1511 3630 1541 3668 a
1586 3615 1710 3669 ﬁliis
1755 3616 1939 3681 Israel,

354 3716 415 3761 ιιι
445 3705 689 3760 serviant
735 3703 788 3758 in
836 3703 1137 3758 ministerio
1169 3703 1287 3773 ejus
1315 3703 1508 3776 (Num.
1544 3707 1683 3777 vui).
1727 3726 1745 3758 ι
1779 3708 1943 3781 396

357 3796 460 3859 ι)ὺί
493 3795 812 3860 notandum,
844 3797 969 3865 quia
997 3809 1122 3849 cum
1155 3796 1325 3850 dicit:
1365 3814 1383 3847 ι
1413 3796 1622 3852 Poncnt
1651 3799 1744 3852 lilii
1777 3799 1941 3854 Israel

359 3898 550 3939 manus
579 3898 706 3938 suas
734 3899 900 3952 super
923 3898 1035 3944 eos,
1065 3893 1120 3938 et
1145 3882 1335 3939 offeret
1372 3887 1548 3940 Aaron
1579 3886 1789 3953 levitas,
1821 3905 1941 3942 mu-

356 3991 460 4030 nus
497 3977 548 4030 iu
580 3985 880 4044 conspectu
909 3974 1121 4028 Domini
1155 3991 1184 4028 a
1226 3975 1351 4029 ﬁliis
1382 3975 1565 4042 Israel,
1603 3996 1619 4027 ι
1662 3979 1943 4033 evidenter

363 4075 609 4136 apparet,
635 4065 760 4134 ttuia
795 4064 1044 4118 leviticus
1083 4065 1217 4118 ordo
1248 4082 1442 4119 munus
1475 4067 1565 4120 Dei
1590 4080 1673 4122 est
1695 4086 1724 4120 a
1747 4070 1942 4138 populo

355 4162 566 4222 datttm,
614 4158 772 4226 eique
814 4157 868 4209 in
898 4157 1225 4210 sacriﬁcium
1257 4173 1353 4226 per
1396 4173 1615 4210 manum
1643 4162 1943 4214 sacerdotis

356 4245 616 4302 oblatum.

485 4333 615 4390 CAP.
645 4333 708 4387 Il.
735 4361 806 4376 —-
840 4331 1031 4386 Clerici
1057 4349 1201 4385 cura
1230 4337 1431 4403 populo
1453 4345 1808 4406 segregantur.

427 4425 567 4492 Quid
597 4439 727 4492 ergo
751 4422 862 4491 jatn
896 4431 1086 4485 restat,
1123 4423 1223 4476 nisi
1254 4432 1312 4476 ut
1342 4424 1400 4490 ii,
1429 4425 1521 4493 qui
1541 4423 1653 4492 jam
1679 4425 1786 4480 Deo
1814 4426 1940 4481 facti

359 4526 485 4573 sunt
513 4515 873 4580 sacriﬁcium,
907 4523 961 4568 et
1009 4531 1036 4565 a
1076 4515 1265 4569 mundi
1308 4515 1465 4583 hujus
1511 4517 1794 4587 servilibus
1834 4519 1943 4574 sint

356 4611 613 4680 operibus
635 4608 812 4672 liberi,
835 4616 890 4662 ct
908 4605 1039 4661 solis
1060 4605 1225 4660 divini
1256 4606 1545 4663 famulatus
1573 4619 1763 4664 vacent
1787 4610 1942 4667 obse-

358 4703 500 4771 quiis
536 4699 867 4770 mancipati?
901 4699 967 4754 Ut
994 4699 1122 4769 quid
1171 4701 1314 4753 enim
1342 4715 1369 4751 a
1426 4701 1619 4770 pepulo
1648 4718 1938 4774 segregan-

359 4806 462 4859 tur,
498 4806 550 4848 et
577 4810 773 4847 munus
807 4793 915 4848 Deo
963 4791 1269 4860 specialiter
1298 4794 1452 4861 ﬁunt,
1485 4795 1584 4848 nisi
1627 4806 1683 4848 ut
1715 4798 1938 4852 tll\lStllIt

357 4903 384 4937 a
422 4885 618 4953 popqu
641 4883 852 4937 vivendi
883 4883 1121 4952 regulam
1148 4893 1385 4949 teneant,
1413 4895 1467 4940 et
1493 4891 1829 4945 czcrcmoniis
1857 4891 1935 4944 di-

359 4978 495 5029 vinae
523 4975 654 5046 legis
676 4973 876 5044 jugitcr
897 4973 1228 5028 excubantes
1255 4975 1536 5030 insistant?
1561 4978 1711 5034 Unde
1733 4991 1784 5034 et
1809 4983 1934 5036 alibi

357 5070 527 5123 dicit:
568 5088 586 5118 ιι
626 5067 736 5138 Ego
767 5067 858 5119 tuli
890 5066 1080 5120 levitas
1121 5082 1148 5118 ιι
1186 5066 1308 5120 ﬁliis
1338 5067 1501 5122 Israel
1531 5087 1627 5139 pro
1654 5074 1798 5126 omni
1830 5076 1938 5144 pri-

360 5159 647 5229 mogenito.
678 5159 764 5227 qui
797 5158 969 5226 aperit
992 5156 1204 5210 vulvam
1231 5157 1281 5211 in
1310 5159 1434 5214 ﬁliis
1457 5161 1639 5224 Israel,
1671 5175 1936 5232 eruntque

363 5249 536 5302 levitae
589 5250 688 5302 mei
743 5247 928 5318 (Nam.
976 5240 1135 5319 ιιι).’›
1191 5247 1296 5302 Sed
1341 5266 1462 5304 cum
1512 5252 1594 5305 lex
1647 5253 1732 5306 illa
1777 5253 1938 5309 fuerit

360 5340 482 5390 data
525 5354 620 5406 per
662 5354 896 5403 sci-vum,
930 5339 1239 5409 evangelica
1274 5355 1401 5392 vero
1437 5342 1606 5410 gratia
1643 5343 1714 5396 sit
1744 5346 1934 5399 collata

358 5446 454 5497 per
487 5429 772 5483 Dominum
803 5450 812 5482 :
850 5446 1071 5484 necesse
1100 5439 1203 5493 est,
1243 5441 1301 5484 ut
1331 5432 1475 5485 aliud
1510 5443 1635 5487 tunc
1684 5453 1714 5488 a
1765 5437 1938 5494 levitis

361 5520 679 5590 Synagogae,
717 5521 861 5573 aliud
894 5537 1033 5574 nunc
1070 5537 1098 5574 a
1136 5522 1349 5577 clericis
1379 5523 1628 5593 exigatur
1661 5524 1936 5583 Ecclesiae.

359 5612 467 5666 Illis
493 5611 757 5681 siquidem
786 5628 882 5681 pro
913 5613 1174 5680 qualitate
1204 5615 1460 5682 temporis
1490 5618 1940 5686 permittebantur

355 5702 475 5772 jura
514 5686 786 5770 conjugii:
841 5703 957 5757 istis
1008 5718 1134 5757 vero
1166 5706 1510 5774 pl‘arcipilttl‘,
1551 5717 1607 5762 ut
1643 5725 1670 5763 a
1706 5715 1939 5770 carnalis

2045 1876 2285 1929 mitatem
2313 1873 2450 1943 ejus,
2483 1885 2537 1930 et
2586 1875 2932 1931 inutilitatem
2961 1895 2973 1930 :
3022 1878 3155 1932 nihil
3186 1879 3329 1932 enim
3356 1879 3423 1934 ad
3451 1880 3630 1950 perfe-

2043 1974 2187 2020 ctum
2216 1967 2532 2022 adducitle—x
2555 1966 2746 2038 (Hebr.
2778 1967 2897 2037 vn).
2931 1988 2948 2019 ι
2977 1963 3041 2022 Ει
3068 1969 3225 2038 paulo
3249 1980 3364 2039 post
3389 1989 3409 2025 ιε
3447 1970 3630 2027 «Nune

2045 2067 2224 2112 autem
2248 2057 2500 2113 Christus
2517 2067 2666 2112 tanto
2684 2059 2876 2113 melius
2897 2061 3122 2114 sortitus
3142 2069 3223 2115 est
3242 2063 3627 2129 ministerium,

2043 2157 2246 2216 quanto
2282 2159 2340 2202 et
2368 2149 2610 2203 melioris
2641 2150 2955 2203 testamenti
2984 2151 3251 2205 mediator
3279 2162 3382 2208 est.
3423 2151 3558 2208 Nam
3585 2155 3628 2208 si

2044 2237 2174 2291 illud
2211 2238 2363 2307 prius
2393 2237 2548 2307 culpa
2580 2248 2847 2301 vacasset,
2883 2254 2990 2293 non
3021 2241 3207 2310 utique
3233 2243 3453 2297 secundi
3483 2242 3628 2299 locus

2044 2326 2416 2396 inquireretur
2447 2327 2633 2399 (Hebr.
2666 2330 2805 2400 vin).
2829 2347 2846 2382 ι
2885 2329 2999 2385 Hoc
3026 2340 3205 2386 autem.
3233 2342 3457 2404 propter
3489 2333 3628 2401 illos,

2043 2433 2136 2487 qut
2191 2419 2398 2484 dicunt,
2446 2421 2573 2489 quia
2633 2421 2676 2475 si
2732 2422 3044 2476 sacerdotes
3096 2422 3300 2478 nubere
3353 2436 3629 2492 peccatqu

2044 2515 2206 2574 esset,
2241 2523 2582 2578 nequaquam
2613 2511 2717 2565 hoc
2744 2511 2798 2565 in
2846 2511 2962 2582 lege
2993 2513 3162 2566 veteri
3209 2511 3462 2568 Dominus
3490 2531 3628 2585 prze-

2047 2599 2300 2668 ccpisset.
2331 2599 2437 2654 Sed
2466 2601 2556 2669 qui
2591 2602 2694 2656 hoc
2723 2602 2931 2668 dicunt,
2969 2604 3156 2672 procul
3195 2605 3359 2659 dubio
3385 2607 3511 2676 quid
3533 2623 3624 2662 ca-

2047 2691 2241 2744 nonica
2275 2692 2534 2746 decernat
2562 2694 2860 2748 auctoritas
2891 2704 2984 2748 aut
3033 2695 3306 2763 nesciunt,
3334 2708 3426 2751 aut
3449 2714 3507 2754 se
3530 2700 3602 2753 fal

2044 2779 2236 2834 Iaciter
2280 2783 2530 2852 ignorare
2555 2784 2893 2851 conﬁngunt.
2930 2784 3038 2840 Nos
3066 2786 3254 2856 plane,
3289 2789 3513 2858 quilibet
3547 2791 3633 2844 ui-

2045 2871 2242 2924 mirum
2266 2874 2580 2942 apostolica:
2618 2875 2764 2930 sedis
2793 2878 2994 2943 aeditui,
3032 2879 3136 2934 hoc
3173 2895 3267 2949 per
3306 2897 3493 2938 omnes
3528 2899 3632 2953 pll-

2045 2963 2184 3018 blice
2208 2965 2596 3020 conciouamur
2622 2967 2916 3034 Eeclesias,
2949 2980 3007 3023 ut
3034 2986 3193 3025 nemo
3225 2972 3418 3028 missas
3443 2989 3473 3027 a
3506 2990 3635 3042 pre-

2050 3053 2288 3122 sbytero,
2333 3069 2439 3108 non
2481 3055 2829 3125 Evangelium
2858 3073 2888 3110 a
2921 3059 3185 3130 diacono,
3238 3075 3344 3115 non
3395 3061 3632 3130 denique

2046 3143 2338 3212 Epistolam
2364 3160 2393 3198 a
2418 3147 2755 3217 subdiacouo
2773 3163 2996 3217 prorsus
3021 3152 3227 3215 audiat,
3255 3166 3390 3220 quos
3415 3151 3631 3208 misceri

2044 3232 2262 3288 feminis
2317 3251 2421 3289 non
2475 3237 2703 3306 ignorat.
2747 3238 2814 3293 Et
2843 3253 2909 3292 ne
2947 3240 2998 3294 id
3027 3255 3186 3310 agere
3231 3257 3511 3310 perperam
3553 3243 3634 3296 vi-

2043 3327 2288 3392 deamur,
2343 3344 2738 3398 apponeremns
2773 3333 2978 3402 aliquot
3039 3337 3336 3390 sententias
3384 3335 3629 3402 Patrum,
3667 3335 3669 3337 ’

2044 3416 2145 3470 nisi
2195 3417 2506 3486 prohiberet
2548 3420 2841 3488 epistolam
2898 3425 3296 3492 compendium.
3342 3424 3449 3484 Sed
3498 3428 3628 3494 quia

2044 3507 2246 3562 nostris
2298 3509 2477 3563 vetbis
2523 3509 2658 3565 ﬁdes
2705 3526 2810 3566 non
2857 3513 3017 3567 aliter
3068 3514 3386 3582 adhibetur,
3437 3530 3625 3571 eorum

2044 3615 2214 3668 pauca
2249 3599 2439 3653 saltem
2467 3602 2711 3668 ponenda
2744 3612 2870 3657 sunt
2903 3605 3208 3670 testimonia
3232 3647 3245 3669 ,
3283 3616 3341 3660 ut
3374 3623 3470 3677 per
3515 3609 3629 3661 llil't'.

2042 3705 2163 3758 qua:
2229 3707 2371 3745 nunc
2430 3691 2592 3761 397
2650 3703 2945 3747 occurrunt
3005 3697 3312 3757 memorite,
3373 3696 3630 3768 colligant

2043 3795 2241 3853 quanta
2271 3785 2504 3847 valeant,
2533 3785 2578 3839 si
2607 3787 2939 3854 qua-sierint,
2973 3787 3026 3841 in
3067 3789 3196 3858 ipsis
3239 3790 3516 3845 codicibus
3543 3791 3629 3845 in-

2042 3876 2246 3928 venire.

2112 3988 2168 4042 In
2208 3989 2413 4058 ‘primis
2465 3990 2676 4061 itaque,
2727 3992 2854 4060 quid
2897 3993 3171 4060 apostolus
3202 3993 3437 4050 Jacobus
3466 4009 3629 4066 super

2045 4079 2147 4133 hoc
2178 4081 2392 4148 negotio
2428 4081 2586 4135 beato
2637 4080 2899 4136 Clementi
2962 4083 3155 4153 (Epist.
3207 4085 3263 4153 2)
3331 4085 3627 4156 scripserit,

2043 4157 2325 4223 audia‘iuus
2367 4188 2381 4224 :
2432 4190 2448 4221 ι
2485 4169 2732 4234 Ministri,
2789 4172 2980 4241 inquit,
3042 4173 3250 4239 altaris,
3304 4175 3627 4248 presbyteri,

2043 4258 2158 4312 sive
2187 4259 2400 4312 diaconi
2439 4261 2505 4315 ad
2539 4261 2816 4316 Dominica
2851 4263 2984 4318 tales
3013 4263 3281 4334 eligantur
3303 4265 3500 4334 cilicia,
3533 4268 3625 4338 qui

2043 4358 2167 4402 ante
2198 4352 2592 4406 ordinationem
2622 4352 2903 4423 conjugetn
2926 4370 3079 4408 suam
3107 4356 3457 4427 reliquerunt.
3477 4357 3629 4425 Quod

2046 4444 2090 4494 si
2150 4451 2270 4512 post
2322 4443 2718 4498 ordinationem
2777 4446 3028 4500 ministro
3078 4448 3368 4518 contigerit
3398 4449 3631 4520 propria:

2051 4532 2305 4587 invadere
2337 4533 2512 4588 cubile
2550 4537 2768 4600 uxoris,
2795 4537 3017 4590 sacrarii
3056 4554 3162 4591 non
3210 4540 3373 4593 intret
3418 4540 3628 4606 limina,

2052 4640 2148 4678 nec
2177 4625 2425 4680 sacriﬁcii
2460 4627 2691 4694 pontitor
2720 4627 2845 4693 ﬁat,
2879 4644 2976 4682 nec
3008 4629 3176 4684 altare
3206 4632 3504 4703 contingat,
3531 4650 3630 4688 nec

2050 4717 2115 4768 ab
2144 4715 2494 4771 offerentibus
2529 4717 2826 4772 holocattsti
2852 4719 3178 4773 oblationem
3221 4723 3502 4792 suscipiat,
3531 4740 3630 4780 nec

2048 4807 2112 4857 ad
2141 4807 2405 4860 Dominici
2431 4809 2676 4876 corporis
2699 4811 3005 4878 portionem
3037 4814 3279 4880 accedat,
3306 4830 3502 4884 aquam
3539 4832 3626 4871 sa-

2047 4899 2324 4952 cerdotum
2366 4901 2602 4972 porrigat
2637 4902 2906 4968 manibus,
2933 4905 3069 4958 ostia
3116 4907 3419 4963 forinsecus
3477 4909 3630 4964 clau-

2045 4989 2155 5053 dat,
2191 4991 2396 5044 minora
2439 5004 2590 5061 gerat
2618 4992 2810 5058 ofﬁcia,
2841 5010 3061 5049 urceum
3095 5014 3226 5051 sane
3249 4999 3315 5052 ad
3333 4999 3629 5056 salutarem

2043 5081 2264 5136 calicem
2298 5100 2403 5136 non
2441 5094 2708 5154 suggerat.
2733 5107 2750 5136 ι
2769 5087 3017 5142 Aurelius
3035 5105 3160 5143 vero
3185 5090 3631 5161 Carthaginensis

2041 5171 2326 5242 episcopus
2350 5173 2481 5228 iutet
2510 5184 2703 5229 ca'lera
2731 5175 2808 5230 sic
2835 5177 2910 5230 ait
2931 5177 3360 5251 (conc.Cart/mg.
3380 5170 3438 5247 tt,
3457 5199 3505 5236 c.
3524 5183 3582 5254 2)
3613 5198 3629 5238 :

2049 5283 2064 5311 ι
2128 5263 2332 5318 Placuit
2377 5281 2561 5318 sacros
2609 5266 2879 5322 antistites
2932 5284 2996 5323 ac
3035 5268 3128 5323 Dei
3170 5263 3498 5336 sacerdotes,
3530 5289 3631 5328 nec

2045 5368 2148 5404 non
2175 5363 2228 5406 et
2259 5353 2468 5417 levitas,
2498 5355 2577 5407 vel
2605 5358 2692 5424 qui
2712 5359 3067 5411 sacramentis
3089 5359 3285 5413 divinis
3310 5361 3628 5426 inserviunt,

2043 5445 2384 5497 continentes
2407 5461 2525 5498 esse
2561 5445 2613 5498 in
2645 5447 2917 5511 omnibus,
2957 5466 3062 5519 quo
3112 5452 3317 5520 possint
3369 5452 3629 5520 sitnplici~

2045 5545 2126 5589 ιρι·
2166 5537 2308 5604 quod
2341 5552 2369 5589 a
2404 5536 2511 5590 Deo
2540 5538 2817 5606 p05tulant
2868 5539 3192 5609 itnpetrate;
3251 5554 3306 5595 ttt
3331 5548 3472 5611 quod
3499 5561 3626 5614 apo-

2044 5626 2162 5678 stoli
2211 5626 2530 5687 docuerunt.
2579 5637 2630 5682 et
2689 5628 2804 5696 ipsa
2868 5632 3103 5684 servavit
3165 5633 3482 5702 antiquitas,
3527 5650 3626 5689 nos

2045 5732 2255 5786 quoque
2311 5718 2701 5773 custodiamus.
2752 5741 2768 5772 ι
2819 5720 3106 5776 Faustinus
3142 5724 3303 5778 etiam
3345 5724 3624 5791 cpiscopus
