4080 6194
478 354 564 408 θοι

1147 352 1385 409 OPUSC.
1434 354 1614 408 XV'lll.
1650 385 1719 394 -—
1757 353 2033 410 CONTRA
2072 352 2648 409 INTEMPERANTES
2685 354 3034 411 CLERICOS.

3621 356 3730 409 402

474 466 721 521 Εειτιεείειι
741 466 1017 519 Pontlana:
1045 465 1502 537 [al.,Poteutin:e]
1528 467 1817 534 provincia:
1842 466 2048 529 Piceni,
2079 473 2123 528 Α
2157 464 2404 527 lectores,
2435 473 2792 533 cantoresqne
2822 464 3213 518 tantummodo.
3259 484 3277 517 ι
3316 466 3427 520 Sed
3450 474 3513 520 tet
3540 467 3729 522 beatus

472 560 674 625 legatus
705 555 959 607 Romana:
980 554 1395 619 Ecclesim,dixit
1419 556 1586 625 (conc.
1616 555 1794 609 Carm.
1823 573 1883 620 tt,
1908 557 2048 625 c3):

476 663 493 690 ι
517 644 696 697 Placet
717 653 774 696 ut
804 645 1107 711 cpiscopus,
1126 645 1409 715 presbyter
1428 655 1482 700 et
1503 647 1780 711 diaconus,
1795 648 1949 717 et-qui
1968 663 2053 700 sa-

470 748 686 788 eratnen
696 742 745 786 ta
757 743 1113 799 contrectant,
1135 736 1406 804 pudicitiae
1418 738 1688 801 custodes,
1705 739 1772 791 ab
1795 740 2051 793 uxoribus

471 840 528 878 se
559 824 885 878 abstineant.
916 845 935 877 ι
965 825 1047 880 Ab
1068 826 1334 881 universis
1356 827 1620 896 episcopis
1676 829 1878 882 dictum
1926 839 2008 883 est
2034 844 2049 881 :

476 936 495 967 σ
522 915 727 979 Placet,
779 926 838 969 ut
888 917 943 969 in
995 917 1247 971 omnibus
1293 927 1348 972 et
1387 919 1458 973 ab
1506 920 1756 974 omnibus
1794 920 2051 988 pudicitia

470 1010 806 1063 custodiatur
841 1010 930 1079 qui
963 1009 1117 1064 altari
1149 1012 1409 1065 serviunt.
1442 1032 1461 1064 ι

539 1101 595 1154 In
636 1102 1048 1171 Carthaginensi
1079 1120 1292 1174 quoque
1328 1107 1559 1162 concilio
1602 1108 1795 1163 iterum
1852 1109 2050 1165 dicitur

469 1190 637 1259 (conc.
672 1190 921 1260 Carthag.
952 1208 1005 1253 ν.
1038 1209 1087 1248 c.
1118 1194 1216 1263 5):
1255 1213 1273 1245 ι
1317 1194 1583 1251 Praeterea
1622 1212 1748 1252 cum
1796 1200 1862 1253 de
1915 1216 2054 1269 quo-

471 1283 715 1336 rumdam
745 1284 1091 1348 clericorum.
1117 1287 1367 1354 quamvis
1396 1286 1679 1353 lectorum,
1699 1305 1825 1358 erga
1852 1305 2048 1346 uxores

472 1374 716 1441 proprias
758 1374 1146 1430 incontinentia
1172 1376 1498 1443 referretur;
1538 1379 1739 1448 placuit
1768 1381 2048 1451 episcopos

471 1471 527 1515 et
553 1465 917 1533 presbyteros,
949 1476 1005 1520 et
1042 1467 1301 1523 diaconos
1327 1470 1623 1523 secundum
1669 1471 1888 1541 propria
1939 1482 2050 1526 sta-

472 1562 585 1608 tuta
616 1556 780 1609 etiam
818 1557 885 1610 ab
920 1558 1180 1612 uxoribus
1228 1561 1528 1615 continere.
1573 1562 1726 1627 Quod
1766 1564 1866 1617 nisi
1902 1564 2047 1617 fece-

471 1644 602 1708 rint,
631 1644 699 1697 ab
721 1645 1087 1701 ecclesiastico
1110 1661 1486 1704 removeantur
1512 1650 1703 1705 ollicio.
1738 1671 1755 1704 ι
1801 1653 1861 1706 in
1886 1669 2048 1709 cano-

472 1736 631 1791 nibus
667 1736 1034 1805 apostolorum
1073 1740 1273 1793 dicitur
1322 1758 1334 1793 :
1400 1762 1419 1792 ι
1491 1742 1564 1797 De
1621 1744 2048 1814 presbyteris'et

2155 555 2447 623 Gregorius
2468 554 2629 609 Petro
2651 556 2979 617 subdiacono
3004 556 3301 621 mandavit,
3325 557 3512 612 dicens
3534 557 3725 628 (Gneo.

2152 642 2277 713 Reg.
2313 644 2402 698 lib.
2428 660 2475 698 t.
2500 659 2584 713 ep.
2617 645 2748 714 42):
2779 663 2798 695 ς
2834 646 2971 699 Ante
3025 645 3311 699 triennium
3374 648 3731 704 subdiaconus

2151 733 2389 787 omnium
2438 733 2801 787 Ecelesiarum
2851 733 3049 789 Ciliciae
3097 735 3355 804 pronibiti
3409 735 3645 802 fuerant,
3672 747 3734 792 ut

2152 839 2302 877 more
2340 823 2597 878 Rotnante
2630 824 2911 887 Ecclesiae,
2954 826 3068 880 suis
3121 826 3381 879 uxoribus
3428 827 3733 883 nullatenus

2150 913 2529 967 miscerentur.
2561 912 2712 977 Quod
2752 914 2883 967 nti-bi
2930 914 3122 968 durum
3173 924 3334 983 atque
3365 916 3732 986 incompetens

2068 1074 2081 1079 ε
2150 1004 2387 1067 videtur,
2419 1003 2596 1082 ututti
2621 1016 2774 1057 usum
2804 1003 3046 1072 eiusdem
3076 1006 3425 1060 continentia:
3448 1021 3553 1060 non
3586 1006 3736 1061 inve—

2151 1096 2263 1159 nit,
2295 1112 2471 1164 ueqne
2499 1098 2807 1152 castitatem
2844 1107 2971 1152 ante
2995 1100 3297 1169 proposuit,
3319 1100 3673 1171 compellatur
3700 1114 3731 1153 a

2149 1202 2243 1241 sua
2277 1202 2445 1241 uxore
2464 1189 2723 1257 separari,
2753 1198 2915 1258 atque
2955 1205 3051 1259 per
3081 1190 3201 1255 hoc,
3226 1191 3371 1260 quod
3397 1190 3563 1256 absit,
3583 1192 3733 1246 dete-

2152 1279 2265 1332 rius
2316 1279 2496 1332 cadat.
2552 1276 2708 1334 Unde
2750 1279 2961 1333 videtur
3002 1280 3155 1345 milti,
3186 1290 3243 1335 ut
3291 1296 3323 1333 a
3367 1280 3614 1349 praesenti
3646 1280 3734 1335 die

2147 1371 2396 1425 omnibus
2423 1371 2692 1440 episc0pis
2723 1372 2968 1435 dicatur,
3034 1380 3091 1429 ut
3127 1371 3326 1426 nullum
3367 1373 3548 1427 facere
3602 1372 3734 1427 sub-

2150 1463 2435 1516 diaconum
2467 1473 2821 1533 przcsumant,
2868 1464 2968 1517 nisi
3020 1464 3110 1532 qui
3164 1479 3222 1517 se
3271 1465 3537 1518 victurum
3586 1471 3730 1517 caste

2148 1554 2482 1621 promiserit,
2512 1563 2778 1621 quatenus
2804 1563 2858 1608 et
2891 1554 3183 1621 prieterita,
3206 1569 3326 1622 qua:
3357 1569 3453 1621 per
3482 1552 3728 1622 proposi-

2150 1653 2263 1697 tum
2298 1644 2497 1697 mentis
2549 1644 2785 1713 appetita
2821 1658 2926 1697 nou
2974 1654 3120 1708 sunt,
3148 1644 3408 1698 violenter
3453 1658 3559 1697 non
3609 1642 3730 1697 exi-

2149 1745 2362 1804 gantur,
2391 1745 2445 1789 et
2476 1736 2653 1788 futura
2706 1744 2867 1789 caute
2913 1743 3227 1789 caveantur.
3286 1733 3389 1801 Qui
3431 1746 3563 1789 vero
3608 1741 3730 1802 post

471 1828 791 1882 diaconibus
826 1829 1131 1883 divinarum
1175 1831 1351 1900 legum
1397 1843 1479 1886 est
1533 1834 1812 1903 disciplina
1835 1876 1847 1898 ,
1879 1845 1939 1887 ut
1969 1836 2052 1889 in—

2156 1826 2400 1880 eamdein
2448 1826 3028 1893 probibitionem,qute
3072 1836 3198 1879 ante
3248 1825 3542 1878 triennium
3588 1823 3732 1878 facta

470 1919 816 1974 continentes
868 1922 921 1975 in
975 1921 1164 1976 ofﬁciis
1214 1924 1408 1979 talibus
1438 1926 1626 1993 [NlSili,
1662 1928 1806 1980 omni
1850 1928 2055 1983 honore

470 2008 849 2064 ecclesiastico
891 2012 1173 2079 priventur
1211 2032 1223 2065 :
1269 2029 1367 2068 nec
1416 2014 1770 2069 admittuntur
1831 2017 1895 2069 ad
1949 2018 2055 2072 tale

473 2098 857 2164 ministerium,
877 2101 1017 2168 quod
1046 2101 1157 2154 sola
1182 2102 1517 2157 continentia
1539 2115 1752 2171 oportet
1778 2105 2004 2173 impleri.
2030 2125 2049 2157 ›

471 2190 614 2243 Idem
644 2192 737 2259 qui
769 2206 948 2259 supra,
976 2193 1230 2247 videlicet
1258 2195 1698 2263 Carthaginiensis
1726 2197 2011 2266 episcopus
2036 2214 2049 2250 :

477 2297 496 2329 ι
538 2281 877 2345 Audivimus,
903 2282 1095 2351 inquit,
1148 2283 1346 2338 fratres
1387 2286 1715 2351 charissimi,
1766 2299 2054 2357 prieterea,

470 2372 612 2441 quod
659 2375 1019 2441 quorumdam
1068 2377 1408 2439 clericorum,
1461 2381 1711 2448 quamvis
1767 2381 2050 2445 lectorum,

471 2476 596 2529 erga
629 2477 828 2517 uxores
859 2465 1103 2533 proprias
1132 2466 1525 2521 incontinentia
1570 2479 1909 2533 reservetur;
1941 2471 2054 2539 pla-

471 2551 772 2620 cuit,quod
800 2562 854 2605 et
900 2553 953 2605 in
1003 2554 1232 2609 diversis
1300 2557 1543 2611 conciliis
1597 2557 1866 2611 ﬁrmatum
1925 2564 2052 2624 est,

476 2652 535 2695 ut
568 2642 903 2708 subdiaconi,
938 2648 1028 2714 qui
1080 2663 1235 2702 sacra
1291 2652 1543 2719 mysteria
1592 2661 1965 2717 contrectant,
1998 2663 2054 2708 et

478 2734 705 2799 diaconi,
723 2746 778 2789 et
806 2738 1123 2808 presbyteri,
1151 2742 1243 2795 sed
1268 2753 1321 2796 et
1342 2744 1576 2814 episcopi
1606 2747 1899 2801 secundum
1930 2762 2055 2816 prec

473 2828 587 2894 pria
618 2838 815 2882 statuta
847 2832 1007 2885 etiam
1068 2836 1134 2887 ab
1193 2837 1453 2891 uxoribus
1502 2854 1561 2892 se
1610 2840 1937 2905 contineant,
1994 2853 2057 2896 ut

481 2926 735 2988 tanquam
789 2938 892 2976 non
949 2925 1208 2981 habentes
1253 2928 1692 2985 videanturcsse.
1748 2932 1898 2999 Quod
1948 2936 2053 2990 nisi

475 3010 719 3075 fecerint,
770 3014 838 3067 ab
895 3015 1262 3072 ecclesiastico
1325 3031 1707 3076 removeantur
1768 3024 1962 3080 oiiicio.
2026 3045 2046 3079 ι

479 3102 712 3162 Ceteros
736 3117 911 3164 autem
940 3109 1167 3165 clericos
1199 3114 1263 3166 ad
1291 3112 1391 3167 hoc
1418 3130 1525 3168 non
1566 3117 1701 3189 cogi,
1733 3118 1835 3173 nisi
1869 3129 2047 3174 matu-

479 3195 601 3249 riori
634 3205 811 3261 (etate.
840 3199 919 3253 Ab
948 3201 1197 3255 universo
1228 3205 1455 3259 concilio
1482 3207 1682 3261 dictum
1704 3218 1788 3264 r-st
1820 3227 1831 3261 :
1866 3228 1884 3261 ς
1918 3210 2049 3275 Quae

478 3294 649 3339 vestra
676 3290 933 3344 sanctitas
956 3301 1037 3345 est
1058 3293 1202 3362 juste
1226 3296 1519 3361 moderata,
1542 3306 1594 3351 et
1624 3308 1837 3363 sancta,
1858 3305 1911 3354 et
1941 3300 2050 3353 Deo

479 3376 667 3442 placita
698 3389 843 3446 sunt,
872 3383 1272 3437 confirmamus.
1308 3406 1324 3437 ι
1363 3385 1499 3451 Sed,
1530 3397 1589 3442 ut
1622 3390 1895 3445 valeamus
1939 3393 2050 3446 cvi-

479 3475 591 3519 tare
624 3466 921 3533 fastidium,
957 3472 1180 3527 sullicia!
1216 3483 1422 3530 tantum
1450 3478 1511 3531 de
1547 3480 1677 3533 solis
1706 3482 2059 3537 subdiaconis

480 3558 604 3625 quid
634 3567 906 3614 statuatur
930 3562 1213 3624 inducere:
1246 3575 1321 3629 ut,
1347 3582 1531 3620 eorum
1556 3586 1804 3623 mensura
1820 3572 2046 3643 diligen-

482 3657 560 3701 tcr
585 3650 845 3718 inspecta,
871 3653 936 3708 de
958 3656 1329 3724 superioribus
1359 3661 1613 3729 gradibus
1653 3664 1854 3717 nemini
1893 3666 2052 3720 liccat

480 3740 743 3797 dubitare.

548 3829 603 3883 ln
638 3832 855 3887 decreto
882 3850 1097 3904 quoque
1122 3839 1316 3893 Leonis
1349 3856 1498 3909 papte
1530 3842 1628 3898 hoc
1673 3844 1815 3899 inter
1856 3856 2049 3901 crctera

481 3921 748 3987 reperitur
808 3922 1025 3990 (LEONIS
1054 3941 1202 3995 papa:
1247 3946 1326 3996 ep.
1366 3930 1470 3994 82,
1501 3932 1569 3982 ad
1603 3932 1787 3985 Anast.
1845 3933 2055 3997 Thess,

481 4026 524 4062 c.
572 4012 626 4081 3)
664 4027 681 4065 τ
727 4032 747 4063 r
778 4013 908 4068 Nam
952 4032 1074 4070 cum
1117 4028 1270 4072 extra
1301 4021 1617 4075 clericorum
1646 4024 1888 4078 ordinem
1917 4041 2049 4080 con-

482 4102 704 4167 stitutis,
732 4106 1040 4173 nuptiarum
1064 4110 1329 4177 societati,
1356 4120 1409 4165 et
1433 4114 1793 4179 procreationi
1819 4115 2053 4171 ﬁliorum

481 4194 695 4247 studere
710 4195 781 4249 sit
801 4195 1026 4251 liberum
1053 4200 1370 4265 arbitrium;
1407 4203 1471 4255 ad
1493 4204 1849 4260 exhibendam
1874 4216 2051 4262 tamen

483 4284 731 4351 perfectae
768 4290 1113 4344 continentiae
1140 4291 1305 4363 398
1344 4295 1653 4362 puritatem,
1692 4314 1791 4352 nec
1833 4301 2053 4355 subdia-

482 4376 631 4429 couis
656 4377 872 4445 quidem
895 4381 1223 4436 comtubinm
1250 4385 1470 4439 carnale
1498 4390 1813 4443 conceditur
1837 4409 1848 4443 :
1884 4403 1941 4445 ttt
1964 4394 2052 4461 qui

2078 3157 2125 3219 C

2156 1924 2265 1979 est,
2289 1917 2630 1970 continenter
2663 1932 2787 1969 cum
2820 1916 2933 1970 suis
2970 1915 3293 1985 conjugibus
3322 1916 3588 1979 vixerunt,
3619 1914 3733 1969 lau-

2157 2009 2316 2061 dandi
2350 2021 2511 2077 atque
2564 2008 2945 2063 remunerandi
2974 2016 3197 2071 sunt,ct
3242 2017 3305 2061 ut
3346 2008 3399 2061 in
3446 2008 3587 2062 bono
3634 2022 3733 2062 suo

2155 2108 2506 2167 permaneant
2554 2100 2900 2153 exhortandi.
2932 2098 3037 2154 Eos
3068 2108 3251 2153 autem
3275 2100 3365 2168 qui
3394 2109 3515 2167 post
3541 2099 3727 2168 probi-

2157 2193 2413 2247 bitionem
2441 2193 2636 2248 lactant
2673 2209 2731 2248 se
2758 2209 2788 2246 a
2820 2196 2933 2249 suis
2962 2192 3221 2247 uxoribus
3248 2192 3527 2246 continere
3550 2190 3732 2246 nolue-

2158 2292 2303 2345 runt,
2335 2284 2618 2351 pervenire
2647 2283 2713 2336 ad
2744 2299 2957 2338 sacrum
2983 2284 3231 2339 ordinem
3280 2282 3549 2338 uolumus.
3595 2280 3731 2349 Quia

2158 2375 2340 2430 nullus
2378 2376 2537 2430 debet
2576 2377 2641 2430 ad
2672 2376 3030 2430 ministerium
3082 2377 3275 2430 altaris
3322 2376 3598 2441 accedere,
3632 2374 3735 2429 nisi

2156 2466 2310 2534 cujus
2348 2467 2575 2520 castitas
2629 2476 2756 2519 ante
2805 2476 3115 2535 susceptum
3172 2466 3530 2521 ministerium
3576 2465 3737 2520 fuerit

2155 2559 2401 2626 probata.
2444 2578 2461 2608 ι
2998 2542 3005 2549 ’
3154 2558 3157 2559 ⁷

2331 2646 2458 2700 Car.
2500 2645 2585 2699 ΙΙΙ.
2613 2676 2681 2685 -
2712 2645 3038 2701 ϐΙιι-ἰεοηωι
3077 2647 3252 2715 inepta
3296 2645 3553 2715 defensio.
3646 2714 3651 2719 λ

2228 2736 2337 2791 Sed
2362 2751 2459 2790 cur
2488 2750 2589 2805 ego
2617 2736 2683 2790 ad
2713 2735 3113 2790 coacervandos
3154 2748 3394 2789 canones
3425 2732 3566 2788 ultra
3604 2748 3735 2803 pro-

2154 2829 2393 2897 gredior,
2446 2828 2881 2897 quandoquidem
2948 2828 3049 2882 bos
3104 2828 3359 2898 ignorare
3421 2827 3523 2896 ipsi
3570 2829 3736 2882 etiam

2155 2931 2449 2991 nequeunt,
2502 2922 2592 2991 qui
2651 2921 2856 2975 tumida
2900 2920 3157 2974 adversus
3187 2934 3279 2973 eos
3308 2917 3738 2974 cervice‘conlli-

2158 3013 2325 3080 gent?
2380 3012 2682 3081 Aliquando
2708 3026 2833 3067 cum
2873 3026 2957 3065 me
2984 3010 3284 3065 Laudeusis
3315 3009 3569 3064 Ecclesia
3596 3008 3737 3063 tauri

2154 3106 2382 3176 pingues
2410 3114 2622 3159 armata
2656 3104 3060 3172 conspiratione
3088 3102 3381 3166 vallarent,
3407 3118 3473 3156 ac
3524 3100 3734 3155 furioso

2154 3197 2387 3266 strepitu
2451 3196 2603 3249 vituli
2678 3195 2830 3248 multi
2906 3194 3297 3247 tumultuantes
3364 3190 3737 3248 infrettdercnt

2156 3285 2325 3356 (-Psal.
2358 3288 2497 3354 xxi),
2522 3296 2775 3352 tanquam
2813 3293 3022 3337 ructum
3054 3282 3197 3335 fellis
3231 3282 3284 3333 in
3314 3296 3376 3335 os
3406 3296 3585 3335 meum
3612 3294 3736 3335 evo-

2155 3392 2324 3440 mere,
2349 3378 2591 3431 dicentes
2619 3393 2631 3427 :
2662 3394 2679 3426 ι
2716 3374 2988 3428 Habemus
3013 3374 3391 3428 auctoritatem
3417 3371 3734 3427 Triburien-

2152 3469 2247 3531 sis,
2277 3471 2320 3522 si
2351 3478 2529 3521 tamen
2557 3483 2655 3537 ego
2687 3482 2878 3520 nomen
2933 3477 3107 3533 teneo,
3150 3466 3387 3529 concilii,
3442 3481 3564 3535 quin
3612 3481 3736 3534 pro-

2158 3559 2322 3613 motis
2346 3560 2413 3611 ad
2450 3557 2881 3611 ecclesiasticum
2928 3558 3179 3611 Ordinem
3230 3555 3450 3612 ineundi
3499 3554 3738 3623 coniugii

2155 3652 2356 3704 tribuat
2388 3650 2717 3704 facultatem.
2762 3669 2779 3701 I
2813 3649 3021 3715 Quibus
3048 3665 3147 3717 ego
3171 3649 3423 3719 respondi
3452 3666 3464 3702 :
3501 3667 3519 3699 ι
3548 3647 3738 3703 Conci-

2153 3742 2304 3801 litun,
2339 3742 2580 3810 inquam,
2611 3750 2870 3805 vestrum,
2901 3742 3258 3810 quodcuttqtte
3299 3740 3494 3803 vultis,
3541 3754 3740 3793 nomen

2152 3835 2393 3888 obtineat
2424 3851 2437 3886 :
2465 3834 2556 3887 sed
2588 3850 2617 3886 a
2645 3848 2729 3887 me
2752 3847 2855 3887 non
2882 3834 3161 3901 recipitur,
3193 3834 3238 3887 si
3268 3833 3503 3887 decretis
3534 3832 3733 3885 Roma-

2155 3940 2343 3978 nortun
2370 3923 2679 3993 pontiﬁcum
2708 3938 2812 3975 non
2838 3924 3147 3977 concordat.
3170 3941 3196 3973 ›
3216 3924 3567 3991 Aucupantur
3586 3921 3729 3976 enim

2153 4018 2396 4088 quaedam
2425 4016 2577 4087 quasi
2599 4030 2865 4071 calamum
2889 4014 3190 4068 adulterina
3219 4023 3513 4077 sarmenta,
3546 4013 3734 4081 eisque

2154 4110 2392 4177 praebent
2422 4107 2820 4168 auctoritatem,
2854 4115 2913 4160 ut
2953 4108 3321 4161 authenticam
3345 4120 3611 4160 canonum
3637 4120 3732 4156 va-

2158 4198 2304 4250 leant
2333 4211 2563 4249 πίθηαι-θ
2592 4196 2871 4251 virtutem.
2910 4195 3015 4250 Sed
3045 4194 3301 4250 Salomon
3328 4195 3460 4249 dicit
3490 4213 3501 4248 :
3533 4213 3552 4245 ι
3598 4194 3734 4261 Quia

2155 4288 2343 4356 spuria
2384 4286 2699 4340 vitulamina
2741 4303 2844 4339 non
2886 4287 3091 4341 dabunt
3134 4287 3345 4341 radices
3399 4286 3540 4341 al’tas
3586 4285 3741 4357 (Sap.

2160 4381 2263 4447 tv);
2302 4398 2319 4430 ι
2363 4378 2568 4432 distant
2607 4378 2753 4433 enim
2789 4378 3200 4433 adim'entiones
3240 4378 3519 4431 hominum
3544 4392 3574 4431 a
3610 4392 3738 4432 sen-

484 4464 679 4519 habcnt
728 4468 837 4522 sint
884 4479 1138 4541 tanquam
1192 4488 1296 4528 non
1345 4475 1636 4543 habentes;
1696 4490 1751 4534 et
1813 4484 1901 4551 qui
1952 4501 2052 4538 non

2164 4471 2348 4525 tentiis
2374 4487 2497 4539 qtue
2545 4469 2769 4539 prolatae
2798 4479 2925 4523 sunt
2953 4484 3049 4539 per
3090 4468 3352 4540 Spiritum
3400 4468 3569 4539 3”
3614 4483 3743 4522 san-

484 4558 682 4615 ltabcut
727 4575 1081 4630 permaneant
1110 4566 1427 4636 singulares.
1484 4588 1502 4621 ι
1554 4571 1711 4637 Quod
1758 4558 1810 4626 si.
1853 4576 1901 4627 iu
1953 4575 2054 4631 hoc

483 4652 688 4717 ordine,
706 4655 798 4722 qui
822 4665 1051 4723 quartus
1073 4667 1155 4712 est
1177 4672 1206 4711 a
1228 4659 1425 4729 capite,
1440 4660 1656 4730 dignum
1673 4671 1755 4716 est
1773 4664 2053 4727 custodiri,

486 4751 684 4807 quanto
712 4746 884 4813 magis
912 4761 940 4799 a
975 4747 1169 4815 primo,
1189 4749 1270 4803 vel
1298 4750 1557 4814 secundo,
1584 4753 1810 4806 tertiove
1832 4769 2055 4809 servan-

486 4830 609 4884 dum
635 4841 734 4892 est,
762 4850 828 4889 ne
849 4844 944 4889 aut
970 4837 1204 4899 levitico.
1234 4848 1325 4893 aut
1350 4842 1699 4910 presbyterali
1725 4844 1944 4910 honore,
1966 4856 2058 4901 aut

487 4924 774 4993 episcopali
796 4926 1113 4982 excellentia
1140 4930 1425 4999 quisquam
1450 4932 1674 4985 idoneus
1695 4934 2054 5001 existimetur,

487 5020 578 5081 qui
610 5030 668 5070 se
699 5031 728 5069 a
757 5018 1031 5087 voluptate
1072 5022 1259 5075 uxoria
1315 5024 1542 5076 necdum
1604 5021 1848 5079 ftenasse
1913 5025 2062 5081 dete-

490 5102 667 5171 gitur?

559 5193 832 5264 Sylvester
865 5214 1002 5268 papa
1034 5201 1083 5253 in
1116 5201 1333 5255 decreto
1372 5216 1469 5256 suo
1513 5203 1649 5271 (cap.
1677 5204 1731 5273 8)
1790 5204 1867 5258 sic
1916 5205 1991 5257 ait
2043 5224 2056 5258 :

498 5302 515 5334 σ
552 5284 687 5339 Nulli
731 5297 911 5342 autem
953 5291 1403 5345 subdiaconorum
1450 5292 1516 5345 ad
1559 5293 1775 5360 nuptias
1830 5295 2061 5348 transire

494 5379 896 5445 permittentes,
925 5383 1266 5452 praecipimus
1297 5400 1363 5439 ne
1394 5383 1571 5452 aliqua
1602 5384 1704 5438 hoc
1741 5386 2061 5451 prtevarica-

494 5466 631 5521 tione
660 5473 1076 5539 praesumpserit.
1117 5492 1136 5523 ι

558 5556 615 5609 In
656 5557 901 5615 Concilio
943 5561 1157 5618 Nicteno
1207 5564 1406 5617 dicitur
1455 5564 1594 5633 (can.
1644 5566 1865 5634 apostol.
1906 5568 2000 5636 25)
2053 5582 2067 5624 :'

503 5662 525 5695 ι
572 5647 815 5718 lnnuptis
862 5662 1066 5717 autem,
1098 5653 1191 5723 qui
1248 5654 1314 5707 ad
1366 5654 1568 5708 clerum
1633 5656 1869 5722 provecti
1923 5665 2068 5719 sunt,

501 5741 858 5811 praecipimus,
894 5753 950 5798 ut
982 5744 1026 5799 si
1060 5744 1346 5807 voluerint,
1377 5760 1572 5799 uxores
1612 5745 1913 5813 accipiant;
1975 5747 2067 5800 sed

2164 4569 2411 4624 ctum,et
2442 4561 2535 4628 qui
2568 4560 2740 4613 sacris
2783 4560 3082 4613 eanonibus
3118 4573 3421 4628 repugnare
3470 4573 3574 4613 non
3625 4571 3742 4611 ntev

2164 4656 2341 4711 tttunt,
2372 4648 2545 4715 ipsum
2576 4647 2926 4714 proculdubio
2955 4646 3238 4714 Spiritum,
3267 4662 3298 4698 a
3345 4659 3453 4714 quo
3486 4646 3734 4715 promul-

2162 4748 2378 4808 gantur,
2410 4736 2705 4791 offendunt.
2743 4736 2896 4790 Unde
2935 4734 3173 4789 Ioannes
3228 4736 3284 4788 in
3339 4735 3660 4805 Apocalypsi
3724 4752 3738 4788 :

2166 4847 2185 4879 ‹
2226 4828 2282 4881 Si
2313 4828 2460 4895 quis,
2490 4826 2681 4894 inquit,
2707 4826 3020 4894 appusuerit
3048 4825 3115 4878 ad
3169 4825 3303 4888 haec,
3337 4836 3573 4894 apponet
3600 4826 3742 4880 Deus

2167 4931 2331 4985 super
2370 4916 2517 4969 illum
2549 4917 2733 4985 plagas
2767 4916 3000 4984 scriptas
3029 4915 3082 4969 in
3113 4914 3251 4969 libro
3291 4916 3394 4969 isto
3427 4933 3440 4968 :
3472 4926 3526 4970 et
3555 4917 3600 4973 si
3621 4916 3748 4984 quis

2167 5005 2482 5059 diminuerit
2519 5006 2585 5059 de
2621 5005 2801 5060 verbis
2840 5004 2963 5060 libri
2991 5005 3289 5074 prophetiae
3324 5004 3504 5076 hujus,
3532 5004 3742 5059 auferet

2169 5105 2310 5159 Deus
2359 5114 2567 5174 partem
2631 5104 2746 5172 ejus
2807 5106 2874 5159 de
2927 5104 3069 5160 libro
3108 5106 3269 5169 vitre,
3319 5116 3374 5160 et
3412 5104 3479 5159 de
3523 5104 3744 5159 civitate

2168 5201 2469 5255 sancta,et
2504 5194 2571 5247 de
2618 5194 2701 5247 liis
2734 5209 2854 5263 quae
2911 5195 3113 5264 scripta
3165 5203 3293 5249 sunt
3338 5194 3390 5247 in
3446 5193 3586 5249 libro
3641 5194 3747 5250 isto

2168 5285 2353 5355 (Apoc.
2384 5290 2536 5355 xxn).
2582 5307 2600 5338 ι

2240 5378 2346 5433 Sed
2371 5393 2438 5432 ne
2464 5380 2587 5445 quis
2617 5396 2712 5434 nos
2740 5386 2932 5446 arguat
2958 5393 3129 5432 sacrm
3159 5378 3453 5447 Scriptum.-
3481 5381 3642 5436 verba
3676 5383 3745 5437 ad

2169 5471 2454 5524 arbitrium
2486 5478 2686 5523 nostra:
2719 5470 3010 5523 voluntatis
3043 5468 3346 5533 inflectere,
3375 5485 3627 5527 asserens
3652 5488 3743 5526 nco

2174 5575 2443 5629 quaquam
2472 5561 2587 5613 haec
2623 5559 2690 5613 ad
2733 5575 2917 5613 sacros
2950 5574 3187 5614 canones
3216 5561 3488 5630 pertinere
3515 5577 3533 5615 :
3563 5564 3747 5617 audiat

2175 5653 2315 5720 quod
2337 5652 2624 5707 Anacletus
2658 5667 2819 5721 papa,
2844 5652 3065 5721 quintus
3096 5652 3304 5708 scilicet
3332 5668 3361 5707 a
3394 5654 3453 5708 Β.
3485 5654 3742 5716 Pctro.dc

2173 5745 2526 5803 violatoribus
2554 5758 2821 5800 canonum
2843 5744 3020 5800 dicat:
3050 5765 3069 5798 ι
3108 5742 3423 5807 Violatores.
3448 5746 3543 5805 ait,
3563 5743 3745 5797 volun-
