4080 6194
318 305 425 357 403

730 302 788 354 s.
831 299 1035 353 PETRI
1077 285 1353 354 nautam
1390 299 1541 356 ore.
1577 296 1811 354 Tenus
1850 295 1978 350 seu
2017 296 2196 351 rans
2232 299 2313 353 ιιι.
2357 331 2423 340 —
2448 300 2809 356 oruscum
2843 303 3068 357 VAltlA.

3456 314 3486 355 Ιι
3493 314 3560 357 υιῦ

318 418 454 468 tarie
478 429 744 468 canonum
778 413 1016 482 graviter
1044 428 1074 464 a
1105 413 1306 466 sanctis
1340 411 1589 466 Patribus
1636 409 1886 476 judican-
1918 416 1963 470 Α
1995 408 2238 474 luxuriae,
2264 422 2603 466 sacramenta
2628 413 2736 468 Deo
2763 414 2938 468 valeat
2965 414 3199 471 offerre?
3250 416 3400 470 Unoe
3423 416 3559 469 dici-

316 515 423 569 tur,
470 513 525 559 et
572 520 601 557 a
648 512 832 557 sancto
877 490 1111 570 Spiritu,
1164 503 1318 571 cujus
1359 502 1614 555 instinctu
1644 516 1708 554 ac
1743 500 1884 552 dono

311 598 498 652 dictari
525 571 671 663 sunt,
702 596 1045 649 damnamur.
1072 595 1334 661 Quoniam
1353 593 1735 661 blaspheniare
1766 592 1881 659 Spi-

312 690 471 741 ritum
502 700 745 741 sanetum
788 700 893 739 non
923 687 1214 755 incongrue
1256 686 1524 748 videntur,
1556 686 1646 754 qui
1694 693 1881 739 contra

308 778 526 831 eosdem
567 788 781 831 sanctos
816 790 1071 839 canones,
1104 791 1207 829 non
1234 777 1560 829 necessitate
1598 774 1879 843 compulsi,

307 870 401 924 sed
444 869 692 935 libenter,
723 878 780 922 ut
820 870 1097 938 pr:elixum
1134 879 1236 930 est,
1267 868 1470 937 aliquid
1501 877 1592 920 aut
1632 875 1883 934 proterve

307 968 493 1029 agunt,
530 969 622 1011 aut
648 957 792 1028 loqui
831 966 1185 1026 praesumunt,
1218 966 1312 1011 aut
1356 957 1534 1011 facere
1578 955 1882 1011 volentibus

305 1061 498 1119 sponte
553 1052 918 1106 consentiunt.
974 1050 1120 1105 Talis
1149 1052 1292 1105 enim
1329 1052 1678 1120 praesumptio
1711 1051 1881 1105 maui-

303 1146 438 1198 feste
466 1159 630 1198 unum
656 1159 822 1215 genus
852 1154 931 1197 est
955 1143 1441 1212 blasphemantium
1467 1142 1727 1213 Spiritum
1755 1158 1881 1197 sau-

301 1243 447 1286 rtum
478 1251 491 1286 :
522 1234 802 1303 quoniam,
832 1243 891 1287 ut
915 1235 1027 1303 jam
1056 1234 1389 1301 j-razlibattnn
1416 1244 1521 1297 est,
1544 1246 1734 1288 contra
1754 1248 1877 1289 eum

302 1325 430 1395 agit,
465 1325 797 1395 cujusjussu
854 1334 907 1380 et
935 1326 1109 1395 gratia
1152 1326 1311 1381 iidem
1356 1325 1531 1380 sancti
1571 1325 1699 1379 editi
1750 1334 1876 1379 sunt

299 1430 556 1471 canones.
600 1434 620 1469 θ

370 1503 503 1559 Cum
541 1519 730 1560 omnes
754 1520 883 1574 ergo
913 1505 1085 1559 sancti
1124 1504 1331 1567 Patres,
1360 1506 1451 1574 qui
1489 1520 1587 1574 per
1614 1504 1874 1574 Spiritum

297 1603 547 1647 sanctum
578 1609 814 1648 canones
849 1594 1226 1659 condiderunt,
1257 1596 1323 1649 de
1352 1595 1613 1649 servanda
1646 1596 1872 1650 clerico-

298 1698 416 1735 rum
438 1674 699 1752 pudicitia
728 1699 834 1738 non
860 1685 1073 1739 dissona
1098 1686 1326 1740 invicem
1358 1687 1714 1740 unanimitate
1742 1702 1872 1741 con-

1989 507 2075 551 tur
2098 500 2150 552 in
2177 500 2412 558 Levitico
2452 519 2465 554 :
2504 520 2521 551 ι
2551 502 2739 557 Omnis
2768 506 2858 572 qui
2903 505 3152 559 habuerit
3194 506 3456 559 maculam
3493 508 3561 562 de

1986 590 2191 643 semine
2212 591 2391 645 Aaron
2415 594 2731 659 sacerdotis,
2748 611 2852 649 non
2884 596 3106 650 accedat
3130 596 3324 651 offerre
3357 598 3559 653 hostias

1986 680 2235 744 Domino,
2270 698 2370 736 nec
2404 699 2569 751 panes
2600 684 2710 738 Deo
2745 700 2843 738 suo
2874 684 3059 752 (Levit.
3111 686 3246 755 xxi).
3286 705 3303 736 ι
3358 687 3558 743 Deinde

1985 772 2227 841 sequitur
2258 790 2271 826 :
2308 792 2327 824 ι
2366 773 2553 828 Velum
2585 793 2688 829 non
2720 778 3070 846 ingrediatur,
3105 793 3205 830 nec
3240 779 3463 832 accedat
3491 780 3557 833 ad

1982 860 2153 916 altare
2192 882 2205 917 :
2247 864 2375 932 quia
2426 865 2690 920 maculam
2744 867 2924 931 habet,
2971 878 3022 921 et
3054 870 3423 923 contaminare
3450 884 3556 925 non

1982 956 2142 1010 debet
2165 958 2531 1011 sanctuarium
2556 974 2733 1014 meum
2767 959 2978 1031 (υἱώ).
3008 981 3027 1011 ι

1980 1069 2107 1125 CAP.
2137 1069 2223 1125 IV.
2252 1103 2322 1111 —
2348 1072 2679 1126 Continentia
2710 1076 3034 1129 sacerdotum
3062 1088 3108 1130 et
3148 1076 3421 1130 levitarum
3456 1076 3555 1130 mi-

2216 1144 2548 1196 nistrantium
2596 1145 2651 1197 in
2699 1147 2853 1198 veteri
2911 1145 3040 1214 lege,
3091 1158 3310 1217 quanta.

2051 1233 2293 1288 Prudens
2316 1234 2405 1287 hic
2447 1232 2617 1288 lector
2642 1236 2885 1289 attendat
2908 1252 3070 1305 quam
3111 1246 3234 1305 apte
3258 1236 3552 1305 apostolica

1980 1321 2069 1376 illa
2099 1321 2288 1377 Jacobi
2338 1324 2624 1388 sententia,
2652 1340 2773 1394 quae
2813 1326 3062 1395 superius
3096 1327 3265 1396 posita
3295 1336 3398 1390 est,
3428 1342 3551 1380 cum

1979 1411 2083 1466 hac
2109 1411 2286 1468 divina
2318 1410 2434 1482 lege
2459 1413 2769 1467 concordat.
2819 1412 2875 1468 Si
2925 1429 3053 1484 ergo
3113 1425 3255 1478 tunc,
3307 1414 3551 1483 quisquis

1979 1499 2211 1555 habebat
2241 1500 2532 1567 maculam,
2556 1501 2762 1570 ingredi
2788 1504 3154 1557 sanctuarium
3181 1519 3285 1557 non
3300 1502 3549 1567 audebat,

1976 1589 2220 1658 quisquis
2249 1604 2306 1643 se
2340 1605 2484 1645 nunc
2519 1606 2641 1645 cura
2675 1591 2989 1647 mulieribus
3015 1592 3220 1663 polluit,
3245 1593 3552 1648 ministrare

1977 1683 2145 1737 sacris
2169 1682 2426 1736 altaribus
2453 1700 2557 1751 qua
2582 1694 2762 1738 mente
2788 1685 3098 1753 praesumit?
3143 1684 3275 1739 Cum
3312 1683 3551 1753 profecto

298 1782 552 1838 currant,
584 1775 711 1844 quid
735 1777 1058 1844 Sperandum
1091 1777 1171 1829 eis
1193 1777 1282 1845 qui
1315 1776 1573 1845 Spiritum
1597 1787 1865 1841 sanctum,
1903 1757 1946 1816 Β
1975 1754 2379 1828 tabernaculum
2412 1773 2542 1828 illud
2590 1773 2779 1828 umbra
2808 1785 3013 1829 tantum
3060 1784 3113 1829 et
3134 1775 3551 1829 instrumentum

301 1863 531 1932 propriae
564 1865 746 1918 carnis
762 1865 1044 1919 illecebras
1077 1867 1443 1934 adimplendo,
1460 1867 1872 1937 blasphemant?

297 1952 399 2016 Qui
427 1953 681 2007 nimirum
720 1968 815 2022 per
854 1950 1244 2009 momentanete
1272 1957 1508 2011 libidinis
1544 1958 1745 2010 ﬂuxum
1785 1958 1871 2012 in-

300 2043 679 2113 exstinguiliile
704 2045 1094 2099 combustionis
1114 2057 1327 2101 aeterna:
1362 2058 1669 2101 mercantur
1692 2049 1874 2102 incen-

294 2140 464 2193 dium.
494 2138 647 2193 Nunc
684 2140 736 2193 in
767 2139 990 2193 luxuria:
1021 2139 1190 2195 fetore
1219 2132 1537 2195 sordescunt
1562 2160 1580 2195 -:
1624 2143 1716 2196 sed
1746 2150 1872 2197 tunc

296 2231 528 2285 ﬂammis
560 2230 845 2287 ultricibus
885 2232 1102 2297 traditi,
1134 2233 1185 2287 in
1235 2242 1475 2287 torrente
1510 2235 1645 2302 picis
1672 2246 1723 2289 et
1755 2234 1870 2288 sul-

292 2320 480 2387 phuris
510 2320 853 2375 rotabuntur.
896 2319 1051 2377 Nunc
1101 2324 1351 2377 testuanti
1388 2323 1617 2378 luxuria:
1667 2334 1868 2379 seruet-

289 2410 436 2479 ipsos
504 2409 765 2466 exhibent
819 2421 1125 2466 tartarum:
1169 2421 1297 2466 tunc
1348 2413 1401 2466 iu
1450 2414 1616 2469 chaos
1654 2424 1870 2470 reternte

290 2500 466 2555 noctis
494 2499 737 2555 innuersi
770 2501 936 2555 trucis
962 2502 1220 2572 gehennae
1271 2504 1540 2572 perferent
1588 2506 1705 2558 sine
1760 2506 1868 2561 fine

288 2599 639 2647 tormentum.
672 2589 824 2646 Nunc
854 2592 907 2646 in
939 2592 1245 2661 semetipsis
1271 2594 1449 2660 ignem
1486 2595 1723 2651 libidinis
1770 2612 1865 2650 nu-

290 2682 499 2738 triunt:
543 2692 675 2739 tunc
708 2683 1067 2738 indeflcientis
1090 2684 1333 2738 ﬂammas
1360 2685 1590 2739 incendii
1620 2686 1865 2741 medullis

287 2789 510 2830 suorum
540 2775 808 2829 viscerum
850 2784 1090 2843 pascent.
1124 2775 1207 2842 Et,
1235 2790 1268 2829 ο
1298 2777 1459 2830 nimis
1518 2778 1757 2833 illfeliCBS
1811 2788 1868 2834 et

288 2864 504 2919 miseri!
563 2866 831 2920 servando
892 2865 1064 2935 legem
1112 2865 1340 2935 putrida:
1367 2867 1547 2922 carnis
1582 2883 1714 2933 sure,
1743 2883 1865 2937 qua:

285 2954 560 3010 vermibus
587 2964 671 3010 est
710 2956 1047 3011 devoraturis
1080 2958 1331 3019 obnoxia,
1374 2958 1518 3013 illius
1559 2960 1681 3029 jura
1735 2976 1865 3015 con-

286 3056 539 3100 temnunt
580 3048 670 3116 qui
694 3048 759 3103 de
786 3048 926 3103 caelo
954 3049 1115 3113 venit,
1135 3059 1190 3104 et
1210 3066 1373 3120 super
1400 3053 1618 3123 angelos
1648 3063 1857 3122 regnat.

288 3136 440 3190 Unde
483 3138 711 3207 reprobo
749 3139 868 3192 viro
915 3155 1009 3208 per
1042 3142 1359 3210 prophetam
1395 3144 1651 3200 Dominus
1678 3147 1810 3201 dicit
1842 3165 1855 3200 :

285 3247 305 3279 ε
342 3229 573 3284 Posuisti
607 3245 692 3285 me
718 3240 839 3300 post
862 3246 1058 3299 corpus
1088 3240 1237 3285 tuum
1268 3230 1480 3301 (Ezech.
1513 3234 1690 3304 χχιιι).
1728 3255 1746 3287 ι
1779 3238 1858 3292 Ac

286 3319 333 3371 si
365 3318 528 3382 dicat,
551 3317 806 3389 Corporis
835 3321 907 3374 tui
939 3320 1212 3375 libidinem
1244 3337 1341 3391 pro
1369 3322 1484 3391 lege
1514 3326 1775 3389 custodis,
1806 3335 1862 3381 et

287 3408 427 3479 legis
446 3424 577 3464 mea:
607 3411 856 3463 mandata
885 3412 1205 3466 contemnis.
1252 3411 1360 3466 Lex
1389 3415 1587 3483 quippe
1615 3416 1860 3485 corporis

280 3499 499 3553 humani
531 3499 725 3554 divina:
752 3500 853 3569 legi
882 3502 1152 3556 contraria
1182 3513 1284 3579 est.
1336 3503 1487 3558 Unde
1543 3506 1672 3559 dicit
1715 3506 1858 3575 Apo-

281 3587 454 3642 stolus
480 3605 492 3641 :
525 3605 544 3639 ι
584 3589 749 3643 Video
770 3590 931 3644 aliam
959 3590 1127 3661 legem
1164 3592 1216 3647 in
1243 3594 1498 3649 membris
1530 3597 1665 3651 meis
1694 3612 1853 3666 repu-

277 3687 534 3745 gnantem
564 3678 666 3749 legi
696 3681 891 3734 mentis
919 3690 1139 3749 mete,et
1161 3684 1430 3752 captivum
1465 3701 1548 3739 me
1570 3688 1852 3743 ducentem

244 3818 247 3821 .
276 3770 331 3824 in
360 3769 477 3842 lege
506 3772 866 3843 peccati,qua:
888 3773 1036 3828 estin
1060 3775 1315 3830 membris
1337 3778 1468 3830 meis
1490 3777 1666 3848 (Rom.
1686 3781 1801 3849 vn).
1828 3799 1847 3831 ι

346 3859 423 3915 Illi
455 3876 583 3931 ergo
610 3862 774 3915 Deum
797 3871 918 3931 post
944 3878 1138 3932 corpus
1162 3880 1317 3918 suum
1351 3877 1571 3935 ponunt,
1601 3869 1691 3938 qui
1723 3885 1853 3923 eon-

274 3964 574 4011 temnentes
611 3956 804 4011 divina:
830 3954 963 4025 legis
992 3956 1527 4026 imperium,suarum
1560 3962 1843 4030 obtempe-

273 4053 398 4097 rant
444 4041 710 4099 illecebris
766 4047 1142 4113 voluptatum:
1181 4057 1237 4104 et
1287 4050 1412 4103 dum
1468 4050 1653 4105 laxant
1699 4050 1849 4106 frena

274 4133 809 4194 luxuriae,indictam
855 4136 956 4190 sibi
1007 4140 1427 4205 prtevaricantur
1477 4142 1712 4210 regulam
1763 4144 1846 4197 di-

1975 1874 2092 1918 erat
2116 1865 2365 1934 imaginis
2398 1884 2411 1919 :
2451 1885 2469 1918 ι
2520 1866 2760 1921 Ecclesia
2796 1882 2944 1929 vero,
2971 1868 3111 1922 sicut
3152 1864 3440 1935 Apostolus
3479 1864 3550 1919 ad

1975 1953 2317 2008 Timotheum
2357 1955 2505 2021 dicit,
2532 1954 2778 2010 columna
2808 1965 2865 2010 et
2904 1956 3302 2010 firmamentum
3342 1962 3425 2008 est
3459 1968 3550 2008 ve-

1976 2044 2153 2099 l‘lL‘lliS
2206 2044 2257 2114 (Ι
2292 2044 2425 2098 Tim.
2460 2044 2566 2115 ιιι).
2612 2064 2630 2096 ι
2668 2045 2731 2100 Et
2782 2046 2925 2099 sicut
2970 2049 3037 2100 ad
3086 2044 3338 2100 Hebraeos
3390 2045 3466 2098 ait
3529 2060 3545 2097 :

1978 2154 1995 2186 ι
2048 2135 2305 2207 υιιῲτιιιιι
2358 2136 2519 2190 habet
2578 2136 2689 2190 Lex
2747 2135 3047 2192 futurorum
3098 2136 3382 2200 bonorum,
3440 2149 3546 2189 non

1973 2226 2141 2296 ipsam
2187 2226 2476 2295 imaginem
2523 2241 2704 2281 rerum
2755 2224 2939 2297 (Hebr.
2977 2225 3053 2296 κ).
3089 2244 3108 2276 ι
3159 2224 3217 2278 in
3244 2222 3335 2279 illo
3366 2232 3544 2280 tamen

1969 2319 2167 2373 veteris
2193 2318 2323 2389 legis
2348 2318 2719 2383 tabernaculo,
2743 2319 2858 2373 sive
2890 2318 3105 2386 templo,
3123 2333 3244 2372 cum
3276 2316 3547 2371 ministra-

1968 2409 2102 2465 bant
2140 2411 2332 2475 levitze,
2360 2410 2446 2465 vel
2488 2412 2819 2475 sacerdotes,
2849 2424 3186 2479 nequaquam
3217 2408 3331 2462 suis
3359 2407 3544 2461 uxori-

1968 2503 2069 2558 bus
2105 2501 2489 2557 miscebantur.
2515 2500 2651 2555 Nam
2678 2509 2730 2555 et
2763 2500 2952 2564 David,
2981 2498 3120 2553 sicut
3168 2498 3222 2552 in
3265 2495 3539 2564 Paralipo-

1967 2606 2161 2646 menon
2193 2591 2330 2645 libro
2360 2590 2557 2661 legitur
2586 2589 2636 2659 (ι
2670 2589 2858 2643 Paral.
2884 2588 3063 2659 χχιιι),
3088 2587 3275 2657 viginti
3309 2594 3545 2655 quatuor

1966 2680 2332 2743 sacerdotum,
2372 2680 2703 2748 totidemque
2742 2678 3033 2733 levitarum
3064 2687 3240 2732 sortes
3280 2674 3537 2739 instituit,

1964 2771 2055 2841 qui
2093 2770 2145 2824 in
2172 2768 2322 2824 cultu
2353 2768 2534 2837 templi
2562 2782 2691 2823 suas
2719 2769 2864 2823 vices
2889 2777 3129 2836 agerent,
3158 2781 3223 2821 ac
3257 2780 3352 2835 per
3381 2763 3541 2819 cteri-

1963 2862 2267 2917 mouiarum
2298 2862 2432 2916 ritus
2458 2860 2572 2916 suis
2623 2861 2956 2930 temporibus
3000 2858 3390 2913 ministrarent.
3435 2854 3537 2922 Qui

1964 2951 2218 3005 nimirum
2280 2951 2452 3006 donec
2494 2951 2631 3005 vicis
2657 2965 2768 3019 sua:
2795 2958 3004 3018 tempus
3038 2947 3334 3017 explerent,
3363 2962 3394 3000 a
3421 2945 3539 2999 red-

1964 3041 2138 3095 dendo
2158 3040 2422 3111 coniugali
2448 3040 2629 3095 debito
2651 3039 2864 3110 penitus
2897 3037 3261 3093 continebant.
3303 3035 3455 3103 Quod
3481 3044 3538 3089 et

1888 3111 1932 3173 C
1964 3132 2140 3189 Lucas
2166 3131 2489 3202 evangelista
2519 3130 2805 3185 manifeste
2827 3129 3095 3193 declarat,
3120 3128 3210 3197 qui
3245 3143 3368 3181 cum
3393 3140 3531 3194 pne-

1961 3223 2199 3278 misisset
2224 3223 2349 3291 quia
2378 3220 2674 3275 Zacharias
2722 3228 2841 3273 erat
2869 3219 2935 3273 de
2967 3219 3082 3273 vice
3111 3218 3266 3282 Abia,
3316 3226 3371 3270 et
3407 3214 3534 3284 quia

1959 3314 2260 3369 sacerdotio
2285 3312 2598 3382 fungeretur
2617 3311 2668 3364 in
2689 3309 2879 3364 ordine
2906 3309 3039 3364 vicis
3058 3324 3169 3362 suae
3188 3316 3314 3360 ante
3338 3307 3531 3369 Deum,

1959 3419 2066 3458 non
2104 3402 2272 3456 multo
2301 3413 2421 3470 post
2447 3401 2563 3455 ait:
2611 3420 2629 3451 ι
2665 3399 2887 3455 Factum
2918 3409 3021 3463 est,
3049 3408 3107 3453 ut
3152 3397 3355 3466 impleti
3403 3406 3533 3453 sunt

1957 3494 2070 3548 dies
2099 3491 2255 3547 oliicii
2306 3491 2453 3561 ejus,
2486 3492 2621 3546 abiit
2676 3492 2731 3544 in
2781 3491 2996 3545 domum
3045 3505 3230 3553 suam;
3297 3498 3530 3557 moxque

1955 3583 2226 3653 subjecit:
2262 3583 2389 3638 Post
2426 3584 2522 3637 hos
2573 3591 2751 3637 autem
2803 3581 2918 3636 dies
2962 3580 3210 3648 concepit
3251 3576 3528 3634 Elisabetlt

1952 3694 2088 3734 uxor
2124 3678 2241 3747 ejus
2265 3677 2414 3749 (Luc.
2450 3680 2510 3745 ι).
2546 3696 2566 3729 ι

2028 3768 2176 3825 Unde
2230 3768 2513 3837 perspicue
2543 3775 2756 3822 constat
2789 3767 3041 3835 quoniam
3079 3766 3221 3821 illius
3266 3763 3524 3834 temporis

1950 3859 2258 3914 sacerdotes
2285 3873 2507 3928 prorsus
2535 3873 2564 3910 a
2594 3858 2865 3912 reddendo
2905 3856 3170 3927 eonjugali
3197 3857 3376 3911 debito
3404 3871 3521 3911 ser-

1947 3950 2213 4004 vabantur
2242 3949 2526 4013 immunes,
2559 3949 2728 4002 donec
2758 3948 2889 4003 vicis
2916 3965 3026 4001 sua:
3072 3957 3280 4018 tempus
3330 3946 3517 4016 exple-

1949 4051 2090 4096 rent.
2148 4041 2261 4095 lmo
2308 4038 2512 4110 jugiter
2568 4038 2920 4093 morabantur
2957 4040 3009 4093 in
3067 4038 3295 4108 templo,
3347 4038 3518 4091 donec

1947 4135 2109 4189 sortis
2135 4134 2350 4187 indicta:
2375 4133 2735 4202 fungebantur
2760 4132 2953 4186 ofIicio.
3006 4130 3157 4186 Unde
3204 4130 3411 4200 Moyses
3449 4129 3517 4183 ad

274 4222 530 4290 scipliuze.
560 4222 871 4291 lgnorantes
892 4226 1016 4293 quia
1048 4242 1144 4295 pro
1193 4227 1613 4299 uniuscujusque
1670 4230 1879 4298 rugam,
1945 4222 2126 4278 Aaron
2155 4223 2231 4276 ait
2262 4240 2275 4276 :
2324 4242 2343 4273 ι
2378 4221 2559 4276 Donec
2600 4222 2736 4275 ritus
2765 4221 3015 4276 sacrificii
3047 4220 3400 4290 compleatur,
3429 4219 3518 4274 die

271 4313 546 4381 voluptate
595 4314 931 4378 concubitus,
982 4316 1125 4371 mille
1176 4335 1438 4373 annorum
1502 4324 1848 4390 negmiantur

273 4407 609 4475 incendium;
652 4415 708 4459 ut
737 4405 826 4474 qui
874 4421 1014 4461 nunc
1050 4417 1280 4463 aestuant
1330 4411 1544 4466 flamma
1597 4415 1841 4481 luxuriat,

272 4504 399 4548 tunc
420 4494 802 4548 comburantur
840 4494 961 4562 igne
986 4498 1252 4553 vindictae.
1292 4498 1398 4554 Sed
1428 4503 1519 4569 qui
1550 4504 1841 4570 petulantis

270 4582 534 4638 illccebrze
559 4586 867 4640 volutantur
894 4586 943 4640 iu
984 4602 1159 4649 coeno,
1193 4604 1353 4658 quam
1383 4593 1651 4661 pestiferae
1686 4610 1841 4650 secu-

268 4673 442 4727 ritatis
470 4675 692 4729 audacia
733 4676 984 4731 salutaris
1023 4678 1374 4735 Eueharistia:
1424 4698 1545 4738 sese
1587 4685 1841 4755 ingerunt

264 4776 640 4829 sacramento,
693 4766 856 4838 400
895 4783 1017 4823 cum
1070 4770 1329 4827 Dominus
1363 4788 1457 4842 per
1494 4773 1708 4847 Moysen
1746 4793 1837 4833 sa-

267 4857 578 4912 cerdotibus
603 4859 782 4912 dicat:
824 4879 843 4923 ι
876 4860 1063 4916 Omnis
1091 4863 1278 4927 homo,
1308 4867 1398 4933 qui
1431 4871 1724 4923 accesserit
1770 4872 1837 4927 de

260 4950 430 5019 stirpe
459 4960 634 5005 vestra
660 4952 725 5003 ad
763 4967 825 5004 ea
852 4968 973 5021 quae
999 4965 1311 5010 consecrata
1337 4968 1482 5024 sunt,
1503 4970 1557 5014 et
1592 4977 1711 5031 qum
1738 4965 1837 5016 ob-

266 5037 506 5094 tulerunt
533 5039 625 5093 lilii
656 5037 817 5094 Israel
843 5041 1088 5105 Domino,
1124 5045 1177 5097 in
1215 5062 1322 5114 quo
1347 5057 1434 5102 est
1467 5050 1829 5117 immunditia,

264 5130 462 5198 peribit
496 5147 682 5188 coram
715 5131 941 5189 Domino
964 5133 1149 5205 (Leuit.
1175 5140 1333 5207 uti).
1370 5158 1388 5190 ι
1428 5140 1627 5196 Deinde
1649 5146 1830 5211 sequi-

262 5231 351 5273 tur
385 5238 397 5275 :
432 5240 451 5272 ι
487 5221 659 5277 Homo
684 5223 749 5277 de
770 5224 971 5279 semine
995 5227 1197 5291 Aaron,
1228 5229 1319 5296 qui
1359 5230 1516 5284 fuerit
1567 5232 1829 5301 leprosos,

261 5317 354 5365 aut
375 5310 582 5377 patiens
601 5310 797 5366 fluxum
825 5316 1066 5383 seminis,
1084 5331 1188 5371 non
1219 5328 1465 5374 vesoetur
1493 5336 1558 5374 ex
1588 5320 1671 5375 bis
1708 5337 1829 5389 qua:

262 5400 565 5455 sacriticata
598 5413 723 5458 sunt
748 5406 897 5469 mihi,
930 5408 1100 5463 donec
1123 5419 1344 5465 sanetur
1382 5411 1591 5482 (ιδιά),
1628 5432 1647 5464 ι
1675 5414 1826 5479 Quod

261 5492 303 5544 si
328 5492 423 5555 illi,
460 5494 551 5562 qui
581 5497 825 5563 corporis
862 5498 1173 5554 infimitate
1209 5500 1497 5569 cujuslibet
1534 5504 1821 5563 immundi-

262 5583 346 5641 tite
369 5584 672 5650 patiebatur
688 5586 943 5653 illuviem,
966 5605 1070 5644 non
1094 5592 1287 5647 licebat
1308 5592 1484 5647 oblata
1506 5597 1819 5663 comedere;

263 5686 365 5747 quo
391 5684 546 5749 pacto
574 5674 619 5731 is
646 5675 736 5747 qui
761 5688 952 5749 sponte
991 5690 1236 5739 versatur
1281 5684 1331 5737 in
1369 5684 1825 5744 contamittatione

1945 4329 2010 4368 ac
2048 4323 2205 4368 nocte
2231 4311 2515 4367 manebitis
2545 4312 2597 4366 in
2644 4312 2990 4367 tabernaculo
3008 4353 3023 4379 ,
3045 4312 3396 4367 observantes
3422 4325 3517 4364 cu-

1946 4405 2148 4460 stodias
2178 4405 2408 4467 Domini,
2438 4418 2504 4457 ne
2532 4403 2835 4458 moriarnini
2896 4404 3080 4474 (Leuit.
3112 4406 3249 4473 νιιι).
3282 4423 3301 4457 ι
3357 4402 3511 4456 Nunc

1944 4509 2149 4563 autem,
2192 4514 2314 4553 cum
2354 4498 2634 4568 Scriptura
2688 4499 2963 4569 praacipiat
3026 4508 3085 4552 ut
3132 4512 3346 4568 semper
3391 4510 3512 4551 ore-

1940 4606 2082 4655 mus,
2112 4591 2345 4645 ministri
2374 4590 2562 4645 altaris
2612 4605 2719 4645 non
2776 4588 2975 4644 habent
3015 4589 3284 4657 delegatas
3332 4588 3508 4652 vices,

1939 4681 2068 4737 dum
2112 4683 2230 4739 sine
2287 4683 2392 4737 ulla
2448 4682 2704 4751 temporis
2756 4680 3175 4742 intermissione,
3228 4676 3508 4733 ministerii

1938 4775 2019 4829 sui
2072 4774 2381 4830 continuam
2424 4774 2681 4829 exhibent
2714 4776 3047 4828 servitutem.
3074 4772 3343 4826 Praeterea
3374 4770 3508 4826 dicit

1938 4866 2230 4935 Apostolus
2283 4883 2296 4920 :
2357 4864 2515 4935 Ml
2584 4883 2602 4916 ι
2667 4864 2761 4919 Vir
2800 4864 2955 4918 uxori
3003 4863 3242 4918 debitum
3294 4862 3504 4927 reddat,

1934 4968 1991 5017 et
2017 4974 2151 5013 uxor
2185 4957 2320 5011 viro.
2348 4955 2539 5019 Nolite,
2587 4954 2778 5023 inquit,
2838 4954 3090 5007 fraudare
3120 4953 3369 5019 invicem,
3402 4954 3504 5008 uisi

1932 5048 2072 5103 forte
2099 5065 2166 5103 ex
2195 5063 2462 5103 consensu
2510 5048 2577 5101 ad
2623 5056 2864 5117 tempus,
2916 5054 2975 5100 ut
3023 5045 3227 5099 vacetis
3269 5044 3503 5099 orationi

1934 5137 1986 5209 (ι
2028 5138 2149 5196 Cor.
2181 5139 2300 5205 vn).
2338 5158 2356 5191 ι

2003 5231 2136 5285 Dum
2167 5246 2294 5300 ergo
2322 5229 2601 5300 conjugale
2624 5229 3004 5285 commercium
3032 5229 3377 5285 saecularibus
3404 5227 3496 5281 tol-

1931 5321 1994 5377 lit
2016 5337 2193 5386 orare,
2224 5338 2329 5392 qua
2357 5323 2564 5377 ratione
2592 5322 2852 5391 permittit
2898 5321 3121 5375 clericos
3159 5321 3329 5375 sacris
3366 5320 3492 5373 alta-

1932 5414 2083 5468 ribus
2108 5412 2455 5467 ministrare?
2490 5413 2641 5479 Quod
2672 5428 2803 5468 sane
2840 5422 3047 5481 tempus
3073 5412 3362 5475 invenient,
3390 5425 3500 5479 quo

1928 5503 2159 5565 debeant
2185 5519 2379 5559 vacare
2411 5502 2679 5575 coniugio,
2725 5505 2815 5574 qui
2846 5519 3118 5573 nunquam
3145 5504 3213 5558 ab
3237 5503 3497 5561 ecclesia-

1926 5594 2077 5651 Sticte
2108 5594 2408 5649 sedulitatis
2440 5592 2705 5650 feriantur
2739 5594 3037 5663 obsequio?
3071 5594 3154 5647 Ad
3188 5592 3499 5661 Corinthios

1928 5701 2156 5754 namque
2183 5685 2311 5741 dicit
2335 5685 2619 5751 Apostolus
2647 5705 2658 5741 :
2698 5705 2715 5739 ι
2737 5685 2842 5754 'Qui
2873 5685 2989 5741 sine
3016 5699 3181 5742 uxore
3219 5690 3319 5750 est,
3347 5681 3495 5744 solli.
