3994 6188
351 281 457 332 405
1029 279 1266 339 OPUSC.
1309 282 1493 338 XVIII.
1526 314 1594 324 —
1633 283 1906 340 CUNTIIA
1949 285 2531 346 INTEMPERANTES
2568 287 2922 344 CLEIIICOS.
3505 295 3622 343 tuo

347 396 489 446 citus
525 401 608 446 est
643 406 761 460 quae
804 392 1010 446 Domini
1054 401 1199 455 sunt,
1242 399 1509 462 quomodo
1549 394 1758 463 placeat
1797 396 1922 450 Deo.
1955 405 2002 460 Λ
2028 398 2168 468 quod
2207 385 2478 456 inebriare
2517 407 2710 468 potest,
2761 414 2868 452 non
2920 398 3112 452 bibetis
3156 405 3232 460 tu,
3276 409 3330 452 ct
3372 399 3460 452 filii
3513 402 3609 458 tui,

345 484 450 548 Qui
489 491 664 535 autem
695 496 820 535 cum
858 497 1023 536 uxore
1065 492 1166 546 est,
1224 483 1485 539 sollicitus
1525 494 1612 539 est
1646 499 1764 554 qua:
1805 495 1931 539 sunt
2031 488 2248 556 quando
2291 487 2559 542 intrabitis
2601 486 3006 541 tabernaculum
3047 487 3363 551 testimonii,
3400 502 3467 541 ne
3499 503 3622 540 uio-,7

343 572 559 636 mundi,
581 572 854 641 quomodo
873 570 1081 640 placeat
1102 573 1254 626 uxori
1271 572 1323 641 (1
1339 571 1464 627 Cor.
1488 575 1606 642 vn).
1630 593 1648 625 ι
1676 574 1931 643 Quisquis

340 678 476 730 ergo
504 661 703 716 divinis
738 661 1077 730 mancipatur
1097 663 1393 734 obsequiis,
1427 679 1648 720 necesse
1680 674 1765 719 est
1785 675 1844 719 ut
1869 666 1934 720 iis

343 767 470 818 qua:
506 750 599 804 Dei
633 760 758 804 sunt
808 750 1070 805 sollicitus
1099 766 1313 821 semper
1344 754 1580 819 insistat,
1608 770 1676 808 ne
1698 771 1793 823 per
1812 769 1936 809 car-

345 843 503 898 nales
532 843 756 900 allectus
799 844 1038 898 animum
1087 843 1308 898 dividat.
1351 844 1458 900 Sed
1499 849 1769 916 quomodo
1794 847 1936 902 valet

342 950 470 989 esse
503 935 766 990 sollicitus
795 949 860 990 ac
889 949 1104 1003 semper
1128 935 1367 991 intentus
1394 937 1635 1001 Auctori,
1665 938 1818 1007 cujus
1840 952 1937 992 cor

346 1026 754 1096 ronglutinatur
809 1025 1010 1080 uxori?
1063 1023 1380 1090 «Nescitis,
1427 1027 1628 1096 inquit,
1680 1029 1934 1096 quoniam

346 1133 578 1187 corpora
603 1125 780 1171 vestra
804 1116 1042 1170 membra
1065 1114 1266 1170 Christi
1289 1117 1448 1170 sunt?
1470 1136 1486 1166 ο
1506 1115 1558 1184 (ι
1573 1116 1696 1170 Cor.
1723 1116 1822 1187 vr.)
1849 1116 1934 1180 Et,

347 1217 414 1260 ut
455 1207 620 1284 multa
663 1215 1006 1276 pnnteream,
1037 1219 1158 1274 quae
1198 1220 1360 1274 super
1394 1205 1496 1260 hoc
1531 1207 1774 1261 themate.
1795 1206 1937 1260 idem

348 1301 483 1355 dicit
518 1298 828 1370 Apostolus,
864 1313 933 1353 ne
973 1298 1244 1354 fastidium
1282 1312 1557 1367 generem,
1586 1297 1715 1352 illud
1745 1296 1936 1352 saltem

347 1388 583 1443 inferam
615 1405 628 1440 :
666 1405 684 1437 ι
712 1387 793 1440 An
826 1386 1066 1449 nescitis,
1092 1386 1190 1450 ait,
1215 1385 1468 1457 quoniam
1493 1385 1732 1441 membra
1761 1395 1938 1440 vestra

352 1479 611 1548 templum
636 1488 720 1533 est
741 1478 975 1548 Spiritus
995 1478 1168 1534 sancti
1195 1479 1284 1548 qui
1317 1478 1369 1532 in
1393 1477 1545 1533 vobis
1562 1479 1683 1533 est?
1703 1496 1722 1529 ι
1749 1477 1800 1550 (Ι
1805 1478 1939 1546 bid.)

353 1574 431 1627 De
475 1587 583 1641 quo
625 1571 820 1640 templo
865 1571 990 1626 alibi
1032 1571 1204 1626 dicit:
1241 1590 1258 1621 ι
1290 1570 1348 1625 Si
1395 1572 1516 1639 quis
1559 1571 1816 1639 templum
1843 1569 1939 1626 Dei

355 1661 662 1725 violaverit,
693 1661 964 1730 disperdet
988 1659 1136 1714 illum
1159 1659 1301 1714 Deus
1329 1659 1380 1730 (I
1395 1657 1517 1713 Cor.
1552 1660 1655 1726 ιιι).
1688 1679 1706 1710 ›
1732 1658 1787 1713 Si
1813 1672 1942 1730 ergo

354 1766 468 1805 non
507 1749 675 1805 solum
725 1751 927 1816 anima,
971 1749 1066 1804 sed
1111 1757 1167 1804 et
1215 1749 1387 1820 ipsum
1435 1763 1632 1819 corpus
1673 1757 1941 1813 nostrum,

353 1841 498 1910 quod
530 1840 746 1896 videtur
801 1849 857 1895 et
894 1840 1142 1910 palpatur
1167 1839 1526 1903 extrinsecus,
1563 1838 1819 1907 templum
1856 1847 1941 1892 est

354 1930 542 2002 procul
562 1931 726 1986 dubio
755 1929 986 2000 Spiritus
1013 1929 1221 1994 sancti;
1252 1928 1519 1998 quomodo
1543 1927 1612 1992 is,
1641 1928 1728 1982 cui
1752 1927 1943 1996 prohi-

356 2023 516 2076 betur
540 2019 758 2074 carnale
777 2017 1182 2080 commercium,
1211 2033 1316 2071 non
1348 2016 1510 2071 violat
1537 2015 1794 2086 templum
1817 2015 1936 2082 Dei,

357 2111 486 2162 dum
509 2108 857 2178 semetipsqu
880 2106 1169 2175 petulantis
1189 2105 1413 2160 luxuriae
1431 2105 1786 2177 prostibulum
1813 2120 1943 2160 con-

359 2198 554 2264 struit;
598 2197 858 2268 Spiritum
897 2206 1168 2262 sanctum,
1206 2197 1260 2250 in
1305 2212 1413 2267 quo
1456 2197 1699 2268 signatus
1742 2195 1939 2260 fuerat,

359 2287 576 2356 aIljiCIl;
605 2297 661 2343 et
693 2288 745 2342 in
776 2287 916 2342 illius
952 2287 1068 2342 vice
1098 2287 1346 2356 spiritum
1387 2287 1439 2341 in
1481 2302 1540 2342 se
1565 2287 1818 2342 libidinis
1858 2288 1945 2341 in-

358 2377 635 2432 troducit?
672 2377 739 2431 Et
764 2392 884 2431 cmn
910 2376 1049 2432 idem
1073 2377 1228 2432 nobis
1257 2377 1402 2432 dicat
1425 2376 1712 2447 Apostolus
1741 2397 1754 2431 :
1792 2398 1811 2430 ι
1841 2376 1944 2453 Νοε-

358 2468 457 2526 lito
499 2468 827 2524 contristare
871 2467 1131 2537 Spiritum
1177 2477 1422 2522 sanctum
1453 2469 1509 2522 in
1547 2467 1718 2532 vobis,
1751 2468 1806 2522 in
1839 2483 1946 2537 quo

359 2558 564 2626 signati
597 2557 730 2612 estis
758 2554 975 2628 (Epiros.
1009 2557 1116 2626 tv);
1149 2575 1168 2608 ι
1201 2571 1380 2613 nonne
1406 2556 1664 2627 Spiritum
1699 2567 1943 2612 sanctum

360 2650 428 2703 ad
457 2663 616 2703 suum
643 2647 929 2704 contristat
955 2646 1252 2711 interitum,
1277 2647 1368 2716 qui
1394 2663 1516 2702 eum
1547 2663 1615 2702 ex
1640 2647 1948 2702 habitaculo

363 2738 447 2792 sui
485 2738 628 2808 juris
665 2736 924 2803 excludit,
955 2745 1010 2792 et
1035 2735 1152 2805 ejus
1177 2737 1408 2800 hostem,
1444 2736 1671 2792 luxuria:
1697 2737 1949 2793 videlicet

363 2829 679 2884 intromittit
708 2828 1029 2884 auctorem?
1065 2829 1175 2884 Cur
1209 2843 1314 2883 non
1345 2829 1410 2883 ad
1446 2829 1763 2883 memoriam
1789 2843 1946 2884 revo-

364 2929 542 2984 catur,
565 2919 818 2989 quoniam
845 2917 936 2972 ﬁlii
970 2920 1170 2985 Aaron,
1205 2918 1389 2973 Nadab
1424 2918 1675 2973 videlicet
1703 2929 1758 2974 et
1785 2919 1945 2984 Abiu,

2033 575 2246 630 riamini
2281 594 2296 630 :
2328 577 2454 646 quia
2481 587 2804 646 praeceptum
2835 585 2915 630 est
2946 577 3328 644 sempiternum
3366 577 3418 630 in
3449 589 3614 646 gene-

2035 667 2240 722 ratione
2284 676 2480 730 vestra,
2533 675 2592 720 ut
2651 665 2892 721 habeatis
2943 665 3220 719 scientiam
3276 664 3614 720 discernendi

2033 755 2177 810 inter
2200 763 2442 810 sanctum
2488 763 2543 810 et
2573 753 2880 825 profanum,
2930 754 3068 808 inter
3088 753 3345 823 pollutum
3375 763 3429 808 et
3454 769 3611 807 mun-

2033 845 2158 898 dum
2209 844 2395 914 (Leuit.
2445 845 2522 915 ι).
2552 864 2569 897 ι
2624 845 2730 899 Sed
2763 859 2907 899 nunc
2935 845 3164 900 ministri
3206 844 3478 908 Ecclesiae,
3522 843 3613 914 qui

2033 935 2306 990 Christum
2353 935 2552 991 habent
2595 935 2946 1005 magistrum,
2993 943 3049 989 et
3087 935 3230 989 lmuc
3279 933 3610 995 cruciﬁxum,

2035 1041 2140 1079 non
2171 1027 2594 1096 perhorrescunt
2623 1027 2674 1080 in
2717 1025 3047 1096 voluptatum
3089 1041 3306 1081 suarum
3339 1025 3618 1080 dulcedine

2033 1115 2252 1179 vivere,
2304 1126 2360 1171 et
2413 1131 2734 1186 quocunque
2801 1117 3042 1186 pruritus
3102 1116 3283 1170 carnis
3340 1114 3610 1178 allcxerit,

2037 1204 2341 1270 adhinnire,
2392 1206 2532 1261 sicut
2578 1220 2672 1274 per
2707 1205 2993 1260 Jeremiam
3035 1205 3294 1260 Dominus
3329 1205 3442 1260 ait:
3479 1223 3496 1256 ι
3525 1203 3622 1260 Sa-

2038 1296 2211 1350 turavi
2246 1309 2364 1360 eos,
2405 1304 2461 1351 et
2502 1296 2754 1350 mtechati
2782 1305 2931 1361 sunt,
2956 1304 3008 1351 et
3041 1296 3093 1349 in
3125 1297 3284 1350 domo
3321 1296 3622 1351 meretricis

2038 1386 2472 1441 quuriabautur.
2531 1387 2669 1446 Equi
2710 1383 2981 1442 amatores
3007 1387 3059 1440 in
3090 1386 3320 1442 feminas
3354 1387 3618 1442 emissarii

2038 1477 2166 1533 facti
2227 1487 2372 1533 sunt.
2437 1479 2817 1548 Unusquisque
2867 1478 2935 1533 ad
2985 1494 3206 1534 uxorem
3254 1479 3484 1548 proximi
3538 1481 3620 1536 sui

2039 1569 2318 1624 hinniebat
2353 1568 2486 1640 (Jer.
2527 1570 2602 1639 v).
2638 1589 2656 1621 ι
2702 1569 2770 1624 Et
2809 1571 3005 1624 iterum
3046 1587 3062 1622 :
3105 1589 3123 1620 σ
3161 1569 3428 1640 PrOpheta
3467 1586 3608 1626 nam-

2040 1675 2168 1728 que,
2198 1668 2256 1715 et
2280 1660 2532 1716 sacerdos
2559 1659 2744 1730 polluti
2775 1667 2922 1724 sunt,
2942 1669 2997 1713 ct
3028 1659 3081 1714 in
3107 1662 3267 1715 domo
3297 1676 3415 1715 mea
3441 1660 3618 1714 inveni

1973 1743 2017 1800 Β
2047 1752 2246 1806 malum
2293 1767 2500 1816 eorum,
2548 1751 2699 1806 dicit.
2727 1751 2986 1806 Dominus
3029 1750 3175 1822 (λεν.
3227 1752 3416 1820 χχιιι).
3450 1771 3469 1804 ι
3511 1750 3617 1809 Sed

2039 1843 2165 1914 quia
2210 1858 2354 1898 nunc
2403 1842 2789 1897 desideriorum
2853 1856 3074 1896 suorum
3118 1840 3484 1909 jucunditates
3530 1855 3611 1894 ex.

2040 1933 2233 2003 plendo
2259 1942 2574 2002 pascuntur,
2605 1932 2732 2000 quid
2763 1932 2842 1985 eis
2868 1947 2964 2000 pro
2993 1931 3276 1986 suavitatis
3302 1929 3460 1997 huius
3490 1932 3610 1984 hau.

2041 2033 2124 2080 sta
2153 2024 2435 2078 dulcedine
2464 2023 2810 2094 rependatur,
2843 2023 3146 2077 attendant.
3189 2042 3206 2074 ι
3237 2023 3394 2086 Ecce,
3428 2023 3620 2091 inquit,

2040 2131 2141 2187 ego
2188 2117 2382 2172 cibabo
2432 2131 2526 2171 cos
2565 2116 2858 2180 absinthio,
2906 2124 2962 2170 et
3005 2115 3200 2184 putabo
3245 2129 3341 2169 eos
3381 2114 3523 2168 felle.
3579 2116 3619 2168 A

2041 2209 2319 2278 prophetis
2353 2207 2498 2262 enim
2524 2207 2820 2263 Jerusalem
2853 2216 2936 2262 est
2969 2222 3188 2278 egressa
3217 2207 3439 2278 pollutio
3463 2223 3622 2276 super

2041 2311 2255 2352 omnem
2279 2305 2477 2351 terram
2507 2297 2716 2367 (lbid.).
2746 2317 2764 2350 ›
2809 2297 2942 2351 Nam
2981 2298 3074 2367 qui
3117 2312 3261 2352 nunc
3304 2298 3511 2368 perdite
3547 2299 3622 2351 vi-

2042 2397 2194 2446 vunt,
2239 2386 2330 2454 qui
2381 2386 2638 2441 medullas
2684 2386 2917 2441 carnalis
2970 2387 3272 2442 dulcedinis
3313 2398 3532 2458 sugunt,
3573 2398 3624 2443 et
3683 2388 3694 2393 ’

2042 2479 2273 2546 quodam
2312 2479 2464 2548 quasi
2505 2477 2662 2533 melle
2695 2478 2983 2548 petulantis
3022 2479 3246 2535 luxuria:
3279 2482 3623 2552 saginantur;

2044 2568 2262 2638 dignum
2298 2579 2399 2634 est,
2429 2578 2488 2624 ut
2518 2579 2699 2625 taxato
2727 2571 3065 2640 postmodum
3091 2573 3285 2642 pretio,
3317 2573 3439 2628 felle
3467 2573 3624 2638 simul

2043 2669 2100 2716 et
2127 2660 2397 2716 absinthio
2423 2659 2735 2716 debrientur
2759 2675 2773 2714 :
2799 2669 2858 2714 ut
2882 2661 3022 2715 sicut
3042 2677 3184 2716 nunc
3203 2677 3262 2716 se
3289 2662 3620 2730 voluptatum

2045 2767 2262 2806 suauim
2291 2752 2494 2822 poculis
2521 2751 2766 2822 irrigant,
2799 2753 2870 2806 ita
2907 2762 3034 2808 tunc
3061 2753 3278 2824 repletis
3300 2754 3420 2809 felle
3447 2755 3619 2809 visce-

2047 2844 2194 2898 ribus
2235 2851 2588 2898 amarescant.
2641 2843 2770 2897 Illud
2805 2854 3067 2912 praeterea
3097 2858 3259 2913 quam
3301 2844 3624 2914 impudentis

2046 2934 2286 2988 audacia:
2323 2933 2669 3002 praesumptio
2696 2941 2801 3000 est,
2841 2942 2901 2987 ut
2932 2933 3184 2987 nimirum
3212 2919 3334 2989 cum
3371 2949 3474 2986 non
3497 2948 3623 3003 pos-

365 3009 491 3063 dllﬂl
531 3008 713 3062 (Ιὶνίηο
756 3007 910 3062 altari
957 3007 1161 3062 alienos
1203 3008 1352 3077 ignes
1397 3007 1654 3074 inferunt,
1701 3008 1948 3064 IIICCﬂdIO
2000 3091 2009 3092 ὲ
2047 3025 2156 3078 sint
2189 3025 2255 3078 ab
2285 3024 2517 3079 obscena
2565 3024 2888 3092 contagione
2917 3038 3150 3088 cessare.
3188 3024 3359 3079 ηοιίηι
3389 3032 3562 3078 tamen
3594 3039 3624 3078 a

364 3097 581 3153 οωιίιιιε
625 3097 792 3152 misso
833 3097 1076 3167 protinus
1119 3099 1460 3152 exuruntur?
1505 3099 1815 3169 «Αιτεριῑε,
1859 3099 1942 3154 in-
1972 3091 2016 3151 C
2048 3113 2328 3168 ministerii
2352 3113 2457 3177 sui,
2487 3113 2574 3169 cui
2607 3127 2668 3168 se
2694 3091 2942 3184 indignos
2969 3114 3245 3179 exhibent,
3281 3114 3627 3170 exsecutione

365 3190 501 3259 quit,
536 3188 722 3244 Nadab
748 3198 806 3246 et
836 3190 973 3246 Abiu
1019 3189 1113 3244 ﬁlii
1149 3190 1331 3245 Aaron
1362 3191 1648 3247 thuribulis
1680 3193 1815 3258 suis,
1849 3207 1948 3262 po-

365 3289 597 3335 suerunt
633 3280 810 3350 ignem
841 3289 896 3335 et
925 3280 1202 3335 incensum
1229 3281 1478 3350 desuper,
1520 3280 1809 3337 oll‘ereutes
1850 3297 1944 3337 co-

366 3365 488 3427 ram
534 3372 762 3427 Domino
807 3372 981 3444 ignem
1030 3371 1284 3436 alienum,
1328 3373 1470 3441 quod
1504 3373 1584 3428 eis
1621 3383 1946 3444 praeceptum

368 3479 477 3517 non
500 3473 618 3518 erat
641 3482 653 3517 :
681 3478 1037 3534 egressusque
1059 3465 1196 3534 ignis
1219 3479 1248 3517 a
1271 3464 1518 3532 Domino,
1540 3465 1814 3520 devoravit
1831 3481 1948 3532 eos,

365 3565 423 3610 et
451 3557 647 3611 mortui
674 3565 801 3611 sunt
821 3573 1002 3612 coram
1039 3557 1266 3612 Domino
1295 3555 1480 3627 (Leuit.
1520 3555 1598 3628 x).
1627 3577 1648 3609 ι
1690 3557 1829 3625 Quid
1868 3566 1953 3614 est

366 3649 512 3702 enim
549 3649 782 3704 alienum
811 3650 985 3722 ignem
1018 3649 1246 3704 Domino
1274 3649 1581 3704 sacerdotes
1606 3648 1824 3714 oﬂ'erre,
1848 3649 1952 3706 nisi

2048 3204 2369 3272 quiescere;
2428 3217 2551 3257 cum
2605 3201 2710 3257 illis
2752 3202 3009 3258 Dominus
3056 3217 3153 3273 per
3195 3203 3385 3257 Isaiam
3439 3205 3626 3259 dicat:

2055 3313 2072 3345 ι
2100 3293 2232 3349 Cum
2259 3293 2514 3346 veneritis
2539 3301 2666 3346 ante
2693 3300 3039 3368 conspectum
3062 3307 3260 3357 meum,
3284 3292 3408 3361 quis
3434 3293 3629 3362 (ιιιωεὶ-

2049 3385 2128 3437 vit
2157 3383 2270 3437 haec
2304 3382 2370 3435 de
2408 3382 2656 3436 manibus
2681 3379 2897 3445 vestris,
2926 3390 2986 3434 ut
3016 3379 3363 3438 ambularetis
3393 3380 3446 3438 in
3476 3382 3629 3437 atriis

2051 3470 2230 3527 meis?
2272 3468 2350 3524 Ne
2387 3467 2624 3524 aﬁ‘eratis
2649 3467 2789 3522 ultra
2820 3467 3144 3522 sacrificium
3173 3466 3394 3522 frustra.
3435 3468 3625 3523 Incen-

2052 3579 2172 3618 sum
2208 3560 2539 3622 abominatio
2566 3567 2652 3616 est
2691 3559 2822 3614 mihi
2865 3557 3000 3629 (Isa.
3045 3557 3106 3627 ι).
3138 3577 3156 3609 ι
3203 3557 3303 3613 Per
3337 3557 3626 3614 Jeremiam

2053 3663 2266 3722 quoque
2295 3650 2579 3719 increpans
2619 3649 2694 3702 ait
2719 3665 2732 3701 :
2769 3665 2788 3699 ι
2819 3647 2891 3704 Ut
2916 3648 3045 3719 quid
3077 3647 3208 3702 mihi
3246 3648 3373 3703 thus
3399 3648 3462 3703 de
3485 3647 3627 3704 Saba

369 3741 566 3794 ardore
618 3739 855 3796 libidinis
911 3740 1240 3796 inﬂammato
1287 3740 1649 3797 sacrosanctis
1694 3741 1960 3796 altaribus
2054 3739 2278 3804 all‘ertis,
2309 3748 2365 3795 et
2391 3738 2656 3794 calamum
2691 3751 2856 3792 suave
2877 3737 3110 3793 olentem
3141 3738 3206 3792 de
3242 3747 3382 3792 terra
3412 3737 3630 3808 longin-

366 3831 733 3901 propinquare
754 3837 780 3892 Υ

2055 3844 2160 3900 qua
2186 3829 2210 3882 ?
2247 3828 2564 3883 Holocausta
2591 3835 2766 3881 vestra
2790 3841 2896 3881 non
2919 3835 3044 3880 sunt
3064 3834 3307 3896 accepta,
3328 3836 3382 3880 et
3402 3827 3632 3880 victima:

441 3919 513 3974 Et
534 3935 658 3975 cum
688 3921 966 3992 Scriptura
995 3922 1174 3978 dicat:
1213 3942 1230 3975 ι
1260 3921 1520 3993 Spiritum
1558 3922 1724 3978 nolite
1750 3922 1958 3978 exstin-
2056 3929 2252 3976 vestra:
2279 3935 2382 3974 non
2413 3919 2732 3988 placuerunt
2766 3917 2896 3970 mihi
2937 3917 3068 3987 (Jer.
3111 3920 3206 3985 vi).
3239 3935 3257 3967 ι
3298 3916 3402 3971 Sed
3438 3924 3493 3968 et
3537 3929 3634 3984 per

370 4027 537 4083 guere
565 4013 618 4084 (Ι
651 4012 830 4068 Thess.
849 4013 933 4083 ιιι)
957 4030 973 4079 ;
997 4033 1014 4066 ι
1051 4014 1162 4079 isti,
1195 4023 1454 4084 quantum
1497 4013 1549 4068 in
1585 4029 1663 4076 se,
1696 4013 1958 4082 Spiritum
2058 4016 2372 4072 Malachiam
2406 4032 2419 4068 :
2454 4033 2472 4066 ι
2502 4014 2547 4070 Ο
2587 4013 2927 4075 sacerdotes,
2980 4011 3180 4080 inquit,
3224 4011 3316 4079 qui
3359 4009 3635 4081 despicitis

369 4112 642 4171 sanctum,
671 4106 763 4175 qui
803 4106 855 4160 in
891 4105 972 4160 eis
998 4105 1190 4160 ardere
1214 4105 1462 4169 debebat,
1491 4105 1868 4176 exstinguuut;
1905 4113 1961 4160 et
2060 4124 2256 4164 nomen
2298 4122 2498 4172 meum,
2526 4115 2580 4161 et
2603 4103 2816 4159 dixistis
2848 4104 2899 4157 in
2929 4118 3037 4172 quo
3066 4102 3407 4172 despeximus
3437 4116 3632 4185 nomen

370 4197 608 4250 alienum
669 4189 848 4267 ignem
903 4197 1154 4262 oli‘eruut,
1212 4198 1339 4252 dum
1395 4197 1462 4250 ad
1521 4198 1692 4250 altare
1748 4195 1958 4250 Domini

371 4286 591 4342 ﬂamma
617 4286 850 4342 libidinis
875 4297 1136 4342 aestuante
1166 4289 1454 4342 accedunt.
1485 4286 1591 4342 Sed
1622 4296 1841 4355 repente
1870 4301 1960 4341 su-

344 4370 471 4447 'per
495 4393 589 4431 eos
615 4379 754 4449 ignis
779 4379 944 4432 divini
971 4379 1170 4432 furoris
1200 4378 1532 4441 accenditur,
1561 4393 1670 4446 quo
1698 4375 1952 4432 terribili-

2063 4199 2254 4254 tuum?
2291 4196 2497 4254 offertis
2527 4211 2688 4265 super
2725 4195 2898 4249 altare
2928 4210 3104 4249 meum
3145 4209 3334 4262 panem
3374 4191 3631 4262 pollutum

2062 4290 2318 4361 (Malacli.
2350 4289 2410 4360 ι).
2446 4307 2464 4340 ι
2509 4288 2573 4342 Et
2614 4287 2772 4357 paulo
2807 4294 2926 4356 post
2958 4304 2972 4340 :
3010 4304 3029 4336 ι
3055 4284 3192 4339 Ecce
3231 4299 3328 4354 ego
3357 4283 3634 4354 projiciam

2062 4384 2216 4436 vobis
2271 4378 2572 4442 brachium,
2613 4386 2680 4436 _et
2731 4377 3032 4446 dispergam
3085 4389 3247 4446 super
3297 4373 3500 4427 vultum
3548 4387 3637 4426 vc.

374 4479 458 4524 ter
483 4480 802 4536 exuruntur,
834 4471 1111 4542 Scriptura
1164 4483 1417 4537 testante,
1463 4489 1583 4542 quae
1628 4473 1760 4527 dicit
1790 4489 1804 4526 :
1841 4491 1858 4524 ι
1888 4473 1956 4526 Et
1983 4439 2032 4498 θ
2055 4481 2228 4528 strum
2247 4480 2456 4525 stercus
2481 4467 2882 4523 solemnitatum
2905 4475 3206 4520 vestrarum
3225 4463 3478 4537 (Malach.
3509 4464 3589 4533 ιι).
3613 4483 3632 4514 ι

373 4577 520 4616 nunc
570 4562 708 4633 ignis
755 4563 1097 4620 adversarios
1143 4564 1413 4618 consumit
1462 4562 1647 4633 (Hebr.
1693 4563 1770 4633 x).
1812 4583 1830 4615 ι
1889 4563 1956 4617 Et

375 4661 523 4707 certe
547 4653 842 4724 legitimum
868 4664 969 4721 est,
1009 4663 1068 4709 ut
1093 4656 1236 4725 quod
1263 4655 1546 4711 sordentes
1570 4655 1741 4709 sacris
1766 4654 1955 4708 altari-

373 4742 478 4798 bus
506 4746 959 4815 appropinquant,
991 4746 1168 4817 gladio
1197 4747 1392 4801 divina:
1420 4746 1640 4802 ultionis
1666 4747 1954 4812 intereant,

377 4836 592 4891 dicente
616 4836 684 4890 ad
713 4836 930 4907 Moysen
964 4837 1187 4891 Domino
1215 4855 1227 4890 :
1263 4857 1281 4889 ι
1311 4837 1582 4892 Docebitis
1607 4836 1744 4891 ﬁlios
1765 4836 1954 4900 Israel,

376 4935 437 4981 ut
465 4936 692 4982 caveant
721 4928 1148 4993 immunditiam,
1179 4939 1233 4982 et
1260 4945 1363 4982 non
1395 4928 1695 4982 moriantur
1741 4928 1796 4982 in
1839 4942 1954 4982 sor-

376 5015 533 5073 dibus
589 5018 736 5082 suis,
789 5033 910 5072 cum
964 5017 1251 5087 polluerint
1305 5017 1706 5072 tabernaculum
1757 5032 1956 5080 meum,

375 5109 522 5180 quod
553 5120 637 5163 est
661 5109 804 5163 inter
831 5123 925 5164 eos
949 5109 1129 5179 (Lai-it.
1159 5109 1269 5178 xv).
1304 5126 1322 5159 ι
1361 5107 1501 5162 Proh
1535 5107 1743 5178 pudor!
1789 5106 1961 5176 major

379 5217 410 5254 a
437 5199 562 5255 filiis
589 5200 715 5254 Levi
741 5201 1058 5256 servabatur
1097 5201 1397 5255 reverentia
1440 5197 1757 5270 Syuagogre,
1799 5215 1960 5268 quam

379 5307 524 5347 nunc
566 5307 596 5346 a
631 5291 893 5347 ministris
920 5292 1120 5347 Christi
1157 5289 1430 5346 deferatur
1468 5291 1736 5346 Ecclesiae.
1778 5291 1852 5345 Illi
1883 5291 1959 5346 si-

379 5383 596 5451 quidem
638 5381 799 5453 wz
853 5381 954 5437 sub
995 5382 1224 5437 districti
1259 5380 1446 5449 jejunii
1495 5397 1555 5436 se
1603 5381 1961 5451 castigabant,

381 5472 785 5528 tabernaculum
840 5472 1227 5543 ingrediendo,
1271 5487 1532 5537 censura;
1582 5471 1671 5526 isti
1719 5486 1848 5525 vero
1896 5485 1965 5524 ne

381 5565 651 5620 castitatis
697 5565 912 5636 quidem
959 5565 1309 5635 acquiescunt
1355 5578 1574 5618 servare
1622 5563 1962 5619 munditiam.

383 5653 531 5713 Dixit
558 5652 708 5713 enim
745 5653 1004 5711 Dominus
1034 5652 1104 5711 ad
1142 5653 1363 5712 Aaron:
1397 5670 1418 5707 ι
1444 5651 1641 5710 Vinum
1703 5659 1763 5740 et
1805 5665 1967 5713 omne

2057 4560 2372 4631 Rursusque
2402 4574 2499 4629 per
2524 4558 2716 4612 Isaiam
2744 4575 2756 4608 :
2784 4576 2802 4608 ‹
2829 4557 2962 4611 Cum
2999 4555 3373 4620 exteudcritis,
3403 4554 3499 4620 ait,
3530 4568 3639 4606 ina-

2059 4667 2159 4706 nus
2189 4660 2420 4714 vestras,
2459 4657 2696 4703 avertam
2730 4646 2914 4702 oculos
2954 4658 3101 4700 meos
3139 4662 3169 4698 a
3211 4646 3359 4700 vobis
3392 4663 3404 4699 :
3433 4655 3486 4700 et
3515 4660 3636 4698 cum

2058 4741 2546 4813 multiplicaveritis
2572 4739 2894 4802 orationem,
2919 4754 3023 4791 non
3054 4736 3335 4791 exaudiam
3361 4735 3491 4804 (Ian.
3521 4735 3582 4812 ι).
3615 4755 3634 4787 ι

2128 4834 2280 4898 Quod
2311 4833 2472 4902 igitur
2501 4845 2530 4883 a
2561 4831 2670 4884 Deo
2695 4830 2810 4898 ipso
2841 4835 3174 4896 protestante
3209 4825 3508 4894 repellitur,
3540 4839 3639 4877 cur

2058 4922 2427 4991 imprudenter
2473 4917 2738 4972 olfcrtur?
2799 4915 2947 4971 Unde
2985 4923 3041 4969 et
3081 4914 3421 4982 postmodum
3454 4913 3584 4967 dicit
3622 4932 3636 4967 :

2066 5031 2084 5063 ι
2115 5011 2429 5079 luiquitates
2469 5016 2662 5062 vestra:
2699 5006 2998 5062 diviserunt
3047 5005 3187 5060 inter
3225 5019 3319 5058 vos
3362 5012 3416 5058 et
3465 5002 3633 5058 Deum

2063 5109 2342 5164 vestrum;
2394 5109 2449 5153 et
2503 5107 2723 5168 peccata
2777 5105 2956 5150 vestra
3009 5094 3405 5150 absconderunt
3448 5092 3659 5154 faciem,

2063 5193 2181 5251 eius
2225 5209 2258 5248 a
2301 5191 2477 5257 vobis,
2523 5205 2590 5244 uc
2626 5187 2908 5244 exaudiret
2947 5185 3083 5258 (Isa.
3127 5181 3254 5249 ιιι).
3284 5199 3305 5232 ι

2063 5353 2224 5425 403
2249 5353 2374 5408 CAP.
2409 5349 2470 5404 V.
2495 5380 2563 5390 —-
2583 5348 2736 5425 Quod
2756 5346 2961 5425 clericis
2972 5340 3431 5425 intemperantibus
3457 5337 3665 5394 melius.

2391 5431 2518 5475 esset
2541 5438 2574 5472 a
2598 5419 2761 5472 sacris
2789 5414 3058 5470 ordinibus
3083 5425 3322 5476 cessare,

2140 5557 2351 5624 Quanto
2378 5569 2506 5624 ergo
2536 5551 2746 5614 melius,
2793 5546 2882 5618 qui
2922 5545 3184 5615 ejusmodi
3233 5553 3380 5608 sunt,
3422 5552 3482 5598 ut
3525 5557 3644 5598 sese

2070 5665 2214 5707 nunc
2258 5666 2287 5704 a
2331 5648 2416 5708 sui
2457 5644 2664 5704 ordinis
2703 5638 3171 5698 administratione
3207 5644 3650 5703 cotiipcscerent,
