4080 6194
387 156 392 168 ’
421 189 525 248 ιιι-ι

884 189 943 246 S.
984 190 1189 245 PETRI
1230 191 1508 246 DARDANI
1550 193 1696 249 OPP.
1740 193 1974 253 TOMUS

2091 197 2140 251 tu
2189 198 2365 254 rans
2405 199 2486 253 ιιι.
2519 231 2586 238 -
2613 200 2974 258 OPUSCULA
3016 205 3246 276 vanu.

3579 204 3680 256 408

418 317 582 375 quam
613 301 777 380 dip‘ini
811 319 969 376 super
1002 319 1060 358 se
1097 304 1295 360 furoris
1333 306 1564 374 gladium
1594 320 1951 376 provocarent
1982 329 1994 364 :
2028 316 2074 370 Α
2104 311 2353 384 fungatur
2382 313 2580 382 ollicio,
2613 315 2849 385 ejusdem
2876 327 3054 374 tamen
3077 323 3282 377 ordinis
3321 339 3425 378 non
3465 325 3682 384 exuitur

419 405 730 464 quantoque
759 394 1074 456 modestius.
1105 404 1161 449 ut
1195 398 1490 450 recedenth
1517 398 1713 455 Chrisri
1745 400 2002 456 altaribus

423 503 527 540 non
549 486 835 544 servirent.
861 502 1018 556 quam
1045 487 1158 541 ιιωο
1182 473 1488 542 accedemlo
1505 488 1830 556 polluerent!
1846 490 1999 547 Pium

421 589 503 634 est
544 580 687 634 enim
738 580 978 642 credere,
1020 580 1145 649 quia
1184 581 1428 651 quisquis
1459 600 1599 645 nunc
1630 595 1849 653 peccata
1878 604 2001 656 pro—

423 671 536 736 pria
572 685 981 739 recognoscens,
1026 686 1088 725 ac
1127 671 1399 733 deserens.
1433 690 1460 726 a
1496 690 1592 731 suo
1620 691 1675 735 se
1701 677 2000 734 ministerio

426 759 700 814 humiliter
733 760 993 828 reprimit,
1045 761 1094 814 in
1133 761 1219 815 die
1240 760 1450 831 judieii.
1486 765 1755 831 eumdem,
1797 783 1901 836 quo
1942 784 2000 824 se

419 859 610 916 sponte
647 849 971 917 privaverat,
1009 851 1251 906 ordinem
1281 853 1564 908 obtinebit.
1607 857 1755 922 Quod
1782 856 1832 909 in
1862 858 2000 912 libro

425 938 599 992 risdrze
627 939 917 1007 signiﬁcari
943 940 1175 1006 videtur,
1201 941 1287 996 ubi
1317 945 1654 998 sacerdotum
1687 949 1997 1017 genealogia

418 1027 744 1086 describitur
774 1025 856 1098 (II
893 1028 1049 1082 Esdr.
1081 1035 1197 1097 γη).
1252 1026 1327 1084 Ibi
1373 1033 1568 1102 quippe
1611 1049 1764 1088 sacra
1814 1047 1998 1092 narrat

422 1113 669 1181 historia,
696 1119 820 1188 quia
853 1119 1068 1189 quidam
1105 1121 1444 1175 sacerdotum
1491 1125 1817 1192 quaesierunt
1859 1128 1997 1181 scri-

415 1215 628 1273 pturam
678 1209 999 1278 genealogize
1040 1225 1149 1270 sure
1183 1229 1194 1262 :
1224 1219 1279 1264 et
1315 1213 1566 1280 quoniam
1609 1217 1848 1284 reperire
1889 1233 1996 1272 non

416 1307 724 1365 potuerunt,
751 1298 904 1367 cjecti
939 1310 1065 1355 sunt
1094 1301 1159 1355 de
1191 1304 1508 1364 sacerdotio.
1549 1305 1626 1359 llli
1660 1306 1816 1375 plane
1843 1323 1996 1363 vera-

412 1390 549 1443 citer
573 1390 664 1446 ﬁlii
692 1393 1029 1446 sacerdotum
1057 1406 1199 1457 sant,
1227 1395 1316 1462 qui
1346 1397 1990 1478 sacerdotalitervivunt:

413 1479 447 1531 ii
493 1481 842 1535 sacerdotalis
888 1483 1104 1550 generis
1145 1483 1339 1538 lineam
1388 1496 1645 1551 servant,
1691 1489 1780 1556 qui
1826 1491 1990 1543 vitam

411 1585 566 1623 suam
599 1571 706 1624 Deo
748 1573 1078 1634 sacriﬁcium
1108 1573 1360 1639 offerunt,
1401 1593 1464 1631 ac
1495 1578 1558 1632 de
1587 1581 1905 1635 sacerdotali
1935 1597 1992 1636 se

2103 417 2462 461 sacramento.

2170 492 2484 555 Cavendum
2523 506 2607 554 est
2640 511 2770 570 ergo
2806 499 2932 564 illis.
2955 516 3022 558 ne
3047 519 3206 573 super
3233 519 3328 560 eos
3355 508 3536 562 veniat
3565 508 3680 564 for-

2101 584 2360 637 midolosa
2397 585 2482 638 illa
2514 589 2802 648 sententia,
2831 604 2934 658 qua
2968 606 3065 658 per
3092 591 3406 660 Apostolum
3435 595 3632 651 dicitur
3659 615 3675 652 :

2105 689 2122 721 ι
2154 670 2484 738 lmpossibilc
2513 684 2618 738 est,
2647 675 2842 743 inquit,
2872 691 2965 732 eos
2992 679 3084 747 qui
3126 681 3292 734 semel
3323 693 3450 736 sunt
3481 685 3680 740 illumi-

2100 761 2231 822 nati,
2259 771 2609 831 gustavernnt
2633 765 2795 818 etiam
2818 766 3012 820 donum
3049 769 3289 833 caeleste,
3316 782 3370 825 et
3392 775 3678 843 participes

2099 861 2224 904 sunt
2261 851 2385 905 facti
2417 851 2649 922 Spiritus
2686 856 2863 910 sancti
2898 875 2910 910 :
2949 868 3302 927 gustaverunt
3330 863 3678 922 nihilominus

2097 941 2294 995 bonum
2340 941 2433 996 Dei
2476 945 2720 1008 verbum.
2772 947 3104 1016 virtutesque
3139 952 3318 1006 saeculi
3357 955 3592 1019 venturi,
3623 964 3679 1010 et

2098 1031 2326 1101 prolapsi
2357 1043 2502 1096 sunt,
2537 1051 2721 1090 rursus
2755 1038 3001 1091 renovari
3033 1041 3098 1092 ad
3125 1043 3520 1117 paenitentiam,
3557 1063 3676 1100 rur-

2097 1137 2213 1175 sum
2256 1124 2630 1194 eruciﬁgcntes
2667 1127 3014 1198 sibimetipsis
3046 1129 3238 1186 Filium
3275 1134 3392 1196 Dei.
3417 1145 3471 1190 et
3497 1147 3678 1192 osten-

2099 1214 2170 1266 tui
2203 1215 2464 1270 habentcs
2495 1217 2677 1284 (Hebr.
2707 1219 2804 1286 vt).
2837 1238 2855 1270 ι
2903 1221 2976 1276 Ita
3017 1221 3175 1292 plane
3214 1226 3465 1280 videntur
3492 1244 3673 1297 agere,

2096 1321 2160 1360 ac
2205 1307 2249 1358 si
2293 1306 2654 1361 lsraelitarum
2704 1311 2990 1380 quispiam,
3034 1313 3218 1369 volens
3260 1314 3514 1374 fornicari
3553 1335 3675 1374 cum

2096 1397 2271 1457 idolis.
2299 1399 2443 1452 dicat
2473 1418 2485 1453 :
2521 1400 2658 1467 Quia
2684 1417 2890 1472 nequeo
2938 1420 3158 1461 servare
3195 1407 3383 1464 duram
3433 1426 3498 1466 ac
3545 1414 3677 1481 rigi-

2094 1489 2215 1542 dam
2267 1489 2359 1544 Dei
2407 1490 2602 1560 legem,
2647 1493 2718 1550 ad,
2752 1495 2914 1552 ritum
2961 1499 3202 1553 transibo
3241 1502 3522 1570 gentilem;
3557 1515 3678 1558 tan-

2093 1595 2252 1650 quam
2302 1584 2558 1637 recedens
2604 1600 2633 1640 a
2685 1585 2800 1655 lege
2829 1603 2934 1644 non
2975 1589 3042 1644 sit
3074 1591 3282 1646 debitor
3322 1593 3442 1663 legi.
3481 1595 3548 1649 Et
3574 1596 3682 1656 hoc

417 1659 630 1722 prodire
652 1662 897 1732 prosapia
925 1663 1170 1731 religiose
1195 1665 1422 1720 vivendo
1449 1676 1736 1722 testantur.
1773 1671 1838 1723 Et
1865 1671 1990 1726 dum
2022 1665 2066 1723 B
2097 1670 2253 1726 modo
2297 1688 2604 1743 quanquam
2647 1676 2713 1731 de
2762 1686 2973 1740 servata
3025 1680 3141 1750 lege
3188 1698 3292 1736 non
3338 1659 3409 1737 sit
3457 1686 3678 1754 prazmio

416 1759 720 1804 sanctorum
766 1752 1106 1812 sacerdotum
1139 1755 1420 1809 imitantur
1449 1759 1716 1830 exempla,
1761 1777 1880 1829 qua:
1923 1762 1999 1817 lc-

413 1846 566 1902 gunt,
594 1849 718 1894 tunc
753 1840 804 1893 in
843 1843 1012 1896 sacris
1041 1843 1270 1912 eloquiis
1299 1847 1638 1901 sacerdotum
1666 1863 1724 1902 se
1753 1849 1890 1905 ﬁlios
1913 1865 1996 1904 re-

415 1940 762 1998 mgnoscunt.
802 1932 872 1990 At
903 1935 938 1988 ii
963 1935 1051 2004 qui
1076 1938 1369 1991 carnaliter
1391 1939 1593 2006 vivunt,
1623 1951 1674 1996 et
1705 1959 1994 2012 pravorum

420 2023 687 2089 sequendo
713 2025 958 2092 vestigia,
992 2026 1144 2094 quasi
1178 2027 1243 2080 de
1282 2029 1616 2084 saecularium
1649 2036 1995 2100 generatione

419 2113 771 2178 descendunt,
801 2115 992 2170 merito
1029 2117 1095 2170 de
1135 2119 1474 2173 sacerdotum
1518 2122 1874 2190 projiciuntur
1908 2143 1999 2180 or-

419 2202 558 2265 dine,
586 2218 813 2272 quorum
842 2220 900 2259 se
926 2219 1023 2276 per
1046 2207 1212 2260 vitam
1241 2209 1525 2280 reprobam
1557 2225 1830 2281 nequeunt
1857 2214 1993 2271 ﬁlios

418 2308 466 2344 in
475 2293 676 2347 venire.

484 2386 550 2439 Et
590 2389 880 2445 notandum
923 2389 1062 2459 quod
1098 2389 1206 2445 illic
1253 2392 1534 2460 sequitur:
1568 2413 1585 2444 ι
1618 2394 1761 2448 Dixit
1805 2397 1996 2450 Ather-

416 2477 564 2538 satha
603 2478 704 2541 eis,
740 2486 797 2532 ut
824 2496 928 2538 non
960 2483 1305 2538 comederent
1341 2486 1404 2538 de
1435 2487 1636 2543 sanctis
1666 2496 1994 2570 sanctorum,

415 2569 583 2624 donec
609 2581 854 2642 surgeret
882 2574 1135 2628 sacerdos
1165 2573 1258 2628 Dei
1294 2576 1501 2639 doetus,
1538 2587 1698 2648 atque
1723 2569 1996 2649 perfectus

413 2658 617 2731 (Ibid).
651 2680 668 2713 ι
704 2661 759 2716 ln
789 2679 899 2736 qua.
917 2665 1168 2718 nimirum
1199 2667 1563 2734 prohibitione
1583 2671 1709 2738 quid
1735 2672 1875 2725 aliud
1902 2689 1996 2743 per

414 2749 680 2819 allegoria:
727 2754 1040 2821 mysterium
1082 2754 1239 2808 debet
1287 2757 1542 2826 intelligi,
1579 2760 1679 2813 nisi
1725 2769 1780 2814 ut
1815 2763 1858 2815 is
1903 2767 1995 2832 qui

415 2841 662 2916 indignus
699 2851 780 2896 est
809 2845 1130 2911 sacerdotio,
1164 2863 1192 2905 a
1224 2850 1580 2918 percipiendis
1602 2868 1659 2914 se
1687 2870 1995 2912 sacramen-

415 2931 507 3005 tis,
549 2941 603 2985 et
651 2936 1000 2990 sacerdotalis
1043 2939 1248 2992 ordinis
1278 2942 1746 3000 administratione
1774 2963 1988 3017 corripe—

2100 1760 2312 1832 dignus,
2351 1763 2540 1822 ultioni
2584 1771 2776 1821 tamen‘
2813 1768 2886 1824 dc.
2927 1780 3232 1848 contempta
3281 1789 3386 1844 nep
3432 1784 3678 1836 teneatur

2098 1849 2382 1905 obnoxius.
3327 1886 3330 1888 η

2170 1936 2274 1993 Sed
2321 1939 2603 2006 audiamus
2659 1943 2786 2012 quid
2841 1945 3037 2001 talibus
3090 1947 3268 2002 divina
3314 1951 3580 2012 severitas.
3623 1952 3674 2006 in

2101 2030 2512 2090 Deuteronomio
2558 2033 2700 2087 dicat
2735 2051 2750 2087 ε
2791 2053 2809 2085 ι
2839 2035 3080 2104 (liliaque
3114 2038 3345 2095 audierit
3389 2040 3674 2110 quisquam

2097 2119 2258 2172 verba
2285 2119 2575 2190 juramenti
2607 2123 2784 2197 hujus,
2817 2124 3099 2182 hencdicat
3124 2127 3226 2184 sibi
3269 2130 3324 2182 in
3361 2131 3524 2185 corde
3553 2147 3673 2197 suo,

2095 2208 2281 2265 dicens
2314 2229 2324 2263 :
2353 2209 2462 2266 Pax
2489 2213 2592 2268 erit
2614 2214 2765 2279 mihi,
2799 2224 2855 2269 et
2878 2218 3162 2274 ambulabo
3191 2221 3243 2273 in
3271 2223 3533 2290 pravitate
3555 2240 3676 2279 cor-

2097 2299 2179 2353 dis
2209 2302 2334 2366 mei,
2377 2311 2431 2356 et
2473 2312 2714 2360 assumat
2753 2303 2934 2365 ebrius
2973 2308 3270 2376 sitientem,
3315 2321 3369 2370 et
3417 2314 3676 2374 Dominus

2098 2407 2202 2444 non
2243 2392 2580 2460 ignoscatei,
2614 2397 2708 2450 sed
2737 2405 2861 2451 tunc
2886 2414 3046 2468 quam
3091 2402 3324 2463 maxime
3365 2403 3518 2464 furor
3559 2407 3676 2473 eius

2099 2480 2286 2547 fumet,
2311 2492 2365 2536 et
2401 2484 2549 2538 zelus
2577 2477 2765 2544 contra
2812 2489 3084 2550 hominem
3125 2492 3270 2548 illum
3306 2511 3319 2547 :
3357 2503 3414 2548 et
3455 2496 3676 2557 sedeant

2097 2590 2260 2643 super
2283 2591 2402 2628 eum
2429 2576 2608 2631 omnia
2636 2577 2939 2645 maledicta,
2969 2596 3086 2651 qum
3115 2583 3314 2654 scripta
3335 2594 3460 2645 sunt
3489 2587 3546 2644 in.
3571 2588 3674 2644 hoc

2095 2666 2383 2731 volumine,
2420 2678 2476 2722 et
2504 2668 2680 2724 deleat
2703 2687 2894 2727 nomen
2925 2671 3041 2740 ejus
3071 2673 3171 2736 sub
3191 2674 3352 2740 caelo,
3390 2685 3446 2732 et
3477 2692 3673 2738 consu-

2097 2765 2209 2810 mat
2246 2772 2367 2812 eum
2410 2759 2462 2812 in
2496 2761 2850 2829 perditionem
2875 2779 2938 2818 ex
2967 2767 3216 2822 omnibus
3239 2767 3481 2830 tribubus
3506 2768 3675 2825 lsrael

2091 2845 2246 2913 juxta
2285 2848 2690 2908 maledictiones
2720 2868 2840 2922 quae
2866 2854 2917 2907 in
2949 2854 3085 2910 libro
3116 2855 3249 2926 legis
3277 2857 3435 2926 hujus
3475 2875 3540 2914 ac
3569 2859 3671 2916 [ω-

2096 2941 2240 2996 dcris
2267 2941 2609 3002 continentur
2638 2943 2816 3014 (Deut.
2847 2947 3026 3016 xxix).
3049 2967 3068 3006 ι
3110 2947 3211 3008 Eat
3247 2962 3380 3020 ergo
3417 2951 3673 3017 clericus,

413 3030 552 3084 seat,
575 3023 743 3077 donec
764 3023 1017 3080 Christus.
1037 3028 1087 3080 in
1109 3028 1330 3097 judicio,
1359 3032 1448 3100 qui
1480 3049 1603 3088 vere
1625 3038 1878 3092 sacerdos
1907 3048 1989 3094 est

2092 3030 2182 3090 cui
2211 3031 2486 3092 muliebris
2508 3011 2822 3101 prohibetur
2843 3011 3121 3104 admixtio,
3146 3011 3383 3107 prtebdat
3408 3043 3672 3113 sacrilega

412 3111 606 3182 doctus
625 3120 785 3182 atque
814 3115 1108 3183 perfectus,
1139 3131 1411 3190 exsurgat.
1469 3122 1626 3184 Sicut.
1649 3141 1746 3194 per
1770 3127 1992 3184 Psalmi-

415 3208 551 3255 slam
582 3202 815 3256 dicitur:
849 3223 867 3256 ι
891 3205 1053 3261 Terra
1079 3212 1296 3272 tremuit
1339 3222 1392 3270 et
1412 3215 1633 3284 quievit,
1659 3219 1782 3273 dum
1805 3235 1994 3276 exsur-

412 3305 564 3362 geret
604 3295 663 3350 in.
687 3296 890 3376 judicio
930 3301 1069 3364 Deus
1105 3300 1276 3375 (Psnl.
1318 3307 1520 3378 Lxxr);
1569 3329 1586 3362 ι
1644 3321 1702 3367 ιιι
1745 3312 1800 3365 is.
1840 3312 2002 3379 cujus,

413 3387 636 3444 terroris
657 3388 929 3456 instinctu,
960 3395 1185 3462 quilibet
1205 3396 1386 3466 lapsus
1409 3401 1493 3456 hic
1520 3417 1616 3456 sua
1649 3419 1704 3457 se
1730 3403 1990 3475 dignitate

413 3485 603 3544 sponte
640 3479 966 3547 privaverat,
1000 3499 1124 3542 eum
1158 3486 1209 3542 in
1242 3487 1446 3556 judicio
1475 3501 1628 3560 grata
1671 3495 1785 3549 vice
1827 3497 1986 3552 resti-

413 3574 587 3630 tuens,
639 3570 707 3623 ad
757 3572 945 3630 amissi
987 3575 1191 3632 ordinis
1231 3578 1441 3638 culmen
1485 3583 1708 3646 attollat,
1759 3587 1984 3644 dicens:

418 3672 436 3703 ι
467 3655 671 3724 Amice,
703 3663 932 3720 ascende
959 3665 1232 3732 superius,
1249 3675 1304 3721 et
1328 3677 1450 3724 tunc
1481 3673 1551 3725 sit
1582 3674 1672 3728 tibi
1699 3674 1866 3746 gloria
1898 3694 1992 3734 co-

411 3761 528 3800 ram
554 3748 714 3806 simul
743 3751 1378 3829 discuinbcntilius.(sz.
1411 3762 1544 3835 xw).
1577 3781 1596 3814 ι

483 3839 589 3896 Sed
617 3850 743 3895 sunt
775 3845 1033 3909 nonnulli,
1072 3848 1214 3918 quod
1257 3854 1688 3919 prretereundum
1731 3873 1838 3912 non
1885 3867 1992 3922 est,

411 3931 500 3999 qui
526 3932 680 4006 juxta
703 3933 1014 4004 Apostolum
1046 3937 1255 4008 (Ep/tes.
1291 3942 1366 4012 nt)
1394 3943 1759 4012 desperantes,
1790 3958 1991 4001 semet-

412 4022 556 4090 ipsos
607 4023 957 4086 immunditize
1001 4029 1378 4086 tradiderunt:
1426 4049 1547 4092 nan)
1598 4038 1987 4092 continentiam

409 4112 648 4168 funditus
678 4102 1046 4186 desperantes,
1075 4135 1104 4171 a
1134 4123 1364 4191 suscepti
1402 4125 1608 4180 ordinis
1638 4127 1985 4182 administra-

408 4203 552 4258 tione
589 4219 647 4258 se
691 4208 1008 4276 reprimunt.
1052 4209 1235 4278 sicque
1274 4227 1332 4266 se
1376 4213 1689 4283 delinquere
1715 4216 1858 4269 velut
1891 4217 1988 4269 im-

393 4306 547 4367 pune
593 4294 867 4348 conﬁdunt
906 4310 920 4347 :
959 4311 1022 4350 ac
1066 4297 1111 4352 si
1161 4315 1348 4354 servus
1394 4302 1608 4360 domino
1652 4320 1749 4357 suo
1794 4305 1978 4359 dicat:

405 4380 533 4455 quia
576 4382 717 4448 quod
765 4384 1008 4451 prmcipis
1046 4387 1267 4454 implere
1317 4404 1420 4444 non
1455 4391 1623 4453 valeo,
1655 4393 1722 4446 ad
1751 4393 1985 4447 hostium

409 4479 622 4523 tuorum
645 4479 821 4525 castra
851 4472 1168 4542 transfugio,
1197 4476 1405 4545 illisque
1433 4493 1516 4532 me
1547 4481 1612 4534 ad
1642 4482 1983 4550 pugnandum

405 4567 595 4616 contra
622 4569 672 4614 te
697 4561 859 4622 dediti
870 4564 997 4616 tium
1029 4567 1211 4631 trado;
1238 4576 1498 4637 tanquam.
1518 4571 1686 4644 possit
1707 4571 1982 4632 dominum

403 4666 558 4703 suum
603 4651 835 4720 placare,
883 4655 1023 4722 quod
1066 4655 1236 4726 fugit;
1281 4666 1334 4712 ct
1381 4675 1486 4714 non
1537 4661 1704 4729 possit
1745 4663 1981 4730 irritare,

401 4741 545 4808 quod
585 4742 842 4799 adversus
880 4759 1001 4799 cum
1043 4746 1094 4799 in
1132 4762 1280 4802 arma
1311 4753 1606 4823 consurgit.
1649 4752 1852 4818 Quibus
1880 4769 1982 4827 ego

403 4842 736 4900 constanter,
772 4845 835 4898 ct,
855 4838 969 4893 sine
999 4839 1103 4894 ulla
1135 4857 1356 4910 prorsus
1386 4846 1737 4916 ambiguitate
1764 4835 1973 4901 denun-

402 4925 501 4988 tio,
529 4927 783 4994 quoniam
813 4944 967 4991 cassa
995 4945 1053 4986 se
1087 4947 1151 4988 ac
1188 4933 1374 4990 frivola
1411 4937 1792 5006 pollicitatione
1832 4938 1977 4992 deci-

401 5015 572 5082 piunt,
608 5015 653 5070 si
681 5031 784 5071 non
812 5031 1168 5088 exsequentes
1197 5023 1450 5089 olIieium,
1491 5027 1665 5086 otIicio
1695 5042 1753 5081 se
1782 5037 1974 5082 exutos

399 5122 518 5162 esse
542 5109 1000 5170 conﬁdunt.,Licet
1021 5115 1160 5168 enim
1184 5131 1214 5169 a
1245 5116 1692 5187 frequentatione,
1718 5120 1801 5174 vel
1825 5134 1980 5174 exsc-

401 5199 615 5254 cutione
653 5208 829 5254 cesset
863 5202 994 5256 ordo
1025 5201 1329 5270 cujuslibet,
1361 5208 1442 5261 vel
1466 5208 1725 5273 otIicium;
1757 5209 1807 5260 in
1834 5211 1978 5263 ordi-

402 5299 528 5345 nato
560 5299 743 5346 tamen.
764 5292 1118 5348 nihilominus
1139 5293 1305 5368 m
1331 5307 1608 5365 permanet
1651 5299 1856 5352 ordinis
1887 5315 1974 5353 sa-

402 5389 698 5434 cremento.
739 5381 807 5434 Et
849 5383 987 5438 sicut
1023 5386 1108 5438 vir
1155 5387 1438 5455 quispiam,
1485 5397 1540 5441 et
1590 5389 1633 5441 si
1683 5398 1857 5442 cesset
1910 5391 1977 5444 ah

401 5485 562 5538 opere
586 5472 869 5542 coniugali,
922 5477 1066 5532 nullo
1107 5479 1264 5532 modo
1293 5487 1468 5531 tamen
1497 5480 1787 5533 absolvitur
1815 5497 1975 5549 copu-

407 5564 602 5620 latione
635 5555 906 5638 comitgii;
951 5571 1019 5623 ita
1057 5571 1282 5626 clericus
1327 5579 1377 5626 et
1422 5573 1465 5626 si
1513 5573 1594 5625 sui
1626 5573 1828 5628 ordinis
1873 5591 1976 5628 non

2095 3121 2416 3178 venerandis
2443 3121 2702 3180 altaribus
2741 3124 3059 3181 adversione
3095 3129 3396 3198 repudium,
3427 3139 3490 3188 ut
3512 3131 3672 3202 liber,

2097 3216 2350 3278 tanquam
2393 3211 2703 3266 emissarios
2725 3228 2896 3284 equus
2919 3214 2972 3269 in
3003 3215 3226 3276 luxurize
3248 3219 3490 3288 prosiliat
3510 3235 3671 3290 appe-

2097 3299 2270 3352 titum.
2313 3298 2417 3354 Sed
2442 3300 2568 3354 dum
2602 3317 2633 3355 a
2675 3301 2784 3356 Deo
2825 3303 3125 3366 libertatem
3159 3309 3376 3376 accipit,
3409 3318 3570 3378 atque
3597 3312 3671 3368 ab

2093 3403 2178 3452 eo,
2210 3397 2461 3459 tanquam
2499 3391 2776 3451 absolutus
2804 3393 3067 3462 abscedit,
3103 3397 3495 3459 maledictionis
3551 3400 3673 3469 ejus

2062 3556 2066 3560 1
2093 3494 2156 3538 ac
2178 3495 2287 3534 suae
2311 3482 2627 3550 perditionis
2653 3483 2871 3558 laqueos
2894 3501 2998 3545 non
3021 3488 3221 3548 evadit.
3265 3488 3398 3548 Cum
3437 3490 3668 3548 Psalmi-

2092 3579 2172 3628 sta
2214 3570 2359 3632 dicat
2386 3589 2399 3623 :
2434 3591 2453 3622 ε
2483 3571 2749 3632 Maledicti
2788 3574 2878 3648 qui
2911 3575 3183 3632 declinant
3213 3593 3246 3630 a
3269 3579 3535 3632 mandatis
3559 3579 3672 3633 tuis

2091 3657 2262 3732 (Ρδαι.
2312 3662 2521 3733 cxvut).
2552 3683 2570 3714 ι
2615 3663 2678 3717 Ει
2727 3678 2822 3733 per
2861 3665 3194 3722 Ezechielem
3242 3667 3505 3726 Dominus
3543 3669 3662 3724 ait:

2094 3769 2113 3800 ι
2147 3751 2328 3820 Neque
2371 3756 2625 3825 cogitatio
2674 3756 2870 3810 mentis
2894 3767 3084 3812 vestra!
3137 3757 3266 3823 ﬁet,
3317 3760 3604 3819 dicentium
3646 3779 3662 3815 :

2091 3841 2306 3900 Erimus
2337 3846 2475 3900 sicut
2501 3858 2690 3917 gentes
2748 3857 2804 3904 et
2835 3849 2978 3904 sicut
3019 3852 3369 3925 cognationes
3396 3861 3569 3917 terrae,
3601 3862 3667 3908 ut

2089 3932 2329 3992 colamus
2372 3935 2512 4008 ligna
2559 3948 2615 3993 et
2661 3938 2878 4016 lapides.
2928 3941 3062 4006 Vivo
3089 3958 3209 4012 ego,
3247 3944 3378 3999 dicit
3410 3945 3668 4001 Dominus

2093 4022 2255 4088 Deus,
2283 4025 2536 4094 quoniam
2571 4028 2623 4082 in
2656 4043 2816 4084 manu
2844 4029 2990 4096 forti,
3020 4041 3075 4086 ct
3103 4033 3325 4088 brachio
3344 4043 3582 4098 extento,
3606 4045 3666 4088 et

2092 4112 2151 4172 in
2168 4112 2347 4169 furore
2375 4115 2541 4176 elfuso
2575 4122 2807 4190 regnabo
2825 4136 2987 4190 super
3006 4138 3121 4188 vos,
3148 4132 3204 4177 et
3229 4124 3462 4182 educam.
3481 4140 3576 4179 vos
3596 4126 3665 4180 de

2093 4205 2322 4276 pepulis,
2363 4216 2418 4260 et
2462 4211 2798 4280 congregabo
2832 4195 2926 4266 vos
2967 4213 3034 4266 de
3065 4215 3250 4279 terris,
3274 4216 3324 4268 in
3355 4214 3552 4286 quibus
3576 4214 3663 4269 di-

2090 4295 2257 4362 spersi
2281 4296 2429 4363 estis,
2447 4299 2790 4368 etsubjiciam
2810 4317 2905 4356 vos
2921 4313 3133 4374 sceptro
3154 4320 3274 4359 meo
3295 4306 3510 4377 (Ezech.
3529 4305 3605 4376 ι).
3624 4296 3656 4357 ἰ

2062 4386 2218 4444 ‘Cap.
2266 4387 2348 4442 Vl.
2395 4421 2458 4428 —
2498 4390 2571 4445 De
2618 4393 2820 4456 duobus
2857 4396 3163 4467 presbyteris
3202 4397 3660 4454 “continentibus.

2161 4474 2368 4540 Nostra,
2411 4488 2469 4531 ut
2508 4479 2700 4545 fertur,
2743 4485 2970 4558 contigit
3006 4495 3184 4550 mtate,
3216 4489 3356 4562 quod
3382 4505 3562 4543 narro.
3602 4491 3660 4544 in

2086 4563 2375 4619 Galliarum
2408 4569 2647 4636 partibus
2675 4586 2837 4640 penes
2882 4573 3404 4634 administrationem
3476 4593 3540 4632 ac
3578 4578 3664 4632 di-

2087 4656 2286 4710 tionem
2337 4660 2614 4729 cujusdam
2664 4664 2894 4734 religiosi
2936 4667 3182 4733 abbatis,
3226 4670 3442 4724 nomine
3491 4670 3660 4726 Bene-

2086 4747 2244 4813 dicti,
2303 4752 2583 4820 presbyter
2639 4754 2940 4820 habitabat,
2997 4758 3094 4828 qui.
3138 4759 3392 4813 nimirum
3454 4770 3660 4835 quanto

2081 4843 2232 4910 copia
2279 4843 2546 4898 facultatis
2596 4848 2811 4902 uberius
2848 4849 3124 4914 attinebat,
3176 4858 3324 4904 tanto
3364 4853 3534 4923 magis
3570 4867 3648 4908 reo

2081 4931 2297 5004 ligionis
2352 4943 2407 4988 et
2444 4937 2740 4992 honestatis
2779 4940 3125 5006 premebatur
3167 4941 3366 5010 inopia.
3409 4941 3660 4998 Oheunte

2084 5025 2247 5095 igitur
2315 5025 2542 5094 pellice,
2608 5028 2903 5093 viduatus,
2967 5029 3163 5097 adjecit
3219 5032 3414 5086 iterare
3475 5029 3658 5098 conju-

2083 5119 2246 5185 gium.
2300 5116 2436 5185 Quid
2481 5118 2676 5186 plura?
2727 5119 3072 5179 Conftederat
3111 5122 3254 5187 sibi;
3303 5122 3467 5191 quasi.
3507 5121 3657 5177 tabu-

2083 5209 2254 5261 larum
2305 5207 2419 5280 lege
2467 5210 2820 5284 prostibulum
2847 5252 2863 5275 ,
2905 5211 3197 5265 amicorum
3226 5252 3241 5276 ,
3281 5221 3442 5282 atque
3491 5213 3656 5270 conii-

2085 5302 2229 5354 nium
2252 5301 2411 5372 405
2435 5310 2725 5373 congregat.
2745 5302 2976 5370 nuptiali
2994 5317 3142 5356 more
3161 5313 3502 5367 conventum,
3525 5317 3643 5376 epu-

2085 5390 2270 5450 laturis
2301 5393 2462 5446 etiam
2511 5392 2671 5446 totius
2716 5391 2998 5448 aﬁluentia:
3023 5395 3273 5462 providet
3312 5403 3651 5464 apparatum.

2084 5482 2262 5538 Abbas
2289 5493 2498 5547 autem,
2516 5482 2642 5536 dum
2669 5483 3032 5547 decumberct,
3051 5482 3270 5555 jamque
3295 5485 3502 5539 felicem
3528 5500 3652 5554 pro-

2086 5575 2366 5643 pinquaret
2397 5575 2464 5630 ad
2497 5573 2725 5642 exitum,
2755 5575 2857 5648 hoc
2887 5576 3090 5644 audito,
3132 5575 3265 5632 duos
3291 5579 3504 5632 ad-eum
3535 5593 3652 5630 mo-
