4080 6194
387 333 491 388 409

1075 332 1316 392 OPUSC.
1359 333 1544 394 XVIII.
1585 363 1657 374 —
1689 330 1968 388 CONTRA
2004 329 2582 388 INTEMPERANTES
2619 332 2974 390 CLERICOS.

3551 332 3655 386 ιιιι

379 449 582 501 nachos
607 446 772 511 misit,
799 445 956 516 eique
987 452 1095 499 tam
1125 447 1408 516 impudens
1437 453 1614 501 scelus
1648 446 1752 500 sub,
1775 443 1962 498 distri-
1989 446 2038 506 Α
2066 458 2289 518 magnos
2317 446 2516 501 habere
2546 445 2916 500 characterem
2942 447 3129 502 bestiae
3163 445 3216 500 in
3269 446 3460 500 dextra
3492 431 3655 498 manu

379 548 481 591 cla:
509 551 758 591 censuras
797 537 1238 592 interminatione
1282 536 1573 606 prohibuit.
1612 535 1706 593 Ille
1729 548 1877 590 vero.
1908 540 1965 586 ιιι

380 637 498 682 erat
523 638 798 697 conceptae
826 628 1079 697 nequitia:
1113 627 1423 682 stimulatus
1451 627 1728 689 instinctu,
1755 626 1963 678 obtem-

382 737 573 791 perare
599 736 703 774 non
728 720 921 791 potuit,
953 720 1044 774 sed
1069 721 1374 774 temeritate
1401 720 1678 789 plectibili,
1705 718 1964 789 quidquid

382 800 632 881 nuptialis
677 813 810 867 ordo
865 812 1101 867 dictabat
1164 812 1424 883 implevit.
1478 811 1700 867 Cunctis
1782 811 1964 880 itaque

378 905 843 975 perstrepentibus
872 903 1026 966 locis,
1074 919 1137 957 ae
1167 904 1402 958 lascivia:
1429 903 1648 966 deditis,
1679 903 1964 974 presbyter

381 1005 636 1064 tanquam
679 996 776 1051 bos
798 998 865 1050 ad
888 996 1161 1048 victimam
1194 996 1386 1050 ductus
1409 995 1711 1050 convivium
1742 995 1960 1057 deserit,

381 1086 649 1140 thalamos
678 1103 782 1140 non
827 1086 1232 1150 delectationis,
1276 1087 1368 1140 sed
1421 1086 1739 1155 perditionis
1793 1085 1966 1154 ingre-

381 1179 566 1232 ditur:
599 1188 653 1232 et
674 1221 688 1244 ,
739 1194 771 1233 ο
804 1179 1062 1236 terribilis
1095 1180 1236 1233 Deus
1267 1180 1317 1233 in
1359 1179 1597 1233 consiliis
1635 1194 1798 1247 super
1827 1177 1965 1232 filios

379 1270 692 1323 hominum!
733 1267 914 1338 (Psal.
944 1269 1100 1340 ων.)
1136 1271 1413 1340 repentina
1446 1279 1619 1323 morte
1652 1268 1958 1322 muletatur.

381 1361 498 1417 Uno
546 1361 812 1432 siquidem
840 1363 1137 1432 eodemque
1161 1373 1468 1427 momento,
1495 1371 1549 1416 et
1589 1378 1776 1417 semen
1823 1359 1962 1414 fudit

380 1461 433 1505 et
459 1451 696 1506 animam
723 1453 1016 1506 exhalavit.
1051 1452 1142 1507 Sic
1172 1454 1505 1507 remunerari
1547 1453 1750 1519 debuit,
1779 1452 1868 1522 qui
1899 1454 1963 1506 de

380 1542 622 1594 sacrario
665 1541 880 1600 Domini~
918 1544 983 1596 ad
1030 1542 1300 1597 exoletum
1360 1543 1587 1611 lupanar
1639 1543 1962 1610 suinumque

379 1632 722 1687 volutabrum
757 1636 988 1689 transire
1033 1635 1298 1690 decrevit.
1346 1635 1622 1689 Fortassis
1668 1636 1808 1689 enim
1835 1636 1959 1700 iste,

381 1725 502 1794 quia
548 1725 690 1779 sacri
722 1724 910 1778 altaris
948 1742 1052 1779 non
1094 1724 1476 1794 frequentabat
1519 1739 1831 1788 accessum,
1875 1725 1957 1780 id—

2071 547 2164 589 aut
2211 537 2263 589 in
2319 535 2584 591 frontibus
2612 537 2725 590 suis
2760 537 2944 606 (Apoc.
2995 539 3140 609 vni).
3187 557 3204 590 ι
3242 536 3348 592 Sed
3378 537 3506 606 quid
3533 552 3656 588 cum

2068 627 2382 680 charactere
2408 627 2591 682 bestiae
2621 627 2777 696 signo
2803 627 2911 692 illi,
2960 629 3027 682 de
3056 643 3165 698 quo
3195 628 3394 685 dicitur
3424 645 3442 684 ί
3471 647 3488 676 ι
3519 626 3657 692 Quia

2067 717 2146 779 hi,
2178 716 2266 786 qui
2299 726 2457 769 erant
2483 732 2643 787 super
2676 726 2914 770 montem
2949 717 3079 771 Sion
3126 734 3249 774 cum
3277 719 3452 787 Agno,
3495 716 3658 771 habe-

2065 804 2196 859 bant
2223 821 2414 859 nomen
2441 807 2558 874 ejus
2579 806 2835 874 scriptum
2869 806 2919 859 in
2946 804 3215 861 frontibus
3243 807 3389 862 suis?
3419 825 3437 857 ι
3465 806 3651 874 (Apoc.

2067 899 2202 966 xiv.)
2232 917 2250 947 ι
2282 896 2416 963 Quid
2446 899 2586 950 enim
2620 899 2725 952 luci
2754 899 2820 951 ad
2851 899 3135 956 tenebras?
3159 907 3250 955 aut
3275 914 3393 969 qua:
3422 900 3654 954 societas

2064 985 2266 1039 Christi
2300 987 2365 1039 ad
2415 987 2626 1040 Belial?
2655 987 2757 1054 Qui
2807 1004 3110 1046 consensus
3163 989 3363 1060 templo
3390 989 3485 1043 Dei
3530 1004 3654 1042 cum

2067 1075 2290 1131 idolis?»
2329 1075 2412 1146 (11
2439 1075 2562 1130 Cor.
2604 1078 2701 1148 vt.)

2135 1201 2264 1256 Car.
2299 1201 2409 1256 Vll.
2431 1232 2502 1244 ——
2531 1201 2958 1324 Contrapeljires
3002 1203 3308 1256 clericorum
3350 1203 3579 1272 scriptor

2719 1289 2830 1324 mre
2851 1282 2996 1324 tllttr.

2719 1282 2996 1334 invehitur.

2135 1364 2338 1419 Interea
2366 1375 2418 1419 et
2442 1380 2536 1420 vos
2563 1364 2829 1434 alloquor,
2861 1381 2892 1418 ο
2922 1365 3136 1432 lepores.
3156 1365 3508 1429 clericorum,
3527 1363 3649 1434 pul-

2065 1468 2314 1525 pamenta
2346 1457 2566 1518 diaboli,
2598 1455 2861 1524 projeetio
2892 1457 3161 1524 paradisi,
3189 1457 3338 1513 virus.
3363 1456 3653 1518 mentium,

2063 1547 2270 1616 gladius
2298 1547 2602 1600 animarum
2629 1587 2642 1611 ,
2677 1547 2892 1600 aconita
2943 1545 3261 1610 bibentium,
3297 1546 3476 1601 toxica
3526 1560 3654 1598 con-

2062 1645 2326 1706 vivarum,
2375 1643 2598 1695 materia
2633 1641 2912 1711 peccandi,
2955 1641 3171 1695 occasio
3211 1639 3495 1709 pereundi.
3540 1637 3668 1702 νος,

2067 1734 2287 1801 inquam
2311 1772 2326 1796 ,
2356 1733 2604 1801 alloquor
2639 1747 2888 1802 gyneczca
2935 1732 3106 1787 boetis
3140 1730 3384 1797 antiqui,
3430 1743 3658 1798 upupze,

379 1816 522 1871 circo
546 1832 606 1871 se.
634 1816 851 1886 impune
883 1818 1112 1872 credidit
1154 1828 1526 1887 peccaturum.
1561 1816 1666 1870 Sed
1705 1825 1964 1886 expertus

2072 1828 2259 1888 ululae,
2289 1835 2528 1889 nectere,
2561 1826 2730 1894 lupze,
2764 1825 3136 1894 sanguisuga,
3185 1821 3352 1885 Alfer,
3385 1821 3518 1875 affer
3539 1822 3656 1875 sine

379 1916 459 1960 est
513 1908 658 1976 quod
707 1908 997 1977 Apostolus
1061 1909 1273 1962 dixerat
1310 1924 1322 1959 :
1359 1927 1376 1958 ι
1428 1908 1565 1974 Quia
1612 1907 1850 1961 terribile
1882 1916 1968 1961 est

380 1997 618 2052 incidere
647 1997 698 2050 in
733 2014 922 2052 manus
951 1998 1043 2052 Dei
1070 1998 1304 2052 viventis
1334 1997 1520 2068 (Hebr.
1554 1998 1633 2067 χ).
1679 2019 1697 2048 ι

444 2089 566 2142 Alio
606 2104 822 2158 quoque
851 2100 1122 2158 tempore,
1165 2106 1286 2143 eum
1329 2105 1463 2160 papa
1496 2089 1840 2159 Stephanus,
1874 2090 1966 2157 qui

383 2179 476 2233 zeli
511 2180 740 2234 Phinces
766 2181 1117 2235 aemulabatur
1145 2181 1396 2236 ardorem
1429 2180 1619 2251 (Num.
1669 2179 1818 2248 xxv),
1853 2194 1968 2231 om-

385 2286 476 2324 nes
497 2270 724 2326 clericos
746 2270 954 2335 Roma‘,
977 2271 1067 2341 qui
1091 2281 1214 2340 post
1233 2271 1576 2325 interdictum
1603 2285 1751 2338 papa:
1772 2269 1971 2323 Leonis

390 2361 791 2416 incontinentes
824 2363 1187 2427 exstiterant,
1231 2363 1297 2416 de
1341 2371 1606 2416 conventu
1651 2360 1973 2415 clericorum

382 2460 436 2504 et
461 2452 631 2506 choro
674 2451 914 2506 ecclesia:
942 2453 1288 2522 prrecepisset
1314 2453 1496 2513 exire,
1533 2461 1590 2505 ut
1633 2466 1968 2522 quanquam,

384 2540 589 2594 relictis
618 2539 858 2604 feminis,
884 2557 982 2611 per
1020 2542 1358 2610 pmnitentiae
1387 2557 1444 2595 se
1474 2541 1703 2594 lamenta
1739 2540 1972 2605 corrige-

387 2639 538 2696 rent;
568 2639 746 2686 tamen
771 2632 895 2700 quia
925 2640 1116 2684 sancto
1138 2631 1253 2684 viro
1273 2629 1648 2686 inobedicntes
1674 2629 1974 2690 fuerant,et

385 2721 450 2776 de
472 2721 715 2775 sacrario
750 2721 816 2773 ad
851 2730 1060 2789 tempus
1091 2721 1324 2785 exirent,
1349 2729 1403 2773 et
1426 2719 1763 2775 celebrandm
1794 2719 1972 2773 missa:

386 2812 656 2868 licentiam
681 2814 748 2868 de
773 2821 971 2868 caetero
1002 2829 1107 2867 non
1137 2822 1438 2880 sperarent,
1467 2814 1620 2882 juxta
1649 2812 1969 2868 canonicam

386 2904 446 2957 B.
474 2901 702 2959 Caeciliae
729 2913 877 2958 trans
903 2902 1139 2958 Tiberim
1167 2904 1525 2958 constitutam
1571 2903 1855 2972 presbyter
1878 2901 1975 2953 ba-

385 2997 612 3060 bitabat,
641 2994 784 3070 quod
817 3010 916 3056 nec
946 2994 1202 3049 feminam
1245 2994 1355 3048 ullo
1400 2994 1557 3048 modo
1591 2993 1974 3062 acquiescebat

385 3089 644 3158 abjicere,
673 3104 772 3168 nec
795 3102 1032 3156 unquam
1063 3095 1282 3158 poterat
1311 3088 1423 3141 bare
1449 3097 1672 3150 statuta,
1705 3087 1805 3139 nisi
1835 3099 1972 3138 vana

383 3197 608 3250 prorsus.
647 3190 702 3234 et.
733 3179 920 3235 frivola
942 3179 1210 3248 judicare.
1240 3179 1480 3246 Quadam
1508 3181 1688 3249 itaque
1710 3177 1816 3240 die,
1843 3176 1972 3231 dum

385 3273 702 3336 incolumis,
731 3282 972 3341 vegetus,
1020 3287 1084 3324 ac
1129 3270 1386 3325 robustus
1437 3269 1716 3334 existeret,
1750 3283 1971 3336 vesper-

385 3365 510 3418 tinis
557 3363 718 3428 horis.
751 3363 817 3416 ad
846 3363 1234 3432 quiescendum
1267 3376 1324 3415 se
1363 3361 1418 3417 in
1457 3361 1596 3414 lecto
1640 3359 1968 3428 composuit.

384 3454 486 3509 Sed
521 3453 800 3523 repentina
829 3453 1022 3506 divina:
1066 3452 1286 3508 ultionis
1332 3450 1803 3506 animadversione
1845 3464 1969 3517 per-

383 3563 600 3610 cussus,
655 3563 816 3601 mane
845 3553 1093 3615 repertus
1135 3556 1220 3603 est
1260 3544 1492 3600 cadaver
1519 3545 1788 3600 exanime.
1822 3545 1970 3603 Illico

381 3641 618 3710 prazfata:
656 3639 932 3694 canonica:
972 3637 1253 3708 religiosus
1295 3645 1446 3692 certe
1491 3647 1790 3692 conventus
1835 3639 1969 3696 duos

383 3732 449 3796 ad
513 3746 599 3785 me
666 3730 896 3784 clericos
959 3728 1318 3791 direxerunt,
1382 3726 1508 3795 quid
1575 3727 1666 3780 tali
1732 3727 1973 3786 facerent,

385 3832 598 3875 mortuo
651 3820 1014 3874 consulentes.
1077 3817 1182 3874 Nos
1237 3818 1284 3871 si
1345 3833 1455 3874 rem
1511 3817 1614 3876 rite
1676 3825 1966 3885 tenemus,

377 3911 663 3966 consilium
706 3910 986 3976 dedimus,
1035 3918 1095 3962 ut
1142 3924 1264 3962 eum
1292 3908 1538 3977 quidem,
1595 3909 1719 3976 quia
1748 3910 1969 3983 presby-

378 4012 463 4056 ter
513 4003 712 4068 fuerat,
758 4019 924 4073 penes
971 4002 1254 4057 ecclesiam
1288 4002 1580 4070 sepelirent
1607 4019 1618 4053 :
1647 4003 1737 4056 sed
1764 4002 1964 4055 nullum

375 4095 483 4150 sibi
517 4095 602 4149 vel
642 4095 984 4166 hymnorum,
1018 4093 1099 4147 vel
1143 4093 1458 4162 psalmodize
1486 4092 1721 4147 ollicinm
1774 4095 1965 4149 redde-

375 4196 532 4250 rent;
584 4195 851 4256 quatenus
888 4196 943 4239 et
983 4186 1202 4240 incestis
1255 4195 1434 4238 terror
1492 4193 1865 4248 accresceret,
1909 4195 1966 4240 et

369 4280 651 4332 castitatis
697 4279 865 4349 gloria
913 4278 1310 4348 germinantius
1341 4277 1652 4346 pullularet.
1708 4278 1778 4348 Et,
1818 4289 1966 4332 certe

367 4369 598 4439 dignum
628 4371 858 4434 videtur,
883 4378 940 4421 ut
962 4379 1225 4434 mortuus,
1248 4366 1396 4435 juxta
1422 4369 1766 4437 prophetam,
1789 4369 1966 4438 sepul-

2067 1916 2372 1974 cessatione
2392 1916 2632 1972 dicentes
2652 1912 2837 1984 (Prov.
2857 1912 3009 1980 xxx).
3040 1910 3235 1964 Venite
3252 1911 3452 1979 itaque,
3475 1907 3658 1961 audite

2069 2024 2187 2074 me,
2221 2015 2400 2062 scorta
2423 2046 2438 2070 ,
2486 2005 2784 2074 prostibula
2806 2045 2819 2068 ,
2851 2003 3030 2066 savia,
3063 2002 3344 2057 volutabra
3367 2014 3658 2070 porcorum

2068 2099 2383 2170 pinguium;
2412 2099 2608 2153 cubilia
2633 2098 2922 2165 spirituum
2945 2095 3362 2156 it‘tnnnmiorum,
3382 2093 3650 2162 nymphae,

2071 2191 2285 2253 sirenae,
2324 2189 2525 2252 lamiae,
2554 2188 2754 2249 dianm,
2793 2197 2848 2240 et
2876 2186 2921 2240 si
2945 2185 3081 2253 quid;
3119 2185 3295 2238 adhuc
3325 2183 3582 2252 portenti,
3613 2182 3656 2234 si

2070 2283 2199 2351 quid
2250 2282 2476 2351 prodigii
2527 2280 2834 2348 reperitur,
2877 2277 3086 2333 nomini;
3130 2286 3321 2332 vestro
3350 2283 3660 2343 competere

2067 2374 2362 2444 iudicetur.
2415 2372 2520 2426 Vos
2573 2371 2718 2424 enim
2769 2369 2902 2427 estis
2949 2369 3251 2420 dmmonum
3301 2365 3536 2418 victimae
3590 2364 3658 2417 ad

2072 2473 2286 2520 reternze
2319 2463 2509 2518 mortis
2533 2461 2830 2516 succidiam
2868 2458 3168 2514 destinatae.
3214 2455 3290 2512 Ex
3327 2455 3478 2509 vobis
3503 2455 3647 2508 enim

2073 2554 2338 2617 diabolus,
2365 2561 2626 2620 tanqnam-
2644 2548 2889 2619 delicatis
2917 2547 3145 2615 dapibus
3170 2544 3436 2613 poscitur,
3462 2554 3660 2597 vestra:
3717 2567 3732 2578 κ

2073 2645 2311 2699 libidinis
2377 2641 2734 2700 exuberantia
2799 2640 3102 2709 saginatur.
3159 2656 3176 2689 ι
3220 2635 3439 2692 Habitat
3489 2635 3662 2698 enim,

2067 2733 2221 2803 juxta
2253 2729 2706 2822 Seripturam,31
2738 2736 2950 2783 secreto
2974 2725 3189 2788 calami,
3229 2734 3286 2778 et
3315 2724 3366 2776 in
3401 2724 3532 2776 locis
3561 2724 3663 2776 hu-

2075 2828 2353 2884 mentibus
2385 2825 2528 2896 (Iob.
2561 2815 2683 2891 xc):
2715 2843 2734 2875 ι
2777 2821 2886 2878 Vos
2913 2824 3042 2878 estis
3067 2837 3194 2875 vasa
3223 2820 3335 2884 irze,
3368 2829 3422 2872 et
3449 2815 3647 2870 furoris

2076 2919 2308 2986 Dominl,
2362 2917 2594 2987 reposita
2645 2918 2700 2972 in
2755 2917 2895 2971 diem
2967 2914 3207 2968 ultionis.
3264 2911 3377 2965 Vos
3425 2907 3652 2975 tigrides

2077 3008 2278 3077 impiae,
2320 3020 2547 3074 quarum
2581 3003 2850 3064 nesciunt,
2881 3007 3078 3066 praiter
3105 2997 3402 3050 humanum
3443 2994 3670 3062 sangui-=

2082 3116 2226 3160 nem,
2258 3108 2480 3152 cruenta
2521 3111 2615 3149 ora
2665 3093 2839 3147 sitire.
2871 3091 2982 3144 Vos
3023 3086 3300 3156 harpyia),
3331 3101 3448 3153 qua:
3492 3085 3664 3139 sacri-

2078 3193 2258 3246 licium
2319 3187 2532 3242 Domini
2584 3181 3038 3239 circumvolantes
3091 3175 3370 3242 arripitis,
3421 3164 3715 3242 eosq~uc,.'

2070 3282 2162 3350 qui
2211 3281 2319 3334 Deo
2348 3279 2514 3334 oblati
2564 3277 2796 3339 fuerant,
2845 3269 3140 3326 crudeliter
3181 3269 3479 3322 devoratis.
3525 3264 3670 3318 Nam

2070 3381 2126 3426 et
2156 3372 2353 3424 lumnas
2395 3384 2491 3421 vos
2534 3382 2638 3420 non
2683 3368 2978 3436 incongrue
3023 3363 3278 3423 dixerim,
3309 3376 3432 3429 qnze
3455 3355 3672 3440 belltra-V

2073 3481 2190 3519 rum
2240 3477 2410 3527 more,
2445 3459 2610 3529 iubas
2651 3456 2919 3519 attollitis,
2947 3467 3002 3510 et
3045 3455 3294 3510 incautos
3318 3451 3566 3506 homines
3592 3446 3669 3499 ad

2072 3572 2184 3611 suae
2213 3553 2533 3624 perditionis
2568 3549 2842 3604 interitum
2889 3546 3132 3601 cruentis
3157 3543 3498 3614 amplexibus
3536 3541 3674 3594 ᾔειν-ι.

2069 3646 2301 3719 paxatis.
2339 3643 2447 3700 Vos
2488 3643 2707 3706 sirenae,
2751 3649 2913 3710 atque
2960 3636 3345 3708 charybdides,
3387 3648 3506 3702 qua:
3532 3631 3669 3685 dum.

2070 3753 2290 3794 suavem
2323 3735 2660 3804 deceptionis
2686 3733 2849 3787 editis
2883 3738 3128 3794 cantum,
3159 3722 3652 3783 inevasihilestrui»

2070 3832 2158 3896 tis,
2188 3829 2302 3884 salo
2337 3836 2581 3889 vorante,
2614 3824 2973 3893 naufragium.
3019 3821 3122 3876 Vos
3165 3820 3363 3878 viperae
3407 3816 3650 3876 furiosze,

2067 3937 2187 3990 qua:
2213 3934 2320 3988 prae
2353 3914 2684 3986 impatientis
2726 3913 2919 3967 ardore
2947 3909 3193 3964 libidinis.
3208 3907 3508 3966 Christum,
3549 3901 3643 3972 qui

2068 4017 2231 4077 caput
2260 4014 2346 4061 est.
2377 4003 2720 4067 elericormn,
2764 3999 2959 4054 vestris
2989 3997 3328 4052 amatoribus
3355 3995 3648 4048 detrunca—

2071 4102 2157 4154 tis.
2210 4099 2344 4153 Nam
2403 4099 2541 4152 sicut
2599 4093 2973 4148 Madianitides
3027 4091 3155 4146 olim
3206 4105 3304 4158 per
3365 4087 3670 4156 phaleratus

2069 4193 2234 4247 vestis
2284 4198 2534 4244 ornatum
2571 4187 2638 4240 ad
2680 4199 2841 4240 suum
2876 4181 3247 4252 provocabunt
3293 4177 3668 4236 lsraelitarnm

2069 4282 2233 4338 corda
2265 4279 2610 4335 concubitum
2640 4274 2831 4347 (Num.
2857 4271 3008 4342 xxv),
3041 4271 3112 4324 ita
3144 4284 3238 4323 vos
3269 4267 3510 4322 accurati
3536 4265 3663 4320 θυι-.

2071 4383 2197 4438 tus,
2243 4372 2356 4426 sive
2388 4370 2554 4428 fucati
2599 4366 2782 4422 vultus
2813 4361 3085 4422 illecebris
3130 4359 3374 4417 infelices
3417 4359 3667 4412 homines

369 4467 558 4514 turam
595 4460 866 4530 possideat
892 4461 1030 4514 asini
1065 4460 1156 4531 qui
1196 4461 1320 4514 dum
1344 4459 1553 4514 viveret
1578 4461 1814 4514 humana
1840 4477 1964 4517 cou-
1999 4490 2048 4546 Ι)
2075 4467 2142 4521 de
2170 4461 2504 4520 sacrosancti
2545 4459 2734 4515 altaris
2779 4455 3104 4516 ministerio,
3141 4469 3250 4522 quo
3282 4451 3664 4522 fungebantur,

369 4551 601 4620 tempsit
632 4551 749 4620 lege
777 4550 1095 4620 constringi.
1126 4549 1281 4604 Sicut
1318 4549 1385 4604 de
1410 4548 1620 4603 Joakim
1667 4550 1776 4605 tilio
1808 4550 1969 4606 .losia:

364 4656 506 4711 rege
539 4639 677 4696 Juda
718 4658 814 4710 per
855 4640 1146 4696 Jeremiam
1181 4640 1421 4696 dicitur:
1461 4659 1478 4690 ι
1506 4639 1792 4710 Sepultura
1833 4642 1968 4696 asini

363 4733 672 4802 sepelietur
699 4733 1062 4803 putrefactus,
1094 4741 1166 4787 'et
1195 4731 1470 4801 projectus
1499 4744 1653 4785 extra
1679 4741 1862 4800 portas
1882 4730 1968 4787 Jeo

361 4825 610 4880 rusalem
635 4826 771 4896 (Jer.
801 4827 957 4895 χχιι).
985 4845 1001 4877 ι
1029 4825 1320 4880 Enimvero
1341 4824 1427 4879 cui
1456 4824 1706 4879 militaris
1734 4834 1821 4879 est
1842 4827 1971 4879 cha-

362 4906 562 4972 racter
603 4918 932 4988 impressus,
976 4931 1301 4987 quocunque
1346 4915 1718 4986 transfugiat,
1765 4916 1971 4970 militia:

357 5024 493 5062 sna:
519 5049 535 5071 ,
566 5010 651 5062 cui
677 5011 895 5079 juratuts
931 5007 1136 5072 fuerat,
1165 5024 1350 5064 secum
1384 5023 1597 5077 semper
1636 5007 1970 5077 signaculum

355 5107 582 5168 portat,
600 5108 653 5153 et
673 5099 1104 5169 quandocunque
1135 5099 1300 5153 inusti
1322 5098 1428 5152 sibi
1453 5099 1723 5168 stigmatis
1745 5098 1971 5152 vibicem

349 5189 666 5258 conspicit,
699 5190 1030 5244 desertorem
1057 5204 1116 5243 se
1141 5189 1368 5251 militiae,
1395 5202 1657 5257 reumque
1684 5185 1969 5257 transfugii

350 5281 740 5350 recognoscit.
786 5280 877 5336 Sic
918 5281 1082 5336 etiam
1115 5279 1364 5344 clericus,
1398 5295 1518 5334 cum
1544 5279 1824 5347 signaculo
1852 5278 1973 5347 Spi—

345 5375 518 5428 ritus
548 5373 747 5437 sancti,
769 5373 913 5442 quod
946 5373 996 5426 in
1026 5373 1113 5428 die
1145 5388 1255 5428 suze
1285 5373 1711 5427 consecrationis
1737 5372 1967 5441 accepit,

345 5465 644 5537 probatur
705 5465 771 5518 ad
839 5465 1118 5534 lupanaria
1174 5479 1368 5534 spurca
1439 5464 1808 5528 descendere,
1873 5479 1973 5520 nec

340 5555 509 5614 illud
565 5555 632 5608 de
685 5570 743 5608 se
786 5555 894 5608 ulla
948 5555 1150 5624 poterit
1189 5555 1482 5613 occasione
1523 5553 1741 5619 delere,
1793 5569 1967 5622 quan-

339 5659 548 5718 quam
578 5654 634 5698 et
655 5644 761 5699 illic
790 5645 918 5698 illud
941 5645 1172 5714 accipiat
1199 5646 1435 5712 signum,
1469 5643 1534 5697 de
1557 5659 1664 5713 quo
1694 5643 1746 5697 in
1765 5645 1972 5713 Apoca-

342 5736 522 5810 lypsi
552 5734 787 5796 Joannes
815 5735 978 5807 506
1006 5739 1081 5790 ait
1115 5755 1125 5789 :
1180 5755 1196 5786 ι
1230 5735 1412 5790 Faciet
1441 5749 1627 5790 onlnes
1669 5734 1888 5803 pusillos
1917 5745 1976 5789 et

2079 4558 2332 4619 avellitis,
2367 4565 2426 4610 ut
2474 4555 2525 4608 in
2569 4552 2780 4608 lubrico
2809 4548 2978 4603 vestri
3010 4546 3215 4600 amoris
3260 4544 3474 4614 glutino
3495 4539 3674 4597 sutl‘o-.

2078 4647 2230 4701 cetis.
2266 4647 2331 4699 Et
2355 4645 2495 4698 sicut
2523 4639 2901 4695 Madianitides
2931 4637 3032 4690 illa:
3073 4652 3106 4688 ιι
3151 4648 3210 4688 se
3249 4632 3504 4702 pellectis.
3535 4646 3665 4684 sua-

2077 4737 2279 4796 dobant
2323 4734 2463 4788 idola
2515 4732 2720 4795 colere,
2770 4731 2849 4784 sic
2894 4738 2950 4781 ct
2979 4743 3074 4780 vos
3114 4727 3251 4778 istos
3294 4733 3415 4791 post
3450 4720 3667 4788 signum

2077 4827 2258 4884 crucis
2305 4825 2627 4894 impressum
2678 4817 3078 4889 quodammodo
3121 4814 3308 4869 bestia:
3343 4808 3666 4878 compellitis

2085 4919 2377 4987 imaginem
2430 4914 2680 4967 adorare.
2714 4910 2814 4977 Qui
2861 4906 3108 4977 profecto
3154 4904 3432 4961 vobiscum
3479 4899 3668 4962 simul,

2085 5010 2188 5064 nisi
2219 5007 2358 5062 forte
2389 5004 2740 5073 resipiscunt,
2765 4999 2898 5056 illud
2922 4994 3274 5066 Apocalypsis
3295 4991 3528 5061 elogium
3557 5004 3666 5042 non

2079 5099 2358 5153 evadunt:
2391 5116 2409 5147 ι
2442 5096 2498 5150 Si
2547 5094 2693 5164 quis,
2728 5091 2926 5161 inquit,
2977 5087 3287 5142 adoraverit
3321 5083 3550 5142 bestiam
3607 5089 3673 5138 et:

2082 5190 2371 5260 imaginem
2417 5187 2552 5256 ejus,
2599 5194 2654 5238 et
2685 5183 2957 5254 acceperit
2996 5181 3370 5235 characterem
3402 5175 3454 5228 in
3484 5173 3672 5229 fronte

2081 5297 2200 5345 sua,
2233 5288 2322 5333 aut
2359 5280 2409 5332 in
2460 5293 2620 5332 manu
2658 5291 2776 5336 sua,
2825 5284 2880 5330 et
2925 5272 3015 5326 hic
3061 5270 3260 5325 biberit
3303 5267 3368 5320 de
3409 5265 3538 5320 vino
3568 5263 3672 5317 ira:

2083 5371 2202 5434 Dei,
2234 5369 2376 5438 quod
2407 5368 2634 5422 mixtum
2668 5376 2752 5421 est
2782 5361 3294 5419 meroincaliceira:
3317 5357 3516 5426 ipsius,
3540 5368 3667 5408 cru-

2079 5463 2310 5518 ciabitur
2334 5463 2385 5514 in
2414 5461 2536 5527 igne
2557 5468 2612 5514 et
2657 5458 2915 5526 sulphure
2945 5455 2998 5508 in
3023 5454 3312 5519 conspectu
3341 5449 3668 5518 angelorum

2079 5562 2416 5616 sanctorum,
2448 5560 2502 5604 et
2529 5561 2656 5603 ante
2678 5554 3027 5616 conspectum
3056 5541 3218 5612 Agni,
3249 5551 3306 5595 et
3339 5539 3520 5596 fumus
3551 5549 3666 5595 mh

2077 5641 2380 5700 mentorum
2427 5656 2614 5696 eorum
2655 5639 2908 5695 ascendet
2960 5637 3012 5691 iu
3069 5634 3262 5691 sucida
3314 5629 3668 5695 seculorum.

2080 5752 2178 5789 nec
2218 5732 2490 5787 habebunt
2527 5729 2766 5797 requiem
2811 5728 2894 5784 die
2940 5741 3005 5784 ac
3054 5734 3214 5781 nocte
3243 5724 3426 5795 (Apoc.
3479 5723 3611 5792 xlv).
3641 5739 3666 5778 ι
