4080 6194
375 351 474 405 Ml

788 348 846 405 S.
885 350 1088 406 PETRI
1126 349 1406 404 DAMIAN!
1442 349 1590 407 OPP.
1647 349 1878 407 TOMUS
1913 348 2042 405 SEU
2080 349 2258 404 PARS
2296 351 2381 405 Ill.
2419 381 2490 391 —
2527 348 2890 406 OPUSCULA
2930 345 3158 401 VAlllA.

3515 344 3622 400 ΗΕ

375 463 545 518 Porro
588 471 766 517 autem
792 465 930 517 sicut
958 465 1128 516 Adam
1178 465 1319 518 inter
1365 480 1544 518 omnia
1589 463 1751 536 407
1794 481 1946 535 para-
1975 469 2022 526 Α
2050 463 2183 529 niat,
2215 479 2376 534 quam
2412 459 2702 516 immundis
2733 459 3049 514 mulieribus
3082 473 3179 528 per
3214 458 3430 529 Moysen
3479 461 3621 512 Deus

377 553 482 606 disi
535 569 711 622 poma,
780 553 908 606 illud
976 552 1240 606 duntaxat
1297 554 1441 621 quod
1506 556 1646 610 Deus
1707 564 1952 609 vetuerat

381 643 689 711 concupivit
716 660 728 694 :
768 643 845 694 sic
875 655 904 693 a
931 641 1080 694 vobis
1109 657 1176 695 ex
1205 642 1458 697 universa
1487 643 1704 697 humani
1737 645 1952 715 generis

382 731 725 786 multitudine
755 730 830 784 illi
856 731 1229 786 tantummodo
1257 741 1380 786 sunt
1411 732 1591 797 electi,
1620 734 1710 802 qui
1741 734 1952 804 penitus

382 821 451 875 ab
475 819 619 873 omni
648 819 926 872 muliebris
955 817 1176 873 affectus
1191 831 1314 874 sunt
1344 820 1800 877 conftederatione
1829 838 1955 892 pro-

384 911 558 966 hibiti.
590 911 694 964 Per
718 926 812 965 vos
851 919 1041 964 contra
1073 921 1275 966 turrem
1309 913 1475 966 David
1516 913 1761 968 Damasci
1787 911 1954 968 facies

384 1000 627 1065 dimicat,
687 1001 814 1054 dum
873 1001 1126 1070 antiquus
1185 1001 1353 1057 hostis
1414 1017 1509 1070 per
1547 1018 1644 1057 vos
1703 1002 1956 1057 invadere

382 1090 650 1144 castitatis
691 1091 1072 1145 ecclesiastica:
1113 1107 1371 1146 cacumen
1399 1093 1637 1146 anhelat.
1668 1090 1774 1157 Vos
1801 1093 1956 1163 plane

385 1191 490 1228 non
536 1176 825 1236 inunerito.
871 1176 1064 1242 fatear,
1111 1179 1361 1248 dipsades
1417 1180 1500 1233 vel
1533 1189 1788 1245 cerastes,
1836 1196 1956 1249 qua:

387 1264 602 1318 miseris
637 1273 692 1318 et
735 1265 966 1319 incautis
1020 1267 1331 1322 hominibus
1358 1269 1436 1324 sic
1465 1270 1779 1340 sanguinem
1813 1271 1956 1340 sugi-

385 1354 489 1417 tis,
546 1363 604 1407 ut
664 1355 860 1410 lethale
913 1357 1060 1411 virus
1110 1373 1296 1412 corum
1351 1359 1650 1414 visceribus
1697 1361 1954 1415 inlluatis.

387 1441 539 1498 Unde
583 1443 650 1497 ad
698 1445 908 1499 illarum
953 1462 1237 1501 numerum
1276 1449 1628 1518 pertinentes,
1660 1451 1725 1505 de
1760 1452 1958 1520 quibus

389 1531 601 1602 Moyses
629 1532 995 1588 lsraelitarum
1027 1536 1362 1606 principibus
1388 1539 1464 1592 ait
1488 1557 1501 1592 :
1541 1557 1559 1590 ι
1590 1539 1698 1593 Cur
1727 1539 1959 1595 feminas

389 1621 744 1674 reservastis?
792 1623 980 1677 Nonne
1008 1624 1123 1678 istae
1153 1636 1276 1680 sunt
1323 1643 1444 1696 qua:
1473 1629 1798 1698 deccperunt
1822 1630 1959 1685 tilios

395 1709 562 1764 Israel
590 1713 656 1765 ad
683 1714 1082 1782 suggestionetn
1128 1716 1344 1773 Balaam
1370 1760 1384 1784 ,
1431 1729 1485 1773 et
1519 1723 1860 1789 pra-:varicari
1889 1724 1962 1778 fe-

2051 553 2354 623 iniquitatis
2381 552 2524 607 ultor
2557 552 2788 604 intentat
2816 565 2831 603 :
2864 566 2883 598 ι
2920 547 3034 612 His,
3065 546 3260 614 inqttit,
3285 546 3622 600 maledictio-

2052 643 2209 697 nibus
2252 639 2560 708 subjaeebis
2603 654 2616 691 :
2661 639 2761 693 Det
2803 646 2854 692 te
2913 636 3056 690 Deus
3105 634 3157 688 in
3185 634 3618 692 male-dictionem

2051 731 2464 801 exemplumque
2489 739 2807 784 cunctorum
2837 727 2890 781 in
2927 726 3122 797 populo
3149 740 3276 791 suo;
3305 733 3622 795 putrescere

2051 822 2215 878 faciat
2241 821 2419 878 femur
2445 832 2615 884 tuum,
2639 827 2694 873 et
2721 829 2935 874 tumens
2956 827 3141 872 uterus
3171 827 3294 870 tuus
3317 816 3622 884 disrumpa-

2055 923 2160 967 tur.
2194 913 2565 982 lngrediautur
2603 925 2756 980 aqua:
2785 907 3081 962 maledicta:
3106 901 3350 978 5031..
3375 915 3621 959 ventrem

2056 1009 2225 1066 tuum,
2266 1009 2322 1054 et
2357 1008 2512 1053 utero
2539 1005 2876 1053 tmnescente
2913 1003 3187 1066 putrescat
3228 995 3402 1048 lentur
3429 993 3622 1064 (Nam.

2056 1090 2134 1158 v).
2173 1108 2190 1140 ι
2226 1088 2532 1157 Perpendat
2569 1088 2756 1153 etiam,
2792 1086 2917 1155 quia
2946 1087 3060 1140 haec
3091 1085 3378 1139 delectatio
3405 1083 3586 1137 carnis
3607 1123 3621 1145 ,

2056 1195 2162 1248 qua
2212 1195 2354 1232 nunc
2386 1178 2608 1240 fruitur,
2663 1178 2808 1232 illam
2849 1179 2950 1232 sibi
2996 1177 3138 1247 parit
3180 1176 3623 1241 amaritudinem,

2058 1270 2123 1323 de
2151 1283 2256 1338 qua
2295 1269 2346 1322 in
2391 1268 2711 1338 Apocalypsi
2745 1267 2982 1323 Joannes
3025 1269 3138 1321 ait:
3175 1286 3192 1318 ι
3233 1265 3368 1333 Quia
3410 1266 3494 1330 hi,
3533 1266 3625 1336 qui

2059 1359 2208 1412 missi
2232 1367 2358 1412 sunt
2385 1359 2437 1411 in
2466 1367 2716 1428 stagnum
2747 1358 2887 1428 ignis
2915 1357 3178 1420 ardentis,
3208 1356 3624 1410 commanduea-

2061 1457 2252 1502 verunt
2274 1447 2488 1518 linguas
2515 1464 2642 1503 suas
2667 1464 2777 1518 pra:
2805 1447 3011 1512 dolore,
3041 1456 3096 1501 et
3119 1445 3630 1518 blasphemaveruut

2062 1539 2228 1596 Deum
2264 1539 2387 1595 cmli
2415 1549 2471 1595 et
2511 1549 2668 1594 terra:
2697 1541 2751 1594 in
2788 1539 3062 1594 doloribus
3090 1547 3146 1592 et
3170 1537 3483 1592 vulneribus
3516 1536 3628 1590 suis

2063 1631 2247 1700 (Apoc.
2278 1630 2410 1701 xvt).
2443 1648 2462 1680 ι
2511 1629 2616 1686 Sed
2642 1646 2740 1700 ego
2770 1629 2896 1684 dum
2939 1628 3299 1699 productioris
3344 1627 3465 1698 styli
3494 1625 3627 1680 laci-

2074 1721 2407 1793 niamfugio,
2436 1722 2582 1777 velut
2617 1735 2684 1775 ex
2707 1735 2901 1792 magno
2926 1719 3502 1788 auimositatisgurgite
3541 1718 3625 1771 vis

389 1810 578 1854 eerunt
611 1817 704 1855 vos
736 1803 787 1856 in
818 1804 1040 1858 Domino
1059 1821 1218 1875 super
1246 1819 1464 1878 peccato
1491 1809 1735 1881 Phogor?
1765 1812 1957 1878 (Nam.
1991 1828 2036 1887 Β
2065 1823 2280 1867 tenuem
2327 1813 2614 1869 scintillam
2666 1813 2718 1868 in
2761 1813 3126 1884 jumentorum
3172 1810 3340 1866 austri
3386 1817 3629 1863 armenta

392 1889 564 1958 XXXI.)
607 1911 625 1941 ι
663 1891 842 1960 Ecqua
884 1892 1026 1946 enim
1077 1898 1270 1950 mentis
1318 1898 1542 1952 audacia
1584 1916 1687 1954 non
1733 1903 1960 1970 perhor-

396 1983 610 2036 rescitis
651 1993 989 2040 contrectare
1039 2003 1229 2042 manus
1267 2001 1615 2047 sacrosancto
1641 1996 1958 2064 chrismate,

391 2072 474 2124 vel
497 2072 614 2125 oleo
637 2073 923 2139 delibutas,
950 2075 1248 2133 siveetiam
1271 2081 1614 2152 evangelicis,
1641 2085 1722 2138 vel
1745 2095 1962 2156 aposto-

391 2161 512 2217 licis
572 2165 780 2233 paginis
834 2171 1122 2224 assuetas?
1185 2170 1325 2226 Dicit
1387 2175 1454 2228 de
1515 2175 1752 2247 maligno
1806 2179 1963 2236 hoste

392 2256 691 2328 Scriptura,
721 2261 845 2330 quia
885 2277 1004 2318 esca
1035 2265 1152 2334 ejus
1193 2266 1386 2322 electa.
1427 2268 1532 2323 Per
1563 2285 1656 2324 vos
1685 2286 1814 2342 ergo
1845 2274 1964 2328 dia-

397 2346 554 2401 bolus
581 2347 803 2402 electam
843 2365 1024 2406 escam
1054 2356 1298 2422 devorat,
1328 2357 1454 2411 dum
1497 2361 1769 2415 sanctiOra
1801 2379 1966 2418 mem-

391 2438 488 2491 bra
538 2437 818 2504 Ecclesia,
869 2444 1230 2512 suggest-iouis
1288 2462 1352 2501 ac
1397 2448 1773 2507 delectationis
1818 2454 1964 2508 velut

394 2526 676 2596 utriusque
727 2530 867 2584 mole
919 2533 1172 2587 dentibus
1229 2537 1450 2602 atterit;
1516 2547 1572 2594 et
1639 2542 1765 2596 dum
1814 2545 1966 2600 vobis

389 2614 569 2686 jungit
611 2633 734 2684 eos,
786 2619 842 2674 in
891 2635 988 2675 sua
1035 2623 1240 2679 viscera
1290 2628 1442 2694 quasi
1491 2629 1804 2699 trajicieudo
1835 2650 1967 2690 con-

393 2707 575 2759 vertit.

464 2793 519 2847 ιιι
549 2793 788 2864 plenaria
832 2798 992 2868 plane
1046 2805 1252 2874 synodo
1290 2817 1491 2864 sancta:
1538 2815 1810 2868 memoriae
1857 2814 1967 2873 Leo

393 2896 532 2951 papa
570 2888 888 2954 constituit,
934 2899 992 2945 ut
1023 2907 1354 2965 qumcunque
1390 2899 1722 2956 daumabiles
1755 2905 1968 2961 femina

395 2972 538 3026 intra
572 2974 810 3030 Romana
855 2983 1054 3034 tnwnia
1092 2986 1460 3053 reperirentur
1486 2992 1812 3062 presbyteris
1840 3011 1967 3063 pro-

395 3065 613 3129 stitutze,
652 3079 852 3125 estunc
877 3081 932 3126 et
978 3075 1229 3146 deinceps
1257 3077 1607 3138 Latcraueusi
1642 3087 1842 3154 palatio
1873 3090 1967 3144 ad-

392 3156 765 3226 judicarentur
794 3163 1021 3219 ancillae.
1069 3167 1221 3233 Quod
1256 3171 1503 3227 videlicet
1535 3176 1771 3230 salutare
1799 3189 1966 3234 statu-
1995 3165 2041 3226 (ἶ

397 3257 510 3304 ιιιιιι
539 3253 808 3320 tequitatis
847 3253 1180 3329 justititeque
1217 3261 1624 3331 plenissimum,
1675 3285 1776 3324 nos
1805 3273 1968 3325 eti-nu

398 3353 494 3428 per
542 3355 730 3396 omnes
785 3343 1058 3401 Ecclesias
1104 3354 1505 3422 propagandum
1556 3371 1675 3410 esse
1733 3359 1973 3412 decemi-

399 3444 520 3484 mus
577 3448 589 3483 :
641 3441 906 3500 quatenus
953 3449 1206 3509 percepto
1258 3444 1408 3511 prius
1457 3448 1767 3516 apostolica:
1827 3451 1972 3507 sedis

396 3521 593 3585 edicto,
625 3527 994 3597 unusquisque
1051 3532 1331 3602 episcopus
1373 3537 1628 3594 Ecclesiae
1657 3557 1768 3595 suae
1802 3544 1972 3598 vindi-

397 3623 486 3666 cet
514 3613 758 3681 famulas,
789 3634 924 3687 quas
946 3622 998 3676 in
1034 3640 1130 3678 sua
1158 3628 1409 3694 parochia
1441 3632 1846 3702 deprehenderit
1878 3651 1969 3690 sa-

399 3705 601 3798 crilega
632 3711 963 3781 presbyteris
985 3717 1304 3774 admistione
1327 3721 1647 3779 substratas.
1679 3726 1972 3798 [Equitalis

401 3796 763 3867 scilicetjurc,
791 3813 844 3856 ut
873 3822 991 3873 qua!
1017 3809 1184 3864 sacris
1226 3811 1484 3870 altaribus
1513 3819 1754 3886 rapuisse
1766 3796 1970 3876 iservo-

402 3899 522 3940 rum
555 3887 648 3943 Dei
679 3893 1075 3951 convincuntur
1108 3899 1458 3970 obsequium,
1490 3905 1617 3975 ipsa:
1649 3909 1751 3963 hoc
1778 3910 1971 3965 saltem

401 3976 655 4066 episcopo
689 3996 786 4049 per
830 3985 1075 4040 diminmi
1115 3992 1308 4060 capitis
1353 3995 1434 4048 sui
1477 3997 1762 4066 suppleant
1801 4002 1972 4054 fatuu-

403 4064 590 4122 latum.
617 4069 721 4124 Sed
745 4073 870 4140 quid
901 4090 1000 4145 ego
1031 4077 1252 4146 loquens
1281 4084 1433 4138 vobis
1469 4064 1607 4139 ultra
1633 4091 1975 4158 progrediar?

403 4159 585 4225 potius
629 4160 742 4226 ipse
774 4162 912 4217 Deus
941 4169 1282 4235 oumipotcns
1320 4173 1448 4240 quid
1497 4177 1647 4230 vobis
1676 4194 1774 4245 per
1817 4179 1973 4233 Jere-

407 4246 571 4299 iniam
622 4248 896 4319 loquatur,
952 4258 1208 4312 attendite
1247 4277 1260 4313 :
1309 4279 1326 4311 ι
1372 4263 1598 4329 Audite,
1633 4267 1827 4334 inquit,
1861 4286 1976 4322 mu-

409 4335 594 4401 lieres,
643 4343 869 4396 rerhum
919 4345 1157 4412 Domini,
1195 4358 1249 4402 et
1286 4365 1563 4407 assumant
1605 4371 1762 4412 aures
1786 4370 1977 4414 vestra:

406 4439 714 4482 sermonem
759 4433 871 4487 oris
918 4436 1066 4488 mei:
1108 4442 1296 4495 docete
1343 4441 1480 4496 filias
1512 4455 1722 4502 vestras
1768 4448 1974 4505 lamen-

2071 1904 2300 1960 distillo.

2132 1995 2411 2050 Postremo
2431 2004 2608 2050 tamen
2629 1994 2810 2049 audite
2833 2009 2934 2055 me,
2955 1991 3264 2062 muscipuhe
3282 1991 3598 2046 clericormn
3615 2030 3630 2051 ,

2063 2088 2129 2152 si,
2152 2087 2293 2157 quod
2320 2088 2470 2142 vobis
2491 2087 2731 2142 clausura
2754 2084 2857 2151 es't,
2882 2101 3106 2155 regnum
3131 2083 3290 2138 vultis
3313 2097 3635 2152 recuperare

2063 2179 2343 2241 cmlorum,
2371 2178 2647 2246 repudiate
2667 2177 2987 2247 quantocius
3008 2173 3319 2229 detestanda
3336 2173 3633 2236 consortia,

2064 2278 2119 2324 et
2143 2268 2243 2323 sub
2269 2268 2444 2337 digna:
2469 2265 2855 2322 satisfactionis
2888 2279 2953 2319 ac
2995 2262 3322 2333 paenitentiae
3350 2277 3446 2316 vos
3469 2260 3638 2329 repri-

2065 2359 2198 2414 mite
2224 2358 2526 2427 disciplina.
2557 2356 2747 2410 Veniat
2788 2356 2932 2409 inter
2978 2369 3073 2407 vos
3119 2361 3303 2406 sancta
3345 2349 3635 2411 discordia,

2065 2463 2186 2519 qua:
2231 2449 2455 2502 suscitet
2514 2458 2570 2500 et
2615 2445 2872 2501 accendat
2907 2443 2960 2498 in
3020 2444 3174 2497 vobis
3221 2441 3472 2495 salutaris
3527 2440 3636 2494 odii

2068 2541 2338 2604 fomitem;
2389 2549 2444 2593 et
2487 2538 2729 2592 odiosam
2760 2536 2870 2590 Deo
2899 2534 3063 2588 violet
3089 2532 3434 2586 charitatem.
3463 2528 3638 2583 Nolite

2066 2648 2195 2686 vasa
2219 2634 2329 2686 Deo
2357 2639 2566 2684 sacrata
2599 2629 2650 2683 in
2681 2643 2808 2682 vasa
2835 2624 3172 2680 contumelia:
3201 2633 3429 2676 vertere.
3463 2619 3638 2674 Nolite

2069 2725 2184 2778 hrec
2231 2721 2474 2790 exemplo
2528 2720 2799 2773 Baltassar
2847 2716 2967 2772 usui
3015 2725 3208 2770 vestra:
3266 2710 3642 2768 delectationis

2069 2825 2258 2883 ap'are
2288 2812 2448 2882 (Dan.
2483 2810 2532 2880 \)
2560 2850 2574 2874 ,
2602 2825 2669 2864 ne
2701 2816 2919 2877 repente
2952 2806 3098 2860 zelus
3137 2805 3228 2859 Dei
3256 2818 3417 2873 super
3459 2817 3552 2856 vos
3586 2801 3642 2854 in

2071 2905 2362 2960 iracundiae
2383 2918 2442 2958 se
2474 2902 2655 2957 furore
2678 2900 2973 2956 succendat
2993 2940 3008 2964 ,
3040 2909 3094 2952 et
3125 2898 3368 2952 vibratus
3397 2894 3643 2966 indigna-

2073 2996 2237 3050 tionis
2267 3009 2377 3049 suae
2405 2992 2946 3064 gladius'utrumque
2979 2987 3272 3044 confodiat.
3313 2985 3449 3041 Novi
3493 2993 3644 3039 certe

2073 3094 2445 3163 presbyterum
2471 3130 2484 3153 ,
2510 3087 2600 3159 qui
2629 3086 2806 3158 pellici
2835 3099 2946 3139 sua:
2980 3082 3232 3138 morienti
3295 3095 3376 3136 ac.
3409 3078 3645 3150 ptenitu-

2074 3185 2254 3237 dinem
2282 3178 2542 3250 ﬂagitanti
2568 3177 2813 3232 districte
2853 3172 3152 3244 prohibuit,
3200 3184 3427 3240 seseque
3452 3185 3548 3240 pro
3576 3183 3642 3223 ea

2073 3272 2402 3342 pmnitentize
2448 3269 2624 3324 debita
2691 3267 2990 3322 soluturum
3038 3263 3280 3318 absolute
3336 3258 3645 3331 spepondit.

2072 3363 2163 3418 llla
2195 3370 2380 3430 utpote
2405 3356 2672 3414 sacerdoti
2700 3365 2754 3411 et
2801 3354 2994 3409 litteris
3017 3353 3227 3407 erudito
3254 3351 3454 3406 homini
3487 3347 3648 3404 facile

2071 3452 2325 3516 credidit,
2346 3451 2532 3519 sicque
2564 3464 2622 3502 se
2644 3447 2697 3500 in
2730 3455 2994 3500 tartarum
3015 3459 3136 3498 cum
3167 3457 3342 3496 massa
3373 3439 3643 3510 plumbea,

2071 3560 2232 3616 quam
2284 3541 2576 3597 Zacharias
2623 3539 2885 3609 propheta
2929 3545 3158 3591 testatur
3197 3533 3485 3603 (Zach.v),
3537 3533 3641 3586 im-

2073 3633 2280 3690 mersit.
2321 3632 2586 3687 Subdolos
2614 3646 2744 3701 ergo
2766 3629 3111 3698 deceptores,
3137 3635 3390 3695 tanquam
3425 3638 3646 3693 serpet)-

2074 3725 2243 3778 tinum
2265 3722 2415 3777 virus
2442 3719 2688 3790 abjicite,
2715 3727 2772 3772 et
2800 3732 2897 3772 vos
2924 3717 3067 3771 velut
3107 3731 3137 3771 e
3163 3715 3400 3770 cruentis
3430 3713 3643 3768 leonum

2073 3812 2320 3867 dentibus
2357 3810 2472 3865 erui
2515 3808 2785 3864 festinate.

2142 3902 2251 3956 Nec
2279 3917 2377 3956 vos
2407 3908 2627 3962 terreat,
2653 3897 2795 3966 quod
2832 3895 2990 3962 forte,
3023 3911 3128 3951 non
3159 3895 3334 3950 dicam
3358 3893 3478 3948 fidei
3503 3931 3520 3959 ,
3551 3892 3650 3947 sed

2073 3995 2311 4066 perﬁdi-.2
2344 4008 2442 4047 vos
2492 3991 2722 4045 annulus
2770 3989 3111 4044 subarrhavit
3147 4005 3160 4043 :
3193 3988 3336 4058 quod
3411 3995 3529 4040 rata
3594 3992 3650 4038 et

2075 4087 2402 4140 monimenta
2447 4083 2645 4137 dotalia
2679 4082 2921 4136 notarius
2958 4081 3111 4151 quasi
3159 4078 3486 4134 matrimonii
3525 4075 3652 4144 jure

2074 4175 2425 4244 conscripsit;
2474 4174 2616 4242 quod
2682 4173 3046 4241 juramentum
3096 4171 3162 4224 ad
3226 4168 3648 4224 continuandam

2075 4264 2474 4336 quodammodo
2509 4261 2738 4331 conjugii
2787 4260 3032 4331 copulam
3074 4261 3326 4328 utrinque
3366 4258 3649 4328 processit.

2076 4361 2269 4413 Totmn
2304 4357 2407 4410 hoc
2429 4395 2445 4422 ,
2479 4356 2621 4424 quod
2659 4353 2910 4408 videlicet
2951 4354 3088 4422 apud
3123 4351 3258 4405 alios
3298 4359 3382 4404 est
3419 4345 3652 4416 coniugii

2081 4450 2499 4512 firmamentum,
2540 4448 2681 4500 inter
2719 4461 2816 4501 vos
2857 4461 3053 4499 vanum
3096 4446 3370 4513 judicatur
3402 4452 3458 4496 et
3489 4441 3655 4495 frivo-

405 4523 541 4581 tum,
567 4527 624 4574 et
649 4535 982 4594 unaquaeque
1015 4528 1312 4594 proximam
1339 4547 1490 4586 suam
1521 4535 1820 4604 planctum,
1845 4542 1971 4610 quia
2007 4516 2050 4572 υ
2080 4541 2208 4595 Ιιιιιι.
2239 4540 2374 4594 Nam
2406 4555 2529 4593 cmn
2556 4537 2835 4606 Scriptura
2861 4537 3006 4591 dicat
3044 4554 3057 4590 :
3098 4556 3114 4586 ι
3149 4536 3191 4589 Α
3224 4537 3335 4590 Deo
3357 4534 3516 4589 datur
3539 4532 3655 4585 viro

406 4611 652 4666 ascendit
701 4629 845 4668 mors
885 4632 982 4684 per
1025 4619 1291 4677 fenestras
1344 4635 1568 4690 vestras,
1622 4628 1861 4699 ingressa
1893 4644 1976 4686 est

413 4702 604 4760 domos
633 4717 860 4774 vestras,
893 4711 1195 4783 dispergere
1217 4717 1465 4783 parvulos
1485 4722 1550 4774 de
1574 4722 1725 4789 foris,
1748 4723 1976 4791 juvenes

414 4796 482 4850 de
502 4797 710 4866 plateis.
745 4801 810 4853 Et
833 4804 989 4856 cadet
1009 4808 1349 4862 morticimuu
1379 4810 1631 4877 hominis,
1654 4818 1808 4884 quasi
1833 4827 1967 4871 ster-

407 4901 504 4941 cus
528 4926 541 4948 ,
581 4903 742 4958 super
771 4891 962 4947 facient
1009 4898 1266 4965 regionis,
1306 4911 1362 4956 et
1403 4905 1555 4971 quasi
1601 4904 1804 4961 [mnum
1855 4920 1977 4978 post

407 4985 618 5069 tergum
651 4983 928 5046 metentis,
959 4993 1011 5038 et
1053 5002 1158 5042 non
1185 4999 1270 5044 est
1295 4990 1386 5059 qui
1416 4993 1636 5064 colligat
1667 4995 1802 5066 (Jer.
1833 4999 1924 5069 ιχ).
1954 5018 1973 5051 ι

408 5066 521 5122 lmo
565 5069 751 5124 audiat
795 5087 1128 5144 unaquteque
1166 5079 1296 5148 quid
1323 5080 1425 5135 sibi
1454 5099 1550 5152 per
1571 5088 1818 5140 eumdem
1855 5066 1977 5156 pro-

409 5157 626 5226 phetam
670 5160 809 5215 idem
854 5163 1112 5220 Dominus
1161 5169 1506 5238 singulariter
1543 5173 1730 5227 dicat:
1769 5193 1787 5224 ‹
1841 5177 1977 5240 Quia

409 5249 575 5302 oblita
607 5265 666 5303 es
703 5252 824 5317 mei,
852 5262 906 5307 et
928 5257 1128 5309 conlisa
1153 5273 1212 5311 es
1245 5260 1297 5312 iu
1331 5261 1632 5325 tuendacio,
1671 5271 1724 5315 et
1753 5278 1853 5330 ego
1879 5280 1973 5316 nu-

411 5339 535 5393 davi
566 5339 767 5396 femora
821 5352 908 5398 tua
952 5355 1140 5401 eontra
1182 5349 1372 5404 faciem
1423 5361 1591 5415 tuam,
1645 5363 1699 5406 et
1729 5354 1979 5421 apparuit

413 5430 704 5500 ignominia
729 5445 842 5502 tua,
867 5429 1128 5494 adulteria
1154 5451 1263 5505 tua,
1293 5452 1348 5496 et
1369 5433 1606 5499 hinnitus
1637 5453 1781 5509 tuus,
1806 5445 1984 5501 scelus

416 5519 795 5580 fornicationis
833 5539 934 5583 tuae
963 5546 1126 5598 super
1153 5532 1349 5594 colles,
1388 5533 1438 5585 in
1467 5549 1594 5604 agro
1630 5537 1736 5590 vidi
1779 5536 1985 5592 abomi-

416 5617 662 5674 nationcs
697 5629 816 5675 tuas
851 5623 984 5694 (Jer.
1015 5627 1153 5697 xm).
1178 5647 1195 5678 ι
1222 5627 1434 5682 'l‘imeat
1456 5629 1636 5698 itaque
1656 5670 1668 5694 ,
1702 5647 1754 5684 et
1786 5631 1984 5685 medul-

417 5705 546 5763 litus
570 5712 974 5778 contrcutiscat,
1008 5730 1073 5769 ne
1104 5731 1266 5785 super
1297 5730 1419 5774 eam
1449 5716 1539 5775 illa
1565 5718 1868 5776 maledictio
1893 5735 1982 5775 νο-

2083 4648 2220 4686 uxor
2239 4628 2419 4701 (Prov.
2442 4628 2586 4699 xu):
2613 4626 2970 4681 retDomiuus
2992 4624 3350 4694 inEvangelio
3375 4621 3440 4678 τι
3469 4622 3657 4678 Omnis

2083 4723 2266 4783 arbor,
2315 4736 2474 4788 quam
2529 4733 2632 4776 non
2671 4717 2931 4785 plantavit
2975 4714 3137 4768 Pater
3176 4727 3329 4768 meus
3379 4713 3617 4766 (celestis
3643 4752 3656 4770 .

2083 4812 2452 4868 eradicabitur
2483 4808 2696 4878 (Matth.
2743 4808 2861 4875 xv);
2904 4827 2922 4859 ι
2957 4806 3102 4860 ιιιιΙΙο
3129 4805 3442 4860 stabilitatis
3467 4803 3660 4856 nititur

2084 4902 2432 4957 fundamento
2478 4899 2619 4969 quod
2665 4897 3049 4967 omnipotentis
3091 4897 3181 4950 Dei
3227 4895 3522 4948 reluctatur
3556 4893 3658 4944 im-

2082 4993 2251 5063 perio.
2287 4991 2342 5044 lu
2366 5005 2459 5044 vos
2487 4989 2683 5058 quippe
2721 4988 3000 5051 redundat,
3031 4988 3172 5055 quod
3206 4984 3370 5038 Isaias
3397 4983 3658 5052 propheta

2080 5083 2363 5138 denuntiat
2399 5097 2415 5134 :
2461 5082 2564 5135 Pro
2600 5097 2692 5142 eo,
2724 5079 2936 5148 inquit,
2964 5081 3102 5149 quod
3141 5080 3353 5132 elevatae
3387 5087 3508 5130 sunt
3535 5074 3664 5142 ﬁlim

2084 5175 2232 5238 Sion,
2256 5185 2302 5226 et
2352 5170 2744 5226 ambulaverunt
2789 5180 2992 5223 extento
3021 5168 3152 5222 collo
3177 5211 3190 5233 ,
3226 5179 3273 5221 et
3302 5168 3510 5220 nutibus
3539 5180 3665 5216 oru—

2082 5263 2254 5316 Iorum
2289 5261 2451 5323 ibunt,
2484 5271 2531 5312 et
2559 5258 2898 5328 plaudebant,
2925 5257 3260 5311 ambulabant
3290 5257 3505 5323 pedibus
3529 5254 3658 5312 suis.

2081 5361 2128 5405 et
2155 5350 2436 5419 composito
2487 5347 2652 5417 gradu
2702 5347 3043 5409 incedebant,
3087 5345 3375 5398 decalvabit
3405 5342 3664 5396 Dominus

2082 5441 2320 5495 verticem
2364 5439 2598 5508 ﬁliarum
2653 5436 2779 5492 Sion
2807 5479 2822 5503 ,
2855 5448 2901 5490 ct
2931 5437 3187 5490 Dominus
3236 5437 3433 5490 crinem
3477 5449 3662 5487 eorum

2082 5531 2317 5586 nudabit.
2354 5529 2421 5582 In
2467 5529 2552 5581 die
2599 5527 2693 5582 illa
2739 5527 2940 5595 auferet
2992 5527 3246 5581 Dominus
3294 5533 3668 5579 ornamentum

2081 5626 2571 5690 calceamentorum,
2599 5633 2644 5676 et
2667 5621 2899 5683 lunulas,
2923 5633 2971 5677 et
3001 5634 3207 5691 torques
3225 5663 3239 5685 ,
3262 5633 3309 5675 et
3337 5620 3554 5674 monilia
3572 5658 3587 5682 ,
3613 5627 3664 5670 et

2083 5715 2343 5788 armillas,
2371 5724 2418 5770 et
2441 5715 2649 5782 mitras,
2672 5723 2718 5768 et
2740 5713 3145 5781 discrimtnalia,
3167 5724 3214 5770 et
3241 5711 3591 5772 ocriscelidas,
3614 5721 3667 5764 el
