4080 6194
468 405 575 460 4ἶῦ
879 402 939 458 8.
979 400 1186 458 PETRI
1222 398 1508 456 DAMIANI
1547 399 1698 455 OPP.
1736 397 1973 455 TOMUS
2020 395 2152 452 SEU
2183 395 2362 454 ΡΑΠὸ
2395 396 2482 454 III.
2526 431 2595 441 —
2634 397 2999 456 OPUSCULA
3042 397 3272 455 VARIA.
3630 399 3734 457 Ilo

471 493 597 574 ueni
647 517 808 579 Saul,
852 516 998 586 Agag
1045 514 1458 585 pinguissimum
1514 513 1569 568 in
1613 512 1780 566 frusta
1827 510 2050 566 concide
2077 513 2126 570 Α
2157 515 2250 568 riae
2277 515 2476 569 lethale
2500 514 2694 568 vulnus
2725 514 2924 585 inflige,
2957 525 3016 569 ut
3045 516 3326 569 manubias
3382 532 3445 572 ac
3471 519 3639 588 spolia
3668 523 3732 573 de

474 610 526 670 (1
554 608 684 677 Reg.
713 608 826 676 xv).
860 607 1003 660 Elias
1028 605 1192 658 etiam
1225 605 1319 660 tibi
1353 605 1674 674 productum
1707 604 1774 656 de
1798 601 2062 670 pharetra
2158 623 2322 661 manu
2351 608 2561 661 cruenti
2591 608 2857 676 prtedonis
2890 621 3142 662 Strenuus
3169 609 3349 664 valeas
3374 599 3604 665 bellator
3629 613 3734 666 eri-

474 697 686 753 Domini
735 696 969 765 gladium
1021 695 1301 764 porrigat,
1351 703 1406 749 et
1461 695 1526 748 de
1573 692 1946 746 sacerdotibus
1994 706 2058 745 ac
2157 712 2314 766 pere.
2342 705 2394 749 et
2419 697 2486 750 ad
2518 697 2690 766 ipsum
2716 697 2980 752 castitatis
3005 707 3277 753 auctorem
3305 709 3540 770 peracta:
3564 701 3736 756 victo-

473 787 754 857 pr0phetis
781 787 927 852 Baal,
959 787 1134 842 ductis
1165 786 1232 839 ad
1277 794 1569 840 torrentem
1609 785 1791 849 Cison,
1826 799 1893 838 ne
1937 784 2059 852 qui-

476 882 596 932 dem
631 894 770 933 unus
798 879 993 932 evadat
1035 877 1152 948 (111
1182 877 1306 948 Reg.
1341 879 1517 948 sviti).
1557 877 1689 931 Nam
1728 886 1783 931 et
1828 876 2060 947 Moyses,

474 969 597 1036 quia
641 982 740 1036 pro
778 983 962 1022 amore
1003 968 1258 1022 Israeliuc
1293 967 1596 1036 cujusdam,
1629 983 1948 1037 percussum
1975 982 2064 1020 sa-

476 1060 603 1115 bulo
654 1061 938 1115 abscondit
981 1059 1141 1130 411
1187 1059 1498 1130 Egyptium
1535 1057 1730 1126 (Exod.
1777 1060 1860 1128 ιι),
1903 1058 2065 1112 totius

479 1151 645 1206 Israel
680 1151 928 1204 oblinere
961 1151 1158 1203 meruit
1201 1150 1580 1218 principatum.
1613 1149 1788 1217 Atque
1817 1157 1876 1202 ut
1917 1147 2074 1200 illam"

481 1243 661 1314 magis
708 1243 988 1296 victoriam
1045 1256 1439 1303 memoremus,
1493 1257 1613 1310 qua:
1677 1241 1744 1292 ad
1795 1238 2066 1293 castitatis

482 1335 716 1404 pertinet
741 1341 1158 1395 sacramentum,
1194 1331 1360 1386 David
1397 1333 1520 1401 quia
1551 1332 1776 1385 ducenta
1802 1329 2064 1400 prmputia

485 1424 890 1478 Philistinorum
934 1422 1170 1476 fervidus
1203 1422 1431 1474 bellator
1460 1422 1711 1484 abscidit,
1742 1422 1985 1490 protinus
2014 1419 2068 1472 in

485 1516 792 1586 conjugiuui
826 1515 1018 1569 Michol
1051 1514 1217 1566 filiam
1255 1513 1384 1566 Saul
1423 1516 1564 1582 regis
1610 1513 1818 1580 accepit
1850 1510 1901 1580 (1
1943 1509 2068 1579 Reg.

485 1606 670 1673 xviii).
705 1603 838 1655 Nam
883 1602 1008 1671 quia
1052 1600 1180 1654 Saul
1223 1612 1438 1654 centum
1483 1601 1855 1653 tantummodo
1895 1599 2066 1668 petiit,

492 1697 584 1752 sed
639 1696 871 1749 ducenta
926 1709 1124 1762 genero
1174 1692 1449 1748 deferente
1495 1693 1767 1762 suscepit;
1825 1690 1912 1744 ille
1959 1689 2072 1759 regi

489 1785 650 1840 Israel
691 1785 952 1855 prmputia
997 1784 1262 1854 geminata
1308 1791 1636 1852 comportat,
1683 1782 1773 1850 qui
1817 1781 1927 1835 Deo
1971 1795 2073 1833 non

2161 788 2255 841 ria:
2275 787 2535 842 merearis
2554 787 2780 856 insignia
2799 798 3092 855 reportare.

2405 899 2410 906 ’
2467 876 2630 948 412
2667 875 3122 932 DISSERTATIO
3160 875 3437 934 TEII'I'IA.

2447 982 2656 1022 CONTRA
2696 983 2949 1022 CLEBICOS
2985 983 3036 1023 IN
3046 983 3450 1024 TEIIPEIIANTES.

2367 1059 2445 1111 Ad
2478 1059 2780 1113 Adelaidem
2808 1059 3219 1129 Subaipinorum
3259 1061 3540 1116 dimissam.

2164 1151 2563 1206 Ancuuearuu.
2590 1181 2658 1190 -—
2683 1150 2796 1217 Qua
2839 1151 2905 1204 de
2936 1167 3097 1204 causa
3135 1151 3426 1218 scripserat
3456 1153 3520 1204 ad
3547 1150 3740 1205 Tauri—

2235 1237 2455 1274 nensem
2507 1222 2848 1290 episcopum,
2901 1221 3089 1275 scribit
3137 1236 3278 1274 nunc
3321 1223 3387 1274 ad
3433 1222 3742 1275 Adelaidcm

2238 1293 2536 1360 principem
2575 1291 2830 1344 [etninam
2859 1332 2875 1353 ,
2916 1307 3035 1360 qua:
3082 1291 3498 1359 Subalpinorum
3556 1303 3746 1360 gentes

2240 1373 2294 1415 ct
2341 1361 2625 1416 Sabaudia:
2670 1363 2968 1430 regionem,
3003 1362 3199 1416 marito
3242 1373 3476 1425 mortuo,
3523 1363 3756 1416 admini-

2242 1434 2486 1485 strabat:
2521 1431 2800 1494 nimirum,
2844 1441 2902 1484 ut
2947 1431 3268 1485 clericorum
3309 1431 3360 1484 in
3402 1447 3495 1484 sua
3542 1433 3750 1486 ditione

2239 1503 2546 1570 degentium
2581 1502 2853 1556 libidinem
2879 1511 3146 1561 coerceat,
3178 1501 3500 1570 pollicesque
3529 1516 3620 1555 eos
3651 1502 3751 1554 ha-

2243 1573 2370 1626 bere
2420 1588 2761 1640 nequaquam
2808 1572 3072 1640 patiatur;
3118 1571 3385 1638 justitiam
3443 1586 3656 1639 quoque
3694 1580 3752 1624 et

2281 1641 2498 1694 ietatem
2533 1642 2582 1695 in
2612 1642 2894 1705 ecclesias,
2933 1643 3232 1711 praisei-tim
3264 1641 3314 1694 in
3362 1643 3750 1696 monasterium

2267 1711 2684 1773 "ruetuarieuse,
2721 1712 2876 1780 cujus
2915 1709 3101 1766 laudes
3140 1709 3258 1766 fuse
3298 1719 3536 1776 enarrat,
3578 1711 3752 1781 pluri-

2247 1798 2391 1835 mum
2424 1783 2471 1836 ei
2503 1783 2867 1836 commendat.

491 1875 663 1930 solum
712 1874 979 1942 corporis,
1012 1872 1104 1927 sed
1141 1881 1195 1926 et
1235 1872 1414 1926 cordis
1455 1871 1767 1940 pudicitiam
1809 1869 2070 1926 immolat.
2104 1855 2153 1916 Β
2247 1871 2509 1926 Αυεωιιοι
2550 1872 3016 1927 excellentissima:
3062 1873 3204 1940 duci,
3245 1871 3463 1926 Psrncs
3501 1879 3757 1942 peccator

492 1966 732 2020 Adouias
761 1965 900 2018 filius
925 1964 1139 2032 Aggith,
1174 1963 1299 2030 quia
1330 1961 1573 2015 illicitum
1605 1961 1779 2030 petiit,
1808 1961 2077 2014 Bersabee

497 2055 926 2117 interveniente,
982 2051 1311 2121 conjugium,
1364 2051 1653 2105 Salomone
1701 2051 2078 2120 promulgante

489 2144 779 2214 judicium,
800 2143 917 2197 fuso
938 2159 1131 2198 cruore
1155 2142 1401 2211 purgavit
1426 2141 1688 2194 incestum
1713 2139 1829 2210 (111
1847 2139 1970 2209 Reg.
1999 2139 2079 2209 ιι).

570 2235 842 2288 Memento
883 2234 1087 2302 itaque,
1125 2235 1267 2301 quod
1301 2231 1396 2286 tibi
1435 2231 1572 2285 idem
1617 2231 1870 2286 Salomon
1904 2231 2035 2283 dicit
2066 2248 2077 2282 :

503 2347 523 2378 ι
553 2326 656 2380 Fili
702 2326 796 2389 mi,
845 2325 888 2377 si
940 2324 1292 2393 spoponderis
1335 2338 1432 2391 pro
1476 2322 1651 2376 amico
1685 2332 1805 2383 tuo,
1849 2320 2082 2374 defixisti

499 2417 639 2485 apud
667 2424 983 2468 extraneum
1013 2415 1252 2466 animam
1281 2422 1446 2465 tuam.
1479 2413 1802 2480 lllaqueatns
1826 2427 1886 2465 cs
1907 2412 2087 2466 verbis

412 2508 420 2515 '
499 2506 611 2560 oris
660 2506 734 2558 tui
781 2515 836 2558 et
879 2512 1068 2572 captus
1106 2503 1340 2572 propriis
1387 2503 1728 2556 sermonibus
1779 2503 1905 2556 tuis.
1981 2501 2088 2556 Fac

501 2615 634 2668 ergo
664 2598 804 2667 quod
834 2596 956 2651 dico
1001 2597 1122 2659 tibi,
1165 2595 1240 2649 fili
1282 2596 1374 2658 mi,
1412 2607 1460 2649 et
1512 2596 1851 2665 temetipsum
1897 2595 2086 2657 libera,

501 2691 628 2760 quia
662 2689 898 2744 incidisti
931 2692 981 2742 in
1009 2704 1202 2743 manus
1227 2687 1458 2757 proximi
1493 2689 1568 2740 tui
1595 2705 1609 2740 :
1639 2689 1904 2750 discurre,
1941 2687 2091 2740 festi—

504 2798 598 2845 na,
622 2783 824 2834 suscita
852 2781 1090 2832 animum
1117 2787 1288 2841 tuum,
1319 2794 1386 2832 nc
1413 2778 1626 2832 dederis
1650 2793 1899 2832 somnum
1921 2778 2092 2832 oculis

508 2871 634 2930 tuis,
664 2885 764 2924 nec
795 2870 1089 2924 dormitent
1119 2868 1387 2938 palpebrae
1421 2878 1522 2922 tuze
1553 2867 1731 2937 (Prov.
1760 2869 1858 2938 vr).
1893 2889 1910 2921 ι
1941 2867 2091 2925 Tunc

506 2963 652 3014 enim
701 2960 840 3030 apud
894 2945 1128 3012 amicum
1183 2969 1330 3011 tuum
1381 2959 1616 3027 propriis
1671 2959 1991 3028 illaqueatns
2035 2975 2095 3014 es

509 3050 711 3110 verbis,
741 3066 863 3103 cum
911 3060 960 3103 te
993 3048 1084 3104 Dei
1131 3051 1383 3118 populum
1420 3065 1606 3119 regere
1637 3050 1952 3120 promisisti.
1989 3049 2096 3104 Nec

511 3143 640 3197 illud
667 3141 1029 3205 obliviscaris,
1058 3140 1202 3210 quod
1233 3157 1328 3209 per
1348 3139 1638 3213 .Iercmipm
1669 3141 1902 3196 dicitur:
1938 3161 1956 3193 ι
1985 3141 2095 3194 Ma-

514 3233 743 3288 ledictus
787 3233 966 3295 homo,
994 3232 1084 3300 qui
1128 3231 1378 3302 prohibet
1423 3232 1658 3302 gladium
1706 3249 1862 3288 suum
1899 3249 1928 3287 a
1964 3249 2094 3288 san-

516 3327 682 3398 guine
714 3327 848 3393 (Jer.
880 3327 1090 3396 vatn).
1125 3345 1140 3377 ι
1173 3326 1266 3380 Ille
1296 3327 1496 3396 quippe
1526 3326 1760 3398 gladium
1804 3325 2102 3394 compescit

517 3437 548 3472 a
581 3419 860 3490 sanguine,
893 3419 982 3488 qui
1012 3427 1227 3488 peccata
1262 3418 1686 3491 delinquentium
1735 3419 1956 3490 negligit
1984 3417 2101 3471 vir.-

517 3512 724 3566 dicarc.
772 3511 878 3565 Sed
926 3526 992 3565 ne
1035 3510 1173 3564 forte
1219 3510 1410 3564 timeas
1452 3527 1550 3579 pro
1593 3511 1787 3565 castris
1829 3509 2101 3580 pudicitia:

519 3615 690 3669 stare,
717 3613 772 3658 et
801 3613 991 3659 contra
1023 3604 1318 3658 frementes
1351 3603 1576 3656 luxuria:
1603 3619 1806 3657 cuneos
1836 3605 2102 3662 castitatis

520 3711 674 3749 arma
709 3695 1007 3763 corripere,
1041 3695 1162 3747 audi
1202 3694 1328 3762 quid
1370 3694 1464 3749 tibi
1504 3710 1600 3763 per
1631 3695 1966 3750 Ezechielem
2000 3713 2104 3753 vox

521 3788 703 3841 divina
746 3785 1066 3856 promittat:
1109 3803 1126 3833 ι
1155 3784 1313 3858 Ecce,
1349 3784 1543 3853 inquit,
1587 3785 1708 3840 dedi
1734 3785 1926 3841 faciem
1958 3795 2103 3842 tuam

522 3877 876 3932 valentiorem
903 3876 1144 3930 facicbus
1166 3892 1376 3939 eorum,
1405 3885 1460 3930 et
1490 3875 1721 3930 frontem
1751 3886 1898 3933 tuam
1928 3880 2108 3934 (ιιιτίορ

524 3982 642 4021 rem
686 3965 958 4020 frontibus
995 3981 1205 4029 eorum,
1239 3973 1297 4018 ut
1328 3965 1692 4031 adamantem,
1733 3978 1791 4022 et
1819 3977 1876 4022 ut
1902 3968 2106 4024 silicem

525 4059 643 4114 dedi
685 4058 882 4113 faciem
910 4067 1055 4112 tuam
1084 4075 1097 4110 :
1131 4073 1198 4112 ne
1226 4057 1416 4112 timeas
1473 4073 1648 4128 neque
1679 4067 1889 4114 metuas
1917 4076 1944 4112 a
1976 4059 2110 4114 facie

526 4168 716 4206 eorum
765 4150 980 4220 (Ezech.
1013 4149 1121 4212 ιιι).
1155 4169 1173 4202 ι
1222 4150 1324 4203 Per
1367 4149 1712 4205 Salomoncm
1759 4164 1972 4221 quoque
2018 4152 2112 4206 tibi

529 4244 727 4297 dicitur
755 4261 766 4294 :
800 4261 817 4291 ι
847 4241 924 4296 Ne
949 4257 1147 4310 paveas
1173 4243 1456 4309 repentino
1483 4251 1691 4297 terrore
1720 4243 1989 4298 irruentes
2018 4246 2111 4299 tibi

529 4331 803 4402 potentias
849 4330 1158 4399 impiorum.
1213 4329 1474 4383 Dominus
1519 4330 1661 4382 enim
1703 4331 1807 4384 erit
1847 4332 1900 4384 in
1945 4332 2114 4387 latere

532 4433 648 4486 tuo,
665 4431 718 4475 et
737 4420 1007 4475 custodiet
1023 4419 1212 4488 pedem
1232 4429 1400 4479 tuum,
1418 4434 1485 4473 ne
1502 4421 1734 4488 capiaris
1756 4420 1936 4491 (Prov.
1961 4423 2066 4492 ιιι).
2090 4443 2108 4475 ι

533 4510 601 4564 Εῑ
645 4512 840 4563 iterum
869 4527 881 4561 :
906 4526 924 4558 ι
953 4507 1143 4564 Omnis
1170 4523 1350 4562 sermo
1386 4508 1480 4562 Dei
1525 4510 1722 4578 ignitus
1771 4510 1990 4580 clypeus
2033 4523 2117 4566 est

533 4596 878 4670 sperantibus
908 4597 960 4652 in
983 4612 1041 4650 sc
1077 4595 1257 4665 (Prov.
1288 4596 1440 4655 xxxi.
1473 4615 1490 4648 ι
1519 4595 1670 4663 Quod
1696 4598 1739 4652 si
1773 4599 2118 4668 impossibilio

535 4701 702 4748 tatem
735 4691 983 4746 fortassis
1007 4690 1252 4758 opponis,
1289 4699 1340 4743 et
1368 4690 1508 4744 sicut
1541 4689 1671 4743 mihi
1703 4690 1754 4744 in
1783 4706 1844 4746 os
1878 4692 2114 4758 dixeras,

536 4781 604 4838 ad
644 4781 747 4836 hoc
773 4789 825 4836 te
857 4780 1101 4837 sufﬁcere
1133 4796 1291 4851 posse
1322 4779 1540 4845 diffidis,
1572 4781 1699 4834 audi
1741 4781 1869 4851 quid
1901 4783 1996 4836 tibi
2022 4799 2120 4853 per

536 4876 789 4933 eumdem
845 4876 1186 4931 Salomonem
1241 4877 1516 4946 Sapientia
1565 4892 1694 4930 vera
1747 4879 2113 4944 respondeat:

543 4984 562 5015 c
595 4965 735 5018 Erue
760 4981 853 5020 eos
899 4969 988 5034 qui
1021 4967 1292 5021 ducuntur
1321 4969 1388 5021 ad
1419 4976 1669 5029 mortem,
1695 4977 1749 5022 et
1777 4969 1868 5036 qui
1904 4968 2121 5021 trahun-

543 5065 628 5108 tur
657 5055 722 5108 ad
755 5055 1033 5110 interitum
1057 5055 1287 5111 liberare
1312 5073 1379 5111 ne
1399 5073 1599 5111 cesses.
1640 5057 1698 5111 Si
1729 5058 1950 5121 dixeris,
1976 5059 2120 5111 vires

543 5158 648 5199 non
677 5152 998 5214 suppetunt;
1038 5145 1128 5212 qui
1163 5146 1434 5214 inspector
1461 5156 1542 5200 est
1585 5147 1782 5212 cordis,
1814 5147 1926 5216 ipse
1970 5145 2120 5200 intel-

543 5235 682 5305 ligit,
727 5244 783 5290 et
827 5237 1230 5290 observatorem
1262 5225 1458 5290 anima:
1502 5247 1604 5288 tua:
1634 5236 1766 5290 nihil
1803 5237 1962 5301 fallit,
1999 5237 2120 5292 red-

542 5325 739 5396 dctquc
766 5327 969 5381 homini
989 5327 1144 5396 juxta
1165 5341 1332 5396 opera
1354 5340 1450 5379 sua
1477 5324 1657 5394 (Prov.
1693 5327 1862 5397 sxw).
1900 5346 1916 5378 ι

617 5415 708 5469 Sic
740 5431 870 5485 ergo
911 5427 983 5480 te,
1030 5416 1341 5470 venerande.
1376 5423 1549 5486 pater,
1594 5415 1646 5468 in
1683 5415 1784 5468 hoc
1830 5416 2119 5480 castitatis,

543 5505 889 5575 libidinisque
920 5523 1211 5578 congressu
1255 5515 1569 5561 constanter
1609 5507 1850 5576 accingc.
1915 5505 2006 5571 Sic
2036 5508 2118 5559 vi-

552 5595 704 5649 lrato
731 5598 954 5666 spiritus
983 5597 1160 5668 gladio
1185 5599 1456 5665 grassanti
1500 5597 1552 5651 in
1581 5596 1819 5652 Ecclesia
1850 5607 1938 5654 tua
1972 5598 2120 5653 luxu-

623 5769 734 5841 (IO)
777 5773 994 5829 Terent.
1027 5777 1079 5829 in
1110 5775 1384 5830 Eunucho.

2180 1967 2477 2021 monachus
2507 1966 2769 2022 orationis
2802 1967 3136 2021 instantiam.

2253 2075 2522 2144 Quidquid
2549 2077 2614 2131 de
2637 2077 2904 2132 castitatis
2928 2077 3142 2147 injuria,
3175 2093 3337 2147 quam
3358 2077 3544 2132 eadem
3572 2076 3759 2148 regina

2175 2164 2444 2217 vvirtutum
2492 2181 2522 2217 a
2567 2165 2779 2222 clericis
2830 2168 3052 2236 patitur,
3100 2166 3390 2220 venerabili
3439 2165 3760 2220 Taurinensi

2185 2255 2438 2323 episcopo
2465 2257 2679 2326 scripsi,
2714 2258 2808 2311 tibi
2849 2259 3193 2313 seribcndum
3233 2265 3358 2311 ante
3393 2258 3763 2320 decreveram,

2189 2346 2290 2399 nisi
2341 2348 2654 2400 eorumdem
2689 2347 3008 2402 clericorum
3054 2348 3513 2418 insuggillantium
3557 2349 3763 2402 calum-

2193 2438 2337 2491 niam
2387 2438 2788 2494 formidassem.
2843 2441 3258 2510 Expostularent
3302 2441 3466 2505 enim,
3513 2457 3576 2495 ac
3617 2440 3763 2494 dico-

2194 2540 2315 2584 rent
2342 2548 2353 2583 :
2387 2531 2548 2595 Ecce,
2578 2547 2740 2600 quam
2777 2533 2959 2601 impie,
2984 2548 3142 2601 quam
3171 2533 3462 2586 inhumane
3490 2543 3638 2602 parat
3665 2547 3766 2585 nos

2192 2625 2292 2680 iste
2331 2625 2680 2690 confundere,
2716 2628 2805 2695 qui
2850 2643 2955 2681 non
3003 2643 3123 2682 cum
3164 2628 3451 2697 episcopis,
3492 2641 3595 2679 non
3639 2639 3766 2679 cum

2192 2717 2578 2773 ecclesiasticis
2607 2719 2740 2773 viris
2778 2735 2939 2788 super
2968 2727 3158 2773 nostro
3200 2719 3413 2788 negotio
3464 2729 3618 2772 caute
3651 2717 3769 2771 vult

2195 2822 2259 2862 ac
2291 2807 2533 2862 modeste
2559 2808 2859 2875 disserere;
2894 2809 2988 2864 sed
3013 2810 3153 2878 quod
3186 2809 3245 2862 in
3268 2809 3505 2864 sacrario
3533 2817 3775 2862 tractan—

2195 2896 2320 2950 dum
2345 2907 2478 2961 erat,
2510 2914 2617 2951 non
2643 2907 2861 2953 veretur
2887 2897 3104 2952 feminis
3131 2898 3422 2966 publicare.
3450 2896 3564 2952 Hoc.
3585 2898 3772 2966 itaque

2197 2996 2462 3055 metuens,
2498 3004 2784 3060 personam
2824 2991 3026 3044 mutavi
3058 3009 3069 3044 :
3111 3001 3163 3045 et
3193 2993 3335 3060 quod
3381 2991 3473 3046 tibi
3510 3005 3776 3058 concepe-

2199 3093 2334 3142 ram,
2366 3079 2437 3132 illi
2466 3079 2646 3149 potius
2673 3081 2962 3136 destinavi.
2993 3081 3086 3138 Ille
3117 3090 3294 3136 tamen
3333 3081 3491 3135 unius
3518 3079 3777 3134 Ecclesia:

2123 3204 2167 3268 Ο
2199 3169 2512 3224 cathedram
2539 3181 2685 3226 tenet
2709 3191 2721 3226 :
2749 3172 2804 3226 in
2824 3173 3026 3227 ditione
3051 3187 3177 3227 vero
3199 3183 3307 3237 tua,
3332 3188 3452 3242 quae
3471 3173 3521 3226 in
3543 3172 3776 3225 duomm

2201 3276 2486 3331 regnorum
2507 3303 2521 3328 ,
2559 3263 2725 3319 Italia:
2760 3264 2969 3320 scilicet
3003 3275 3058 3319 et
3095 3265 3447 3335 Burgundios,
3477 3263 3782 3334 porrigitur

2202 3367 2308 3406 non
2340 3353 2506 3408 breve
2529 3353 2848 3419 confinium,
2875 3355 3055 3424 plures
3078 3356 3456 3424 episcopantur
3483 3353 3777 3408 antistites.

2200 3443 2430 3512 Ideoque
2457 3461 2561 3499 non
2589 3445 2864 3516 indignum
2892 3446 3196 3510 videbatur,
3225 3455 3286 3500 ut
3311 3445 3402 3499 tibi
3431 3444 3780 3514 potissimum

2202 3531 2269 3586 de
2299 3533 2618 3588 clericorum
2647 3535 3035 3592 incontinentia
3066 3537 3384 3603 scriberem,
3410 3536 3494 3590 cui
3525 3534 3789 3590 videlicet

2203 3626 2271 3678 ad
2297 3626 2673 3695 corrigendum
2699 3627 2943 3682 idoneam
2964 3629 3144 3682 sentio
3167 3645 3272 3681 non
3296 3628 3483 3684 deesse
3503 3627 3782 3680 virtutem.

2205 3720 2511 3780 Praesertim
2541 3722 2683 3790 quod
2712 3724 2778 3776 ad
2809 3723 3024 3776 laudem
3063 3722 3155 3775 Dei
3187 3709 3438 3783 dixerim,
3471 3736 3590 3776 cum
3625 3718 3789 3773 virile

2208 3813 2374 3867 robur
2401 3814 2636 3869 femineo
2668 3825 2854 3884 regnet
2896 3815 2948 3868 in
2977 3823 3194 3885 pectore
3219 3828 3234 3866 :
3272 3823 3326 3868 et
3353 3814 3512 3867 ditior
3540 3813 3618 3864 sis
3639 3811 3788 3864 bona

2208 3904 2487 3960 voluntate
2537 3922 2699 3974 quam
2727 3915 2942 3960 terrena
2974 3913 3258 3975 potestate.
3288 3904 3438 3960 Unde
3459 3903 3602 3974 quia,
3623 3902 3790 3972 juxta

2209 4002 2382 4063 poeta:
2409 3995 2625 4063 gentilis
2653 3995 2928 4064 eloquium
2956 3995 3092 4068 (l0),

2336 4135 2466 4196 Opus
2491 4142 2566 4184 est
2595 4135 2712 4185 huic
2737 4141 2917 4196 tutore,
2941 4147 3090 4198 quem
3114 4132 3423 4184 defensorem
3449 4141 3592 4194 paro;

2214 4239 2404 4313 hortor
2450 4249 2504 4293 ct
2554 4250 2708 4308 peto,
2773 4249 2831 4294 ut
2876 4248 2931 4293 tu
2988 4240 3186 4294 domno
3222 4237 3468 4306 jungarts
3501 4235 3793 4304 episcopo;

2215 4336 2483 4396 quatenus
2505 4339 2707 4383 mutua:
2734 4329 2953 4383 virtutis
2981 4327 3095 4383 fulti
3123 4327 3442 4386 munimine,
3473 4322 3698 4377 furentis
3735 4324 3796 4378 iu

2216 4418 2489 4472 Christum
2520 4418 2750 4473 luxurhe
2782 4418 3005 4473 valeatis
3029 4417 3202 4472 aciem
3231 4415 3524 4472 debellare.

2143 4561 2195 4620 ῃ
2219 4529 2350 4584 CAP.
2393 4529 2432 4583 I.
2458 4560 2529 4569 —
2556 4528 2812 4583 Hortatur
2846 4528 3170 4620 (ﬂgitium,
3223 4503 3527 4580 clericorum
3565 4520 3804 4575 inconu-

2597 4613 2828 4653 neutmm
2859 4600 3125 4652 libidinem
3161 4612 3418 4651 coercere.

2293 4689 2399 4744 Sed
2423 4691 2546 4743 dum
2575 4706 2668 4743 vos
2699 4689 3072 4744 coufmderare
3095 4689 3160 4742 ad
3188 4685 3430 4757 przclium
3456 4685 3645 4739 contra
3669 4674 3807 4730 dia-

2220 4780 2403 4835 bolum
2435 4780 2646 4844 studeo,
2681 4779 2808 4833 illud
2833 4780 2966 4832 mihi
2998 4777 3194 4832 bellum
3227 4776 3278 4828 in
3304 4770 3615 4826 memoriam
3639 4780 3807 4818 revo-

2222 4870 2541 4938 catur,quod
2560 4870 2798 4924 Debbora
2817 4871 3105 4938 prophetes
3119 4881 3253 4921 uxor
3267 4860 3684 4932 Lapidoth,CtIm
3705 4855 3813 4908 Bac
3885 4905 3894 4914 ,

2225 4979 2315 5018 rae
2377 4964 2486 5017 filio
2527 4963 2790 5016 Abinoem
2830 4962 3080 5015 habuisse
3108 4969 3296 5014 contra
3336 4957 3576 5010 Sisaram
3609 4949 3814 5003 ducem

2224 5056 2497 5109 exercitus
2519 5055 2802 5123 reperitur.
2823 5053 2897 5106 De
2920 5053 3006 5107 illa
3029 5052 3228 5122 quippe
3258 5048 3454 5118 legitur
3477 5062 3490 5096 :
3523 5063 3540 5095 ι
3563 5040 3697 5108 Quia
3719 5039 3818 5111 ju-

2228 5149 2440 5202 dicabat
2469 5147 2744 5216 pupulum,
2771 5145 3242 5212 asceudebautque
3273 5142 3340 5195 ad
3373 5154 3492 5194 eam
3520 5135 3610 5190 filii
3637 5131 3819 5186 Israel

2227 5236 2408 5309 413’
2443 5239 2496 5291 in
2537 5253 2698 5292 omne
2742 5237 3007 5306 judicium
3062 5234 3272 5302 (Judic.
3305 5247 3356 5288 tv
3373 5231 3412 5301 ).
3450 5248 3468 5280 ι
3513 5225 3591 5280 Ad
3648 5220 3822 5290 hujus

2229 5331 2532 5400 exemplum
2569 5340 2622 5383 tu
2654 5344 2868 5400 quoque
2912 5330 3032 5383 sine
3059 5326 3201 5380 virili
3255 5324 3396 5395 regis
3423 5317 3624 5374 auxilio
3655 5313 3824 5384 regni

2227 5421 2438 5490 pondus
2469 5423 2707 5476 sustines
2732 5439 2744 5473 :
2776 5429 2831 5480 et
2860 5422 2927 5475 ad
2955 5430 3006 5474 te
3033 5418 3314 5475 confluunt
3342 5414 3436 5482 qui
3487 5409 3667 5466 litibus
3695 5406 3827 5459 suis

2228 5515 2512 5583 imponere
2555 5516 2746 5587 legalis
2790 5515 3071 5570 sententiae
3099 5510 3372 5567 calculum.
3397 5501 3826 5571 concupiscunt.

2229 5606 2334 5662 Sed
2364 5617 2571 5680 satage,
2605 5619 2663 5664 ut
2689 5611 2827 5666 sicut
2855 5609 2966 5674 illa,
3000 5615 3057 5664 et
3096 5617 3155 5660 tu
3197 5616 3416 5676 quoque
3464 5596 3674 5654 habites
3714 5593 3835 5648 sub
