  <div class='ocr_page' id='page_1' title='image "/cluster/home/n/w/nwhite01/storage/ocr_20150623/145/hvd.32044048207542/216.png"; bbox 0 0 4080 6194; ppageno 0'>
   <div class='ocr_carea' id='block_1_1' title="bbox 369 370 476 426">
    <p class='ocr_par' dir='ltr' id='par_1_1' title="bbox 369 370 476 426">
     <span class='ocr_line' id='line_1_1' title="bbox 369 370 476 426; baseline 0.019 -2"><span class='ocrx_word' id='word_1_1' title='bbox 369 370 476 426; x_wconf 73' lang='lat' dir='ltr'><strong>M7</strong></span> 
     </span>
    </p>
   </div>
   <div class='ocr_carea' id='block_1_2' title="bbox 1060 378 2972 449">
    <p class='ocr_par' dir='ltr' id='par_1_2' title="bbox 1060 378 2972 449">
     <span class='ocr_line' id='line_1_2' title="bbox 1060 378 2972 449; baseline 0.007 -16"><span class='ocrx_word' id='word_1_2' title='bbox 1060 378 1303 433; x_wconf 79' lang='lat' dir='ltr'><strong>Ol’USC.</strong></span> <span class='ocrx_word' id='word_1_3' title='bbox 1351 379 1534 434; x_wconf 75' lang='lat' dir='ltr'><strong>XVIII.</strong></span> <span class='ocrx_word' id='word_1_4' title='bbox 1575 379 1924 438; x_wconf 74' lang='lat' dir='ltr'><strong>-—CONTRA</strong></span> <span class='ocrx_word' id='word_1_5' title='bbox 1951 385 2032 440; x_wconf 85' lang='grc' dir='ltr'><strong>-ΙΝ</strong></span> <span class='ocrx_word' id='word_1_6' title='bbox 2049 385 2557 445; x_wconf 75' lang='lat' dir='ltr'><strong>TEMPEBANTES</strong></span> <span class='ocrx_word' id='word_1_7' title='bbox 2613 391 2972 449; x_wconf 80' lang='lat' dir='ltr'><strong>CLERICOS.</strong></span> 
     </span>
    </p>
   </div>
   <div class='ocr_carea' id='block_1_3' title="bbox 3512 399 3617 456">
    <p class='ocr_par' dir='ltr' id='par_1_3' title="bbox 3512 399 3617 456">
     <span class='ocr_line' id='line_1_3' title="bbox 3512 399 3617 456; baseline 0.029 -4"><span class='ocrx_word' id='word_1_8' title='bbox 3512 399 3617 456; x_wconf 73' lang='grc'><strong>418</strong></span> 
     </span>
    </p>
   </div>
   <div class='ocr_carea' id='block_1_4' title="bbox 365 481 1953 580">
    <p class='ocr_par' dir='ltr' id='par_1_4' title="bbox 365 481 1948 558">
     <span class='ocr_line' id='line_1_4' title="bbox 365 481 1948 558; baseline 0.008 -23"><span class='ocrx_word' id='word_1_9' title='bbox 365 483 570 554; x_wconf 86' lang='lat' dir='ltr'><strong>palma,</strong></span> <span class='ocrx_word' id='word_1_10' title='bbox 603 483 746 537; x_wconf 85' lang='lat' dir='ltr'><strong>inter</strong></span> <span class='ocrx_word' id='word_1_11' title='bbox 775 481 946 537; x_wconf 81' lang='lat' dir='ltr'><strong>Rama</strong></span> <span class='ocrx_word' id='word_1_12' title='bbox 973 494 1028 539; x_wconf 92' lang='lat' dir='ltr'><strong>et</strong></span> <span class='ocrx_word' id='word_1_13' title='bbox 1064 483 1270 541; x_wconf 84' lang='lat' dir='ltr'><strong>Betbel.</strong></span> <span class='ocrx_word' id='word_1_14' title='bbox 1303 489 1472 542; x_wconf 73' lang='lat' dir='ltr'><strong>ﬂama</strong></span> <span class='ocrx_word' id='word_1_15' title='bbox 1499 491 1762 558; x_wconf 90' lang='lat' dir='ltr'><strong>siquidem</strong></span> <span class='ocrx_word' id='word_1_16' title='bbox 1787 494 1948 548; x_wconf 46' lang='lat' dir='ltr'><strong>inter‘</strong></span> 
     </span>
    </p>
   </div>
   <div class='ocr_carea' id='block_1_5' title="bbox 2053 481 3618 580">
    <p class='ocr_par' dir='ltr' id='par_1_5' title="bbox 2053 506 3618 580">
     <span class='ocr_line' id='line_1_5' title="bbox 2053 506 3618 580; baseline 0.003 -23"><span class='ocrx_word' id='word_1_17' title='bbox 2053 506 2156 560; x_wconf 53' lang='lat' dir='ltr'><strong>suis</strong></span> <span class='ocrx_word' id='word_1_18' title='bbox 2185 507 2516 576; x_wconf 81' lang='lat' dir='ltr'><strong>agminibus,</strong></span> <span class='ocrx_word' id='word_1_19' title='bbox 2551 518 2602 563; x_wconf 85' lang='lat' dir='ltr'><strong>ct</strong></span> <span class='ocrx_word' id='word_1_20' title='bbox 2628 509 2914 580; x_wconf 74' lang='lat' dir='ltr'><strong>nongentis</strong></span> <span class='ocrx_word' id='word_1_21' title='bbox 2928 508 3146 564; x_wconf 72' lang='lat' dir='ltr'><strong>ialcatis</strong></span> <span class='ocrx_word' id='word_1_22' title='bbox 3163 511 3416 568; x_wconf 86' lang='lat' dir='ltr'><strong>curribus</strong></span> <span class='ocrx_word' id='word_1_23' title='bbox 3439 513 3618 570; x_wconf 62' lang='lat' dir='ltr'><strong>[tundi-</strong></span> 
     </span>
    </p>
   </div>
   <div class='ocr_carea' id='block_1_6' title="bbox 367 575 1945 654">
    <p class='ocr_par' dir='ltr' id='par_1_6' title="bbox 367 575 1945 654">
     <span class='ocr_line' id='line_1_6' title="bbox 367 575 1945 654; baseline 0.005 -24"><span class='ocrx_word' id='word_1_24' title='bbox 367 585 640 646; x_wconf 81' lang='lat' dir='ltr'><strong>pretatur,</strong></span> <span class='ocrx_word' id='word_1_25' title='bbox 673 575 920 640; x_wconf 65' lang='lat' dir='ltr'><strong>excelsa;</strong></span> <span class='ocrx_word' id='word_1_26' title='bbox 951 575 1164 642; x_wconf 82' lang='lat' dir='ltr'><strong>Bethel,</strong></span> <span class='ocrx_word' id='word_1_27' title='bbox 1207 580 1394 633; x_wconf 74' lang='lat' dir='ltr'><strong>domus</strong></span> <span class='ocrx_word' id='word_1_28' title='bbox 1439 580 1556 634; x_wconf 85' lang='lat' dir='ltr'><strong>Dei.</strong></span> <span class='ocrx_word' id='word_1_29' title='bbox 1597 581 1788 636; x_wconf 86' lang='lat' dir='ltr'><strong>Habita</strong></span> <span class='ocrx_word' id='word_1_30' title='bbox 1816 599 1945 654; x_wconf 84' lang='lat' dir='ltr'><strong>ergo</strong></span> 
     </span>
    </p>
   </div>
   <div class='ocr_carea' id='block_1_7' title="bbox 365 665 1952 738">
    <p class='ocr_par' dir='ltr' id='par_1_7' title="bbox 365 665 1952 738">
     <span class='ocr_line' id='line_1_7' title="bbox 365 665 1952 738; baseline 0.001 -14"><span class='ocrx_word' id='word_1_31' title='bbox 365 676 424 724; x_wconf 89' lang='lat' dir='ltr'><strong>et</strong></span> <span class='ocrx_word' id='word_1_32' title='bbox 449 676 502 721; x_wconf 92' lang='lat' dir='ltr'><strong>tu</strong></span> <span class='ocrx_word' id='word_1_33' title='bbox 531 667 634 722; x_wconf 88' lang='lat' dir='ltr'><strong>sub</strong></span> <span class='ocrx_word' id='word_1_34' title='bbox 661 665 862 736; x_wconf 87' lang='lat' dir='ltr'><strong>palma,</strong></span> <span class='ocrx_word' id='word_1_35' title='bbox 908 681 1232 736; x_wconf 84' lang='lat' dir='ltr'><strong>semperque</strong></span> <span class='ocrx_word' id='word_1_36' title='bbox 1274 683 1438 738; x_wconf 85' lang='lat' dir='ltr'><strong>super</strong></span> <span class='ocrx_word' id='word_1_37' title='bbox 1465 677 1516 722; x_wconf 91' lang='lat' dir='ltr'><strong>te</strong></span> <span class='ocrx_word' id='word_1_38' title='bbox 1546 671 1723 726; x_wconf 89' lang='lat' dir='ltr'><strong>crucis</strong></span> <span class='ocrx_word' id='word_1_39' title='bbox 1751 671 1952 726; x_wconf 79' lang='lat' dir='ltr'><strong>Christi</strong></span> 
     </span>
    </p>
   </div>
   <div class='ocr_carea' id='block_1_8' title="bbox 365 755 1954 826">
    <p class='ocr_par' dir='ltr' id='par_1_8' title="bbox 365 755 1954 826">
     <span class='ocr_line' id='line_1_8' title="bbox 365 755 1954 826; baseline 0.004 -15"><span class='ocrx_word' id='word_1_40' title='bbox 365 755 736 826; x_wconf 87' lang='lat' dir='ltr'><strong>contemplare</strong></span> <span class='ocrx_word' id='word_1_41' title='bbox 761 756 1083 811; x_wconf 91' lang='lat' dir='ltr'><strong>victoriam:</strong></span> <span class='ocrx_word' id='word_1_42' title='bbox 1119 757 1246 812; x_wconf 87' lang='lat' dir='ltr'><strong>sede</strong></span> <span class='ocrx_word' id='word_1_43' title='bbox 1279 759 1447 812; x_wconf 89' lang='lat' dir='ltr'><strong>etiam</strong></span> <span class='ocrx_word' id='word_1_44' title='bbox 1501 760 1646 814; x_wconf 88' lang='lat' dir='ltr'><strong>inter</strong></span> <span class='ocrx_word' id='word_1_45' title='bbox 1677 761 1847 816; x_wconf 80' lang='lat' dir='ltr'><strong>Rama</strong></span> <span class='ocrx_word' id='word_1_46' title='bbox 1899 775 1954 817; x_wconf 90' lang='lat' dir='ltr'><strong>et</strong></span> 
     </span>
    </p>
   </div>
   <div class='ocr_carea' id='block_1_9' title="bbox 363 845 1954 913">
    <p class='ocr_par' dir='ltr' id='par_1_9' title="bbox 363 845 1954 913">
     <span class='ocr_line' id='line_1_9' title="bbox 363 845 1954 913; baseline 0.004 -13"><span class='ocrx_word' id='word_1_47' title='bbox 363 846 578 911; x_wconf 82' lang='lat' dir='ltr'><strong>Bethel,</strong></span> <span class='ocrx_word' id='word_1_48' title='bbox 611 855 670 900; x_wconf 89' lang='lat' dir='ltr'><strong>ut</strong></span> <span class='ocrx_word' id='word_1_49' title='bbox 695 860 802 900; x_wconf 87' lang='lat' dir='ltr'><strong>non</strong></span> <span class='ocrx_word' id='word_1_50' title='bbox 834 845 970 910; x_wconf 88' lang='lat' dir='ltr'><strong>solo,</strong></span> <span class='ocrx_word' id='word_1_51' title='bbox 1005 847 1108 901; x_wconf 88' lang='lat' dir='ltr'><strong>hoc</strong></span> <span class='ocrx_word' id='word_1_52' title='bbox 1137 855 1221 901; x_wconf 91' lang='lat' dir='ltr'><strong>est</strong></span> <span class='ocrx_word' id='word_1_53' title='bbox 1245 848 1498 913; x_wconf 89' lang='lat' dir='ltr'><strong>terrenis,</strong></span> <span class='ocrx_word' id='word_1_54' title='bbox 1531 849 1827 904; x_wconf 70' lang='lat' dir='ltr'><strong>inhaerens:</strong></span> <span class='ocrx_word' id='word_1_55' title='bbox 1858 852 1954 906; x_wconf 72' lang='lat' dir='ltr'><strong>sed</strong></span> 
     </span>
    </p>
   </div>
   <div class='ocr_carea' id='block_1_10' title="bbox 365 937 1954 1008">
    <p class='ocr_par' dir='ltr' id='par_1_10' title="bbox 365 937 1954 1008">
     <span class='ocr_line' id='line_1_10' title="bbox 365 937 1954 1008; baseline 0.001 -15"><span class='ocrx_word' id='word_1_56' title='bbox 365 954 490 993; x_wconf 84' lang='lat' dir='ltr'><strong>cum</strong></span> <span class='ocrx_word' id='word_1_57' title='bbox 517 937 778 1008; x_wconf 84' lang='lat' dir='ltr'><strong>apostolis</strong></span> <span class='ocrx_word' id='word_1_58' title='bbox 805 938 859 991; x_wconf 90' lang='lat' dir='ltr'><strong>in</strong></span> <span class='ocrx_word' id='word_1_59' title='bbox 887 937 1188 1000; x_wconf 73' lang='lat' dir='ltr'><strong>ctenaculo,</strong></span> <span class='ocrx_word' id='word_1_60' title='bbox 1217 948 1276 992; x_wconf 85' lang='lat' dir='ltr'><strong>et</strong></span> <span class='ocrx_word' id='word_1_61' title='bbox 1305 953 1426 992; x_wconf 90' lang='lat' dir='ltr'><strong>cum</strong></span> <span class='ocrx_word' id='word_1_62' title='bbox 1455 940 1609 992; x_wconf 81' lang='lat' dir='ltr'><strong>Anna</strong></span> <span class='ocrx_word' id='word_1_63' title='bbox 1663 949 1851 994; x_wconf 88' lang='lat' dir='ltr'><strong>sancta</strong></span> <span class='ocrx_word' id='word_1_64' title='bbox 1873 941 1954 995; x_wconf 89' lang='lat' dir='ltr'><strong>vi-</strong></span> 
     </span>
    </p>
   </div>
   <div class='ocr_carea' id='block_1_11' title="bbox 365 1032 1954 1104">
    <p class='ocr_par' dir='ltr' id='par_1_11' title="bbox 365 1032 1954 1104">
     <span class='ocr_line' id='line_1_11' title="bbox 365 1032 1954 1104; baseline 0.003 -18"><span class='ocrx_word' id='word_1_65' title='bbox 365 1035 472 1086; x_wconf 88' lang='lat' dir='ltr'><strong>dua</strong></span> <span class='ocrx_word' id='word_1_66' title='bbox 511 1032 856 1087; x_wconf 88' lang='lat' dir='ltr'><strong>converseris</strong></span> <span class='ocrx_word' id='word_1_67' title='bbox 885 1045 1098 1099; x_wconf 84' lang='lat' dir='ltr'><strong>semper</strong></span> <span class='ocrx_word' id='word_1_68' title='bbox 1147 1033 1200 1085; x_wconf 87' lang='lat' dir='ltr'><strong>in</strong></span> <span class='ocrx_word' id='word_1_69' title='bbox 1267 1033 1484 1102; x_wconf 89' lang='lat' dir='ltr'><strong>templo.</strong></span> <span class='ocrx_word' id='word_1_70' title='bbox 1541 1035 1616 1089; x_wconf 91' lang='lat' dir='ltr'><strong>De</strong></span> <span class='ocrx_word' id='word_1_71' title='bbox 1664 1049 1768 1104; x_wconf 88' lang='lat' dir='ltr'><strong>qua</strong></span> <span class='ocrx_word' id='word_1_72' title='bbox 1823 1036 1954 1091; x_wconf 86' lang='lat' dir='ltr'><strong>dicit</strong></span> 
     </span>
    </p>
   </div>
   <div class='ocr_carea' id='block_1_12' title="bbox 365 1121 1958 1200">
    <p class='ocr_par' dir='ltr' id='par_1_12' title="bbox 365 1121 1958 1200">
     <span class='ocr_line' id='line_1_12' title="bbox 365 1121 1958 1200; baseline 0.002 -25"><span class='ocrx_word' id='word_1_73' title='bbox 365 1121 698 1192; x_wconf 77' lang='lat' dir='ltr'><strong>evangelista</strong></span> <span class='ocrx_word' id='word_1_74' title='bbox 729 1137 744 1186; x_wconf 92' lang='lat'><strong>;</strong></span> <span class='ocrx_word' id='word_1_75' title='bbox 779 1139 798 1171; x_wconf 76' lang='grc' dir='ltr'><strong>ι</strong></span> <span class='ocrx_word' id='word_1_76' title='bbox 837 1122 976 1187; x_wconf 83' lang='lat' dir='ltr'><strong>Quia</strong></span> <span class='ocrx_word' id='word_1_77' title='bbox 1015 1137 1122 1176; x_wconf 91' lang='lat' dir='ltr'><strong>non</strong></span> <span class='ocrx_word' id='word_1_78' title='bbox 1153 1123 1463 1178; x_wconf 75' lang='lat' dir='ltr'><strong>discedebat</strong></span> <span class='ocrx_word' id='word_1_79' title='bbox 1486 1126 1550 1179; x_wconf 87' lang='lat' dir='ltr'><strong>de</strong></span> <span class='ocrx_word' id='word_1_80' title='bbox 1575 1126 1790 1194; x_wconf 89' lang='lat' dir='ltr'><strong>templo,</strong></span> <span class='ocrx_word' id='word_1_81' title='bbox 1814 1125 1958 1200; x_wconf 87' lang='lat' dir='ltr'><strong>jeju-</strong></span> 
     </span>
    </p>
   </div>
   <div class='ocr_carea' id='block_1_13' title="bbox 367 1219 1947 1292">
    <p class='ocr_par' dir='ltr' id='par_1_13' title="bbox 367 1219 1947 1292">
     <span class='ocr_line' id='line_1_13' title="bbox 367 1219 1947 1292; baseline 0.001 -21"><span class='ocrx_word' id='word_1_82' title='bbox 367 1221 476 1272; x_wconf 89' lang='lat' dir='ltr'><strong>niis</strong></span> <span class='ocrx_word' id='word_1_83' title='bbox 523 1227 579 1273; x_wconf 89' lang='lat' dir='ltr'><strong>et</strong></span> <span class='ocrx_word' id='word_1_84' title='bbox 605 1219 942 1272; x_wconf 86' lang='lat' dir='ltr'><strong>orationibus</strong></span> <span class='ocrx_word' id='word_1_85' title='bbox 977 1219 1220 1274; x_wconf 81' lang='lat' dir='ltr'><strong>serviens</strong></span> <span class='ocrx_word' id='word_1_86' title='bbox 1243 1229 1398 1274; x_wconf 86' lang='lat' dir='ltr'><strong>nocte</strong></span> <span class='ocrx_word' id='word_1_87' title='bbox 1427 1235 1490 1276; x_wconf 80' lang='lat' dir='ltr'><strong>ae</strong></span> <span class='ocrx_word' id='word_1_88' title='bbox 1523 1222 1610 1276; x_wconf 91' lang='lat' dir='ltr'><strong>die</strong></span> <span class='ocrx_word' id='word_1_89' title='bbox 1639 1219 1788 1292; x_wconf 89' lang='lat' dir='ltr'><strong>(Luc.</strong></span> <span class='ocrx_word' id='word_1_90' title='bbox 1821 1222 1902 1291; x_wconf 90' lang='grc' dir='ltr'>ιι).</span> <span class='ocrx_word' id='word_1_91' title='bbox 1929 1241 1947 1273; x_wconf 83' lang='grc'><strong>›</strong></span> 
     </span>
    </p>
   </div>
   <div class='ocr_carea' id='block_1_14' title="bbox 365 1309 1970 1380">
    <p class='ocr_par' dir='ltr' id='par_1_14' title="bbox 365 1309 1970 1380">
     <span class='ocr_line' id='line_1_14' title="bbox 365 1309 1970 1380; baseline 0.001 -16"><span class='ocrx_word' id='word_1_92' title='bbox 365 1310 434 1364; x_wconf 79' lang='lat' dir='ltr'><strong>Et</strong></span> <span class='ocrx_word' id='word_1_93' title='bbox 463 1311 588 1380; x_wconf 86' lang='lat' dir='ltr'><strong>quia</strong></span> <span class='ocrx_word' id='word_1_94' title='bbox 622 1309 868 1363; x_wconf 85' lang='lat' dir='ltr'><strong>Debbora</strong></span> <span class='ocrx_word' id='word_1_95' title='bbox 899 1309 1284 1378; x_wconf 86' lang='lat' dir='ltr'><strong>interpretatur</strong></span> <span class='ocrx_word' id='word_1_96' title='bbox 1316 1313 1428 1379; x_wconf 81' lang='lat' dir='ltr'><strong>apis</strong></span> <span class='ocrx_word' id='word_1_97' title='bbox 1450 1351 1464 1372; x_wconf 88' lang='lat'><strong>,</strong></span> <span class='ocrx_word' id='word_1_98' title='bbox 1499 1322 1555 1364; x_wconf 91' lang='lat' dir='ltr'><strong>tu</strong></span> <span class='ocrx_word' id='word_1_99' title='bbox 1588 1325 1799 1380; x_wconf 85' lang='lat' dir='ltr'><strong>quoque</strong></span> <span class='ocrx_word' id='word_1_100' title='bbox 1826 1311 1970 1366; x_wconf 59' lang='lat' dir='ltr'><strong>mel-v</strong></span> 
     </span>
    </p>
   </div>
   <div class='ocr_carea' id='block_1_15' title="bbox 365 1391 1954 1470">
    <p class='ocr_par' dir='ltr' id='par_1_15' title="bbox 365 1391 1954 1470">
     <span class='ocr_line' id='line_1_15' title="bbox 365 1391 1954 1470; baseline 0.002 -18"><span class='ocrx_word' id='word_1_101' title='bbox 365 1399 530 1462; x_wconf 84' lang='lat' dir='ltr'><strong>lilica,</strong></span> <span class='ocrx_word' id='word_1_102' title='bbox 557 1407 611 1453; x_wconf 81' lang='lat' dir='ltr'><strong>et</strong></span> <span class='ocrx_word' id='word_1_103' title='bbox 635 1399 834 1453; x_wconf 63' lang='lat' dir='ltr'><strong>divinae</strong></span> <span class='ocrx_word' id='word_1_104' title='bbox 861 1397 1038 1452; x_wconf 84' lang='lat' dir='ltr'><strong>laudis</strong></span> <span class='ocrx_word' id='word_1_105' title='bbox 1087 1391 1424 1454; x_wconf 85' lang='lat' dir='ltr'><strong>dulcedinem</strong></span> <span class='ocrx_word' id='word_1_106' title='bbox 1458 1401 1510 1454; x_wconf 90' lang='lat' dir='ltr'><strong>in</strong></span> <span class='ocrx_word' id='word_1_107' title='bbox 1537 1401 1646 1454; x_wconf 86' lang='lat' dir='ltr'><strong>tuis</strong></span> <span class='ocrx_word' id='word_1_108' title='bbox 1673 1401 1829 1456; x_wconf 87' lang='lat' dir='ltr'><strong>labiis</strong></span> <span class='ocrx_word' id='word_1_109' title='bbox 1867 1403 1954 1470; x_wconf 89' lang='lat' dir='ltr'><strong>jtt-</strong></span> 
     </span>
    </p>
   </div>
   <div class='ocr_carea' id='block_1_16' title="bbox 367 1487 1954 1562">
    <p class='ocr_par' dir='ltr' id='par_1_16' title="bbox 367 1487 1954 1562">
     <span class='ocr_line' id='line_1_16' title="bbox 367 1487 1954 1562; baseline 0.001 -20"><span class='ocrx_word' id='word_1_110' title='bbox 367 1491 509 1562; x_wconf 81' lang='lat' dir='ltr'><strong>giter</strong></span> <span class='ocrx_word' id='word_1_111' title='bbox 549 1503 730 1543; x_wconf 84' lang='lat' dir='ltr'><strong>versa.</strong></span> <span class='ocrx_word' id='word_1_112' title='bbox 763 1507 782 1539; x_wconf 84' lang='grc' dir='ltr'><strong>ι</strong></span> <span class='ocrx_word' id='word_1_113' title='bbox 819 1487 989 1554; x_wconf 84' lang='lat' dir='ltr'><strong>Quam</strong></span> <span class='ocrx_word' id='word_1_114' title='bbox 1043 1487 1241 1550; x_wconf 90' lang='lat' dir='ltr'><strong>dulcia,</strong></span> <span class='ocrx_word' id='word_1_115' title='bbox 1294 1487 1486 1558; x_wconf 88' lang='lat' dir='ltr'><strong>inquit,</strong></span> <span class='ocrx_word' id='word_1_116' title='bbox 1537 1489 1783 1545; x_wconf 80' lang='lat' dir='ltr'><strong>faucibus</strong></span> <span class='ocrx_word' id='word_1_117' title='bbox 1821 1491 1954 1544; x_wconf 83' lang='lat' dir='ltr'><strong>meis</strong></span> 
     </span>
    </p>
   </div>
   <div class='ocr_carea' id='block_1_17' title="bbox 365 1577 1950 1651">
    <p class='ocr_par' dir='ltr' id='par_1_17' title="bbox 365 1577 1950 1651">
     <span class='ocr_line' id='line_1_17' title="bbox 365 1577 1950 1651; baseline -0.001 -15"><span class='ocrx_word' id='word_1_118' title='bbox 365 1580 584 1649; x_wconf 88' lang='lat' dir='ltr'><strong>eloquia</strong></span> <span class='ocrx_word' id='word_1_119' title='bbox 631 1588 754 1645; x_wconf 92' lang='lat' dir='ltr'><strong>tua,</strong></span> <span class='ocrx_word' id='word_1_120' title='bbox 803 1593 968 1650; x_wconf 86' lang='lat' dir='ltr'><strong>super</strong></span> <span class='ocrx_word' id='word_1_121' title='bbox 1019 1577 1124 1633; x_wconf 90' lang='lat' dir='ltr'><strong>mel</strong></span> <span class='ocrx_word' id='word_1_122' title='bbox 1170 1587 1226 1633; x_wconf 88' lang='lat' dir='ltr'><strong>et</strong></span> <span class='ocrx_word' id='word_1_123' title='bbox 1267 1579 1449 1634; x_wconf 80' lang='lat' dir='ltr'><strong>iavum</strong></span> <span class='ocrx_word' id='word_1_124' title='bbox 1474 1582 1556 1636; x_wconf 91' lang='lat' dir='ltr'><strong>ori</strong></span> <span class='ocrx_word' id='word_1_125' title='bbox 1607 1597 1730 1636; x_wconf 87' lang='lat' dir='ltr'><strong>meo</strong></span> <span class='ocrx_word' id='word_1_126' title='bbox 1778 1579 1950 1651; x_wconf 70' lang='lat' dir='ltr'><strong>(Prol.</strong></span> 
     </span>
    </p>
   </div>
   <div class='ocr_carea' id='block_1_18' title="bbox 365 1673 649 1742">
    <p class='ocr_par' dir='ltr' id='par_1_18' title="bbox 365 1673 649 1742">
     <span class='ocr_line' id='line_1_18' title="bbox 365 1673 649 1742; baseline -0.004 -16"><span class='ocrx_word' id='word_1_127' title='bbox 365 1673 580 1742; x_wconf 79' lang='lat' dir='ltr'><strong>cxvnt).</strong></span> <span class='ocrx_word' id='word_1_128' title='bbox 627 1691 649 1725; x_wconf 70' lang='grc' dir='ltr'><strong>ι</strong></span> 
     </span>
    </p>
   </div>
   <div class='ocr_carea' id='block_1_19' title="bbox 437 1765 1950 1836">
    <p class='ocr_par' dir='ltr' id='par_1_19' title="bbox 437 1765 1950 1836">
     <span class='ocr_line' id='line_1_19' title="bbox 437 1765 1950 1836; baseline -0.001 -14"><span class='ocrx_word' id='word_1_129' title='bbox 437 1767 621 1830; x_wconf 87' lang='lat' dir='ltr'><strong>Certe,</strong></span> <span class='ocrx_word' id='word_1_130' title='bbox 654 1774 714 1820; x_wconf 92' lang='lat' dir='ltr'><strong>ut</strong></span> <span class='ocrx_word' id='word_1_131' title='bbox 743 1765 910 1821; x_wconf 90' lang='lat' dir='ltr'><strong>multa</strong></span> <span class='ocrx_word' id='word_1_132' title='bbox 939 1775 1275 1836; x_wconf 73' lang='lat' dir='ltr'><strong>pneteream,</strong></span> <span class='ocrx_word' id='word_1_133' title='bbox 1309 1773 1566 1835; x_wconf 85' lang='lat' dir='ltr'><strong>tanquam</strong></span> <span class='ocrx_word' id='word_1_134' title='bbox 1599 1781 1666 1820; x_wconf 80' lang='lat' dir='ltr'><strong>ex</strong></span> <span class='ocrx_word' id='word_1_135' title='bbox 1720 1765 1950 1835; x_wconf 87' lang='lat' dir='ltr'><strong>quodam</strong></span> 
     </span>
    </p>
   </div>
   <div class='ocr_carea' id='block_1_20' title="bbox 2041 601 3616 669">
    <p class='ocr_par' dir='ltr' id='par_1_20' title="bbox 2041 601 3616 669">
     <span class='ocr_line' id='line_1_20' title="bbox 2041 601 3616 669; baseline 0.004 -17"><span class='ocrx_word' id='word_1_136' title='bbox 2041 611 2127 654; x_wconf 91' lang='lat' dir='ltr'><strong>tus</strong></span> <span class='ocrx_word' id='word_1_137' title='bbox 2163 601 2544 669; x_wconf 84' lang='lat' dir='ltr'><strong>debellarunt;</strong></span> <span class='ocrx_word' id='word_1_138' title='bbox 2576 605 2646 658; x_wconf 90' lang='lat' dir='ltr'><strong>ita</strong></span> <span class='ocrx_word' id='word_1_139' title='bbox 2677 613 2732 658; x_wconf 86' lang='lat' dir='ltr'><strong>et</strong></span> <span class='ocrx_word' id='word_1_140' title='bbox 2762 619 2876 666; x_wconf 89' lang='lat' dir='ltr'><strong>vos,</strong></span> <span class='ocrx_word' id='word_1_141' title='bbox 2909 612 2962 656; x_wconf 90' lang='lat' dir='ltr'><strong>tu</strong></span> <span class='ocrx_word' id='word_1_142' title='bbox 3002 606 3207 658; x_wconf 88' lang='lat' dir='ltr'><strong>scilicet</strong></span> <span class='ocrx_word' id='word_1_143' title='bbox 3235 615 3290 658; x_wconf 89' lang='lat' dir='ltr'><strong>et</strong></span> <span class='ocrx_word' id='word_1_144' title='bbox 3317 603 3616 660; x_wconf 62' lang='lat' dir='ltr'><strong>Tanrineno</strong></span> 
     </span>
    </p>
   </div>
   <div class='ocr_carea' id='block_1_21' title="bbox 2037 685 3706 755">
    <p class='ocr_par' dir='ltr' id='par_1_21' title="bbox 2037 685 3706 755">
     <span class='ocr_line' id='line_1_21' title="bbox 2037 685 3706 755; baseline 0.006 -19"><span class='ocrx_word' id='word_1_145' title='bbox 2037 699 2114 737; x_wconf 82' lang='lat' dir='ltr'><strong>sis</strong></span> <span class='ocrx_word' id='word_1_146' title='bbox 2138 685 2446 755; x_wconf 81' lang='lat' dir='ltr'><strong>episcopus,</strong></span> <span class='ocrx_word' id='word_1_147' title='bbox 2474 699 2660 742; x_wconf 89' lang='lat' dir='ltr'><strong>contra</strong></span> <span class='ocrx_word' id='word_1_148' title='bbox 2683 691 2946 750; x_wconf 86' lang='lat' dir='ltr'><strong>Sisaram,</strong></span> <span class='ocrx_word' id='word_1_149' title='bbox 2973 691 3201 744; x_wconf 69' lang='lat' dir='ltr'><strong>luxuria:</strong></span> <span class='ocrx_word' id='word_1_150' title='bbox 3221 692 3436 755; x_wconf 88' lang='lat' dir='ltr'><strong>ducem,</strong></span> <span class='ocrx_word' id='word_1_151' title='bbox 3462 707 3614 745; x_wconf 88' lang='lat' dir='ltr'><strong>arma</strong></span> <span class='ocrx_word' id='word_1_152' title='bbox 3701 709 3706 722; x_wconf 84' lang='grc'><strong>·</strong></span> 
     </span>
    </p>
   </div>
   <div class='ocr_carea' id='block_1_22' title="bbox 2035 779 3614 848">
    <p class='ocr_par' dir='ltr' id='par_1_22' title="bbox 2035 779 3614 848">
     <span class='ocr_line' id='line_1_22' title="bbox 2035 779 3614 848; baseline 0.004 -19"><span class='ocrx_word' id='word_1_153' title='bbox 2035 779 2332 847; x_wconf 87' lang='lat' dir='ltr'><strong>corripite:</strong></span> <span class='ocrx_word' id='word_1_154' title='bbox 2363 783 2598 847; x_wconf 65' lang='lat' dir='ltr'><strong>eamque</strong></span> <span class='ocrx_word' id='word_1_155' title='bbox 2629 781 2680 834; x_wconf 89' lang='lat' dir='ltr'><strong>in</strong></span> <span class='ocrx_word' id='word_1_156' title='bbox 2715 779 2857 836; x_wconf 91' lang='lat' dir='ltr'><strong>ﬁlios</strong></span> <span class='ocrx_word' id='word_1_157' title='bbox 2891 781 3078 848; x_wconf 82' lang='lat' dir='ltr'><strong>Israel,</strong></span> <span class='ocrx_word' id='word_1_158' title='bbox 3115 783 3215 836; x_wconf 92' lang='lat' dir='ltr'><strong>hoc</strong></span> <span class='ocrx_word' id='word_1_159' title='bbox 3243 789 3326 838; x_wconf 86' lang='lat' dir='ltr'><strong>est</strong></span> <span class='ocrx_word' id='word_1_160' title='bbox 3363 784 3414 834; x_wconf 91' lang='lat' dir='ltr'><strong>in</strong></span> <span class='ocrx_word' id='word_1_161' title='bbox 3447 783 3614 837; x_wconf 86' lang='lat' dir='ltr'><strong>cleri-</strong></span> 
     </span>
    </p>
   </div>
   <div class='ocr_carea' id='block_1_23' title="bbox 2034 867 3611 944">
    <p class='ocr_par' dir='ltr' id='par_1_23' title="bbox 2034 867 3611 944">
     <span class='ocr_line' id='line_1_23' title="bbox 2034 867 3611 944; baseline 0.004 -24"><span class='ocrx_word' id='word_1_162' title='bbox 2034 880 2128 921; x_wconf 88' lang='lat' dir='ltr'><strong>cos</strong></span> <span class='ocrx_word' id='word_1_163' title='bbox 2164 867 2439 934; x_wconf 72' lang='lat' dir='ltr'><strong>Ecclesiae,</strong></span> <span class='ocrx_word' id='word_1_164' title='bbox 2475 872 2868 941; x_wconf 85' lang='lat' dir='ltr'><strong>dominantem,</strong></span> <span class='ocrx_word' id='word_1_165' title='bbox 2905 887 3165 928; x_wconf 87' lang='lat' dir='ltr'><strong>mucrone</strong></span> <span class='ocrx_word' id='word_1_166' title='bbox 3208 873 3481 944; x_wconf 80' lang='lat' dir='ltr'><strong>pudicitiae</strong></span> <span class='ocrx_word' id='word_1_167' title='bbox 3519 874 3611 942; x_wconf 86' lang='lat' dir='ltr'><strong>ju-</strong></span> 
     </span>
    </p>
   </div>
   <div class='ocr_carea' id='block_1_24' title="bbox 1999 950 3626 1029">
    <p class='ocr_par' dir='ltr' id='par_1_24' title="bbox 1999 950 3626 1029">
     <span class='ocr_line' id='line_1_24' title="bbox 1999 950 3626 1029; baseline 0.008 -31"><span class='ocrx_word' id='word_1_168' title='bbox 1999 979 2010 988; x_wconf 63' lang='grc' dir='ltr'><em>τ</em></span> <span class='ocrx_word' id='word_1_169' title='bbox 2053 950 2264 1017; x_wconf 87' lang='lat' dir='ltr'><strong>gulate;</strong></span> <span class='ocrx_word' id='word_1_170' title='bbox 2301 961 2568 1018; x_wconf 81' lang='lat' dir='ltr'><strong>quatenus</strong></span> <span class='ocrx_word' id='word_1_171' title='bbox 2597 961 2651 1005; x_wconf 88' lang='lat' dir='ltr'><strong>et</strong></span> <span class='ocrx_word' id='word_1_172' title='bbox 2678 956 2982 1022; x_wconf 84' lang='lat' dir='ltr'><strong>episcopus,</strong></span> <span class='ocrx_word' id='word_1_173' title='bbox 3023 957 3131 1010; x_wconf 91' lang='lat' dir='ltr'><strong>imo</strong></span> <span class='ocrx_word' id='word_1_174' title='bbox 3159 973 3349 1011; x_wconf 89' lang='lat' dir='ltr'><strong>omnes</strong></span> <span class='ocrx_word' id='word_1_175' title='bbox 3377 960 3626 1029; x_wconf 81' lang='lat' dir='ltr'><strong>episcopi,</strong></span> 
     </span>
    </p>
   </div>
   <div class='ocr_carea' id='block_1_25' title="bbox 2054 1037 3612 1106">
    <p class='ocr_par' dir='ltr' id='par_1_25' title="bbox 2054 1037 3612 1106">
     <span class='ocr_line' id='line_1_25' title="bbox 2054 1037 3612 1106; baseline 0.01 -16"><span class='ocrx_word' id='word_1_176' title='bbox 2054 1037 2146 1106; x_wconf 90' lang='lat' dir='ltr'><strong>qui</strong></span> <span class='ocrx_word' id='word_1_177' title='bbox 2177 1039 2228 1092; x_wconf 90' lang='lat' dir='ltr'><strong>in</strong></span> <span class='ocrx_word' id='word_1_178' title='bbox 2261 1041 2746 1096; x_wconf 82' lang='lat' dir='ltr'><strong>administrationts</strong></span> <span class='ocrx_word' id='word_1_179' title='bbox 2802 1053 2902 1097; x_wconf 79' lang='lat' dir='ltr'><strong>tme</strong></span> <span class='ocrx_word' id='word_1_180' title='bbox 2949 1044 3149 1100; x_wconf 91' lang='lat' dir='ltr'><strong>ﬁnibus</strong></span> <span class='ocrx_word' id='word_1_181' title='bbox 3201 1057 3612 1104; x_wconf 71' lang='lat' dir='ltr'><strong>connnorantcr</strong></span> 
     </span>
    </p>
   </div>
   <div class='ocr_carea' id='block_1_26' title="bbox 2053 1129 3630 1202">
    <p class='ocr_par' dir='ltr' id='par_1_26' title="bbox 2053 1129 3630 1202">
     <span class='ocr_line' id='line_1_26' title="bbox 2053 1129 3630 1202; baseline 0.009 -22"><span class='ocrx_word' id='word_1_182' title='bbox 2053 1129 2374 1182; x_wconf 84' lang='lat' dir='ltr'><strong>sacerdotali</strong></span> <span class='ocrx_word' id='word_1_183' title='bbox 2430 1130 2658 1185; x_wconf 88' lang='lat' dir='ltr'><strong>clericos</strong></span> <span class='ocrx_word' id='word_1_184' title='bbox 2719 1133 3000 1202; x_wconf 84' lang='lat' dir='ltr'><strong>disciplina</strong></span> <span class='ocrx_word' id='word_1_185' title='bbox 3048 1147 3376 1202; x_wconf 82' lang='lat' dir='ltr'><strong>coerceant,</strong></span> <span class='ocrx_word' id='word_1_186' title='bbox 3411 1148 3544 1193; x_wconf 89' lang='lat' dir='ltr'><strong>ettu</strong></span> <span class='ocrx_word' id='word_1_187' title='bbox 3579 1141 3630 1194; x_wconf 89' lang='lat' dir='ltr'><strong>ir</strong></span> 
     </span>
    </p>
   </div>
   <div class='ocr_carea' id='block_1_27' title="bbox 2053 1217 3632 1293">
    <p class='ocr_par' dir='ltr' id='par_1_27' title="bbox 2053 1217 3632 1293">
     <span class='ocr_line' id='line_1_27' title="bbox 2053 1217 3632 1293; baseline 0.008 -23"><span class='ocrx_word' id='word_1_188' title='bbox 2053 1217 2281 1273; x_wconf 82' lang='lat' dir='ltr'><strong>feminas</strong></span> <span class='ocrx_word' id='word_1_189' title='bbox 2323 1221 2558 1289; x_wconf 76' lang='lat' dir='ltr'><strong>vigorem</strong></span> <span class='ocrx_word' id='word_1_190' title='bbox 2611 1231 2838 1278; x_wconf 71' lang='lat' dir='ltr'><strong>terrena:</strong></span> <span class='ocrx_word' id='word_1_191' title='bbox 2885 1227 3166 1293; x_wconf 83' lang='lat' dir='ltr'><strong>potestatis</strong></span> <span class='ocrx_word' id='word_1_192' title='bbox 3192 1229 3470 1284; x_wconf 80' lang='lat' dir='ltr'><strong>extendas.</strong></span> <span class='ocrx_word' id='word_1_193' title='bbox 3499 1228 3632 1284; x_wconf 90' lang='lat' dir='ltr'><strong>Tres</strong></span> 
     </span>
    </p>
   </div>
   <div class='ocr_carea' id='block_1_28' title="bbox 2053 1309 3633 1385">
    <p class='ocr_par' dir='ltr' id='par_1_28' title="bbox 2053 1309 3633 1385">
     <span class='ocr_line' id='line_1_28' title="bbox 2053 1309 3633 1385; baseline 0.009 -27"><span class='ocrx_word' id='word_1_194' title='bbox 2053 1309 2252 1375; x_wconf 81' lang='lat' dir='ltr'><strong>quippe</strong></span> <span class='ocrx_word' id='word_1_195' title='bbox 2299 1313 2668 1364; x_wconf 79' lang='lat' dir='ltr'><strong>tantummodo</strong></span> <span class='ocrx_word' id='word_1_196' title='bbox 2727 1311 2954 1368; x_wconf 83' lang='lat' dir='ltr'><strong>feminas</strong></span> <span class='ocrx_word' id='word_1_197' title='bbox 3001 1315 3146 1368; x_wconf 89' lang='lat' dir='ltr'><strong>Deus</strong></span> <span class='ocrx_word' id='word_1_198' title='bbox 3187 1317 3365 1370; x_wconf 89' lang='lat' dir='ltr'><strong>novit:</strong></span> <span class='ocrx_word' id='word_1_199' title='bbox 3400 1332 3518 1385; x_wconf 76' lang='lat' dir='ltr'><strong>qua:</strong></span> <span class='ocrx_word' id='word_1_200' title='bbox 3547 1319 3633 1372; x_wconf 86' lang='lat' dir='ltr'><strong>his</strong></span> 
     </span>
    </p>
   </div>
   <div class='ocr_carea' id='block_1_29' title="bbox 2053 1399 3635 1472">
    <p class='ocr_par' dir='ltr' id='par_1_29' title="bbox 2053 1399 3635 1472">
     <span class='ocr_line' id='line_1_29' title="bbox 2053 1399 3635 1472; baseline 0.009 -23"><span class='ocrx_word' id='word_1_201' title='bbox 2053 1399 2236 1468; x_wconf 83' lang='lat' dir='ltr'><strong>plures</strong></span> <span class='ocrx_word' id='word_1_202' title='bbox 2267 1413 2413 1462; x_wconf 84' lang='lat' dir='ltr'><strong>sunt.</strong></span> <span class='ocrx_word' id='word_1_203' title='bbox 2453 1403 2504 1454; x_wconf 90' lang='lat' dir='ltr'><strong>in</strong></span> <span class='ocrx_word' id='word_1_204' title='bbox 2553 1404 2668 1472; x_wconf 79' lang='lat' dir='ltr'><strong>ejus</strong></span> <span class='ocrx_word' id='word_1_205' title='bbox 2701 1403 2874 1458; x_wconf 89' lang='lat' dir='ltr'><strong>adhuc</strong></span> <span class='ocrx_word' id='word_1_206' title='bbox 2903 1407 3147 1460; x_wconf 79' lang='lat' dir='ltr'><strong>notitiam</strong></span> <span class='ocrx_word' id='word_1_207' title='bbox 3191 1423 3296 1460; x_wconf 91' lang='lat' dir='ltr'><strong>non</strong></span> <span class='ocrx_word' id='word_1_208' title='bbox 3351 1420 3635 1463; x_wconf 58' lang='lat' dir='ltr'><strong>venerunt.</strong></span> 
     </span>
    </p>
   </div>
   <div class='ocr_carea' id='block_1_30' title="bbox 2055 1491 3636 1566">
    <p class='ocr_par' dir='ltr' id='par_1_30' title="bbox 2055 1491 3636 1566">
     <span class='ocr_line' id='line_1_30' title="bbox 2055 1491 3636 1566; baseline 0.007 -21"><span class='ocrx_word' id='word_1_209' title='bbox 2055 1491 2214 1546; x_wconf 79' lang='lat' dir='ltr'><strong>Novit</strong></span> <span class='ocrx_word' id='word_1_210' title='bbox 2239 1495 2379 1548; x_wconf 90' lang='lat' dir='ltr'><strong>enim</strong></span> <span class='ocrx_word' id='word_1_211' title='bbox 2413 1495 2650 1564; x_wconf 74' lang='lat' dir='ltr'><strong>virgines</strong></span> <span class='ocrx_word' id='word_1_212' title='bbox 2679 1512 2799 1550; x_wconf 90' lang='lat' dir='ltr'><strong>cum</strong></span> <span class='ocrx_word' id='word_1_213' title='bbox 2829 1497 3020 1564; x_wconf 83' lang='lat' dir='ltr'><strong>Maria,</strong></span> <span class='ocrx_word' id='word_1_214' title='bbox 3051 1499 3242 1554; x_wconf 88' lang='lat' dir='ltr'><strong>viduas</strong></span> <span class='ocrx_word' id='word_1_215' title='bbox 3281 1515 3404 1554; x_wconf 89' lang='lat' dir='ltr'><strong>cum</strong></span> <span class='ocrx_word' id='word_1_216' title='bbox 3462 1501 3636 1566; x_wconf 81' lang='lat' dir='ltr'><strong>Anna,</strong></span> 
     </span>
    </p>
   </div>
   <div class='ocr_carea' id='block_1_31' title="bbox 2053 1583 2762 1651">
    <p class='ocr_par' dir='ltr' id='par_1_31' title="bbox 2053 1583 2762 1651">
     <span class='ocr_line' id='line_1_31' title="bbox 2053 1583 2762 1651; baseline 0.004 -16"><span class='ocrx_word' id='word_1_217' title='bbox 2053 1583 2313 1651; x_wconf 81' lang='lat' dir='ltr'><strong>cnnjuges</strong></span> <span class='ocrx_word' id='word_1_218' title='bbox 2343 1599 2464 1638; x_wconf 89' lang='lat' dir='ltr'><strong>cum</strong></span> <span class='ocrx_word' id='word_1_219' title='bbox 2493 1585 2762 1638; x_wconf 82' lang='lat' dir='ltr'><strong>Susanna.</strong></span> 
     </span>
    </p>
   </div>
   <div class='ocr_carea' id='block_1_32' title="bbox 2055 1671 3637 1748">
    <p class='ocr_par' dir='ltr' id='par_1_32' title="bbox 2055 1671 3637 1748">
     <span class='ocr_line' id='line_1_32' title="bbox 2055 1671 3637 1748; baseline 0.006 -22"><span class='ocrx_word' id='word_1_220' title='bbox 2055 1671 2181 1726; x_wconf 76' lang='lat' dir='ltr'><strong>CAP.</strong></span> <span class='ocrx_word' id='word_1_221' title='bbox 2223 1672 2284 1726; x_wconf 90' lang='lat' dir='ltr'><strong>ll.</strong></span> <span class='ocrx_word' id='word_1_222' title='bbox 2322 1703 2391 1711; x_wconf 92' lang='lat'><em>—</em></span> <span class='ocrx_word' id='word_1_223' title='bbox 2432 1673 2585 1738; x_wconf 82' lang='lat' dir='ltr'><strong>Quod</strong></span> <span class='ocrx_word' id='word_1_224' title='bbox 2617 1676 2920 1730; x_wconf 74' lang='lat' dir='ltr'><strong>concubina:</strong></span> <span class='ocrx_word' id='word_1_225' title='bbox 2945 1695 2975 1729; x_wconf 89' lang='lat' dir='ltr'><strong>a</strong></span> <span class='ocrx_word' id='word_1_226' title='bbox 3005 1677 3206 1748; x_wconf 75' lang='lat' dir='ltr'><strong>templis</strong></span> <span class='ocrx_word' id='word_1_227' title='bbox 3240 1680 3342 1732; x_wconf 80' lang='lat' dir='ltr'><strong>sint</strong></span> <span class='ocrx_word' id='word_1_228' title='bbox 3373 1682 3637 1737; x_wconf 78' lang='lat' dir='ltr'><strong>arcenda&#39;.</strong></span> 
     </span>
    </p>
   </div>
   <div class='ocr_carea' id='block_1_33' title="bbox 2126 1759 3637 1836">
    <p class='ocr_par' dir='ltr' id='par_1_33' title="bbox 2126 1759 3637 1836">
     <span class='ocr_line' id='line_1_33' title="bbox 2126 1759 3637 1836; baseline 0.007 -24"><span class='ocrx_word' id='word_1_229' title='bbox 2126 1759 2342 1814; x_wconf 87' lang='lat' dir='ltr'><strong>Illorum</strong></span> <span class='ocrx_word' id='word_1_230' title='bbox 2369 1776 2495 1816; x_wconf 89' lang='lat' dir='ltr'><strong>vero</strong></span> <span class='ocrx_word' id='word_1_231' title='bbox 2526 1763 2846 1818; x_wconf 86' lang='lat' dir='ltr'><strong>clericorum</strong></span> <span class='ocrx_word' id='word_1_232' title='bbox 2879 1763 3125 1830; x_wconf 75' lang='lat' dir='ltr'><strong>feminas,</strong></span> <span class='ocrx_word' id='word_1_233' title='bbox 3163 1768 3254 1836; x_wconf 88' lang='lat' dir='ltr'><strong>qui</strong></span> <span class='ocrx_word' id='word_1_234' title='bbox 3293 1770 3637 1824; x_wconf 87' lang='lat' dir='ltr'><strong>matrimonia</strong></span> 
     </span>
    </p>
   </div>
   <div class='ocr_carea' id='block_1_34' title="bbox 367 1839 3638 1936">
    <p class='ocr_par' dir='ltr' id='par_1_34' title="bbox 367 1839 3638 1936">
     <span class='ocr_line' id='line_1_34' title="bbox 367 1839 3638 1936; baseline 0.001 -24"><span class='ocrx_word' id='word_1_235' title='bbox 367 1859 540 1914; x_wconf 88' lang='lat' dir='ltr'><strong>mellis</strong></span> <span class='ocrx_word' id='word_1_236' title='bbox 572 1859 694 1913; x_wconf 86' lang='lat' dir='ltr'><strong>favo</strong></span> <span class='ocrx_word' id='word_1_237' title='bbox 717 1859 836 1914; x_wconf 81' lang='lat' dir='ltr'><strong>visa</strong></span> <span class='ocrx_word' id='word_1_238' title='bbox 885 1871 972 1914; x_wconf 91' lang='lat' dir='ltr'><strong>est</strong></span> <span class='ocrx_word' id='word_1_239' title='bbox 1013 1859 1144 1913; x_wconf 90' lang='lat' dir='ltr'><strong>mihi</strong></span> <span class='ocrx_word' id='word_1_240' title='bbox 1181 1860 1296 1914; x_wconf 83' lang='lat' dir='ltr'><strong>haec</strong></span> <span class='ocrx_word' id='word_1_241' title='bbox 1343 1859 1486 1914; x_wconf 89' lang='lat' dir='ltr'><strong>stilla</strong></span> <span class='ocrx_word' id='word_1_242' title='bbox 1514 1857 1794 1921; x_wconf 81' lang='lat' dir='ltr'><strong>delﬁuere,</strong></span> <span class='ocrx_word' id='word_1_243' title='bbox 1828 1873 1949 1912; x_wconf 88' lang='lat' dir='ltr'><strong>cum</strong></span> <span class='ocrx_word' id='word_1_244' title='bbox 1983 1839 2025 1899; x_wconf 81' lang='grc' dir='ltr'>Β</span> <span class='ocrx_word' id='word_1_245' title='bbox 2053 1863 2327 1922; x_wconf 85' lang='lat' dir='ltr'><strong>nequeunt</strong></span> <span class='ocrx_word' id='word_1_246' title='bbox 2373 1855 2530 1925; x_wconf 80' lang='lat' dir='ltr'><strong>legali</strong></span> <span class='ocrx_word' id='word_1_247' title='bbox 2559 1854 2681 1922; x_wconf 82' lang='lat' dir='ltr'><strong>jure</strong></span> <span class='ocrx_word' id='word_1_248' title='bbox 2706 1857 3048 1920; x_wconf 88' lang='lat' dir='ltr'><strong>contrahere,</strong></span> <span class='ocrx_word' id='word_1_249' title='bbox 3083 1874 3186 1911; x_wconf 91' lang='lat' dir='ltr'><strong>non</strong></span> <span class='ocrx_word' id='word_1_250' title='bbox 3236 1859 3513 1932; x_wconf 76' lang='lat' dir='ltr'><strong>coniuges,</strong></span> <span class='ocrx_word' id='word_1_251' title='bbox 3545 1864 3638 1936; x_wconf 69' lang='lat' dir='ltr'><strong>sed</strong></span> 
     </span>
    </p>
   </div>
   <div class='ocr_carea' id='block_1_35' title="bbox 365 1949 1954 2019">
    <p class='ocr_par' dir='ltr' id='par_1_35' title="bbox 365 1949 1954 2019">
     <span class='ocr_line' id='line_1_35' title="bbox 365 1949 1954 2019; baseline -0.001 -14"><span class='ocrx_word' id='word_1_252' title='bbox 365 1951 470 2005; x_wconf 86' lang='lat' dir='ltr'><strong>hoc</strong></span> <span class='ocrx_word' id='word_1_253' title='bbox 495 1965 642 2004; x_wconf 80' lang='lat' dir='ltr'><strong>vera:</strong></span> <span class='ocrx_word' id='word_1_254' title='bbox 667 1949 988 2004; x_wconf 86' lang='lat' dir='ltr'><strong>humilitatis</strong></span> <span class='ocrx_word' id='word_1_255' title='bbox 1011 1951 1236 2004; x_wconf 80' lang='lat' dir='ltr'><strong>verbum</strong></span> <span class='ocrx_word' id='word_1_256' title='bbox 1254 1949 1318 2003; x_wconf 88' lang='lat' dir='ltr'><strong>de</strong></span> <span class='ocrx_word' id='word_1_257' title='bbox 1351 1959 1440 2004; x_wconf 90' lang='lat' dir='ltr'><strong>tuo</strong></span> <span class='ocrx_word' id='word_1_258' title='bbox 1463 1951 1687 2019; x_wconf 79' lang='lat' dir='ltr'><strong>contigit</strong></span> <span class='ocrx_word' id='word_1_259' title='bbox 1710 1965 1804 2003; x_wconf 91' lang='lat' dir='ltr'><strong>ore</strong></span> <span class='ocrx_word' id='word_1_260' title='bbox 1830 1965 1954 2019; x_wconf 88' lang='lat' dir='ltr'><strong>pro-</strong></span> 
     </span>
    </p>
   </div>
   <div class='ocr_carea' id='block_1_36' title="bbox 375 2039 1950 2111">
    <p class='ocr_par' dir='ltr' id='par_1_36' title="bbox 375 2039 1950 2111">
     <span class='ocr_line' id='line_1_36' title="bbox 375 2039 1950 2111; baseline -0.001 -16"><span class='ocrx_word' id='word_1_261' title='bbox 375 2041 492 2096; x_wconf 85' lang='lat' dir='ltr'><strong>dire</strong></span> <span class='ocrx_word' id='word_1_262' title='bbox 517 2041 538 2095; x_wconf 83' lang='lat'><strong>&#39;:</strong></span> <span class='ocrx_word' id='word_1_263' title='bbox 581 2041 720 2107; x_wconf 87' lang='lat' dir='ltr'><strong>Quid</strong></span> <span class='ocrx_word' id='word_1_264' title='bbox 747 2041 962 2107; x_wconf 88' lang='lat' dir='ltr'><strong>mirunt,</strong></span> <span class='ocrx_word' id='word_1_265' title='bbox 1007 2051 1184 2111; x_wconf 89' lang='lat' dir='ltr'><strong>pater,</strong></span> <span class='ocrx_word' id='word_1_266' title='bbox 1211 2042 1255 2094; x_wconf 90' lang='lat' dir='ltr'><strong>si</strong></span> <span class='ocrx_word' id='word_1_267' title='bbox 1285 2042 1426 2095; x_wconf 90' lang='lat' dir='ltr'><strong>Deus</strong></span> <span class='ocrx_word' id='word_1_268' title='bbox 1446 2041 1787 2110; x_wconf 91' lang='lat' dir='ltr'><strong>omnipotens</strong></span> <span class='ocrx_word' id='word_1_269' title='bbox 1819 2039 1950 2094; x_wconf 91' lang='lat' dir='ltr'><strong>mihi</strong></span> 
     </span>
    </p>
   </div>
   <div class='ocr_carea' id='block_1_37' title="bbox 365 2131 1952 2202">
    <p class='ocr_par' dir='ltr' id='par_1_37' title="bbox 365 2131 1952 2202">
     <span class='ocr_line' id='line_1_37' title="bbox 365 2131 1952 2202; baseline -0.001 -17"><span class='ocrx_word' id='word_1_270' title='bbox 365 2132 674 2188; x_wconf 45' lang='lat' dir='ltr'><strong>vilissima!</strong></span> <span class='ocrx_word' id='word_1_271' title='bbox 701 2131 909 2186; x_wconf 77' lang='lat' dir='ltr'><strong>ancilla-</strong></span> <span class='ocrx_word' id='word_1_272' title='bbox 961 2145 1078 2186; x_wconf 68' lang='lat' dir='ltr'><strong>suae</strong></span> <span class='ocrx_word' id='word_1_273' title='bbox 1135 2132 1662 2202; x_wconf 89' lang='lat' dir='ltr'><strong>quantulamcunque</strong></span> <span class='ocrx_word' id='word_1_274' title='bbox 1705 2131 1952 2186; x_wconf 84' lang='lat' dir='ltr'><strong>conferre</strong></span> 
     </span>
    </p>
   </div>
   <div class='ocr_carea' id='block_1_38' title="bbox 367 2223 1948 2296">
    <p class='ocr_par' dir='ltr' id='par_1_38' title="bbox 367 2223 1948 2296">
     <span class='ocr_line' id='line_1_38' title="bbox 367 2223 1948 2296; baseline -0.001 -17"><span class='ocrx_word' id='word_1_275' title='bbox 367 2226 621 2296; x_wconf 84' lang='lat' dir='ltr'><strong>dignatus</strong></span> <span class='ocrx_word' id='word_1_276' title='bbox 654 2233 736 2280; x_wconf 91' lang='lat' dir='ltr'><strong>est</strong></span> <span class='ocrx_word' id='word_1_277' title='bbox 765 2223 910 2278; x_wconf 90' lang='lat' dir='ltr'><strong>inter</strong></span> <span class='ocrx_word' id='word_1_278' title='bbox 933 2224 1178 2280; x_wconf 88' lang='lat' dir='ltr'><strong>homines</strong></span> <span class='ocrx_word' id='word_1_279' title='bbox 1201 2232 1544 2294; x_wconf 89' lang='lat' dir='ltr'><strong>potestatem,</strong></span> <span class='ocrx_word' id='word_1_280' title='bbox 1577 2225 1667 2293; x_wconf 91' lang='lat' dir='ltr'><strong>qui</strong></span> <span class='ocrx_word' id='word_1_281' title='bbox 1701 2233 1948 2277; x_wconf 89' lang='lat' dir='ltr'><strong>contem-</strong></span> 
     </span>
    </p>
   </div>
   <div class='ocr_carea' id='block_1_39' title="bbox 363 2314 1952 2390">
    <p class='ocr_par' dir='ltr' id='par_1_39' title="bbox 363 2314 1952 2390">
     <span class='ocr_line' id='line_1_39' title="bbox 363 2314 1952 2390; baseline 0.001 -21"><span class='ocrx_word' id='word_1_282' title='bbox 363 2317 540 2384; x_wconf 87' lang='lat' dir='ltr'><strong>ptibili</strong></span> <span class='ocrx_word' id='word_1_283' title='bbox 571 2316 794 2371; x_wconf 91' lang='lat' dir='ltr'><strong>cuilibet</strong></span> <span class='ocrx_word' id='word_1_284' title='bbox 845 2317 1024 2370; x_wconf 66' lang='lat' dir='ltr'><strong>herba:</strong></span> <span class='ocrx_word' id='word_1_285' title='bbox 1081 2315 1381 2369; x_wconf 87' lang='lat' dir='ltr'><strong>mirabilem</strong></span> <span class='ocrx_word' id='word_1_286' title='bbox 1410 2314 1708 2390; x_wconf 65' lang='lat' dir='ltr'><strong>aliquando</strong></span> <span class='ocrx_word' id='word_1_287' title='bbox 1751 2316 1952 2382; x_wconf 74' lang='lat' dir='ltr'><strong>prazbet</strong></span> 
     </span>
    </p>
   </div>
   <div class='ocr_carea' id='block_1_40' title="bbox 367 2403 1950 2476">
    <p class='ocr_par' dir='ltr' id='par_1_40' title="bbox 367 2403 1950 2476">
     <span class='ocr_line' id='line_1_40' title="bbox 367 2403 1950 2476; baseline -0.002 -15"><span class='ocrx_word' id='word_1_288' title='bbox 367 2408 548 2462; x_wconf 85' lang='lat' dir='ltr'><strong>inesse</strong></span> <span class='ocrx_word' id='word_1_289' title='bbox 571 2406 868 2460; x_wconf 73' lang='lat' dir='ltr'><strong>virtutem?</strong></span> <span class='ocrx_word' id='word_1_290' title='bbox 916 2406 1211 2460; x_wconf 65' lang='lat' dir='ltr'><strong>Ostettclisti</strong></span> <span class='ocrx_word' id='word_1_291' title='bbox 1242 2423 1371 2476; x_wconf 87' lang='lat' dir='ltr'><strong>ergo</strong></span> <span class='ocrx_word' id='word_1_292' title='bbox 1404 2416 1454 2460; x_wconf 88' lang='lat' dir='ltr'><strong>te</strong></span> <span class='ocrx_word' id='word_1_293' title='bbox 1482 2421 1658 2473; x_wconf 87' lang='lat' dir='ltr'><strong>apem,</strong></span> <span class='ocrx_word' id='word_1_294' title='bbox 1689 2405 1815 2458; x_wconf 88' lang='lat' dir='ltr'><strong>dtttn</strong></span> <span class='ocrx_word' id='word_1_295' title='bbox 1847 2403 1950 2458; x_wconf 80' lang='lat' dir='ltr'><strong>favi</strong></span> 
     </span>
    </p>
   </div>
   <div class='ocr_carea' id='block_1_41' title="bbox 367 2497 1946 2566">
    <p class='ocr_par' dir='ltr' id='par_1_41' title="bbox 367 2497 1946 2566">
     <span class='ocr_line' id='line_1_41' title="bbox 367 2497 1946 2566; baseline -0.003 -14"><span class='ocrx_word' id='word_1_296' title='bbox 367 2497 600 2554; x_wconf 87' lang='lat' dir='ltr'><strong>distillas</strong></span> <span class='ocrx_word' id='word_1_297' title='bbox 655 2513 720 2552; x_wconf 81' lang='lat' dir='ltr'><strong>ex</strong></span> <span class='ocrx_word' id='word_1_298' title='bbox 773 2513 867 2552; x_wconf 88' lang='lat' dir='ltr'><strong>ore</strong></span> <span class='ocrx_word' id='word_1_299' title='bbox 897 2497 1273 2562; x_wconf 86' lang='lat' dir='ltr'><strong>dulcedinem,</strong></span> <span class='ocrx_word' id='word_1_300' title='bbox 1330 2498 1470 2551; x_wconf 91' lang='lat' dir='ltr'><strong>sicut</strong></span> <span class='ocrx_word' id='word_1_301' title='bbox 1521 2497 1780 2566; x_wconf 89' lang='lat' dir='ltr'><strong>scriptum</strong></span> <span class='ocrx_word' id='word_1_302' title='bbox 1825 2505 1946 2550; x_wconf 90' lang='lat' dir='ltr'><strong>est:</strong></span> 
     </span>
    </p>
   </div>
   <div class='ocr_carea' id='block_1_42' title="bbox 373 2587 1952 2660">
    <p class='ocr_par' dir='ltr' id='par_1_42' title="bbox 373 2587 1952 2660">
     <span class='ocr_line' id='line_1_42' title="bbox 373 2587 1952 2660; baseline -0.001 -16"><span class='ocrx_word' id='word_1_303' title='bbox 373 2611 395 2644; x_wconf 73' lang='grc' dir='ltr'><strong>ι</strong></span> <span class='ocrx_word' id='word_1_304' title='bbox 439 2591 575 2660; x_wconf 85' lang='lat' dir='ltr'><strong>Quia</strong></span> <span class='ocrx_word' id='word_1_305' title='bbox 598 2593 662 2646; x_wconf 88' lang='lat' dir='ltr'><strong>de</strong></span> <span class='ocrx_word' id='word_1_306' title='bbox 687 2605 782 2646; x_wconf 89' lang='lat' dir='ltr'><strong>ore</strong></span> <span class='ocrx_word' id='word_1_307' title='bbox 802 2590 1083 2660; x_wconf 87' lang='lat' dir='ltr'><strong>prudentis</strong></span> <span class='ocrx_word' id='word_1_308' title='bbox 1112 2590 1356 2660; x_wconf 89' lang='lat' dir='ltr'><strong>procedit</strong></span> <span class='ocrx_word' id='word_1_309' title='bbox 1377 2587 1499 2654; x_wconf 91' lang='lat' dir='ltr'><strong>mel,</strong></span> <span class='ocrx_word' id='word_1_310' title='bbox 1525 2587 1748 2642; x_wconf 87' lang='lat' dir='ltr'><strong>dulcedo</strong></span> <span class='ocrx_word' id='word_1_311' title='bbox 1779 2587 1952 2642; x_wconf 88' lang='lat' dir='ltr'><strong>mellis</strong></span> 
     </span>
    </p>
   </div>
   <div class='ocr_carea' id='block_1_43' title="bbox 377 2675 1946 2748">
    <p class='ocr_par' dir='ltr' id='par_1_43' title="bbox 377 2675 1946 2748">
     <span class='ocr_line' id='line_1_43' title="bbox 377 2675 1946 2748; baseline 0.005 -24"><span class='ocrx_word' id='word_1_312' title='bbox 377 2675 478 2728; x_wconf 86' lang='lat' dir='ltr'><strong>sub</strong></span> <span class='ocrx_word' id='word_1_313' title='bbox 501 2675 680 2743; x_wconf 84' lang='lat' dir='ltr'><strong>lingua</strong></span> <span class='ocrx_word' id='word_1_314' title='bbox 703 2677 845 2744; x_wconf 78' lang='lat' dir='ltr'><strong>ejus,</strong></span> <span class='ocrx_word' id='word_1_315' title='bbox 870 2675 1020 2729; x_wconf 81' lang='lat' dir='ltr'><strong>favus</strong></span> <span class='ocrx_word' id='word_1_316' title='bbox 1041 2677 1454 2730; x_wconf 85' lang='lat' dir='ltr'><strong>distillanslabia</strong></span> <span class='ocrx_word' id='word_1_317' title='bbox 1474 2677 1946 2748; x_wconf 73' lang='lat' dir='ltr'><strong>ejus(Prov.xvt).i</strong></span> 
     </span>
    </p>
   </div>
   <div class='ocr_carea' id='block_1_44' title="bbox 379 2761 1951 2839">
    <p class='ocr_par' dir='ltr' id='par_1_44' title="bbox 379 2761 1951 2839">
     <span class='ocr_line' id='line_1_44' title="bbox 379 2761 1951 2839; baseline 0.002 -21"><span class='ocrx_word' id='word_1_318' title='bbox 379 2761 563 2820; x_wconf 85' lang='lat' dir='ltr'><strong>Sisara</strong></span> <span class='ocrx_word' id='word_1_319' title='bbox 607 2781 776 2829; x_wconf 91' lang='lat' dir='ltr'><strong>vero,</strong></span> <span class='ocrx_word' id='word_1_320' title='bbox 827 2766 1060 2820; x_wconf 78' lang='lat' dir='ltr'><strong>exclusio</strong></span> <span class='ocrx_word' id='word_1_321' title='bbox 1093 2768 1278 2836; x_wconf 84' lang='lat' dir='ltr'><strong>gaudii</strong></span> <span class='ocrx_word' id='word_1_322' title='bbox 1329 2769 1740 2836; x_wconf 84' lang='lat' dir='ltr'><strong>interpretatur,</strong></span> <span class='ocrx_word' id='word_1_323' title='bbox 1806 2769 1951 2839; x_wconf 91' lang='lat' dir='ltr'><strong>quod</strong></span> 
     </span>
    </p>
   </div>
   <div class='ocr_carea' id='block_1_45' title="bbox 373 2853 1955 2926">
    <p class='ocr_par' dir='ltr' id='par_1_45' title="bbox 373 2853 1955 2926">
     <span class='ocr_line' id='line_1_45' title="bbox 373 2853 1955 2926; baseline 0.004 -20"><span class='ocrx_word' id='word_1_324' title='bbox 373 2853 620 2923; x_wconf 87' lang='lat' dir='ltr'><strong>profecto</strong></span> <span class='ocrx_word' id='word_1_325' title='bbox 651 2853 976 2908; x_wconf 80' lang='lat' dir='ltr'><strong>vocabulum</strong></span> <span class='ocrx_word' id='word_1_326' title='bbox 1009 2855 1233 2909; x_wconf 86' lang='lat' dir='ltr'><strong>inimico</strong></span> <span class='ocrx_word' id='word_1_327' title='bbox 1271 2855 1494 2914; x_wconf 82' lang='lat' dir='ltr'><strong>humani</strong></span> <span class='ocrx_word' id='word_1_328' title='bbox 1534 2857 1748 2925; x_wconf 81' lang='lat' dir='ltr'><strong>generis</strong></span> <span class='ocrx_word' id='word_1_329' title='bbox 1789 2857 1955 2926; x_wconf 88' lang='lat' dir='ltr'><strong>aptis-</strong></span> 
     </span>
    </p>
   </div>
   <div class='ocr_carea' id='block_1_46' title="bbox 369 2933 1952 3020">
    <p class='ocr_par' dir='ltr' id='par_1_46' title="bbox 369 2933 1952 3020">
     <span class='ocr_line' id='line_1_46' title="bbox 369 2933 1952 3020; baseline 0.003 -20"><span class='ocrx_word' id='word_1_330' title='bbox 369 2933 512 3000; x_wconf 83' lang='lat' dir='ltr'><strong>sime</strong></span> <span class='ocrx_word' id='word_1_331' title='bbox 529 2946 806 3015; x_wconf 82' lang='lat' dir='ltr'><strong>congruit,</strong></span> <span class='ocrx_word' id='word_1_332' title='bbox 830 2951 922 3016; x_wconf 89' lang='lat' dir='ltr'><strong>qui</strong></span> <span class='ocrx_word' id='word_1_333' title='bbox 951 2947 1181 3018; x_wconf 88' lang='lat' dir='ltr'><strong>primnm</strong></span> <span class='ocrx_word' id='word_1_334' title='bbox 1203 2949 1474 3005; x_wconf 83' lang='lat' dir='ltr'><strong>hominem</strong></span> <span class='ocrx_word' id='word_1_335' title='bbox 1499 2966 1526 3004; x_wconf 90' lang='lat' dir='ltr'><strong>a</strong></span> <span class='ocrx_word' id='word_1_336' title='bbox 1555 2951 1791 3016; x_wconf 85' lang='lat' dir='ltr'><strong>paradisi</strong></span> <span class='ocrx_word' id='word_1_337' title='bbox 1817 2965 1952 3020; x_wconf 80' lang='lat' dir='ltr'><strong>gau-</strong></span> 
     </span>
    </p>
   </div>
   <div class='ocr_carea' id='block_1_47' title="bbox 371 3037 1952 3114">
    <p class='ocr_par' dir='ltr' id='par_1_47' title="bbox 371 3037 1952 3114">
     <span class='ocr_line' id='line_1_47' title="bbox 371 3037 1952 3114; baseline 0.003 -22"><span class='ocrx_word' id='word_1_338' title='bbox 371 3037 485 3104; x_wconf 88' lang='lat' dir='ltr'><strong>dio,</strong></span> <span class='ocrx_word' id='word_1_339' title='bbox 507 3051 612 3106; x_wconf 87' lang='lat' dir='ltr'><strong>quo</strong></span> <span class='ocrx_word' id='word_1_340' title='bbox 633 3037 932 3107; x_wconf 89' lang='lat' dir='ltr'><strong>fruebatur,</strong></span> <span class='ocrx_word' id='word_1_341' title='bbox 954 3041 1205 3096; x_wconf 81' lang='lat' dir='ltr'><strong>exclusit.</strong></span> <span class='ocrx_word' id='word_1_342' title='bbox 1245 3039 1397 3114; x_wconf 83' lang='lat' dir='ltr'><strong>(Gen.</strong></span> <span class='ocrx_word' id='word_1_343' title='bbox 1424 3044 1546 3110; x_wconf 66' lang='lat' dir='ltr'><strong>tn.)</strong></span> <span class='ocrx_word' id='word_1_344' title='bbox 1565 3041 1668 3096; x_wconf 84' lang='lat' dir='ltr'><strong>Sed</strong></span> <span class='ocrx_word' id='word_1_345' title='bbox 1689 3043 1816 3112; x_wconf 80' lang='lat' dir='ltr'><strong>quia</strong></span> <span class='ocrx_word' id='word_1_346' title='bbox 1839 3056 1952 3096; x_wconf 88' lang='lat' dir='ltr'><strong>non</strong></span> 
     </span>
    </p>
   </div>
   <div class='ocr_carea' id='block_1_48' title="bbox 363 3127 1950 3198">
    <p class='ocr_par' dir='ltr' id='par_1_48' title="bbox 363 3127 1950 3198">
     <span class='ocr_line' id='line_1_48' title="bbox 363 3127 1950 3198; baseline 0 -16"><span class='ocrx_word' id='word_1_347' title='bbox 363 3139 450 3183; x_wconf 86' lang='lat' dir='ltr'><strong>est</strong></span> <span class='ocrx_word' id='word_1_348' title='bbox 469 3127 628 3196; x_wconf 89' lang='lat' dir='ltr'><strong>hujus</strong></span> <span class='ocrx_word' id='word_1_349' title='bbox 658 3130 914 3198; x_wconf 86' lang='lat' dir='ltr'><strong>temporis</strong></span> <span class='ocrx_word' id='word_1_350' title='bbox 943 3129 1220 3184; x_wconf 88' lang='lat' dir='ltr'><strong>immorari</strong></span> <span class='ocrx_word' id='word_1_351' title='bbox 1275 3131 1328 3183; x_wconf 88' lang='lat' dir='ltr'><strong>in</strong></span> <span class='ocrx_word' id='word_1_352' title='bbox 1355 3130 1650 3184; x_wconf 89' lang='lat' dir='ltr'><strong>enodandis</strong></span> <span class='ocrx_word' id='word_1_353' title='bbox 1677 3130 1950 3197; x_wconf 74' lang='lat' dir='ltr'><strong>allegoria:</strong></span> 
     </span>
    </p>
   </div>
   <div class='ocr_carea' id='block_1_49' title="bbox 2055 1944 3640 2022">
    <p class='ocr_par' dir='ltr' id='par_1_49' title="bbox 2055 1944 3640 2022">
     <span class='ocr_line' id='line_1_49' title="bbox 2055 1944 3640 2022; baseline 0.005 -26"><span class='ocrx_word' id='word_1_354' title='bbox 2055 1944 2386 1998; x_wconf 89' lang='lat' dir='ltr'><strong>concubinas</strong></span> <span class='ocrx_word' id='word_1_355' title='bbox 2417 1946 2616 2014; x_wconf 87' lang='lat' dir='ltr'><strong>potius,</strong></span> <span class='ocrx_word' id='word_1_356' title='bbox 2667 1947 2782 2001; x_wconf 88' lang='lat' dir='ltr'><strong>sive</strong></span> <span class='ocrx_word' id='word_1_357' title='bbox 2835 1949 3136 2017; x_wconf 86' lang='lat' dir='ltr'><strong>prostibula</strong></span> <span class='ocrx_word' id='word_1_358' title='bbox 3187 1965 3422 2022; x_wconf 76' lang='lat' dir='ltr'><strong>congrue</strong></span> <span class='ocrx_word' id='word_1_359' title='bbox 3451 1968 3640 2022; x_wconf 86' lang='lat' dir='ltr'><strong>possu-</strong></span> 
     </span>
    </p>
   </div>
   <div class='ocr_carea' id='block_1_50' title="bbox 2055 2035 3639 2108">
    <p class='ocr_par' dir='ltr' id='par_1_50' title="bbox 2055 2035 3639 2108">
     <span class='ocr_line' id='line_1_50' title="bbox 2055 2035 3639 2108; baseline 0.007 -23"><span class='ocrx_word' id='word_1_360' title='bbox 2055 2049 2176 2088; x_wconf 89' lang='lat' dir='ltr'><strong>mus</strong></span> <span class='ocrx_word' id='word_1_361' title='bbox 2202 2035 2515 2104; x_wconf 90' lang='lat' dir='ltr'><strong>appellare;</strong></span> <span class='ocrx_word' id='word_1_362' title='bbox 2565 2038 2796 2106; x_wconf 84' lang='lat' dir='ltr'><strong>ideoque</strong></span> <span class='ocrx_word' id='word_1_363' title='bbox 2833 2040 2958 2108; x_wconf 89' lang='lat' dir='ltr'><strong>quia</strong></span> <span class='ocrx_word' id='word_1_364' title='bbox 3000 2051 3030 2092; x_wconf 89' lang='lat' dir='ltr'><strong>a</strong></span> <span class='ocrx_word' id='word_1_365' title='bbox 3075 2039 3185 2093; x_wconf 89' lang='lat' dir='ltr'><strong>Deo</strong></span> <span class='ocrx_word' id='word_1_366' title='bbox 3226 2057 3331 2094; x_wconf 90' lang='lat' dir='ltr'><strong>non</strong></span> <span class='ocrx_word' id='word_1_367' title='bbox 3360 2051 3639 2096; x_wconf 90' lang='lat' dir='ltr'><strong>merentur</strong></span> 
     </span>
    </p>
   </div>
   <div class='ocr_carea' id='block_1_51' title="bbox 2049 2127 3632 2196">
    <p class='ocr_par' dir='ltr' id='par_1_51' title="bbox 2049 2127 3632 2196">
     <span class='ocr_line' id='line_1_51' title="bbox 2049 2127 3632 2196; baseline 0.008 -20"><span class='ocrx_word' id='word_1_368' title='bbox 2049 2127 2297 2192; x_wconf 78' lang='lat' dir='ltr'><strong>agnosci,</strong></span> <span class='ocrx_word' id='word_1_369' title='bbox 2331 2127 2396 2180; x_wconf 92' lang='lat' dir='ltr'><strong>de</strong></span> <span class='ocrx_word' id='word_1_370' title='bbox 2439 2127 2638 2196; x_wconf 89' lang='lat' dir='ltr'><strong>templo</strong></span> <span class='ocrx_word' id='word_1_371' title='bbox 2689 2129 2782 2182; x_wconf 88' lang='lat' dir='ltr'><strong>Dei</strong></span> <span class='ocrx_word' id='word_1_372' title='bbox 2829 2130 3023 2184; x_wconf 87' lang='lat' dir='ltr'><strong>merito</strong></span> <span class='ocrx_word' id='word_1_373' title='bbox 3073 2143 3368 2186; x_wconf 84' lang='lat' dir='ltr'><strong>censentur</strong></span> <span class='ocrx_word' id='word_1_374' title='bbox 3391 2132 3632 2188; x_wconf 80' lang='lat' dir='ltr'><strong>excludi.</strong></span> 
     </span>
    </p>
   </div>
   <div class='ocr_carea' id='block_1_52' title="bbox 2053 2215 3636 2293">
    <p class='ocr_par' dir='ltr' id='par_1_52' title="bbox 2053 2215 3636 2293">
     <span class='ocr_line' id='line_1_52' title="bbox 2053 2215 3636 2293; baseline 0.006 -25"><span class='ocrx_word' id='word_1_375' title='bbox 2053 2215 2216 2280; x_wconf 79' lang='lat' dir='ltr'><strong>Nam,</strong></span> <span class='ocrx_word' id='word_1_376' title='bbox 2248 2217 2292 2271; x_wconf 94' lang='lat' dir='ltr'><strong>si</strong></span> <span class='ocrx_word' id='word_1_377' title='bbox 2325 2231 2482 2272; x_wconf 90' lang='lat' dir='ltr'><strong>soror</strong></span> <span class='ocrx_word' id='word_1_378' title='bbox 2535 2217 2716 2274; x_wconf 84' lang='lat' dir='ltr'><strong>Aaron</strong></span> <span class='ocrx_word' id='word_1_379' title='bbox 2761 2219 2952 2284; x_wconf 86' lang='lat' dir='ltr'><strong>Maria,</strong></span> <span class='ocrx_word' id='word_1_380' title='bbox 3015 2237 3135 2291; x_wconf 72' lang='lat' dir='ltr'><strong>qua:</strong></span> <span class='ocrx_word' id='word_1_381' title='bbox 3166 2219 3335 2293; x_wconf 87' lang='lat' dir='ltr'><strong>Moysi</strong></span> <span class='ocrx_word' id='word_1_382' title='bbox 3380 2221 3484 2277; x_wconf 87' lang='lat' dir='ltr'><strong>levi</strong></span> <span class='ocrx_word' id='word_1_383' title='bbox 3515 2239 3636 2278; x_wconf 88' lang='lat' dir='ltr'><strong>ser-</strong></span> 
     </span>
    </p>
   </div>
   <div class='ocr_carea' id='block_1_53' title="bbox 2053 2309 3640 2386">
    <p class='ocr_par' dir='ltr' id='par_1_53' title="bbox 2053 2309 3640 2386">
     <span class='ocr_line' id='line_1_53' title="bbox 2053 2309 3640 2386; baseline 0.006 -26"><span class='ocrx_word' id='word_1_384' title='bbox 2053 2322 2212 2362; x_wconf 89' lang='lat' dir='ltr'><strong>mone</strong></span> <span class='ocrx_word' id='word_1_385' title='bbox 2269 2309 2528 2376; x_wconf 81' lang='lat' dir='ltr'><strong>detraxit,</strong></span> <span class='ocrx_word' id='word_1_386' title='bbox 2581 2325 2706 2364; x_wconf 80' lang='lat' dir='ltr'><strong>mox</strong></span> <span class='ocrx_word' id='word_1_387' title='bbox 2743 2311 2892 2380; x_wconf 87' lang='lat' dir='ltr'><strong>lepra</strong></span> <span class='ocrx_word' id='word_1_388' title='bbox 2928 2314 3290 2382; x_wconf 83' lang='lat' dir='ltr'><strong>perfunditur,</strong></span> <span class='ocrx_word' id='word_1_389' title='bbox 3325 2325 3640 2386; x_wconf 84' lang='lat' dir='ltr'><strong>septemque</strong></span> 
     </span>
    </p>
   </div>
   <div class='ocr_carea' id='block_1_54' title="bbox 2051 2397 3640 2475">
    <p class='ocr_par' dir='ltr' id='par_1_54' title="bbox 2051 2397 3640 2475">
     <span class='ocr_line' id='line_1_54' title="bbox 2051 2397 3640 2475; baseline 0.006 -24"><span class='ocrx_word' id='word_1_390' title='bbox 2051 2397 2242 2452; x_wconf 88' lang='lat' dir='ltr'><strong>diebus</strong></span> <span class='ocrx_word' id='word_1_391' title='bbox 2291 2415 2320 2450; x_wconf 90' lang='lat' dir='ltr'><strong>a</strong></span> <span class='ocrx_word' id='word_1_392' title='bbox 2357 2399 2700 2454; x_wconf 80' lang='lat' dir='ltr'><strong>tabernaculo</strong></span> <span class='ocrx_word' id='word_1_393' title='bbox 2747 2411 3056 2456; x_wconf 88' lang='lat' dir='ltr'><strong>removetur</strong></span> <span class='ocrx_word' id='word_1_394' title='bbox 3097 2402 3286 2472; x_wconf 84' lang='lat' dir='ltr'><strong>(Num.</strong></span> <span class='ocrx_word' id='word_1_395' title='bbox 3343 2412 3474 2474; x_wconf 65' lang='grc' dir='ltr'>ιιι),</span> <span class='ocrx_word' id='word_1_396' title='bbox 3529 2421 3640 2475; x_wconf 86' lang='lat' dir='ltr'><strong>quo</strong></span> 
     </span>
    </p>
   </div>
   <div class='ocr_carea' id='block_1_55' title="bbox 2045 2485 3638 2564">
    <p class='ocr_par' dir='ltr' id='par_1_55' title="bbox 2045 2485 3638 2564">
     <span class='ocr_line' id='line_1_55' title="bbox 2045 2485 3638 2564; baseline 0.005 -24"><span class='ocrx_word' id='word_1_397' title='bbox 2045 2485 2166 2554; x_wconf 88' lang='lat' dir='ltr'><strong>jure</strong></span> <span class='ocrx_word' id='word_1_398' title='bbox 2199 2489 2314 2541; x_wconf 72' lang='lat' dir='ltr'><strong>ista:</strong></span> <span class='ocrx_word' id='word_1_399' title='bbox 2337 2489 2544 2558; x_wconf 80' lang='lat' dir='ltr'><strong>ingredi</strong></span> <span class='ocrx_word' id='word_1_400' title='bbox 2575 2491 3290 2560; x_wconf 56' lang='lat' dir='ltr'><strong>prrmittcnturEcclesium,</strong></span> <span class='ocrx_word' id='word_1_401' title='bbox 3315 2509 3435 2564; x_wconf 64' lang='lat' dir='ltr'><strong>qua:</strong></span> <span class='ocrx_word' id='word_1_402' title='bbox 3463 2496 3638 2548; x_wconf 88' lang='lat' dir='ltr'><strong>cidem</strong></span> 
     </span>
    </p>
   </div>
   <div class='ocr_carea' id='block_1_56' title="bbox 2051 2579 3637 2648">
    <p class='ocr_par' dir='ltr' id='par_1_56' title="bbox 2051 2579 3637 2648">
     <span class='ocr_line' id='line_1_56' title="bbox 2051 2579 3637 2648; baseline 0.004 -17"><span class='ocrx_word' id='word_1_403' title='bbox 2051 2579 2308 2632; x_wconf 71' lang='lat' dir='ltr'><strong>Ecclesiae</strong></span> <span class='ocrx_word' id='word_1_404' title='bbox 2334 2580 2522 2634; x_wconf 86' lang='lat' dir='ltr'><strong>sordes</strong></span> <span class='ocrx_word' id='word_1_405' title='bbox 2569 2579 2806 2636; x_wconf 79' lang='lat' dir='ltr'><strong>libidinis</strong></span> <span class='ocrx_word' id='word_1_406' title='bbox 2835 2581 3094 2648; x_wconf 86' lang='lat' dir='ltr'><strong>inferunt,</strong></span> <span class='ocrx_word' id='word_1_407' title='bbox 3139 2600 3264 2638; x_wconf 80' lang='lat' dir='ltr'><strong>vasa</strong></span> <span class='ocrx_word' id='word_1_408' title='bbox 3307 2585 3526 2640; x_wconf 88' lang='lat' dir='ltr'><strong>Domini</strong></span> <span class='ocrx_word' id='word_1_409' title='bbox 3581 2587 3637 2640; x_wconf 89' lang='lat' dir='ltr'><strong>in</strong></span> 
     </span>
    </p>
   </div>
   <div class='ocr_carea' id='block_1_57' title="bbox 2049 2669 3640 2744">
    <p class='ocr_par' dir='ltr' id='par_1_57' title="bbox 2049 2669 3640 2744">
     <span class='ocr_line' id='line_1_57' title="bbox 2049 2669 3640 2744; baseline 0.006 -24"><span class='ocrx_word' id='word_1_410' title='bbox 2049 2669 2305 2737; x_wconf 89' lang='lat' dir='ltr'><strong>proprios</strong></span> <span class='ocrx_word' id='word_1_411' title='bbox 2333 2685 2460 2724; x_wconf 91' lang='lat' dir='ltr'><strong>usus</strong></span> <span class='ocrx_word' id='word_1_412' title='bbox 2487 2671 2768 2725; x_wconf 90' lang='lat' dir='ltr'><strong>asciscunt</strong></span> <span class='ocrx_word' id='word_1_413' title='bbox 2795 2689 2807 2724; x_wconf 92' lang='lat'><strong>:</strong></span> <span class='ocrx_word' id='word_1_414' title='bbox 2838 2681 2914 2735; x_wconf 89' lang='lat' dir='ltr'><strong>et,</strong></span> <span class='ocrx_word' id='word_1_415' title='bbox 2943 2682 2999 2726; x_wconf 92' lang='lat' dir='ltr'><strong>ut</strong></span> <span class='ocrx_word' id='word_1_416' title='bbox 3031 2675 3270 2744; x_wconf 85' lang='lat' dir='ltr'><strong>apertius</strong></span> <span class='ocrx_word' id='word_1_417' title='bbox 3297 2675 3512 2744; x_wconf 88' lang='lat' dir='ltr'><strong>loquar,</strong></span> <span class='ocrx_word' id='word_1_418' title='bbox 3535 2677 3640 2730; x_wconf 88' lang='lat' dir='ltr'><strong>mi-</strong></span> 
     </span>
    </p>
   </div>
   <div class='ocr_carea' id='block_1_58' title="bbox 2051 2759 3639 2832">
    <p class='ocr_par' dir='ltr' id='par_1_58' title="bbox 2051 2759 3639 2832">
     <span class='ocr_line' id='line_1_58' title="bbox 2051 2759 3639 2832; baseline 0.006 -20"><span class='ocrx_word' id='word_1_419' title='bbox 2051 2759 2252 2814; x_wconf 89' lang='lat' dir='ltr'><strong>nistros</strong></span> <span class='ocrx_word' id='word_1_420' title='bbox 2293 2760 2479 2815; x_wconf 88' lang='lat' dir='ltr'><strong>altaris</strong></span> <span class='ocrx_word' id='word_1_421' title='bbox 2539 2763 2772 2832; x_wconf 64' lang='lat' dir='ltr'><strong>prOpriae</strong></span> <span class='ocrx_word' id='word_1_422' title='bbox 2817 2763 3042 2819; x_wconf 77' lang='lat' dir='ltr'><strong>luxuria:</strong></span> <span class='ocrx_word' id='word_1_423' title='bbox 3107 2767 3424 2822; x_wconf 87' lang='lat' dir='ltr'><strong>ministrare</strong></span> <span class='ocrx_word' id='word_1_424' title='bbox 3479 2785 3639 2824; x_wconf 79' lang='lat' dir='ltr'><strong>com-</strong></span> 
     </span>
    </p>
   </div>
   <div class='ocr_carea' id='block_1_59' title="bbox 2050 2849 2290 2918">
    <p class='ocr_par' dir='ltr' id='par_1_59' title="bbox 2050 2849 2290 2918">
     <span class='ocr_line' id='line_1_59' title="bbox 2050 2849 2290 2918; baseline -0.004 -15"><span class='ocrx_word' id='word_1_425' title='bbox 2050 2849 2290 2918; x_wconf 85' lang='lat' dir='ltr'><strong>chunt?</strong></span> 
     </span>
    </p>
   </div>
   <div class='ocr_carea' id='block_1_60' title="bbox 2122 2942 3638 3016">
    <p class='ocr_par' dir='ltr' id='par_1_60' title="bbox 2122 2942 3638 3016">
     <span class='ocr_line' id='line_1_60' title="bbox 2122 2942 3638 3016; baseline 0.007 -23"><span class='ocrx_word' id='word_1_426' title='bbox 2122 2942 2236 3010; x_wconf 85' lang='lat' dir='ltr'><strong>Age</strong></span> <span class='ocrx_word' id='word_1_427' title='bbox 2264 2955 2418 3011; x_wconf 84' lang='lat' dir='ltr'><strong>ergo,</strong></span> <span class='ocrx_word' id='word_1_428' title='bbox 2467 2950 2586 2996; x_wconf 88' lang='lat' dir='ltr'><strong>esto</strong></span> <span class='ocrx_word' id='word_1_429' title='bbox 2619 2942 2806 3013; x_wconf 82' lang='lat' dir='ltr'><strong>virago</strong></span> <span class='ocrx_word' id='word_1_430' title='bbox 2833 2943 3046 3000; x_wconf 88' lang='lat' dir='ltr'><strong>Domini</strong></span> <span class='ocrx_word' id='word_1_431' title='bbox 3080 2963 3092 3000; x_wconf 95' lang='lat'>:</span> <span class='ocrx_word' id='word_1_432' title='bbox 3123 2955 3176 3000; x_wconf 89' lang='lat' dir='ltr'><strong>et</strong></span> <span class='ocrx_word' id='word_1_433' title='bbox 3201 2949 3359 3016; x_wconf 88' lang='lat' dir='ltr'><strong>quasi</strong></span> <span class='ocrx_word' id='word_1_434' title='bbox 3389 2948 3638 3014; x_wconf 81' lang='lat' dir='ltr'><strong>Debbora</strong></span> 
     </span>
    </p>
   </div>
   <div class='ocr_carea' id='block_1_61' title="bbox 2054 3032 3642 3109">
    <p class='ocr_par' dir='ltr' id='par_1_61' title="bbox 2054 3032 3642 3109">
     <span class='ocr_line' id='line_1_61' title="bbox 2054 3032 3642 3109; baseline 0.005 -23"><span class='ocrx_word' id='word_1_435' title='bbox 2054 3047 2178 3086; x_wconf 90' lang='lat' dir='ltr'><strong>cum</strong></span> <span class='ocrx_word' id='word_1_436' title='bbox 2201 3032 2398 3096; x_wconf 86' lang='lat' dir='ltr'><strong>Barac,</strong></span> <span class='ocrx_word' id='word_1_437' title='bbox 2431 3035 2534 3087; x_wconf 86' lang='lat' dir='ltr'><strong>hoc</strong></span> <span class='ocrx_word' id='word_1_438' title='bbox 2579 3043 2684 3098; x_wconf 89' lang='lat' dir='ltr'><strong>est,</strong></span> <span class='ocrx_word' id='word_1_439' title='bbox 2711 3035 3017 3102; x_wconf 90' lang='lat' dir='ltr'><strong>conjunctis</strong></span> <span class='ocrx_word' id='word_1_440' title='bbox 3043 3037 3203 3091; x_wconf 90' lang='lat' dir='ltr'><strong>simul</strong></span> <span class='ocrx_word' id='word_1_441' title='bbox 3229 3040 3523 3109; x_wconf 86' lang='lat' dir='ltr'><strong>episcopis,</strong></span> <span class='ocrx_word' id='word_1_442' title='bbox 3553 3041 3642 3094; x_wconf 85' lang='lat' dir='ltr'><strong>Si-</strong></span> 
     </span>
    </p>
   </div>
   <div class='ocr_carea' id='block_1_62' title="bbox 2053 3123 3640 3198">
    <p class='ocr_par' dir='ltr' id='par_1_62' title="bbox 2053 3123 3640 3198">
     <span class='ocr_line' id='line_1_62' title="bbox 2053 3123 3640 3198; baseline 0.005 -22"><span class='ocrx_word' id='word_1_443' title='bbox 2053 3139 2234 3176; x_wconf 88' lang='lat' dir='ltr'><strong>saram</strong></span> <span class='ocrx_word' id='word_1_444' title='bbox 2259 3123 2325 3178; x_wconf 89' lang='lat' dir='ltr'><strong>ad</strong></span> <span class='ocrx_word' id='word_1_445' title='bbox 2361 3124 2789 3180; x_wconf 86' lang='lat' dir='ltr'><strong>internecionem</strong></span> <span class='ocrx_word' id='word_1_446' title='bbox 2817 3142 2988 3195; x_wconf 87' lang='lat' dir='ltr'><strong>usque</strong></span> <span class='ocrx_word' id='word_1_447' title='bbox 3017 3143 3366 3198; x_wconf 87' lang='lat' dir='ltr'><strong>persequere.</strong></span> <span class='ocrx_word' id='word_1_448' title='bbox 3408 3129 3475 3184; x_wconf 84' lang='lat' dir='ltr'><strong>Et</strong></span> <span class='ocrx_word' id='word_1_449' title='bbox 3501 3132 3640 3184; x_wconf 87' lang='lat' dir='ltr'><strong>sicut</strong></span> 
     </span>
    </p>
   </div>
   <div class='ocr_carea' id='block_1_63' title="bbox 366 3187 3638 3292">
    <p class='ocr_par' dir='ltr' id='par_1_63' title="bbox 366 3187 3638 3292">
     <span class='ocr_line' id='line_1_63' title="bbox 366 3187 3638 3292; baseline 0.001 -18"><span class='ocrx_word' id='word_1_450' title='bbox 366 3187 647 3287; x_wconf 64' lang='lat' dir='ltr'><strong>mysteriis</strong></span> <span class='ocrx_word' id='word_1_451' title='bbox 668 3262 682 3286; x_wconf 94' lang='lat'><strong>,</strong></span> <span class='ocrx_word' id='word_1_452' title='bbox 718 3187 852 3274; x_wconf 70' lang='lat' dir='ltr'><strong>dixit</strong></span> <span class='ocrx_word' id='word_1_453' title='bbox 885 3219 1132 3275; x_wconf 89' lang='lat' dir='ltr'><strong>Debbora</strong></span> <span class='ocrx_word' id='word_1_454' title='bbox 1171 3221 1237 3275; x_wconf 90' lang='lat' dir='ltr'><strong>ad</strong></span> <span class='ocrx_word' id='word_1_455' title='bbox 1269 3221 1440 3274; x_wconf 83' lang='lat' dir='ltr'><strong>Barac</strong></span> <span class='ocrx_word' id='word_1_456' title='bbox 1477 3233 1490 3272; x_wconf 92' lang='lat'>:</span> <span class='ocrx_word' id='word_1_457' title='bbox 1521 3239 1540 3270; x_wconf 83' lang='grc' dir='ltr'><strong>ι</strong></span> <span class='ocrx_word' id='word_1_458' title='bbox 1573 3187 1832 3290; x_wconf 64' lang='lat' dir='ltr'><strong>Praecepit</strong></span> <span class='ocrx_word' id='word_1_459' title='bbox 1857 3222 1951 3276; x_wconf 80' lang='lat' dir='ltr'><strong>lilii</strong></span> <span class='ocrx_word' id='word_1_460' title='bbox 1979 3187 2023 3250; x_wconf 80' lang='lat' dir='ltr'>C</span> <span class='ocrx_word' id='word_1_461' title='bbox 2055 3217 2208 3273; x_wconf 82' lang='lat' dir='ltr'><strong>Jabel</strong></span> <span class='ocrx_word' id='word_1_462' title='bbox 2233 3234 2372 3272; x_wconf 81' lang='lat' dir='ltr'><strong>uxor</strong></span> <span class='ocrx_word' id='word_1_463' title='bbox 2401 3217 2602 3285; x_wconf 84' lang='lat' dir='ltr'><strong>Habcr,</strong></span> <span class='ocrx_word' id='word_1_464' title='bbox 2639 3187 2976 3274; x_wconf 74' lang='lat' dir='ltr'><strong>tabernaculi</strong></span> <span class='ocrx_word' id='word_1_465' title='bbox 3007 3187 3088 3274; x_wconf 68' lang='lat' dir='ltr'><strong>sui</strong></span> <span class='ocrx_word' id='word_1_466' title='bbox 3123 3187 3334 3276; x_wconf 70' lang='lat' dir='ltr'><strong>clavum</strong></span> <span class='ocrx_word' id='word_1_467' title='bbox 3369 3239 3533 3292; x_wconf 87' lang='lat' dir='ltr'><strong>super</strong></span> <span class='ocrx_word' id='word_1_468' title='bbox 3555 3223 3638 3279; x_wconf 84' lang='lat' dir='ltr'><strong>Si-</strong></span> 
     </span>
    </p>
   </div>
   <div class='ocr_carea' id='block_1_64' title="bbox 371 3311 1951 3376">
    <p class='ocr_par' dir='ltr' id='par_1_64' title="bbox 371 3311 1951 3376">
     <span class='ocr_line' id='line_1_64' title="bbox 371 3311 1951 3376; baseline 0 -11"><span class='ocrx_word' id='word_1_469' title='bbox 371 3311 636 3365; x_wconf 70' lang='lat' dir='ltr'><strong>liominus</strong></span> <span class='ocrx_word' id='word_1_470' title='bbox 689 3311 833 3366; x_wconf 89' lang='lat' dir='ltr'><strong>Deus</strong></span> <span class='ocrx_word' id='word_1_471' title='bbox 865 3311 1052 3374; x_wconf 88' lang='lat' dir='ltr'><strong>lsrael,</strong></span> <span class='ocrx_word' id='word_1_472' title='bbox 1087 3311 1238 3376; x_wconf 89' lang='lat' dir='ltr'><strong>vade,</strong></span> <span class='ocrx_word' id='word_1_473' title='bbox 1269 3321 1322 3365; x_wconf 90' lang='lat' dir='ltr'><strong>et</strong></span> <span class='ocrx_word' id='word_1_474' title='bbox 1364 3312 1534 3366; x_wconf 89' lang='lat' dir='ltr'><strong>deduc</strong></span> <span class='ocrx_word' id='word_1_475' title='bbox 1565 3312 1868 3365; x_wconf 78' lang='lat' dir='ltr'><strong>exercitum</strong></span> <span class='ocrx_word' id='word_1_476' title='bbox 1898 3312 1951 3366; x_wconf 89' lang='lat' dir='ltr'><strong>itt</strong></span> 
     </span>
    </p>
   </div>
   <div class='ocr_carea' id='block_1_65' title="bbox 363 3397 1957 3470">
    <p class='ocr_par' dir='ltr' id='par_1_65' title="bbox 363 3397 1957 3470">
     <span class='ocr_line' id='line_1_65' title="bbox 363 3397 1957 3470; baseline 0.003 -18"><span class='ocrx_word' id='word_1_477' title='bbox 363 3411 609 3452; x_wconf 86' lang='lat' dir='ltr'><strong>montem</strong></span> <span class='ocrx_word' id='word_1_478' title='bbox 639 3397 875 3462; x_wconf 89' lang='lat' dir='ltr'><strong>Thabor,</strong></span> <span class='ocrx_word' id='word_1_479' title='bbox 909 3400 1169 3470; x_wconf 86' lang='lat' dir='ltr'><strong>tollesque</strong></span> <span class='ocrx_word' id='word_1_480' title='bbox 1221 3411 1396 3454; x_wconf 81' lang='lat' dir='ltr'><strong>tecum</strong></span> <span class='ocrx_word' id='word_1_481' title='bbox 1428 3403 1613 3454; x_wconf 87' lang='lat' dir='ltr'><strong>decem</strong></span> <span class='ocrx_word' id='word_1_482' title='bbox 1663 3401 1828 3454; x_wconf 88' lang='lat' dir='ltr'><strong>millia</strong></span> <span class='ocrx_word' id='word_1_483' title='bbox 1859 3417 1957 3470; x_wconf 58' lang='lat' dir='ltr'><strong>puo</strong></span> 
     </span>
    </p>
   </div>
   <div class='ocr_carea' id='block_1_66' title="bbox 367 3491 1952 3562">
    <p class='ocr_par' dir='ltr' id='par_1_66' title="bbox 367 3491 1952 3562">
     <span class='ocr_line' id='line_1_66' title="bbox 367 3491 1952 3562; baseline 0.002 -20"><span class='ocrx_word' id='word_1_484' title='bbox 367 3501 656 3561; x_wconf 79' lang='lat' dir='ltr'><strong>gnatorum</strong></span> <span class='ocrx_word' id='word_1_485' title='bbox 691 3491 756 3547; x_wconf 89' lang='lat' dir='ltr'><strong>de</strong></span> <span class='ocrx_word' id='word_1_486' title='bbox 786 3491 910 3546; x_wconf 88' lang='lat' dir='ltr'><strong>ﬁliis</strong></span> <span class='ocrx_word' id='word_1_487' title='bbox 957 3491 1320 3562; x_wconf 86' lang='lat' dir='ltr'><strong>Nephlhalim,</strong></span> <span class='ocrx_word' id='word_1_488' title='bbox 1353 3503 1407 3546; x_wconf 89' lang='lat' dir='ltr'><strong>et</strong></span> <span class='ocrx_word' id='word_1_489' title='bbox 1433 3494 1499 3546; x_wconf 88' lang='lat' dir='ltr'><strong>de</strong></span> <span class='ocrx_word' id='word_1_490' title='bbox 1525 3492 1654 3546; x_wconf 85' lang='lat' dir='ltr'><strong>ﬁliis</strong></span> <span class='ocrx_word' id='word_1_491' title='bbox 1683 3492 1952 3558; x_wconf 86' lang='lat' dir='ltr'><strong>Zabulon;</strong></span> 
     </span>
    </p>
   </div>
   <div class='ocr_carea' id='block_1_67' title="bbox 365 3582 1952 3650">
    <p class='ocr_par' dir='ltr' id='par_1_67' title="bbox 365 3582 1952 3650">
     <span class='ocr_line' id='line_1_67' title="bbox 365 3582 1952 3650; baseline 0.001 -16"><span class='ocrx_word' id='word_1_492' title='bbox 365 3595 468 3650; x_wconf 79' lang='lat' dir='ltr'><strong>ego</strong></span> <span class='ocrx_word' id='word_1_493' title='bbox 490 3591 667 3634; x_wconf 87' lang='lat' dir='ltr'><strong>autem</strong></span> <span class='ocrx_word' id='word_1_494' title='bbox 699 3582 962 3636; x_wconf 88' lang='lat' dir='ltr'><strong>adducam</strong></span> <span class='ocrx_word' id='word_1_495' title='bbox 1007 3583 1072 3635; x_wconf 89' lang='lat' dir='ltr'><strong>ad</strong></span> <span class='ocrx_word' id='word_1_496' title='bbox 1112 3591 1159 3636; x_wconf 90' lang='lat' dir='ltr'><strong>te</strong></span> <span class='ocrx_word' id='word_1_497' title='bbox 1192 3583 1242 3636; x_wconf 92' lang='lat' dir='ltr'><strong>in</strong></span> <span class='ocrx_word' id='word_1_498' title='bbox 1295 3583 1468 3636; x_wconf 88' lang='lat' dir='ltr'><strong>locum</strong></span> <span class='ocrx_word' id='word_1_499' title='bbox 1507 3584 1765 3636; x_wconf 87' lang='lat' dir='ltr'><strong>torrentis</strong></span> <span class='ocrx_word' id='word_1_500' title='bbox 1791 3582 1952 3636; x_wconf 87' lang='lat' dir='ltr'><strong>Cison</strong></span> 
     </span>
    </p>
   </div>
   <div class='ocr_carea' id='block_1_68' title="bbox 365 3672 1954 3741">
    <p class='ocr_par' dir='ltr' id='par_1_68' title="bbox 365 3672 1954 3741">
     <span class='ocr_line' id='line_1_68' title="bbox 365 3672 1954 3741; baseline 0 -15"><span class='ocrx_word' id='word_1_501' title='bbox 365 3672 614 3726; x_wconf 83' lang='lat' dir='ltr'><strong>Sisaram</strong></span> <span class='ocrx_word' id='word_1_502' title='bbox 656 3673 954 3741; x_wconf 88' lang='lat' dir='ltr'><strong>principem</strong></span> <span class='ocrx_word' id='word_1_503' title='bbox 991 3673 1264 3728; x_wconf 80' lang='lat' dir='ltr'><strong>exercitus</strong></span> <span class='ocrx_word' id='word_1_504' title='bbox 1311 3672 1488 3736; x_wconf 84' lang='lat' dir='ltr'><strong>Jabin,</strong></span> <span class='ocrx_word' id='word_1_505' title='bbox 1517 3681 1572 3726; x_wconf 90' lang='lat' dir='ltr'><strong>et</strong></span> <span class='ocrx_word' id='word_1_506' title='bbox 1601 3688 1791 3726; x_wconf 89' lang='lat' dir='ltr'><strong>currus</strong></span> <span class='ocrx_word' id='word_1_507' title='bbox 1817 3672 1954 3740; x_wconf 90' lang='lat' dir='ltr'><strong>ejus,</strong></span> 
     </span>
    </p>
   </div>
   <div class='ocr_carea' id='block_1_69' title="bbox 364 3763 1954 3832">
    <p class='ocr_par' dir='ltr' id='par_1_69' title="bbox 364 3763 1954 3832">
     <span class='ocr_line' id='line_1_69' title="bbox 364 3763 1954 3832; baseline 0.001 -17"><span class='ocrx_word' id='word_1_508' title='bbox 364 3773 532 3832; x_wconf 88' lang='lat' dir='ltr'><strong>atque</strong></span> <span class='ocrx_word' id='word_1_509' title='bbox 563 3779 778 3817; x_wconf 88' lang='lat' dir='ltr'><strong>omnem</strong></span> <span class='ocrx_word' id='word_1_510' title='bbox 810 3763 1229 3828; x_wconf 86' lang='lat' dir='ltr'><strong>multitudinem,</strong></span> <span class='ocrx_word' id='word_1_511' title='bbox 1259 3775 1314 3818; x_wconf 93' lang='lat' dir='ltr'><strong>et</strong></span> <span class='ocrx_word' id='word_1_512' title='bbox 1341 3766 1548 3819; x_wconf 83' lang='lat' dir='ltr'><strong>tradam</strong></span> <span class='ocrx_word' id='word_1_513' title='bbox 1589 3779 1681 3818; x_wconf 85' lang='lat' dir='ltr'><strong>eos</strong></span> <span class='ocrx_word' id='word_1_514' title='bbox 1713 3765 1762 3816; x_wconf 89' lang='lat' dir='ltr'><strong>in</strong></span> <span class='ocrx_word' id='word_1_515' title='bbox 1795 3779 1954 3816; x_wconf 86' lang='lat' dir='ltr'><strong>manu</strong></span> 
     </span>
    </p>
   </div>
   <div class='ocr_carea' id='block_1_70' title="bbox 365 3851 1952 3920">
    <p class='ocr_par' dir='ltr' id='par_1_70' title="bbox 365 3851 1952 3920">
     <span class='ocr_line' id='line_1_70' title="bbox 365 3851 1952 3920; baseline 0 -14"><span class='ocrx_word' id='word_1_516' title='bbox 365 3861 482 3906; x_wconf 84' lang='lat' dir='ltr'><strong>tua.</strong></span> <span class='ocrx_word' id='word_1_517' title='bbox 521 3851 771 3920; x_wconf 81' lang='lat' dir='ltr'><strong>Dixitque</strong></span> <span class='ocrx_word' id='word_1_518' title='bbox 814 3854 880 3906; x_wconf 88' lang='lat' dir='ltr'><strong>ad</strong></span> <span class='ocrx_word' id='word_1_519' title='bbox 931 3869 1050 3908; x_wconf 89' lang='lat' dir='ltr'><strong>eam</strong></span> <span class='ocrx_word' id='word_1_520' title='bbox 1098 3853 1268 3908; x_wconf 84' lang='lat' dir='ltr'><strong>Barac</strong></span> <span class='ocrx_word' id='word_1_521' title='bbox 1310 3853 1411 3908; x_wconf 86' lang='lat' dir='ltr'><strong>:Si</strong></span> <span class='ocrx_word' id='word_1_522' title='bbox 1461 3855 1676 3908; x_wconf 87' lang='lat' dir='ltr'><strong>veneris</strong></span> <span class='ocrx_word' id='word_1_523' title='bbox 1719 3869 1952 3918; x_wconf 88' lang='lat' dir='ltr'><strong>mecum,</strong></span> 
     </span>
    </p>
   </div>
   <div class='ocr_carea' id='block_1_71' title="bbox 363 3937 1956 4018">
    <p class='ocr_par' dir='ltr' id='par_1_71' title="bbox 363 3937 1956 4018">
     <span class='ocr_line' id='line_1_71' title="bbox 363 3937 1956 4018; baseline 0.001 -21"><span class='ocrx_word' id='word_1_524' title='bbox 363 3946 563 3998; x_wconf 79' lang='lat' dir='ltr'><strong>vadum</strong></span> <span class='ocrx_word' id='word_1_525' title='bbox 591 3963 604 3997; x_wconf 89' lang='lat'>:</span> <span class='ocrx_word' id='word_1_526' title='bbox 633 3937 680 3999; x_wconf 72' lang='lat' dir='ltr'><strong>si</strong></span> <span class='ocrx_word' id='word_1_527' title='bbox 719 3945 956 4002; x_wconf 86' lang='lat' dir='ltr'><strong>nolueris</strong></span> <span class='ocrx_word' id='word_1_528' title='bbox 999 3949 1204 4012; x_wconf 86' lang='lat' dir='ltr'><strong>venire,</strong></span> <span class='ocrx_word' id='word_1_529' title='bbox 1234 3963 1340 4000; x_wconf 90' lang='lat' dir='ltr'><strong>non</strong></span> <span class='ocrx_word' id='word_1_530' title='bbox 1383 3961 1622 4018; x_wconf 82' lang='lat' dir='ltr'><strong>pergam.</strong></span> <span class='ocrx_word' id='word_1_531' title='bbox 1664 3945 1791 4012; x_wconf 67' lang='lat' dir='ltr'><strong>Qum</strong></span> <span class='ocrx_word' id='word_1_532' title='bbox 1822 3947 1956 4000; x_wconf 81' lang='lat' dir='ltr'><strong>dixit</strong></span> 
     </span>
    </p>
   </div>
   <div class='ocr_carea' id='block_1_72' title="bbox 365 4037 1955 4107">
    <p class='ocr_par' dir='ltr' id='par_1_72' title="bbox 365 4037 1955 4107">
     <span class='ocr_line' id='line_1_72' title="bbox 365 4037 1955 4107; baseline 0.001 -17"><span class='ocrx_word' id='word_1_533' title='bbox 365 4038 438 4090; x_wconf 80' lang='lat' dir='ltr'><strong>ad</strong></span> <span class='ocrx_word' id='word_1_534' title='bbox 465 4053 586 4090; x_wconf 88' lang='lat' dir='ltr'><strong>cum</strong></span> <span class='ocrx_word' id='word_1_535' title='bbox 620 4053 636 4090; x_wconf 87' lang='lat'><strong>:</strong></span> <span class='ocrx_word' id='word_1_536' title='bbox 667 4037 758 4092; x_wconf 85' lang='lat' dir='ltr'><strong>lbo</strong></span> <span class='ocrx_word' id='word_1_537' title='bbox 782 4039 996 4107; x_wconf 80' lang='lat' dir='ltr'><strong>quidem</strong></span> <span class='ocrx_word' id='word_1_538' title='bbox 1023 4049 1219 4106; x_wconf 82' lang='lat' dir='ltr'><strong>tecum,</strong></span> <span class='ocrx_word' id='word_1_539' title='bbox 1265 4040 1357 4093; x_wconf 88' lang='lat' dir='ltr'><strong>sed</strong></span> <span class='ocrx_word' id='word_1_540' title='bbox 1383 4041 1434 4092; x_wconf 89' lang='lat' dir='ltr'><strong>in</strong></span> <span class='ocrx_word' id='word_1_541' title='bbox 1471 4041 1572 4093; x_wconf 78' lang='lat' dir='ltr'><strong>hac</strong></span> <span class='ocrx_word' id='word_1_542' title='bbox 1601 4040 1715 4094; x_wconf 78' lang='lat' dir='ltr'><strong>vice</strong></span> <span class='ocrx_word' id='word_1_543' title='bbox 1749 4040 1840 4092; x_wconf 85' lang='lat' dir='ltr'><strong>tibi</strong></span> <span class='ocrx_word' id='word_1_544' title='bbox 1875 4040 1955 4093; x_wconf 82' lang='lat' dir='ltr'><strong>vi-</strong></span> 
     </span>
    </p>
   </div>
   <div class='ocr_carea' id='block_1_73' title="bbox 365 4129 1955 4200">
    <p class='ocr_par' dir='ltr' id='par_1_73' title="bbox 365 4129 1955 4200">
     <span class='ocr_line' id='line_1_73' title="bbox 365 4129 1955 4200; baseline -0.001 -16"><span class='ocrx_word' id='word_1_545' title='bbox 365 4129 542 4184; x_wconf 86' lang='lat' dir='ltr'><strong>ctoria</strong></span> <span class='ocrx_word' id='word_1_546' title='bbox 575 4147 677 4183; x_wconf 91' lang='lat' dir='ltr'><strong>non</strong></span> <span class='ocrx_word' id='word_1_547' title='bbox 709 4132 1081 4199; x_wconf 84' lang='lat' dir='ltr'><strong>reputabitur:</strong></span> <span class='ocrx_word' id='word_1_548' title='bbox 1113 4133 1238 4200; x_wconf 88' lang='lat' dir='ltr'><strong>quia</strong></span> <span class='ocrx_word' id='word_1_549' title='bbox 1271 4133 1322 4184; x_wconf 89' lang='lat' dir='ltr'><strong>in</strong></span> <span class='ocrx_word' id='word_1_550' title='bbox 1363 4147 1524 4183; x_wconf 88' lang='lat' dir='ltr'><strong>manu</strong></span> <span class='ocrx_word' id='word_1_551' title='bbox 1571 4131 1817 4185; x_wconf 84' lang='lat' dir='ltr'><strong>mulieris</strong></span> <span class='ocrx_word' id='word_1_552' title='bbox 1849 4140 1955 4184; x_wconf 65' lang='grc' dir='ltr'>ιιιιυ</span> 
     </span>
    </p>
   </div>
   <div class='ocr_carea' id='block_1_74' title="bbox 365 4219 1957 4292">
    <p class='ocr_par' dir='ltr' id='par_1_74' title="bbox 365 4219 1957 4292">
     <span class='ocr_line' id='line_1_74' title="bbox 365 4219 1957 4292; baseline 0.001 -18"><span class='ocrx_word' id='word_1_553' title='bbox 365 4221 529 4274; x_wconf 87' lang='lat' dir='ltr'><strong>detur</strong></span> <span class='ocrx_word' id='word_1_554' title='bbox 567 4219 754 4274; x_wconf 84' lang='lat' dir='ltr'><strong>Sisara</strong></span> <span class='ocrx_word' id='word_1_555' title='bbox 790 4223 988 4290; x_wconf 63' lang='grc' dir='ltr'><strong>(ληίης.</strong></span> <span class='ocrx_word' id='word_1_556' title='bbox 1021 4227 1117 4292; x_wconf 88' lang='lat' dir='ltr'><strong>tv).</strong></span> <span class='ocrx_word' id='word_1_557' title='bbox 1162 4243 1179 4273; x_wconf 78' lang='grc' dir='ltr'><strong>ι</strong></span> <span class='ocrx_word' id='word_1_558' title='bbox 1224 4222 1353 4288; x_wconf 76' lang='lat' dir='ltr'><strong>Qua:</strong></span> <span class='ocrx_word' id='word_1_559' title='bbox 1401 4223 1658 4276; x_wconf 88' lang='lat' dir='ltr'><strong>nimirum</strong></span> <span class='ocrx_word' id='word_1_560' title='bbox 1705 4224 1848 4275; x_wconf 88' lang='lat' dir='ltr'><strong>nuda</strong></span> <span class='ocrx_word' id='word_1_561' title='bbox 1877 4223 1957 4276; x_wconf 85' lang='lat' dir='ltr'><strong>hi-</strong></span> 
     </span>
    </p>
   </div>
   <div class='ocr_carea' id='block_1_75' title="bbox 363 4313 1958 4382">
    <p class='ocr_par' dir='ltr' id='par_1_75' title="bbox 363 4313 1958 4382">
     <span class='ocr_line' id='line_1_75' title="bbox 363 4313 1958 4382; baseline 0.001 -16"><span class='ocrx_word' id='word_1_562' title='bbox 363 4313 551 4366; x_wconf 71' lang='lat' dir='ltr'><strong>storia:</strong></span> <span class='ocrx_word' id='word_1_563' title='bbox 595 4313 754 4367; x_wconf 88' lang='lat' dir='ltr'><strong>verba</strong></span> <span class='ocrx_word' id='word_1_564' title='bbox 793 4314 1069 4368; x_wconf 89' lang='lat' dir='ltr'><strong>succincte</strong></span> <span class='ocrx_word' id='word_1_565' title='bbox 1102 4315 1543 4379; x_wconf 85' lang='lat' dir='ltr'><strong>transcurrimus,</strong></span> <span class='ocrx_word' id='word_1_566' title='bbox 1579 4329 1646 4366; x_wconf 83' lang='lat' dir='ltr'><strong>ne</strong></span> <span class='ocrx_word' id='word_1_567' title='bbox 1687 4315 1732 4367; x_wconf 89' lang='lat' dir='ltr'><strong>si</strong></span> <span class='ocrx_word' id='word_1_568' title='bbox 1758 4313 1958 4382; x_wconf 80' lang='lat' dir='ltr'><strong>figuras</strong></span> 
     </span>
    </p>
   </div>
   <div class='ocr_carea' id='block_1_76' title="bbox 365 4403 1958 4474">
    <p class='ocr_par' dir='ltr' id='par_1_76' title="bbox 365 4403 1958 4474">
     <span class='ocr_line' id='line_1_76' title="bbox 365 4403 1958 4474; baseline 0.002 -18"><span class='ocrx_word' id='word_1_569' title='bbox 365 4403 689 4470; x_wconf 75' lang='lat' dir='ltr'><strong>exponendo</strong></span> <span class='ocrx_word' id='word_1_570' title='bbox 721 4405 921 4458; x_wconf 88' lang='lat' dir='ltr'><strong>diutius</strong></span> <span class='ocrx_word' id='word_1_571' title='bbox 977 4406 1354 4468; x_wconf 79' lang='lat' dir='ltr'><strong>inniterentur,</strong></span> <span class='ocrx_word' id='word_1_572' title='bbox 1397 4405 1609 4458; x_wconf 46' lang='lat' dir='ltr'><strong>tatdium</strong></span> <span class='ocrx_word' id='word_1_573' title='bbox 1655 4403 1958 4474; x_wconf 79' lang='lat' dir='ltr'><strong>legentibus</strong></span> 
     </span>
    </p>
   </div>
   <div class='ocr_carea' id='block_1_77' title="bbox 2056 3311 3640 3381">
    <p class='ocr_par' dir='ltr' id='par_1_77' title="bbox 2056 3311 3640 3381">
     <span class='ocr_line' id='line_1_77' title="bbox 2056 3311 3640 3381; baseline 0.001 -16"><span class='ocrx_word' id='word_1_574' title='bbox 2056 3325 2194 3366; x_wconf 66' lang='lat' dir='ltr'><strong>sane</strong></span> <span class='ocrx_word' id='word_1_575' title='bbox 2217 3311 2502 3365; x_wconf 85' lang='lat' dir='ltr'><strong>cerebrum</strong></span> <span class='ocrx_word' id='word_1_576' title='bbox 2535 3311 2736 3379; x_wconf 87' lang='lat' dir='ltr'><strong>posuit,</strong></span> <span class='ocrx_word' id='word_1_577' title='bbox 2781 3311 3084 3380; x_wconf 87' lang='lat' dir='ltr'><strong>malleoque</strong></span> <span class='ocrx_word' id='word_1_578' title='bbox 3111 3315 3400 3381; x_wconf 81' lang='lat' dir='ltr'><strong>percussit,</strong></span> <span class='ocrx_word' id='word_1_579' title='bbox 3423 3324 3479 3368; x_wconf 87' lang='lat' dir='ltr'><strong>et</strong></span> <span class='ocrx_word' id='word_1_580' title='bbox 3503 3324 3640 3368; x_wconf 87' lang='lat' dir='ltr'><strong>tem-</strong></span> 
     </span>
    </p>
   </div>
   <div class='ocr_carea' id='block_1_78' title="bbox 2055 3401 3640 3472">
    <p class='ocr_par' dir='ltr' id='par_1_78' title="bbox 2055 3401 3640 3472">
     <span class='ocr_line' id='line_1_78' title="bbox 2055 3401 3640 3472; baseline 0.003 -19"><span class='ocrx_word' id='word_1_581' title='bbox 2055 3417 2156 3471; x_wconf 86' lang='lat' dir='ltr'><strong>pus</strong></span> <span class='ocrx_word' id='word_1_582' title='bbox 2186 3401 2798 3469; x_wconf 57' lang='lat' dir='ltr'><strong>ntromque‘transﬁxit,</strong></span> <span class='ocrx_word' id='word_1_583' title='bbox 2831 3401 2903 3454; x_wconf 85' lang='lat' dir='ltr'><strong>ita</strong></span> <span class='ocrx_word' id='word_1_584' title='bbox 2951 3411 3007 3455; x_wconf 89' lang='lat' dir='ltr'><strong>tu</strong></span> <span class='ocrx_word' id='word_1_585' title='bbox 3058 3403 3213 3472; x_wconf 80' lang='lat' dir='ltr'><strong>signo</strong></span> <span class='ocrx_word' id='word_1_586' title='bbox 3235 3405 3412 3460; x_wconf 84' lang='lat' dir='ltr'><strong>crucis</strong></span> <span class='ocrx_word' id='word_1_587' title='bbox 3439 3405 3640 3460; x_wconf 84' lang='lat' dir='ltr'><strong>diaboli</strong></span> 
     </span>
    </p>
   </div>
   <div class='ocr_carea' id='block_1_79' title="bbox 2057 3490 3640 3563">
    <p class='ocr_par' dir='ltr' id='par_1_79' title="bbox 2057 3490 3640 3563">
     <span class='ocr_line' id='line_1_79' title="bbox 2057 3490 3640 3563; baseline 0.003 -19"><span class='ocrx_word' id='word_1_588' title='bbox 2057 3491 2320 3546; x_wconf 87' lang='lat' dir='ltr'><strong>verticem</strong></span> <span class='ocrx_word' id='word_1_589' title='bbox 2353 3490 2654 3556; x_wconf 86' lang='lat' dir='ltr'><strong>transfode,</strong></span> <span class='ocrx_word' id='word_1_590' title='bbox 2707 3499 3096 3560; x_wconf 83' lang='lat' dir='ltr'><strong>auctoremque</strong></span> <span class='ocrx_word' id='word_1_591' title='bbox 3138 3493 3384 3560; x_wconf 61' lang='lat' dir='ltr'><strong>luxuriae,</strong></span> <span class='ocrx_word' id='word_1_592' title='bbox 3413 3494 3506 3563; x_wconf 90' lang='lat' dir='ltr'><strong>qui</strong></span> <span class='ocrx_word' id='word_1_593' title='bbox 3535 3494 3640 3549; x_wconf 87' lang='lat' dir='ltr'><strong>cle-</strong></span> 
     </span>
    </p>
   </div>
   <div class='ocr_carea' id='block_1_80' title="bbox 2055 3579 3637 3648">
    <p class='ocr_par' dir='ltr' id='par_1_80' title="bbox 2055 3579 3637 3648">
     <span class='ocr_line' id='line_1_80' title="bbox 2055 3579 3637 3648; baseline 0.001 -12"><span class='ocrx_word' id='word_1_594' title='bbox 2055 3583 2200 3636; x_wconf 90' lang='lat' dir='ltr'><strong>ricos</strong></span> <span class='ocrx_word' id='word_1_595' title='bbox 2241 3596 2270 3634; x_wconf 87' lang='lat' dir='ltr'><strong>a</strong></span> <span class='ocrx_word' id='word_1_596' title='bbox 2325 3579 2640 3636; x_wconf 71' lang='lat' dir='ltr'><strong>coelestibus</strong></span> <span class='ocrx_word' id='word_1_597' title='bbox 2695 3580 2907 3648; x_wconf 79' lang='lat' dir='ltr'><strong>gaudiis</strong></span> <span class='ocrx_word' id='word_1_598' title='bbox 2970 3583 3226 3644; x_wconf 78' lang='lat' dir='ltr'><strong>excludit,</strong></span> <span class='ocrx_word' id='word_1_599' title='bbox 3279 3584 3438 3638; x_wconf 89' lang='lat' dir='ltr'><strong>elide.</strong></span> <span class='ocrx_word' id='word_1_600' title='bbox 3496 3585 3637 3640; x_wconf 78' lang='lat' dir='ltr'><strong>Talis</strong></span> 
     </span>
    </p>
   </div>
   <div class='ocr_carea' id='block_1_81' title="bbox 2055 3673 3640 3746">
    <p class='ocr_par' dir='ltr' id='par_1_81' title="bbox 2055 3673 3640 3746">
     <span class='ocr_line' id='line_1_81' title="bbox 2055 3673 3640 3746; baseline 0.003 -18"><span class='ocrx_word' id='word_1_601' title='bbox 2055 3675 2200 3728; x_wconf 87' lang='lat' dir='ltr'><strong>enim</strong></span> <span class='ocrx_word' id='word_1_602' title='bbox 2231 3673 2460 3728; x_wconf 86' lang='lat' dir='ltr'><strong>victoria</strong></span> <span class='ocrx_word' id='word_1_603' title='bbox 2489 3673 2660 3728; x_wconf 90' lang='lat' dir='ltr'><strong>Deum</strong></span> <span class='ocrx_word' id='word_1_604' title='bbox 2699 3675 2854 3728; x_wconf 87' lang='lat' dir='ltr'><strong>valde</strong></span> <span class='ocrx_word' id='word_1_605' title='bbox 2903 3675 3162 3739; x_wconf 61' lang='lat' dir='ltr'><strong>laetiﬁcat,</strong></span> <span class='ocrx_word' id='word_1_606' title='bbox 3211 3678 3304 3744; x_wconf 91' lang='lat' dir='ltr'><strong>qui</strong></span> <span class='ocrx_word' id='word_1_607' title='bbox 3351 3677 3640 3746; x_wconf 74' lang='lat' dir='ltr'><strong>aliquando</strong></span> 
     </span>
    </p>
   </div>
   <div class='ocr_carea' id='block_1_82' title="bbox 2055 3765 3652 3837">
    <p class='ocr_par' dir='ltr' id='par_1_82' title="bbox 2055 3765 3652 3837">
     <span class='ocr_line' id='line_1_82' title="bbox 2055 3765 3652 3837; baseline 0.001 -17"><span class='ocrx_word' id='word_1_608' title='bbox 2055 3781 2150 3835; x_wconf 88' lang='lat' dir='ltr'><strong>per</strong></span> <span class='ocrx_word' id='word_1_609' title='bbox 2175 3765 2404 3822; x_wconf 82' lang='lat' dir='ltr'><strong>feminas</strong></span> <span class='ocrx_word' id='word_1_610' title='bbox 2425 3767 2706 3836; x_wconf 81' lang='lat' dir='ltr'><strong>gloriosior</strong></span> <span class='ocrx_word' id='word_1_611' title='bbox 2725 3767 2898 3822; x_wconf 85' lang='lat' dir='ltr'><strong>laude</strong></span> <span class='ocrx_word' id='word_1_612' title='bbox 2929 3767 3248 3835; x_wconf 85' lang='lat' dir='ltr'><strong>triumphat.</strong></span> <span class='ocrx_word' id='word_1_613' title='bbox 3269 3766 3456 3821; x_wconf 81' lang='lat' dir='ltr'><strong>Judith</strong></span> <span class='ocrx_word' id='word_1_614' title='bbox 3485 3771 3652 3837; x_wconf 7' lang='lat' dir='ltr'><strong>quip-p</strong></span> 
     </span>
    </p>
   </div>
   <div class='ocr_carea' id='block_1_83' title="bbox 2055 3857 3641 3926">
    <p class='ocr_par' dir='ltr' id='par_1_83' title="bbox 2055 3857 3641 3926">
     <span class='ocr_line' id='line_1_83' title="bbox 2055 3857 3641 3926; baseline 0 -16"><span class='ocrx_word' id='word_1_615' title='bbox 2055 3872 2123 3926; x_wconf 88' lang='lat' dir='ltr'><strong>pe</strong></span> <span class='ocrx_word' id='word_1_616' title='bbox 2151 3857 2502 3911; x_wconf 75' lang='lat' dir='ltr'><strong>continentia:</strong></span> <span class='ocrx_word' id='word_1_617' title='bbox 2526 3858 2756 3910; x_wconf 87' lang='lat' dir='ltr'><strong>vidualis</strong></span> <span class='ocrx_word' id='word_1_618' title='bbox 2787 3857 3095 3924; x_wconf 76' lang='lat' dir='ltr'><strong>exemplum</strong></span> <span class='ocrx_word' id='word_1_619' title='bbox 3115 3897 3130 3918; x_wconf 91' lang='lat'><strong>,</strong></span> <span class='ocrx_word' id='word_1_620' title='bbox 3160 3858 3286 3910; x_wconf 90' lang='lat' dir='ltr'><strong>dum</strong></span> <span class='ocrx_word' id='word_1_621' title='bbox 3343 3858 3641 3910; x_wconf 86' lang='lat' dir='ltr'><strong>deattratos</strong></span> 
     </span>
    </p>
   </div>
   <div class='ocr_carea' id='block_1_84' title="bbox 2055 3947 3638 4018">
    <p class='ocr_par' dir='ltr' id='par_1_84' title="bbox 2055 3947 3638 4018">
     <span class='ocr_line' id='line_1_84' title="bbox 2055 3947 3638 4018; baseline -0.001 -14"><span class='ocrx_word' id='word_1_622' title='bbox 2055 3958 2315 4018; x_wconf 88' lang='lat' dir='ltr'><strong>ostroque</strong></span> <span class='ocrx_word' id='word_1_623' title='bbox 2347 3949 2584 4002; x_wconf 87' lang='lat' dir='ltr'><strong>nitentes</strong></span> <span class='ocrx_word' id='word_1_624' title='bbox 2619 3947 2930 4001; x_wconf 81' lang='lat' dir='ltr'><strong>Holofernis</strong></span> <span class='ocrx_word' id='word_1_625' title='bbox 2975 3947 3498 4015; x_wconf 82' lang='lat' dir='ltr'><strong>thalamos&#39;sprevit,</strong></span> <span class='ocrx_word' id='word_1_626' title='bbox 3533 3949 3638 4003; x_wconf 87' lang='lat' dir='ltr'><strong>for-</strong></span> 
     </span>
    </p>
   </div>
   <div class='ocr_carea' id='block_1_85' title="bbox 2057 4039 3640 4108">
    <p class='ocr_par' dir='ltr' id='par_1_85' title="bbox 2057 4039 3640 4108">
     <span class='ocr_line' id='line_1_85' title="bbox 2057 4039 3640 4108; baseline -0.003 -14"><span class='ocrx_word' id='word_1_627' title='bbox 2057 4040 2286 4096; x_wconf 80' lang='lat' dir='ltr'><strong>tioribus</strong></span> <span class='ocrx_word' id='word_1_628' title='bbox 2343 4041 2511 4093; x_wconf 87' lang='lat' dir='ltr'><strong>armis</strong></span> <span class='ocrx_word' id='word_1_629' title='bbox 2552 4040 2604 4093; x_wconf 90' lang='lat' dir='ltr'><strong>in</strong></span> <span class='ocrx_word' id='word_1_630' title='bbox 2657 4049 2836 4093; x_wconf 84' lang='lat' dir='ltr'><strong>mente</strong></span> <span class='ocrx_word' id='word_1_631' title='bbox 2892 4039 3222 4107; x_wconf 67' lang='lat' dir='ltr'><strong>praecincta,</strong></span> <span class='ocrx_word' id='word_1_632' title='bbox 3271 4039 3432 4092; x_wconf 87' lang='lat' dir='ltr'><strong>etiam</strong></span> <span class='ocrx_word' id='word_1_633' title='bbox 3477 4049 3640 4108; x_wconf 89' lang='lat' dir='ltr'><strong>caput</strong></span> 
     </span>
    </p>
   </div>
   <div class='ocr_carea' id='block_1_86' title="bbox 2056 4129 3638 4200">
    <p class='ocr_par' dir='ltr' id='par_1_86' title="bbox 2056 4129 3638 4200">
     <span class='ocr_line' id='line_1_86' title="bbox 2056 4129 3638 4200; baseline -0.001 -17"><span class='ocrx_word' id='word_1_634' title='bbox 2056 4131 2268 4184; x_wconf 88' lang='lat' dir='ltr'><strong>ebrium</strong></span> <span class='ocrx_word' id='word_1_635' title='bbox 2303 4131 2587 4194; x_wconf 88' lang='lat' dir='ltr'><strong>audenter,</strong></span> <span class='ocrx_word' id='word_1_636' title='bbox 2616 4130 2879 4199; x_wconf 89' lang='lat' dir='ltr'><strong>impresso</strong></span> <span class='ocrx_word' id='word_1_637' title='bbox 2922 4129 3172 4198; x_wconf 80' lang='lat' dir='ltr'><strong>pugione,</strong></span> <span class='ocrx_word' id='word_1_638' title='bbox 3205 4130 3476 4182; x_wconf 85' lang='lat' dir='ltr'><strong>truncavit</strong></span> <span class='ocrx_word' id='word_1_639' title='bbox 3517 4129 3638 4200; x_wconf 78' lang='lat' dir='ltr'><strong>(Ju-</strong></span> 
     </span>
    </p>
   </div>
   <div class='ocr_carea' id='block_1_87' title="bbox 2057 4219 3640 4292">
    <p class='ocr_par' dir='ltr' id='par_1_87' title="bbox 2057 4219 3640 4292">
     <span class='ocr_line' id='line_1_87' title="bbox 2057 4219 3640 4292; baseline 0 -18"><span class='ocrx_word' id='word_1_640' title='bbox 2057 4221 2170 4274; x_wconf 82' lang='lat' dir='ltr'><strong>dith</strong></span> <span class='ocrx_word' id='word_1_641' title='bbox 2225 4221 2370 4292; x_wconf 76' lang='lat' dir='ltr'><strong>xm).</strong></span> <span class='ocrx_word' id='word_1_642' title='bbox 2404 4220 2532 4286; x_wconf 73' lang='lat' dir='ltr'><strong>Quae</strong></span> <span class='ocrx_word' id='word_1_643' title='bbox 2557 4221 2745 4285; x_wconf 90' lang='lat' dir='ltr'><strong>etiam,</strong></span> <span class='ocrx_word' id='word_1_644' title='bbox 2788 4229 2847 4274; x_wconf 89' lang='lat' dir='ltr'><strong>ut</strong></span> <span class='ocrx_word' id='word_1_645' title='bbox 2875 4221 3014 4274; x_wconf 85' lang='lat' dir='ltr'><strong>hanc</strong></span> <span class='ocrx_word' id='word_1_646' title='bbox 3041 4219 3328 4274; x_wconf 88' lang='lat' dir='ltr'><strong>meruisset</strong></span> <span class='ocrx_word' id='word_1_647' title='bbox 3356 4235 3384 4273; x_wconf 90' lang='lat' dir='ltr'><strong>a</strong></span> <span class='ocrx_word' id='word_1_648' title='bbox 3413 4219 3640 4274; x_wconf 87' lang='lat' dir='ltr'><strong>Domino</strong></span> 
     </span>
    </p>
   </div>
   <div class='ocr_carea' id='block_1_88' title="bbox 2057 4310 3642 4383">
    <p class='ocr_par' dir='ltr' id='par_1_88' title="bbox 2057 4310 3642 4383">
     <span class='ocr_line' id='line_1_88' title="bbox 2057 4310 3642 4383; baseline -0.003 -15"><span class='ocrx_word' id='word_1_649' title='bbox 2057 4314 2338 4383; x_wconf 86' lang='lat' dir='ltr'><strong>percipere</strong></span> <span class='ocrx_word' id='word_1_650' title='bbox 2417 4312 2826 4377; x_wconf 88' lang='lat' dir='ltr'><strong>fortitudinem,</strong></span> <span class='ocrx_word' id='word_1_651' title='bbox 2883 4310 3214 4365; x_wconf 83' lang='lat' dir='ltr'><strong>dilﬁdentem</strong></span> <span class='ocrx_word' id='word_1_652' title='bbox 3268 4326 3331 4364; x_wconf 92' lang='lat' dir='ltr'><strong>ac</strong></span> <span class='ocrx_word' id='word_1_653' title='bbox 3396 4310 3642 4364; x_wconf 89' lang='lat' dir='ltr'><strong>timidum</strong></span> 
     </span>
    </p>
   </div>
   <div class='ocr_carea' id='block_1_89' title="bbox 2058 4399 3642 4472">
    <p class='ocr_par' dir='ltr' id='par_1_89' title="bbox 2058 4399 3642 4472">
     <span class='ocr_line' id='line_1_89' title="bbox 2058 4399 3642 4472; baseline -0.004 -14"><span class='ocrx_word' id='word_1_654' title='bbox 2058 4415 2215 4459; x_wconf 87' lang='lat' dir='ltr'><strong>antea</strong></span> <span class='ocrx_word' id='word_1_655' title='bbox 2265 4404 2608 4472; x_wconf 86' lang='lat' dir='ltr'><strong>corripuerat</strong></span> <span class='ocrx_word' id='word_1_656' title='bbox 2655 4404 3016 4462; x_wconf 88' lang='lat' dir='ltr'><strong>sacerdotem,</strong></span> <span class='ocrx_word' id='word_1_657' title='bbox 3048 4400 3234 4456; x_wconf 86' lang='lat' dir='ltr'><strong>Oziatn</strong></span> <span class='ocrx_word' id='word_1_658' title='bbox 3287 4399 3520 4464; x_wconf 86' lang='lat' dir='ltr'><strong>scilicet,</strong></span> <span class='ocrx_word' id='word_1_659' title='bbox 3549 4399 3642 4468; x_wconf 90' lang='lat' dir='ltr'><strong>qui</strong></span> 
     </span>
    </p>
   </div>
   <div class='ocr_carea' id='block_1_90' title="bbox 365 4492 3642 4588">
    <p class='ocr_par' dir='ltr' id='par_1_90' title="bbox 365 4492 3642 4588">
     <span class='ocr_line' id='line_1_90' title="bbox 365 4492 3642 4588; baseline -0 -44"><span class='ocrx_word' id='word_1_660' title='bbox 365 4493 694 4562; x_wconf 83' lang='lat' dir='ltr'><strong>ingeramus.</strong></span> <span class='ocrx_word' id='word_1_661' title='bbox 731 4495 844 4550; x_wconf 86' lang='lat' dir='ltr'><strong>lloc</strong></span> <span class='ocrx_word' id='word_1_662' title='bbox 886 4505 1090 4549; x_wconf 88' lang='lat' dir='ltr'><strong>tantmn</strong></span> <span class='ocrx_word' id='word_1_663' title='bbox 1125 4513 1190 4550; x_wconf 85' lang='lat' dir='ltr'><strong>ex</strong></span> <span class='ocrx_word' id='word_1_664' title='bbox 1217 4497 1299 4550; x_wconf 90' lang='lat' dir='ltr'><strong>his</strong></span> <span class='ocrx_word' id='word_1_665' title='bbox 1324 4497 1524 4551; x_wconf 76' lang='lat' dir='ltr'><strong>dixisse</strong></span> <span class='ocrx_word' id='word_1_666' title='bbox 1552 4495 1800 4563; x_wconf 72' lang='lat' dir='ltr'><strong>suiﬁciat,</strong></span> <span class='ocrx_word' id='word_1_667' title='bbox 1833 4498 1954 4566; x_wconf 89' lang='lat' dir='ltr'><strong>quia</strong></span> <span class='ocrx_word' id='word_1_668' title='bbox 1988 4529 2035 4588; x_wconf 67' lang='grc' dir='ltr'><strong>Ι)</strong></span> <span class='ocrx_word' id='word_1_669' title='bbox 2063 4497 2172 4550; x_wconf 83' lang='lat' dir='ltr'><strong>Deo</strong></span> <span class='ocrx_word' id='word_1_670' title='bbox 2199 4497 2438 4565; x_wconf 73' lang='lat' dir='ltr'><strong>quinque</strong></span> <span class='ocrx_word' id='word_1_671' title='bbox 2465 4495 2675 4566; x_wconf 83' lang='lat' dir='ltr'><strong>dierum</strong></span> <span class='ocrx_word' id='word_1_672' title='bbox 2717 4495 3028 4563; x_wconf 67' lang='lat' dir='ltr'><strong>prteﬁxerat</strong></span> <span class='ocrx_word' id='word_1_673' title='bbox 3072 4492 3386 4555; x_wconf 85' lang='lat' dir='ltr'><strong>terminum,</strong></span> <span class='ocrx_word' id='word_1_674' title='bbox 3419 4506 3482 4546; x_wconf 89' lang='lat' dir='ltr'><strong>ea</strong></span> <span class='ocrx_word' id='word_1_675' title='bbox 3531 4506 3642 4560; x_wconf 84' lang='lat' dir='ltr'><strong>qua</strong></span> 
     </span>
    </p>
   </div>
   <div class='ocr_carea' id='block_1_91' title="bbox 365 4582 1960 4655">
    <p class='ocr_par' dir='ltr' id='par_1_91' title="bbox 365 4582 1960 4655">
     <span class='ocr_line' id='line_1_91' title="bbox 365 4582 1960 4655; baseline 0.004 -21"><span class='ocrx_word' id='word_1_676' title='bbox 365 4582 540 4636; x_wconf 84' lang='lat' dir='ltr'><strong>Barac</strong></span> <span class='ocrx_word' id='word_1_677' title='bbox 590 4588 882 4640; x_wconf 78' lang='lat' dir='ltr'><strong>coruscatio</strong></span> <span class='ocrx_word' id='word_1_678' title='bbox 917 4589 1322 4655; x_wconf 89' lang='lat' dir='ltr'><strong>interpretatur.</strong></span> <span class='ocrx_word' id='word_1_679' title='bbox 1364 4587 1677 4642; x_wconf 87' lang='lat' dir='ltr'><strong>Coruscatio</strong></span> <span class='ocrx_word' id='word_1_680' title='bbox 1707 4603 1834 4644; x_wconf 86' lang='lat' dir='ltr'><strong>vero</strong></span> <span class='ocrx_word' id='word_1_681' title='bbox 1863 4590 1960 4642; x_wconf 90' lang='lat' dir='ltr'><strong>ha-</strong></span> 
     </span>
    </p>
   </div>
   <div class='ocr_carea' id='block_1_92' title="bbox 367 4670 1953 4746">
    <p class='ocr_par' dir='ltr' id='par_1_92' title="bbox 367 4670 1953 4746">
     <span class='ocr_line' id='line_1_92' title="bbox 367 4670 1953 4746; baseline 0.005 -24"><span class='ocrx_word' id='word_1_682' title='bbox 367 4670 464 4722; x_wconf 86' lang='lat' dir='ltr'><strong>bet</strong></span> <span class='ocrx_word' id='word_1_683' title='bbox 501 4673 718 4740; x_wconf 88' lang='lat' dir='ltr'><strong>quidem</strong></span> <span class='ocrx_word' id='word_1_684' title='bbox 763 4675 956 4738; x_wconf 87' lang='lat' dir='ltr'><strong>lncent,</strong></span> <span class='ocrx_word' id='word_1_685' title='bbox 1009 4678 1100 4730; x_wconf 90' lang='lat' dir='ltr'><strong>sed</strong></span> <span class='ocrx_word' id='word_1_686' title='bbox 1147 4693 1253 4730; x_wconf 88' lang='lat' dir='ltr'><strong>non</strong></span> <span class='ocrx_word' id='word_1_687' title='bbox 1282 4677 1484 4731; x_wconf 85' lang='lat' dir='ltr'><strong>diutius</strong></span> <span class='ocrx_word' id='word_1_688' title='bbox 1515 4687 1953 4746; x_wconf 85' lang='lat' dir='ltr'><strong>permanentem;</strong></span> 
     </span>
    </p>
   </div>
   <div class='ocr_carea' id='block_1_93' title="bbox 369 4765 1960 4836">
    <p class='ocr_par' dir='ltr' id='par_1_93' title="bbox 369 4765 1960 4836">
     <span class='ocr_line' id='line_1_93' title="bbox 369 4765 1960 4836; baseline 0.007 -23"><span class='ocrx_word' id='word_1_689' title='bbox 369 4777 496 4814; x_wconf 78' lang='lat' dir='ltr'><strong>mox</strong></span> <span class='ocrx_word' id='word_1_690' title='bbox 523 4765 664 4816; x_wconf 90' lang='lat' dir='ltr'><strong>enim</strong></span> <span class='ocrx_word' id='word_1_691' title='bbox 716 4775 776 4816; x_wconf 89' lang='lat' dir='ltr'><strong>ut</strong></span> <span class='ocrx_word' id='word_1_692' title='bbox 804 4765 1008 4836; x_wconf 90' lang='lat' dir='ltr'><strong>incipit,</strong></span> <span class='ocrx_word' id='word_1_693' title='bbox 1038 4767 1256 4822; x_wconf 89' lang='lat' dir='ltr'><strong>desinit.</strong></span> <span class='ocrx_word' id='word_1_694' title='bbox 1303 4768 1378 4822; x_wconf 87' lang='lat' dir='ltr'><strong>ita</strong></span> <span class='ocrx_word' id='word_1_695' title='bbox 1409 4779 1536 4822; x_wconf 89' lang='lat' dir='ltr'><strong>sunt</strong></span> <span class='ocrx_word' id='word_1_696' title='bbox 1587 4768 1828 4822; x_wconf 87' lang='lat' dir='ltr'><strong>nonnulli</strong></span> <span class='ocrx_word' id='word_1_697' title='bbox 1875 4785 1960 4824; x_wconf 85' lang='lat' dir='ltr'><strong>rc—</strong></span> 
     </span>
    </p>
   </div>
   <div class='ocr_carea' id='block_1_94' title="bbox 367 4853 1958 4930">
    <p class='ocr_par' dir='ltr' id='par_1_94' title="bbox 367 4853 1958 4930">
     <span class='ocr_line' id='line_1_94' title="bbox 367 4853 1958 4930; baseline 0.005 -24"><span class='ocrx_word' id='word_1_698' title='bbox 367 4861 552 4918; x_wconf 81' lang='lat' dir='ltr'><strong>ctotes</strong></span> <span class='ocrx_word' id='word_1_699' title='bbox 603 4853 990 4920; x_wconf 86' lang='lat' dir='ltr'><strong>Ecclesiarum,</strong></span> <span class='ocrx_word' id='word_1_700' title='bbox 1039 4859 1131 4928; x_wconf 86' lang='lat' dir='ltr'><strong>qui</strong></span> <span class='ocrx_word' id='word_1_701' title='bbox 1186 4861 1585 4930; x_wconf 86' lang='lat' dir='ltr'><strong>quodammodo</strong></span> <span class='ocrx_word' id='word_1_702' title='bbox 1625 4871 1753 4915; x_wconf 91' lang='lat' dir='ltr'><strong>tunc</strong></span> <span class='ocrx_word' id='word_1_703' title='bbox 1801 4876 1958 4915; x_wconf 85' lang='lat' dir='ltr'><strong>coru-</strong></span> 
     </span>
    </p>
   </div>
   <div class='ocr_carea' id='block_1_95' title="bbox 367 4947 1958 5024">
    <p class='ocr_par' dir='ltr' id='par_1_95' title="bbox 367 4947 1958 5024">
     <span class='ocr_line' id='line_1_95' title="bbox 367 4947 1958 5024; baseline 0.008 -27"><span class='ocrx_word' id='word_1_704' title='bbox 367 4961 524 5000; x_wconf 89' lang='lat' dir='ltr'><strong>scare</strong></span> <span class='ocrx_word' id='word_1_705' title='bbox 553 4947 640 5002; x_wconf 91' lang='lat' dir='ltr'><strong>inc</strong></span> <span class='ocrx_word' id='word_1_706' title='bbox 665 4950 842 5017; x_wconf 89' lang='lat' dir='ltr'><strong>piunt,</strong></span> <span class='ocrx_word' id='word_1_707' title='bbox 867 4966 988 5006; x_wconf 89' lang='lat' dir='ltr'><strong>cum</strong></span> <span class='ocrx_word' id='word_1_708' title='bbox 1025 4954 1092 5007; x_wconf 88' lang='lat' dir='ltr'><strong>ad</strong></span> <span class='ocrx_word' id='word_1_709' title='bbox 1127 4953 1446 5024; x_wconf 83' lang='lat' dir='ltr'><strong>corrigenda</strong></span> <span class='ocrx_word' id='word_1_710' title='bbox 1494 4954 1636 5008; x_wconf 88' lang='lat' dir='ltr'><strong>mala</strong></span> <span class='ocrx_word' id='word_1_711' title='bbox 1689 4955 1958 5024; x_wconf 85' lang='lat' dir='ltr'><strong>subjecto—</strong></span> 
     </span>
    </p>
   </div>
   <div class='ocr_carea' id='block_1_96' title="bbox 367 5039 1958 5115">
    <p class='ocr_par' dir='ltr' id='par_1_96' title="bbox 367 5039 1958 5115">
     <span class='ocr_line' id='line_1_96' title="bbox 367 5039 1958 5115; baseline 0.007 -26"><span class='ocrx_word' id='word_1_712' title='bbox 367 5053 516 5102; x_wconf 88' lang='lat' dir='ltr'><strong>rum,</strong></span> <span class='ocrx_word' id='word_1_713' title='bbox 539 5039 694 5106; x_wconf 81' lang='lat' dir='ltr'><strong>qnasi</strong></span> <span class='ocrx_word' id='word_1_714' title='bbox 728 5041 842 5094; x_wconf 88' lang='lat' dir='ltr'><strong>zelo</strong></span> <span class='ocrx_word' id='word_1_715' title='bbox 864 5057 922 5095; x_wconf 87' lang='lat' dir='ltr'><strong>se</strong></span> <span class='ocrx_word' id='word_1_716' title='bbox 949 5043 1168 5098; x_wconf 87' lang='lat' dir='ltr'><strong>ultionis</strong></span> <span class='ocrx_word' id='word_1_717' title='bbox 1193 5045 1498 5100; x_wconf 86' lang='lat' dir='ltr'><strong>accendunt</strong></span> <span class='ocrx_word' id='word_1_718' title='bbox 1537 5059 1553 5098; x_wconf 90' lang='lat'><strong>:</strong></span> <span class='ocrx_word' id='word_1_719' title='bbox 1583 5044 1680 5099; x_wconf 90' lang='lat' dir='ltr'><strong>sed</strong></span> <span class='ocrx_word' id='word_1_720' title='bbox 1709 5046 1958 5115; x_wconf 85' lang='lat' dir='ltr'><strong>protinus</strong></span> 
     </span>
    </p>
   </div>
   <div class='ocr_carea' id='block_1_97' title="bbox 369 5128 1958 5204">
    <p class='ocr_par' dir='ltr' id='par_1_97' title="bbox 369 5128 1958 5204">
     <span class='ocr_line' id='line_1_97' title="bbox 369 5128 1958 5204; baseline 0.006 -24"><span class='ocrx_word' id='word_1_721' title='bbox 369 5128 806 5200; x_wconf 80' lang='lat' dir='ltr'><strong>exstinguuntur,</strong></span> <span class='ocrx_word' id='word_1_722' title='bbox 835 5135 962 5201; x_wconf 89' lang='lat' dir='ltr'><strong>quia</strong></span> <span class='ocrx_word' id='word_1_723' title='bbox 1009 5136 1250 5204; x_wconf 85' lang='lat' dir='ltr'><strong>qualibet</strong></span> <span class='ocrx_word' id='word_1_724' title='bbox 1285 5137 1610 5192; x_wconf 86' lang='lat' dir='ltr'><strong>adversitate</strong></span> <span class='ocrx_word' id='word_1_725' title='bbox 1639 5137 1817 5202; x_wconf 86' lang='lat' dir='ltr'><strong>fracti,</strong></span> <span class='ocrx_word' id='word_1_726' title='bbox 1877 5137 1958 5191; x_wconf 82' lang='lat' dir='ltr'><strong>vel</strong></span> 
     </span>
    </p>
   </div>
   <div class='ocr_carea' id='block_1_98' title="bbox 371 5220 1956 5287">
    <p class='ocr_par' dir='ltr' id='par_1_98' title="bbox 371 5220 1956 5287">
     <span class='ocr_line' id='line_1_98' title="bbox 371 5220 1956 5287; baseline 0.009 -21"><span class='ocrx_word' id='word_1_727' title='bbox 371 5227 589 5284; x_wconf 85' lang='lat' dir='ltr'><strong>torpore</strong></span> <span class='ocrx_word' id='word_1_728' title='bbox 616 5220 833 5274; x_wconf 63' lang='lat' dir='ltr'><strong>desidiae</strong></span> <span class='ocrx_word' id='word_1_729' title='bbox 857 5222 1098 5287; x_wconf 87' lang='lat' dir='ltr'><strong>resoluti,</strong></span> <span class='ocrx_word' id='word_1_730' title='bbox 1127 5225 1236 5278; x_wconf 87' lang='lat' dir='ltr'><strong>cito</strong></span> <span class='ocrx_word' id='word_1_731' title='bbox 1269 5225 1548 5280; x_wconf 88' lang='lat' dir='ltr'><strong>deliciunt.</strong></span> <span class='ocrx_word' id='word_1_732' title='bbox 1584 5225 1735 5282; x_wconf 89' lang='lat' dir='ltr'><strong>Unde</strong></span> <span class='ocrx_word' id='word_1_733' title='bbox 1763 5235 1820 5280; x_wconf 90' lang='lat' dir='ltr'><strong>ct</strong></span> <span class='ocrx_word' id='word_1_734' title='bbox 1869 5227 1956 5280; x_wconf 92' lang='lat' dir='ltr'><strong>ille</strong></span> 
     </span>
    </p>
   </div>
   <div class='ocr_carea' id='block_1_99' title="bbox 371 5305 1953 5387">
    <p class='ocr_par' dir='ltr' id='par_1_99' title="bbox 371 5305 1953 5387">
     <span class='ocr_line' id='line_1_99' title="bbox 371 5305 1953 5387; baseline 0.007 -28"><span class='ocrx_word' id='word_1_735' title='bbox 371 5305 548 5362; x_wconf 83' lang='lat' dir='ltr'><strong>Barac</strong></span> <span class='ocrx_word' id='word_1_736' title='bbox 571 5309 775 5364; x_wconf 86' lang='lat' dir='ltr'><strong>desidis</strong></span> <span class='ocrx_word' id='word_1_737' title='bbox 823 5327 886 5365; x_wconf 88' lang='lat' dir='ltr'><strong>ac</strong></span> <span class='ocrx_word' id='word_1_738' title='bbox 919 5314 1139 5368; x_wconf 87' lang='lat' dir='ltr'><strong>resoluti</strong></span> <span class='ocrx_word' id='word_1_739' title='bbox 1185 5317 1418 5386; x_wconf 88' lang='lat' dir='ltr'><strong>pastoris</strong></span> <span class='ocrx_word' id='word_1_740' title='bbox 1467 5317 1688 5387; x_wconf 87' lang='lat' dir='ltr'><strong>ﬁguram</strong></span> <span class='ocrx_word' id='word_1_741' title='bbox 1735 5332 1953 5385; x_wconf 83' lang='lat' dir='ltr'><strong>gerens,</strong></span> 
     </span>
    </p>
   </div>
   <div class='ocr_carea' id='block_1_100' title="bbox 372 5403 1948 5473">
    <p class='ocr_par' dir='ltr' id='par_1_100' title="bbox 372 5403 1948 5473">
     <span class='ocr_line' id='line_1_100' title="bbox 372 5403 1948 5473; baseline 0.005 -19"><span class='ocrx_word' id='word_1_742' title='bbox 372 5403 552 5456; x_wconf 85' lang='lat' dir='ltr'><strong>aiebat</strong></span> <span class='ocrx_word' id='word_1_743' title='bbox 581 5405 646 5457; x_wconf 89' lang='lat' dir='ltr'><strong>ad</strong></span> <span class='ocrx_word' id='word_1_744' title='bbox 671 5403 974 5460; x_wconf 88' lang='lat' dir='ltr'><strong>Debboram</strong></span> <span class='ocrx_word' id='word_1_745' title='bbox 1006 5427 1018 5462; x_wconf 93' lang='lat'>:</span> <span class='ocrx_word' id='word_1_746' title='bbox 1058 5427 1075 5459; x_wconf 77' lang='grc' dir='ltr'><strong>ι</strong></span> <span class='ocrx_word' id='word_1_747' title='bbox 1115 5409 1172 5463; x_wconf 88' lang='lat' dir='ltr'><strong>Si</strong></span> <span class='ocrx_word' id='word_1_748' title='bbox 1197 5411 1412 5464; x_wconf 88' lang='lat' dir='ltr'><strong>veneris</strong></span> <span class='ocrx_word' id='word_1_749' title='bbox 1439 5425 1674 5473; x_wconf 89' lang='lat' dir='ltr'><strong>mecum,</strong></span> <span class='ocrx_word' id='word_1_750' title='bbox 1704 5409 1898 5462; x_wconf 84' lang='lat' dir='ltr'><strong>vadam</strong></span> <span class='ocrx_word' id='word_1_751' title='bbox 1933 5425 1948 5462; x_wconf 84' lang='lat'><strong>:</strong></span> 
     </span>
    </p>
   </div>
   <div class='ocr_carea' id='block_1_101' title="bbox 373 5495 1676 5572">
    <p class='ocr_par' dir='ltr' id='par_1_101' title="bbox 373 5495 1676 5572">
     <span class='ocr_line' id='line_1_101' title="bbox 373 5495 1676 5572; baseline 0.003 -24"><span class='ocrx_word' id='word_1_752' title='bbox 373 5495 418 5548; x_wconf 87' lang='lat' dir='ltr'><strong>si</strong></span> <span class='ocrx_word' id='word_1_753' title='bbox 448 5496 684 5550; x_wconf 88' lang='lat' dir='ltr'><strong>nolueris</strong></span> <span class='ocrx_word' id='word_1_754' title='bbox 717 5501 918 5564; x_wconf 87' lang='lat' dir='ltr'><strong>venire,</strong></span> <span class='ocrx_word' id='word_1_755' title='bbox 942 5517 1048 5554; x_wconf 90' lang='lat' dir='ltr'><strong>non</strong></span> <span class='ocrx_word' id='word_1_756' title='bbox 1080 5517 1323 5572; x_wconf 82' lang='lat' dir='ltr'><strong>pergam.</strong></span> <span class='ocrx_word' id='word_1_757' title='bbox 1361 5522 1378 5553; x_wconf 74' lang='grc' dir='ltr'><strong>ι</strong></span> <span class='ocrx_word' id='word_1_758' title='bbox 1671 5549 1676 5552; x_wconf 85' lang='lat'><strong><em>_</em></strong></span> 
     </span>
    </p>
   </div>
   <div class='ocr_carea' id='block_1_102' title="bbox 446 5583 1956 5660">
    <p class='ocr_par' dir='ltr' id='par_1_102' title="bbox 446 5583 1956 5660">
     <span class='ocr_line' id='line_1_102' title="bbox 446 5583 1956 5660; baseline 0.005 -22"><span class='ocrx_word' id='word_1_759' title='bbox 446 5583 785 5656; x_wconf 81' lang='lat' dir='ltr'><strong>Quapropter</strong></span> <span class='ocrx_word' id='word_1_760' title='bbox 808 5589 947 5644; x_wconf 86' lang='lat' dir='ltr'><strong>sicut</strong></span> <span class='ocrx_word' id='word_1_761' title='bbox 974 5593 1056 5644; x_wconf 90' lang='lat' dir='ltr'><strong>vir</strong></span> <span class='ocrx_word' id='word_1_762' title='bbox 1083 5591 1168 5646; x_wconf 89' lang='lat' dir='ltr'><strong>ille</strong></span> <span class='ocrx_word' id='word_1_763' title='bbox 1197 5606 1320 5645; x_wconf 88' lang='lat' dir='ltr'><strong>cutn</strong></span> <span class='ocrx_word' id='word_1_764' title='bbox 1347 5590 1569 5657; x_wconf 85' lang='lat' dir='ltr'><strong>femina,</strong></span> <span class='ocrx_word' id='word_1_765' title='bbox 1597 5591 1765 5644; x_wconf 78' lang='lat' dir='ltr'><strong>Barac</strong></span> <span class='ocrx_word' id='word_1_766' title='bbox 1792 5587 1956 5660; x_wconf 66' lang='grc'><strong>414</strong></span> 
     </span>
    </p>
   </div>
   <div class='ocr_carea' id='block_1_103' title="bbox 373 5675 1952 5746">
    <p class='ocr_par' dir='ltr' id='par_1_103' title="bbox 373 5675 1952 5746">
     <span class='ocr_line' id='line_1_103' title="bbox 373 5675 1952 5746; baseline 0.006 -20"><span class='ocrx_word' id='word_1_767' title='bbox 373 5675 624 5730; x_wconf 86' lang='lat' dir='ltr'><strong>videlicet</strong></span> <span class='ocrx_word' id='word_1_768' title='bbox 644 5693 768 5732; x_wconf 89' lang='lat' dir='ltr'><strong>cum</strong></span> <span class='ocrx_word' id='word_1_769' title='bbox 801 5681 1065 5744; x_wconf 89' lang='lat' dir='ltr'><strong>Debbora,</strong></span> <span class='ocrx_word' id='word_1_770' title='bbox 1093 5683 1298 5736; x_wconf 88' lang='lat' dir='ltr'><strong>mutuis</strong></span> <span class='ocrx_word' id='word_1_771' title='bbox 1327 5699 1384 5736; x_wconf 86' lang='lat' dir='ltr'><strong>se</strong></span> <span class='ocrx_word' id='word_1_772' title='bbox 1407 5682 1692 5736; x_wconf 74' lang='lat' dir='ltr'><strong>inicientes</strong></span> <span class='ocrx_word' id='word_1_773' title='bbox 1720 5683 1952 5746; x_wconf 70' lang='lat' dir='ltr'><strong>auxiliis,</strong></span> 
     </span>
    </p>
   </div>
   <div class='ocr_carea' id='block_1_104' title="bbox 375 5769 1954 5844">
    <p class='ocr_par' dir='ltr' id='par_1_104' title="bbox 375 5769 1954 5844">
     <span class='ocr_line' id='line_1_104' title="bbox 375 5769 1954 5844; baseline 0.004 -25"><span class='ocrx_word' id='word_1_774' title='bbox 375 5776 564 5821; x_wconf 88' lang='lat' dir='ltr'><strong>contra</strong></span> <span class='ocrx_word' id='word_1_775' title='bbox 595 5769 836 5824; x_wconf 87' lang='lat' dir='ltr'><strong>Sisaram</strong></span> <span class='ocrx_word' id='word_1_776' title='bbox 877 5774 1116 5844; x_wconf 75' lang='lat' dir='ltr'><strong>praeliuttt</strong></span> <span class='ocrx_word' id='word_1_777' title='bbox 1149 5783 1526 5843; x_wconf 86' lang='lat' dir='ltr'><strong>susceperunt,</strong></span> <span class='ocrx_word' id='word_1_778' title='bbox 1576 5789 1805 5842; x_wconf 89' lang='lat' dir='ltr'><strong>eumque</strong></span> <span class='ocrx_word' id='word_1_779' title='bbox 1835 5790 1954 5826; x_wconf 86' lang='lat' dir='ltr'><strong>cum</strong></span> 
     </span>
    </p>
   </div>
   <div class='ocr_carea' id='block_1_105' title="bbox 2063 4580 3642 4657">
    <p class='ocr_par' dir='ltr' id='par_1_105' title="bbox 2063 4580 3642 4657">
     <span class='ocr_line' id='line_1_105' title="bbox 2063 4580 3642 4657; baseline -0.005 -16"><span class='ocrx_word' id='word_1_780' title='bbox 2063 4588 2258 4657; x_wconf 82' lang='lat' dir='ltr'><strong>dignus</strong></span> <span class='ocrx_word' id='word_1_781' title='bbox 2291 4595 2408 4640; x_wconf 88' lang='lat' dir='ltr'><strong>erat</strong></span> <span class='ocrx_word' id='word_1_782' title='bbox 2439 4586 2765 4640; x_wconf 85' lang='lat' dir='ltr'><strong>austeritate</strong></span> <span class='ocrx_word' id='word_1_783' title='bbox 2823 4585 3124 4654; x_wconf 83' lang='lat' dir='ltr'><strong>redarguit,</strong></span> <span class='ocrx_word' id='word_1_784' title='bbox 3175 4583 3366 4636; x_wconf 92' lang='lat' dir='ltr'><strong>dicens</strong></span> <span class='ocrx_word' id='word_1_785' title='bbox 3408 4600 3420 4634; x_wconf 91' lang='lat'><strong>:</strong></span> <span class='ocrx_word' id='word_1_786' title='bbox 3467 4601 3486 4632; x_wconf 75' lang='grc' dir='ltr'><strong>ι</strong></span> <span class='ocrx_word' id='word_1_787' title='bbox 3522 4580 3642 4635; x_wconf 82' lang='lat' dir='ltr'><strong>Non</strong></span> 
     </span>
    </p>
   </div>
   <div class='ocr_carea' id='block_1_106' title="bbox 2063 4675 3645 4746">
    <p class='ocr_par' dir='ltr' id='par_1_106' title="bbox 2063 4675 3645 4746">
     <span class='ocr_line' id='line_1_106' title="bbox 2063 4675 3645 4746; baseline -0.005 -12"><span class='ocrx_word' id='word_1_788' title='bbox 2063 4688 2148 4734; x_wconf 87' lang='lat' dir='ltr'><strong>est</strong></span> <span class='ocrx_word' id='word_1_789' title='bbox 2191 4679 2292 4732; x_wconf 91' lang='lat' dir='ltr'><strong>iste</strong></span> <span class='ocrx_word' id='word_1_790' title='bbox 2346 4693 2550 4742; x_wconf 90' lang='lat' dir='ltr'><strong>sermo,</strong></span> <span class='ocrx_word' id='word_1_791' title='bbox 2597 4678 2688 4746; x_wconf 91' lang='lat' dir='ltr'><strong>qui</strong></span> <span class='ocrx_word' id='word_1_792' title='bbox 2735 4675 3166 4730; x_wconf 88' lang='lat' dir='ltr'><strong>misericordiam</strong></span> <span class='ocrx_word' id='word_1_793' title='bbox 3223 4681 3504 4742; x_wconf 87' lang='lat' dir='ltr'><strong>provocet,</strong></span> <span class='ocrx_word' id='word_1_794' title='bbox 3546 4675 3645 4727; x_wconf 88' lang='lat' dir='ltr'><strong>sed</strong></span> 
     </span>
    </p>
   </div>
   <div class='ocr_carea' id='block_1_107' title="bbox 2061 4763 3643 4840">
    <p class='ocr_par' dir='ltr' id='par_1_107' title="bbox 2061 4763 3643 4840">
     <span class='ocr_line' id='line_1_107' title="bbox 2061 4763 3643 4840; baseline -0.002 -20"><span class='ocrx_word' id='word_1_795' title='bbox 2061 4771 2241 4840; x_wconf 90' lang='lat' dir='ltr'><strong>potius</strong></span> <span class='ocrx_word' id='word_1_796' title='bbox 2267 4769 2358 4838; x_wconf 89' lang='lat' dir='ltr'><strong>qui</strong></span> <span class='ocrx_word' id='word_1_797' title='bbox 2405 4769 2542 4822; x_wconf 87' lang='lat' dir='ltr'><strong>iram</strong></span> <span class='ocrx_word' id='word_1_798' title='bbox 2584 4767 2806 4830; x_wconf 82' lang='lat' dir='ltr'><strong>excitet,</strong></span> <span class='ocrx_word' id='word_1_799' title='bbox 2835 4775 2887 4818; x_wconf 90' lang='lat' dir='ltr'><strong>et</strong></span> <span class='ocrx_word' id='word_1_800' title='bbox 2925 4767 3164 4818; x_wconf 81' lang='lat' dir='ltr'><strong>furorem</strong></span> <span class='ocrx_word' id='word_1_801' title='bbox 3217 4765 3500 4818; x_wconf 86' lang='lat' dir='ltr'><strong>accendat.</strong></span> <span class='ocrx_word' id='word_1_802' title='bbox 3539 4763 3643 4817; x_wconf 87' lang='lat' dir='ltr'><strong>Po-</strong></span> 
     </span>
    </p>
   </div>
   <div class='ocr_carea' id='block_1_108' title="bbox 2059 4858 3640 4930">
    <p class='ocr_par' dir='ltr' id='par_1_108' title="bbox 2059 4858 3640 4930">
     <span class='ocr_line' id='line_1_108' title="bbox 2059 4858 3640 4930; baseline -0.002 -13"><span class='ocrx_word' id='word_1_803' title='bbox 2059 4863 2245 4918; x_wconf 87' lang='lat' dir='ltr'><strong>suistis</strong></span> <span class='ocrx_word' id='word_1_804' title='bbox 2271 4877 2368 4915; x_wconf 90' lang='lat' dir='ltr'><strong>vos</strong></span> <span class='ocrx_word' id='word_1_805' title='bbox 2413 4871 2624 4930; x_wconf 88' lang='lat' dir='ltr'><strong>tempus</strong></span> <span class='ocrx_word' id='word_1_806' title='bbox 2655 4860 2990 4914; x_wconf 74' lang='lat' dir='ltr'><strong>miseratioai</strong></span> <span class='ocrx_word' id='word_1_807' title='bbox 3023 4858 3260 4921; x_wconf 80' lang='lat' dir='ltr'><strong>Domini,</strong></span> <span class='ocrx_word' id='word_1_808' title='bbox 3301 4867 3356 4914; x_wconf 90' lang='lat' dir='ltr'><strong>et</strong></span> <span class='ocrx_word' id='word_1_809' title='bbox 3403 4859 3458 4912; x_wconf 90' lang='lat' dir='ltr'><strong>in</strong></span> <span class='ocrx_word' id='word_1_810' title='bbox 3490 4859 3640 4914; x_wconf 86' lang='lat' dir='ltr'><strong>arbi-</strong></span> 
     </span>
    </p>
   </div>
   <div class='ocr_carea' id='block_1_109' title="bbox 2062 4949 3643 5020">
    <p class='ocr_par' dir='ltr' id='par_1_109' title="bbox 2062 4949 3643 5020">
     <span class='ocr_line' id='line_1_109' title="bbox 2062 4949 3643 5020; baseline -0.001 -14"><span class='ocrx_word' id='word_1_811' title='bbox 2062 4955 2222 5007; x_wconf 89' lang='lat' dir='ltr'><strong>trium</strong></span> <span class='ocrx_word' id='word_1_812' title='bbox 2256 4963 2497 5007; x_wconf 89' lang='lat' dir='ltr'><strong>vestrum</strong></span> <span class='ocrx_word' id='word_1_813' title='bbox 2521 4954 2660 5006; x_wconf 87' lang='lat' dir='ltr'><strong>diem</strong></span> <span class='ocrx_word' id='word_1_814' title='bbox 2692 4951 3052 5006; x_wconf 84' lang='lat' dir='ltr'><strong>constituistis</strong></span> <span class='ocrx_word' id='word_1_815' title='bbox 3075 4949 3122 5004; x_wconf 91' lang='lat' dir='ltr'><strong>ei</strong></span> <span class='ocrx_word' id='word_1_816' title='bbox 3139 4950 3165 5003; x_wconf 81' lang='lat'><strong>?</strong></span> <span class='ocrx_word' id='word_1_817' title='bbox 3187 4970 3204 5000; x_wconf 76' lang='grc' dir='ltr'><strong>ι</strong></span> <span class='ocrx_word' id='word_1_818' title='bbox 3244 4949 3446 5020; x_wconf 71' lang='lat' dir='ltr'><strong>(Iudith</strong></span> <span class='ocrx_word' id='word_1_819' title='bbox 3467 4965 3592 5006; x_wconf 71' lang='lat' dir='ltr'><strong>xvttt</strong></span> <span class='ocrx_word' id='word_1_820' title='bbox 3620 4951 3643 5020; x_wconf 90' lang='lat'><strong>)</strong></span> 
     </span>
    </p>
   </div>
   <div class='ocr_carea' id='block_1_110' title="bbox 2063 5041 3644 5114">
    <p class='ocr_par' dir='ltr' id='par_1_110' title="bbox 2063 5041 3644 5114">
     <span class='ocr_line' id='line_1_110' title="bbox 2063 5041 3644 5114; baseline -0.004 -14"><span class='ocrx_word' id='word_1_821' title='bbox 2063 5047 2257 5100; x_wconf 84' lang='lat' dir='ltr'><strong>Esther</strong></span> <span class='ocrx_word' id='word_1_822' title='bbox 2279 5045 2403 5098; x_wconf 89' lang='lat' dir='ltr'><strong>dum</strong></span> <span class='ocrx_word' id='word_1_823' title='bbox 2437 5059 2534 5114; x_wconf 85' lang='lat' dir='ltr'><strong>pro</strong></span> <span class='ocrx_word' id='word_1_824' title='bbox 2563 5044 2738 5097; x_wconf 78' lang='lat' dir='ltr'><strong>salute</strong></span> <span class='ocrx_word' id='word_1_825' title='bbox 2785 5042 2967 5112; x_wconf 85' lang='lat' dir='ltr'><strong>populi</strong></span> <span class='ocrx_word' id='word_1_826' title='bbox 3011 5041 3096 5096; x_wconf 85' lang='lat' dir='ltr'><strong>sui</strong></span> <span class='ocrx_word' id='word_1_827' title='bbox 3124 5041 3285 5096; x_wconf 87' lang='lat' dir='ltr'><strong>morti</strong></span> <span class='ocrx_word' id='word_1_828' title='bbox 3318 5056 3378 5096; x_wconf 88' lang='lat' dir='ltr'><strong>se</strong></span> <span class='ocrx_word' id='word_1_829' title='bbox 3407 5041 3644 5096; x_wconf 81' lang='lat' dir='ltr'><strong>viriliter</strong></span> 
     </span>
    </p>
   </div>
   <div class='ocr_carea' id='block_1_111' title="bbox 2059 5133 3642 5208">
    <p class='ocr_par' dir='ltr' id='par_1_111' title="bbox 2059 5133 3642 5208">
     <span class='ocr_line' id='line_1_111' title="bbox 2059 5133 3642 5208; baseline -0.003 -18"><span class='ocrx_word' id='word_1_830' title='bbox 2059 5138 2265 5208; x_wconf 89' lang='lat' dir='ltr'><strong>objicit,</strong></span> <span class='ocrx_word' id='word_1_831' title='bbox 2291 5137 2466 5191; x_wconf 80' lang='lat' dir='ltr'><strong>Aman</strong></span> <span class='ocrx_word' id='word_1_832' title='bbox 2493 5136 2860 5191; x_wconf 83' lang='lat' dir='ltr'><strong>lsraelitarum</strong></span> <span class='ocrx_word' id='word_1_833' title='bbox 2914 5135 3234 5204; x_wconf 85' lang='lat' dir='ltr'><strong>sanguinem</strong></span> <span class='ocrx_word' id='word_1_834' title='bbox 3267 5135 3424 5189; x_wconf 85' lang='lat' dir='ltr'><strong>avide</strong></span> <span class='ocrx_word' id='word_1_835' title='bbox 3451 5133 3642 5192; x_wconf 75' lang='lat' dir='ltr'><strong>sitien-</strong></span> 
     </span>
    </p>
   </div>
   <div class='ocr_carea' id='block_1_112' title="bbox 2061 5219 3637 5295">
    <p class='ocr_par' dir='ltr' id='par_1_112' title="bbox 2061 5219 3637 5295">
     <span class='ocr_line' id='line_1_112' title="bbox 2061 5219 3637 5295; baseline -0.003 -15"><span class='ocrx_word' id='word_1_836' title='bbox 2061 5237 2168 5282; x_wconf 89' lang='lat' dir='ltr'><strong>tem</strong></span> <span class='ocrx_word' id='word_1_837' title='bbox 2197 5226 2488 5295; x_wconf 84' lang='lat' dir='ltr'><strong>snspeudio</strong></span> <span class='ocrx_word' id='word_1_838' title='bbox 2518 5225 2742 5279; x_wconf 84' lang='lat' dir='ltr'><strong>interire</strong></span> <span class='ocrx_word' id='word_1_839' title='bbox 2763 5219 3036 5294; x_wconf 80' lang='lat' dir='ltr'><strong>compellit</strong></span> <span class='ocrx_word' id='word_1_840' title='bbox 3065 5225 3282 5294; x_wconf 77' lang='lat' dir='ltr'><strong>(Est/ter</strong></span> <span class='ocrx_word' id='word_1_841' title='bbox 3325 5225 3470 5290; x_wconf 81' lang='lat' dir='ltr'><strong>xm).</strong></span> <span class='ocrx_word' id='word_1_842' title='bbox 3519 5221 3637 5276; x_wconf 75' lang='lat' dir='ltr'><strong>Mu-</strong></span> 
     </span>
    </p>
   </div>
   <div class='ocr_carea' id='block_1_113' title="bbox 2061 5309 3644 5386">
    <p class='ocr_par' dir='ltr' id='par_1_113' title="bbox 2061 5309 3644 5386">
     <span class='ocr_line' id='line_1_113' title="bbox 2061 5309 3644 5386; baseline -0.003 -16"><span class='ocrx_word' id='word_1_843' title='bbox 2061 5319 2162 5372; x_wconf 89' lang='lat' dir='ltr'><strong>lier</strong></span> <span class='ocrx_word' id='word_1_844' title='bbox 2185 5318 2424 5386; x_wconf 85' lang='lat' dir='ltr'><strong>sapiens,</strong></span> <span class='ocrx_word' id='word_1_845' title='bbox 2451 5331 2574 5384; x_wconf 73' lang='lat' dir='ltr'><strong>qua:</strong></span> <span class='ocrx_word' id='word_1_846' title='bbox 2595 5316 2822 5384; x_wconf 84' lang='lat' dir='ltr'><strong>degebat</strong></span> <span class='ocrx_word' id='word_1_847' title='bbox 2853 5316 2903 5368; x_wconf 88' lang='lat' dir='ltr'><strong>in</strong></span> <span class='ocrx_word' id='word_1_848' title='bbox 2940 5314 3130 5380; x_wconf 81' lang='lat' dir='ltr'><strong>Abela,</strong></span> <span class='ocrx_word' id='word_1_849' title='bbox 3163 5323 3323 5383; x_wconf 88' lang='lat' dir='ltr'><strong>caput</strong></span> <span class='ocrx_word' id='word_1_850' title='bbox 3353 5312 3506 5366; x_wconf 73' lang='lat' dir='ltr'><strong>Seba:</strong></span> <span class='ocrx_word' id='word_1_851' title='bbox 3547 5309 3644 5366; x_wconf 68' lang='grc' dir='ltr'><strong>ηιξ,</strong></span> 
     </span>
    </p>
   </div>
   <div class='ocr_carea' id='block_1_114' title="bbox 2059 5404 3642 5474">
    <p class='ocr_par' dir='ltr' id='par_1_114' title="bbox 2059 5404 3642 5474">
     <span class='ocr_line' id='line_1_114' title="bbox 2059 5404 3642 5474; baseline -0.002 -12"><span class='ocrx_word' id='word_1_852' title='bbox 2059 5409 2276 5471; x_wconf 81' lang='lat' dir='ltr'><strong>Bochri,</strong></span> <span class='ocrx_word' id='word_1_853' title='bbox 2301 5409 2366 5462; x_wconf 88' lang='lat' dir='ltr'><strong>ad</strong></span> <span class='ocrx_word' id='word_1_854' title='bbox 2399 5407 2532 5460; x_wconf 72' lang='lat' dir='ltr'><strong>Junii</strong></span> <span class='ocrx_word' id='word_1_855' title='bbox 2565 5407 2770 5462; x_wconf 69' lang='lat' dir='ltr'><strong>militiae</strong></span> <span class='ocrx_word' id='word_1_856' title='bbox 2810 5407 3109 5474; x_wconf 74' lang='lat' dir='ltr'><strong>principem</strong></span> <span class='ocrx_word' id='word_1_857' title='bbox 3145 5404 3374 5473; x_wconf 87' lang='lat' dir='ltr'><strong>projccit</strong></span> <span class='ocrx_word' id='word_1_858' title='bbox 3426 5404 3642 5459; x_wconf 87' lang='lat' dir='ltr'><strong>abscis-</strong></span> 
     </span>
    </p>
   </div>
   <div class='ocr_carea' id='block_1_115' title="bbox 2060 5493 3642 5552">
    <p class='ocr_par' dir='ltr' id='par_1_115' title="bbox 2060 5493 3642 5552">
     <span class='ocr_line' id='line_1_115' title="bbox 2060 5493 3642 5552; baseline -0.002 -1"><span class='ocrx_word' id='word_1_859' title='bbox 2060 5513 2180 5552; x_wconf 87' lang='lat' dir='ltr'><strong>sum</strong></span> <span class='ocrx_word' id='word_1_860' title='bbox 2217 5515 2230 5549; x_wconf 90' lang='lat'><strong>:</strong></span> <span class='ocrx_word' id='word_1_861' title='bbox 2261 5508 2312 5550; x_wconf 87' lang='lat' dir='ltr'><strong>et</strong></span> <span class='ocrx_word' id='word_1_862' title='bbox 2335 5498 2414 5552; x_wconf 87' lang='lat' dir='ltr'><strong>sic</strong></span> <span class='ocrx_word' id='word_1_863' title='bbox 2459 5497 2752 5550; x_wconf 87' lang='lat' dir='ltr'><strong>imtnincns</strong></span> <span class='ocrx_word' id='word_1_864' title='bbox 2785 5495 3087 5548; x_wconf 87' lang='lat' dir='ltr'><strong>obsidionis</strong></span> <span class='ocrx_word' id='word_1_865' title='bbox 3115 5493 3314 5546; x_wconf 88' lang='lat' dir='ltr'><strong>avertit</strong></span> <span class='ocrx_word' id='word_1_866' title='bbox 3339 5507 3370 5546; x_wconf 91' lang='lat' dir='ltr'><strong>a</strong></span> <span class='ocrx_word' id='word_1_867' title='bbox 3415 5493 3642 5548; x_wconf 88' lang='lat' dir='ltr'><strong>civitate</strong></span> 
     </span>
    </p>
   </div>
   <div class='ocr_carea' id='block_1_116' title="bbox 2061 5581 3643 5659">
    <p class='ocr_par' dir='ltr' id='par_1_116' title="bbox 2061 5581 3643 5659">
     <span class='ocr_line' id='line_1_116' title="bbox 2061 5581 3643 5659; baseline -0.003 -16"><span class='ocrx_word' id='word_1_868' title='bbox 2061 5589 2361 5659; x_wconf 84' lang='lat' dir='ltr'><strong>periculum</strong></span> <span class='ocrx_word' id='word_1_869' title='bbox 2395 5587 2480 5656; x_wconf 89' lang='lat' dir='ltr'><strong>(Il</strong></span> <span class='ocrx_word' id='word_1_870' title='bbox 2525 5587 2649 5656; x_wconf 76' lang='lat' dir='ltr'><strong>Reg.</strong></span> <span class='ocrx_word' id='word_1_871' title='bbox 2712 5585 2828 5654; x_wconf 73' lang='lat' dir='ltr'><strong>xx).</strong></span> <span class='ocrx_word' id='word_1_872' title='bbox 2865 5583 3049 5637; x_wconf 84' lang='lat' dir='ltr'><strong>Altera</strong></span> <span class='ocrx_word' id='word_1_873' title='bbox 3101 5582 3295 5637; x_wconf 88' lang='lat' dir='ltr'><strong>mulier</strong></span> <span class='ocrx_word' id='word_1_874' title='bbox 3342 5583 3396 5636; x_wconf 91' lang='lat' dir='ltr'><strong>in</strong></span> <span class='ocrx_word' id='word_1_875' title='bbox 3429 5581 3643 5638; x_wconf 81' lang='lat' dir='ltr'><strong>Thebes</strong></span> 
     </span>
    </p>
   </div>
   <div class='ocr_carea' id='block_1_117' title="bbox 2059 5673 3639 5751">
    <p class='ocr_par' dir='ltr' id='par_1_117' title="bbox 2059 5673 3639 5751">
     <span class='ocr_line' id='line_1_117' title="bbox 2059 5673 3639 5751; baseline -0.004 -18"><span class='ocrx_word' id='word_1_876' title='bbox 2059 5680 2222 5751; x_wconf 66' lang='lat'><strong>“5</strong></span> <span class='ocrx_word' id='word_1_877' title='bbox 2252 5679 2490 5747; x_wconf 84' lang='lat' dir='ltr'><strong>fragmen</strong></span> <span class='ocrx_word' id='word_1_878' title='bbox 2527 5677 2679 5730; x_wconf 82' lang='lat' dir='ltr'><strong>mola:</strong></span> <span class='ocrx_word' id='word_1_879' title='bbox 2711 5676 2776 5729; x_wconf 88' lang='lat' dir='ltr'><strong>de</strong></span> <span class='ocrx_word' id='word_1_880' title='bbox 2804 5673 3207 5744; x_wconf 83' lang='lat' dir='ltr'><strong>propugnaculo</strong></span> <span class='ocrx_word' id='word_1_881' title='bbox 3233 5684 3400 5726; x_wconf 83' lang='lat' dir='ltr'><strong>turns</strong></span> <span class='ocrx_word' id='word_1_882' title='bbox 3419 5673 3639 5728; x_wconf 88' lang='lat' dir='ltr'><strong>immer-</strong></span> 
     </span>
    </p>
   </div>
   <div class='ocr_carea' id='block_1_118' title="bbox 2065 5767 3636 5837">
    <p class='ocr_par' dir='ltr' id='par_1_118' title="bbox 2065 5767 3636 5837">
     <span class='ocr_line' id='line_1_118' title="bbox 2065 5767 3636 5837; baseline -0.004 -12"><span class='ocrx_word' id='word_1_883' title='bbox 2065 5773 2154 5832; x_wconf 88' lang='lat' dir='ltr'><strong>sit,</strong></span> <span class='ocrx_word' id='word_1_884' title='bbox 2185 5780 2238 5822; x_wconf 86' lang='lat' dir='ltr'><strong>ct</strong></span> <span class='ocrx_word' id='word_1_885' title='bbox 2289 5767 2598 5823; x_wconf 72' lang='lat' dir='ltr'><strong>Abintelcclt</strong></span> <span class='ocrx_word' id='word_1_886' title='bbox 2645 5767 2853 5820; x_wconf 84' lang='lat' dir='ltr'><strong>fortiter</strong></span> <span class='ocrx_word' id='word_1_887' title='bbox 2883 5767 3245 5837; x_wconf 81' lang='lat' dir='ltr'><strong>oppugnantis</strong></span> <span class='ocrx_word' id='word_1_888' title='bbox 3273 5774 3456 5835; x_wconf 87' lang='lat' dir='ltr'><strong>caput,</strong></span> <span class='ocrx_word' id='word_1_889' title='bbox 3493 5779 3636 5819; x_wconf 89' lang='lat' dir='ltr'><strong>cerc-</strong></span> 
     </span>
    </p>
   </div>
  </div>
