4080 6194
500 378 604 435 619

930 378 988 432 S.
1029 377 1227 433 PETRI
1262 372 1539 432 DAMIANI
1575 370 1724 426 OPl’.
1766 365 2002 421 TOHUS
2034 363 2166 424 SBH
2207 361 2386 417 PARS
2420 360 2502 415 ΙΙΙ.
2538 388 2605 402 ο·-
2645 358 3005 417 OPUSCULA
3045 358 3275 415 VARIA.

3629 357 3732 414 420

515 490 780 557 hrumque
828 484 987 540 simul
1043 482 1267 538 obtrivit
1316 479 1516 550 (Judic.
1554 479 1675 542 ιι).
1718 476 1926 547 Abigail
1952 477 2139 533 nxorA
2167 473 2259 526 sed
2283 481 2609 541 conquestus
2630 480 2713 526 est
2752 472 2927 540 potius
2975 471 3229 525 Ecclesia:
3252 485 3362 525 suae
3387 455 3520 526 nihil
3543 486 3609 526 ex
3641 482 3733 527 tua

510 580 683 635 Nabal
714 596 742 633 a
775 579 933 634 domo
981 592 1077 632 sua
1114 575 1275 629 caedis
1323 573 1599 627 interitum
1642 581 1902 631 removet,
1956 567 2085 622 dum

512 675 610 728 viri
661 674 742 728 sui
793 670 1192 726 contemnendo
1242 667 1566 724 stultitiam,
1619 661 1873 718 irascenti
1914 657 2085 713 David

510 768 721 819 xeuium
765 763 969 834 praebet
1005 762 1054 832 (1
1096 760 1221 831 Reg.
1266 762 1415 819 xxv).
1465 758 1544 813 Tu
1590 770 1807 826 quoque
1860 769 1892 809 a
1922 753 2084 807 domo

506 862 591 903 tua
625 859 679 903 et
725 850 791 901 ab
833 848 916 901 bis
956 847 1151 915 quibus
1202 842 1517 913 pra-emines
1564 837 1891 908 regionibus,
1952 835 2063 906 gla-

505 945 646 994 dium
690 940 889 1008 poteris
918 939 1081 992 divini
1115 936 1311 990 furoris
1344 944 1607 995 avertere,
1652 933 1694 985 si
1744 931 1906 991 etiam
1952 927 2068 995 epi-

502 1031 680 1100 scopis
708 1029 1121 1100 negligentibus,
1160 1026 1428 1080 luxuriam
1464 1024 1515 1077 in
1566 1024 1677 1091 ipsa
1715 1016 2065 1074 ceclesiastici

502 1121 752 1173 culminis
804 1134 927 1173 arce
977 1118 1283 1178 subnixam,
1327 1114 1689 1170 elaboraveris
1734 1122 2063 1178 expugnare.

505 1215 615 1267 lloc
638 1214 779 1266 enim
810 1210 1144 1264 videturlieri
1176 1209 1381 1262 nuncin
1410 1206 1605 1259 finibus
1619 1202 2067 1261 Christianorum,

505 1305 645 1372 quod
697 1304 893 1356 factum
934 1302 1125 1371 legitur
1160 1316 1212 1353 ιιι
1266 1297 1541 1367 segetibus
1593 1292 2063 1347 Pbilisthinorum.

505 1394 637 1446 Nam
668 1393 807 1447 sicut
842 1401 992 1445 vetus
1024 1397 1209 1444 narrat
1261 1387 1491 1442 Historia
1528 1403 1543 1438 :
1573 1402 1590 1435 ‹
1635 1383 1791 1452 Cepit
1839 1380 2067 1434 Samson

505 1490 777 1535 trecentas
817 1479 1020 1547 vulpes,
1065 1478 1373 1545 caudasque
1408 1489 1593 1529 earum
1636 1470 1818 1539 junxit
1846 1469 1912 1522 ad
1942 1483 2071 1521 cau-

503 1575 700 1637 das,et
731 1572 874 1625 faces
919 1570 1106 1640 ligavit
1154 1569 1206 1621 in
1255 1567 1429 1621 medio
1461 1583 1474 1618 :
1511 1580 1646 1634 quas
1678 1563 1799 1632 igne
1845 1573 2071 1615 succen-

505 1663 639 1716 dens
668 1662 891 1724 dimisit,
918 1669 977 1712 ut
1001 1659 1104 1713 huc
1134 1658 1363 1725 illucque
1385 1655 1775 1715 discurrerent;
1805 1665 1924 1719 qua:
1958 1657 2068 1702 sta-

509 1752 603 1803 tim
637 1748 1069 1819 perrexeruntin
1123 1756 1329 1816 segetes
1371 1741 1835 1797 Philistbinorum.
1864 1737 2068 1802 Quibus

2166 560 2490 616 liberalitate
2521 561 2795 614 collatum.
2828 560 2998 624 Felix,
3025 561 3265 629 inquam,
3296 561 3445 614 dives
3478 562 3580 616 hoc
3603 570 3735 615 tem-

2165 666 2316 720 pore,
2357 638 2447 705 cui
2495 664 2753 719 suppares
2812 650 3125 703 convicanet
3181 650 3283 703 hoc
3328 650 3499 703 solum
3557 656 3737 704 valent

2165 742 2370 796 crimen
2420 741 2637 795 inferre.
2675 742 2732 794 In
2766 740 3167 794 Fructuariensi
3196 750 3343 794 certe
3383 742 3732 803 monasterio,

2167 831 2256 885 ubi
2288 846 2383 900 per
2410 831 2594 883 decem
2628 828 2741 883 fere
2768 829 2883 883 dies
2930 829 3220 897 hospitium
3253 829 3419 891 tenui,
3452 845 3610 898 quam
3641 832 3739 883 hu-

2168 935 2360 974 manus
2409 934 2678 988 quamque
2722 918 2904 973 suavis
2942 927 3065 973 tuus
3092 919 3423 988 principatus
3447 934 3590 973 esset
3638 920 3737 975 Ec-

2167 1012 2370 1075 clesiis,
2422 1012 2699 1065 evidenter
2736 1010 2966 1081 agnovi:
3002 1011 3090 1064 ubi
3138 1010 3389 1063 nimirum
3446 1011 3517 1063 ita
3563 1012 3738 1066 securi

2167 1103 2266 1155 sub
2299 1111 2402 1155 tua:
2422 1101 2767 1170 protectionis
2798 1100 3128 1165 umbraculo,
3162 1101 3270 1155 Deo
3299 1102 3605 1155 deserviunt
3628 1100 3738 1154 fra-

2169 1200 2382 1249 tres.ac
2410 1190 2454 1243 si
2481 1190 2580 1243 sub
2620 1190 2879 1243 maternis
2908 1188 3009 1242 alis
3056 1189 3183 1258 pulli
3229 1187 3613 1243 confoveantur
3642 1191 3740 1242 im-

2168 1281 2401 1350 plumes.
2427 1280 2494 1333 Et
2526 1294 2686 1348 quam
2718 1279 3107 1333 convenienter
3152 1277 3225 1331 illi
3266 1278 3381 1331 loco
3409 1277 3739 1332 Fructuarite

2168 1376 2251 1423 est
2301 1383 2495 1422 nomen
2546 1368 2873 1437 impositum,
2927 1368 3070 1436 quod
3112 1381 3218 1421 non
3279 1365 3500 1419 humani
3554 1380 3738 1420 sensus

2169 1457 2469 1523 industria,
2528 1457 2621 1511 sed
2669 1458 2847 1511 divina
2889 1458 3158 1513 credimus
3207 1455 3559 1524 dispositione
3609 1472 3737 1525 pro-

2169 1547 2365 1601 visum.

2240 1637 2373 1692 Nam
2404 1639 2529 1708 quia
2574 1637 2830 1708 Ephraim
2875 1645 3262 1711 tnterprbtatur
3307 1638 3626 1707 fecunditas;
3653 1638 3742 1692 ille

2168 1726 2355 1796 procul
2406 1727 2566 1782 dubio
2596 1742 2750 1782 mons
2776 1737 2859 1782 est
2904 1727 3181 1797 prraim,
3211 1727 3302 1783 ubi
3332 1728 3587 1782 nimirum
3625 1730 3738 1783 veri

506 1816 799 1903 succensis,
846 1838 1162 1894 confortatce
1195 1836 1307 1904 jam
1356 1834 1537 1903 fruges
1564 1841 1617 1885 et
1658 1831 1834 1884 adhuc
1859 1836 2063 1883 stantes
2095 1816 2140 1877 B
2171 1817 2420 1872 Israelita:
2450 1820 2771 1873 consistunt.
2796 1819 2895 1885 Qui
2918 1820 3041 1873 dum
3073 1835 3197 1873 arva
3222 1820 3479 1875 mentium
3509 1820 3741 1875 assiduis

510 1934 562 1986 in
608 1932 827 2000 stipula,
875 1938 1229 1984 concrematas
1271 1936 1394 1981 sunt
1440 1926 1493 1979 in
1523 1932 1749 1984 tantum,
1797 1929 1857 1974 ut
1889 1920 2073 1973 vineas

507 2038 720 2093 quoque
755 2030 809 2077 et
837 2021 1031 2079 oliveta
1081 2020 1293 2074 ﬂamma
1320 2023 1660 2072 consumeret
1682 2010 1741 2079 (.l
1751 2012 1890 2065 udic.
1907 2009 2019 2078 xv.)
2050 2027 2067 2059 ι

506 2178 637 2234 CAP.
677 2174 763 2230 lll.
799 2204 869 2214 —
905 2172 1057 2239 Quod
1095 2169 1344 2232 ha'rett'cr',
1375 2185 1435 2221 ac
1459 2165 1584 2239 ntali
1632 2162 1926 2219 sacerdotes
1972 2157 2075 2214 vul-

970 2310 973 2311 ν
1031 2242 1181 2311 pibus
1206 2241 1307 2293 sint
1332 2238 1548 2292 similes.

578 2354 705 2412 Haec
759 2353 917 2425 plane
960 2352 1207 2415 historia,
1262 2349 1389 2404 licet
1428 2344 1797 2418 principaliter
1836 2342 2080 2411 designat

509 2445 812 2509 haereticos,
835 2443 925 2512 qui
957 2440 1111 2511 quasi
1141 2438 1538 2494 trecentenario
1558 2450 1781 2490 numero
1801 2433 2079 2488 continen-

510 2546 622 2601 tur,
649 2535 774 2605 quia
804 2542 1004 2589 sancta:
1044 2531 1328 2585 Trinitatis
1369 2529 1528 2583 fidem
1558 2528 1882 2582 verbotenus
1912 2524 2081 2578 conti-

509 2635 733 2690 tentur;
763 2624 856 2679 sed
898 2623 1023 2677 dum
1070 2622 1169 2676 sub
1190 2619 1492 2674 velamento
1529 2616 1842 2672 orthodoxae
1865 2613 1985 2667 fidei
2026 2612 2079 2665 in

510 2716 684 2785 prima
707 2711 974 2767 sermonis
999 2710 1078 2765 sui
1119 2709 1297 2763 fronte
1319 2722 1376 2761 se
1406 2706 1649 2775 palliant,
1683 2704 1861 2773 ignem
1902 2714 2081 2770 prava:

508 2804 770 2856 doctrina:
801 2801 853 2853 in
878 2797 1287 2868 posterioribus,
1316 2810 1421 2864 quo
1449 2793 1629 2863 fruges
1649 2793 1887 2844 oumium
1916 2791 2082 2843 bono-

513 2905 629 2942 rum
655 2902 876 2958 operum
893 2894 1211 2948 exurantnr,
1233 2883 1520 2937 occultant.
1547 2880 1822 2946 Quamvis,
1842 2879 2081 2946 inquam,

519 2995 616 3050 per
640 2981 739 3035 bas
772 2978 959 3047 vulpes
987 2976 1334 3046 designentur
1365 2973 1625 3035 hmretici,
1654 2972 1737 3025 his
1766 2980 1944 3024 tamen
1995 2970 2080 3022 in-

511 3070 854 3125 continentes
876 3068 1056 3123 clerici
1097 3082 1217 3121 cum
1247 3066 1360 3121 suis
1412 3064 1689 3134 pellicibus
1718 3069 1942 3132 possunt
1975 3075 2080 3114 non

515 3160 973 3235 inconvenienterg
999 3157 1169 3228 aptari
1215 3172 1231 3210 :

513 3253 855 3324 gradiuntur,
893 3251 1016 3303 dum
1054 3246 1351 3302 honestatis
1398 3243 1688 3314 aliquando
1744 3241 1979 3311 speciem
2009 3239 2082 3293 si-

515 3346 717 3401 mulate
747 3345 1102 3415 praetendunt.
1154 3341 1260 3397 Sed
1288 3356 1408 3395 eum
1437 3339 1681 3393 accensis
1711 3333 1915 3391 facibus
1938 3348 2083 3389 com-

516 3437 776 3491 binantur
819 3436 871 3489 in
905 3433 1126 3489 caudis:
1159 3432 1286 3503 quia
1322 3429 1476 3501 quasi
1528 3426 1848 3498 postposito,
1900 3432 1971 3486 et,
2026 3423 2081 3477 in

515 3535 774 3597 quantum
804 3525 1007 3587 valent,
1030 3524 1245 3578 occulto
1272 3523 1395 3592 igne
1426 3518 1680 3591 impudici
1711 3514 2086 3587 conglutinati-

516 3627 607 3671 tur
634 3616 853 3670 amoris.
878 3614 969 3668 Ha:
998 3616 1177 3684 itaque
1208 3611 1649 3683 vulpeculm,igne
1674 3605 2081 3669 interveniente,

516 3704 833 3773 conjunctae,
883 3714 936 3757 et
988 3703 1224 3757 libidinis
1261 3702 1468 3756 facibus
1515 3699 1855 3759 combinatte,
1904 3695 2082 3749 omnia

516 3794 958 3850 Philistbinorum
991 3802 1106 3847 sata
1131 3801 1488 3856 consumunt;
1516 3791 1642 3861 quia
1672 3787 1944 3859 spiritales
1973 3784 2085 3838 fru-

516 3895 643 3941 etus
673 3885 928 3940 Ecclesia:
980 3884 1283 3947 destruunt,
1323 3893 1380 3938 et
1422 3892 1684 3953 quantum
1737 3881 1804 3935 ad
1833 3897 1912 3946 se,
1945 3880 2084 3934 bona

517 3995 680 4051 opera
714 3978 886 4033 ﬁdelis
912 3977 1115 4047 populi,
1144 3977 1338 4031 divinae
1369 3975 1751 4046 indignationis
1804 3974 1925 4044 igne
1964 3991 2086 4031 suc-

518 4070 772 4132 cendunt,
801 4068 866 4122 de
890 4084 994 4137 quo
1028 4068 1152 4136 igne
1176 4065 1400 4137 mystice
1448 4081 1543 4135 per
1584 4064 1922 4119 Psalmistam
1954 4064 2088 4119 (lici-

519 4169 607 4212 tur
637 4173 652 4212 :
689 4178 709 4209 ‹
742 4158 986 4212 Tradidit
1015 4157 1260 4226 graudiui
1306 4155 1547 4231 iumenta
1569 4170 1776 4221 eorum,
1800 4165 1854 4209 et
1875 4170 2084 4225 posses-

518 4250 699 4302 siones
720 4262 904 4301 eorum
941 4246 1047 4315 igni
1090 4244 1263 4314 (Psal.
1312 4248 1540 4314 uxvn).
1575 4261 1595 4295 ι
1628 4244 1890 4310 Quoniam
1944 4246 2086 4299 sicut

520 4340 643 4395 boni
680 4340 985 4392 sacerdotes
1036 4336 1143 4391 Deo
1181 4336 1542 4406 quorumlibet
1584 4336 1818 4389 Iidelium
1856 4336 2086 4389 oblatio-

523 4444 618 4483 nes
646 4438 699 4482 et
747 4437 871 4481 vota
893 4428 1309 4489 commendant;
1347 4426 1418 4479 ita
1449 4426 1759 4495 plerumque
1786 4426 1876 4495 qui
1914 4430 2084 4483 sacris

2174 1924 2342 1964 sacrm
2373 1909 2666 1979 Scriptura:
2690 1910 2993 1973 sententiis,
3024 1911 3181 1978 quasi
3205 1911 3520 1980 quibusdam
3551 1912 3741 1981 ligoni-

2174 1999 2276 2053 bus
2294 1999 2569 2063 excolunt,
2595 2000 2787 2054 uberes
2817 2000 2925 2054 illic
2954 2000 3313 2068 spiritualium
3343 2010 3582 2070 segetum
3622 2016 3744 2070 pro-

2175 2099 2368 2144 ventus
2415 2099 2726 2158 erumpunt,
2759 2091 2851 2159 qui
2881 2090 3191 2145 caelestibus
3245 2091 3453 2146 horreis
3482 2091 3743 2161 angelitus

2176 2180 2496 2237 inferantur.
2528 2182 2635 2239 Ille.
2691 2182 2931 2250 inquam,
2958 2196 3086 2237 vere
3134 2196 3291 2236 mons
3319 2190 3403 2237 est
3452 2180 3702 2250 prraim
3724 2221 3740 2244 ,

2177 2271 2460 2325 ubirobur
2482 2270 2779 2336 exercitus,
2797 2270 2886 2324 ubi
2918 2268 3133 2324 fortium
3171 2285 3373 2324 cuneus
3405 2270 3740 2324 bellatorum.

2176 2359 2252 2413 lbi
2283 2368 2471 2414 contra
2529 2359 2797 2414 diabolum
2861 2360 3077 2415 assidue
3126 2359 3330 2431 geritur
3376 2359 3744 2415 infmderabile

2177 2446 2398 2513 bellum,
2421 2457 2475 2501 et
2497 2448 2740 2502 cominus
2770 2448 2822 2503 in
2849 2464 2997 2502 arma
3027 2448 3392 2519 congreditur,
3415 2449 3541 2503 hinc
3554 2462 3742 2519 agmen

2178 2538 2569 2603 lsraelitarum,
2636 2537 2782 2592 illinc
2834 2538 3106 2593 exercitus
3180 2537 3574 2593 Chaldteorum.
3630 2538 3743 2591 Illic

2179 2627 2327 2697 Agag
2358 2626 2740 2697 pinguissimus
2785 2641 2881 2695 per
2903 2642 3120 2680 manum
3150 2626 3459 2681 sobrietatis
3490 2627 3542 2681 in
3573 2626 3741 2681 frusta

2180 2716 2486 2770 conciditur
2520 2714 2571 2783 (Ι
2609 2715 2740 2785 Reg.
2764 2714 2885 2784 xv);
2939 2724 2995 2770 et
3028 2715 3197 2783 Eglon
3234 2732 3328 2770 rex
3372 2716 3526 2771 Moab
3572 2727 3749 2771 trans-

2181 2806 2289 2861 fixo
2312 2805 2539 2871 femore,
2570 2807 2837 2861 castitatis
2877 2806 3056 2875 gladio
3084 2808 3387 2862 trucidatur
3414 2808 3613 2877 (ludio.
3638 2809 3745 2878 ιιι).

2181 2895 2283 2962 Qui
2342 2895 2511 2965 Eglon
2563 2895 2947 2965 interpretatur
2988 2895 3177 2951 vitulus
3215 2898 3469 2962 rumoris,
3495 2905 3554 2951 ut
3597 2898 3753 2953 victi-

2182 2999 2322 3037 mam
2351 2983 2616 3053 significet
2648 2984 2979 3053 perditionis.
3004 2984 3117 3038 Illic
3134 2985 3544 3049 Madranitarum
3573 3002 3745 3058 reges,

2183 3069 2357 3126 Zebee
2385 3079 2441 3125 et
2466 3071 2740 3137 Salmana,
2768 3073 2884 3127 veri
2913 3072 3178 3128 Gedeonis
3200 3074 3376 3143 gladio
3417 3076 3751 3145 perimuntur

1279 3156 1371 3226 qui
1418 3155 1572 3225 quasi
1622 3152 1812 3208 solutis
1854 3151 2078 3222 pedibus
2104 3145 2152 3209 α
2183 3161 2389 3232 (Judic.
2418 3162 2575 3232 vin);
2611 3162 2720 3217 illic
2752 3162 2805 3216 in
2850 3163 3090 3225 Goliath,
3141 3163 3406 3234 superbia:
3456 3174 3617 3236 caput
3653 3166 3751 3222 ab-

2184 3252 2520 3323 seinditur(l
2556 3252 2681 3324 Reg.
2708 3253 2869 3325 xvn);
2901 3254 2953 3309 in
2985 3254 3110 3309 Saul
3165 3255 3529 3312 inobedientia
3569 3273 3747 3326 repro—

2185 3341 2347 3396 batur
2370 3341 2421 3413 (Ι
2452 3340 2577 3411 Reg.
2599 3345 2722 3414 xv);
2757 3344 2810 3398 in
2856 3343 3125 3399 Achitofet
3178 3344 3324 3400 fraus
3348 3363 3469 3402 cum
3494 3348 3638 3403 omni
3665 3364 3752 3404 sa-

2184 3433 2384 3503 crilega
2423 3433 2735 3505 duplicitate
2791 3436 3139 3505 suspenditur
3183 3435 3269 3507 (II
3316 3435 3444 3507 Reg.
3478 3437 3639 3509 xvii);
3696 3437 3752 3491 in

2184 3522 2369 3577 Achan
2402 3521 2512 3577 ﬁlio
2536 3521 2777 3588 Charmi,
2818 3540 2979 3594 super
2998 3526 3278 3580 avaritiam
3306 3526 3491 3597 ingens
3516 3527 3752 3597 lapidum

2184 3615 2461 3685 congeries
2490 3615 2957 3686 cumulatnr(Jos.
2991 3621 3109 3687 vn).
3157 3616 3231 3670 lbi
3277 3615 3453 3682 Jesus,
3498 3633 3603 3671 non
3660 3618 3754 3673 ille

2185 3703 2392 3762 Benun.
2419 3706 2687 3759 veraciter
2711 3705 3141 3762 Amorrhzeorum
3159 3717 3375 3780 superat
3392 3723 3568 3779 reges,
3594 3723 3746 3763 suos-

2183 3807 2287 3863 que
2323 3794 2521 3849 milites
2566 3794 2915 3851 faciteorum
2941 3797 3154 3853 calcare
3200 3799 3440 3854 cervices
3464 3797 3598 3867 (los.
3642 3800 3745 3869 ιι).

2184 3885 2297 3940 Illic
2326 3886 2486 3956 plane
2516 3887 2752 3943 Beseleel
2801 3889 2867 3943 de
2895 3888 3050 3959 lignis
3093 3888 3274 3954 setim,
3324 3891 3413 3959 qui
3442 3900 3755 3959 putrescere

2186 3976 2455 4040 nesciunt,
2486 3976 2596 4031 Deo
2632 3976 2798 4032 Israel
2847 3992 3032 4032 aream
3068 3978 3316 4043 fabricat,
3348 3979 3752 4035 tabernaculum

2186 4067 2475 4131 construit,
2529 4081 2753 4122 aureum
2795 4082 2916 4121 cum
2955 4076 3159 4138 septem
3213 4069 3451 4125 lucernis
3507 4069 3758 4124 candela-

2186 4154 2342 4209 brum
2366 4157 2563 4225 erigit;
2594 4157 2819 4228 mystica
2862 4172 3075 4227 quoque
3119 4174 3274 4226 auro,
3302 4159 3633 4229 gemmisque
3675 4158 3756 4211 ni-

2188 4246 2353 4299 tentia
2415 4247 2757 4301 sacerdotum
2822 4258 3139 4302 ornamenta
3224 4248 3497 4315 componit
3558 4247 3752 4319 (Exod.

2187 4350 2335 4388 xxxn
2363 4334 2401 4401 ).
2428 4335 2500 4389 Ibi
2534 4334 2784 4390 Salomon
2818 4337 3074 4407 templum
3124 4338 3351 4392 Domino
3390 4352 3457 4391 ex
3488 4337 3753 4407 lapidibus

2186 4423 2438 4491 pretiosis
2478 4423 2729 4488 aedificat,
2758 4432 3071 4494 tantumque
3100 4426 3312 4481 latentis
3366 4436 3424 4480 et
3463 4437 3759 4481 caementa-

522 4518 782 4573 altaribus
833 4516 1035 4586 indigni
1093 4525 1235 4579 sunt,
1288 4517 1612 4571 liorribiliter
1659 4527 1901 4586 gravant.
1933 4520 2084 4584 Quod
2110 4500 2163 4560 Ῑ)
2190 4513 2285 4583 riis
2307 4512 2578 4567 Silentium
2611 4514 2861 4583 imperat,
2896 4525 2956 4570 υι
3004 4530 3110 4570 "0n
3147 4515 3219 4570 ibi
3247 4515 3517 4580 malleum.
3548 4531 3649 4569 "0"
3678 4531 3758 4569 SC-

522 4618 701 4663 autem
733 4607 855 4662 mali
903 4606 1214 4662 sacerdotes
1241 4607 1489 4675 vulpibus
1511 4615 1911 4675 comparentur,
1949 4608 2085 4664 Eze-

521 4701 661 4757 chiel
693 4715 907 4770 quoque
970 4697 1227 4768 propheta
1277 4706 1524 4761 testatur,
1579 4699 1810 4752 dicens:
1846 4717 1865 4749 ‹
1923 4698 2087 4765 Quasi

522 4796 710 4865 vulpes
740 4794 792 4847 in
815 4792 1043 4848 desertis
1070 4791 1346 4860 prophetae
1370 4791 1638 4855 tnierant,
1686 4789 1847 4844 Israel
1869 4788 2087 4862 (Ezeclr.

526 4884 664 4953 stu).
713 4902 731 4936 ι
776 4882 840 4936 Et
901 4882 969 4936 de
1026 4880 1236 4935 clericis
1264 4880 1479 4951 quidem
1529 4880 1741 4935 interim
1800 4880 1900 4935 ista
1946 4879 2094 4936 sulti-

523 4973 689 5029 ciant.

593 5061 670 5116 De
691 5060 933 5115 ecclesiis
959 5067 1158 5122 autem,
1181 5075 1300 5130 quae
1315 5061 1409 5115 tibi
1431 5059 1697 5129 adjacent,
1716 5061 2083 5125 admonerem,

524 5170 593 5210 ne
620 5167 769 5207 more
795 5166 1082 5221 pravorum
1116 5151 1479 5219 quorumlibet
1507 5152 1752 5212 divitum,
1778 5167 1963 5206 earum
1986 5152 2085 5205 bo-

525 5262 594 5301 na
624 5246 921 5309 minueres;
951 5244 1043 5298 sed
1068 5258 1190 5296 cum
1217 5251 1268 5298 te
1290 5252 1574 5312 prtesente,
1608 5242 1786 5311 plures
1810 5244 2085 5315 nobiscum

523 5336 959 5403 colloquerentur
982 5333 1214 5402 episcopi
1247 5332 1800 5401 mouasteriornmque
1816 5344 2085 5386 reetores:

526 5424 703 5477 nullus
725 5438 908 5477 eorum
934 5420 1051 5483 fuit,
1071 5420 1163 5489 qui
1191 5420 1272 5474 vel
1300 5436 1328 5473 a
1354 5428 1425 5482 te,
1456 5419 1537 5471 vel
1570 5437 1596 5472 a
1636 5420 1741 5473 tuis
1768 5429 2085 5489 procurato-

526 5514 675 5566 ribus
714 5514 877 5565 ultam
929 5512 1031 5566 sibi
1066 5511 1363 5566 molestiam
1404 5521 1829 5581 conquereretur
1877 5511 2086 5575 inferri,

526 5612 720 5670 prater
772 5601 936 5672 ιιθ
982 5605 1369 5673 Augustenscm
1417 5602 1679 5656 duntaxat
1721 5602 2030 5671 episcopum
2071 5617 2085 5653 :

524 5692 617 5759 qui
641 5701 818 5747 tamen
846 5708 951 5748 non
988 5705 1091 5747 ate
1117 5694 1217 5747 sibi
1248 5695 1316 5749 de
1348 5695 1460 5751 suis
1485 5694 1683 5764 aliquid
1725 5694 2087 5761 imminutum,

2189 4604 2383 4668 curim,
2423 4620 2527 4658 non
2569 4602 2953 4659 ferramentum
3003 4606 3217 4674 aliquod
3252 4606 3448 4659 tinnire
3479 4604 3759 4673 permittat

2191 4692 2310 4763 (III
2334 4693 2460 4765 Reg.
2489 4696 2585 4765 v1).
2620 4694 2694 4749 lbi
2723 4696 3021 4750 Zorobabel
3052 4696 3193 4750 illius
3225 4695 3506 4761 Salatblel,
3531 4693 3760 4749 etlosnc

2190 4785 2334 4841 filius
2358 4785 2646 4853 Iosedech,
2698 4802 2820 4842 cum
2868 4797 3061 4843 caetera
3110 4787 3452 4843 multitudine
3498 4788 3758 4841 virtutum

2192 4876 2361 4930 armis
2386 4876 2635 4939 accincti,
2668 4876 2747 4931 sic
2776 4876 3105 4932 Hierusalem
3142 4891 3323 4932 muros
3354 4878 3677 4938 instaurant,
3703 4880 3764 4929 ut

2192 4975 2368 5021 tamen
2406 4967 2665 5021 adversus
2692 4965 2925 5020 hostium
2954 4982 3155 5021 cuneos
3198 4982 3334 5038 opus
3389 4966 3647 5035 impedire
3673 4980 3767 5019 vo-

2190 5058 2435 5122 lentium,
2468 5073 2710 5128 pugnare
2760 5072 2866 5111 nou
2919 5057 3186 5113 desinant.
3234 5058 3532 5127 Utrobique
3595 5055 3764 5126 igitur

2190 5147 2428 5200 solerter
2454 5148 2678 5205 intenti.
2716 5148 3004 5216 utrobique
3043 5148 3240 5216 parati,
3270 5148 3395 5202 dum
3434 5163 3539 5201 una
3566 5161 3767 5200 manus

2187 5244 2471 5289 exercetur
2507 5236 2572 5289 ad
2609 5250 2841 5299 murum,
2874 5236 3043 5290 altera
3066 5238 3334 5291 vibratum
3362 5245 3507 5291 tenet
3541 5235 3754 5305 iugiter

2191 5326 2424 5396 gladium
2458 5342 2472 5377 :
2502 5334 2556 5379 et
2584 5326 2708 5379 dum
2739 5326 2865 5380 hinc
2891 5326 3102 5382 aedificii
3145 5336 3420 5384 structura
3449 5328 3752 5399 perficitur,

2195 5417 2337 5472 illinc
2382 5417 2741 5487 ingruentium
2797 5419 3031 5473 hostium
3081 5419 3361 5475 barbaries
3419 5420 3764 5491 propulsatur

2194 5509 2244 5583 (1
2272 5510 2428 5564 Esdr.
2453 5525 2511 5563 ιιι
2542 5526 2555 5574 ;
2590 5508 2646 5562 11
2683 5511 2841 5564 Esdr.
2873 5512 2969 5581 tv).
3392 5500 3405 5505 ’

2264 5602 2329 5655 Ει
2357 5601 2483 5670 quid
2521 5602 2748 5672 amplius
2777 5603 3030 5672 eloquar?
3054 5603 3163 5659 Nisi
3197 5606 3320 5674 quia
3372 5605 3461 5660 illa
3489 5612 3570 5658 est
3594 5602 3764 5657 cilici-

2196 5707 2265 5746 na
2313 5689 2539 5757 fabrilis,
2570 5692 2625 5746 iu
2674 5708 2780 5762 qua
2834 5693 3075 5750 mulieris
3113 5695 3437 5765 evangelica:
3481 5692 3765 5765 (Luam)
