3994 6188
428 326 515 381 ιει

1131 315 1373 375 OPIISC.
1416 316 1599 373 XVIII.
1631 345 1700 357 —
1737 316 2009 373 CONTRA
2045 311 2614 371 INTEIIPEIIANTES
2654 302 3017 366 CLERICOS.

3558 304 3657 361 491

427 436 681 493 drachma
731 430 971 501 quotidie
1008 429 1219 485 malleis
1246 430 1542 498 disciplina:
1588 428 1850 499 regularis
1891 445 1987 483 ex-
2018 436 2061 491 Α
2091 430 2392 499 respondit:
2417 426 2505 481 «ιιι
2525 427 3115 495 resurreCtioneneque
3135 423 3363 489 nubent,
3382 436 3554 493 neque
3571 438 3668 475 nu-

428 524 686 585 tuuditnr,
713 532 767 575 et
783 522 861 574 sic
887 521 952 574 ad
983 521 1063 574 sui
1098 519 1400 574 Conditoris
1430 519 1712 588 imaginem
1742 516 1893 587 (Gen.
1927 520 1990 587 ι),

429 616 492 669 ad
548 628 711 682 quam
779 611 1044 681 principio
1101 611 1318 665 condita
1388 610 1585 673 fuerat,
1646 609 1988 663 reformatur.

429 705 493 759 Et
540 719 727 758 revera
780 702 887 755 illic
932 701 1212 755 mundana:
1266 700 1556 755 .machina:
1630 698 1824 760 faber,

427 795 586 867 417
613 793 880 855 videlicet,
903 791 1228 860 evangelista
1251 790 1431 843 Marco
1458 798 1706 854 testante,
1737 789 1950 844 dicebat
1977 806 1990 842 :

435 904 453 936 ι
497 883 650 937 Unde
679 883 801 934 huic
836 882 951 934 lucc
984 880 1187 941 omnia,
1223 888 1275 933 et
1298 895 1417 947 qua:
1450 888 1534 932 est
1578 879 1842 947 sapientia
1875 893 1995 947 qua:

432 974 555 1027 data
585 980 668 1025 est
696 969 793 1034 illi,
814 979 870 1023 et
898 969 1124 1021 virtutes
1177 967 1329 1028 tales,
1375 981 1495 1035 qua:
1525 982 1621 1035 per
1647 980 1835 1019 manus
1881 964 1999 1033 ejus

433 1061 771 1117 efficiuntur?
797 1058 982 1113 Nonne
1005 1058 1107 1111 iste
1129 1067 1214 1111 est
1232 1056 1369 1111 fabri
1390 1057 1530 1109 filius
1550 1055 1817 1120 etMariaa,
1836 1054 2000 1109 frater

432 1153 709 1215 .Iacobi,et
736 1150 1027 1219 Joseph,et
1050 1148 1222 1212 Judze,
1252 1158 1305 1201 et
1334 1148 1609 1202 Simonis?
1633 1167 1652 1199 ›
1682 1147 1873 1217 (Marc.
1897 1148 1998 1218 vt.)

435 1246 550 1307 Ille.
586 1247 827 1314 inquatn,
885 1242 1021 1295 fabri
1085 1241 1248 1304 filius,
1270 1241 1361 1309 qui
1393 1250 1447 1293 et
1499 1241 1611 1309 ipse
1655 1239 2001 1293 nihilominus

437 1338 606 1401 faber,
665 1336 772 1390 illic
836 1333 1066 1403 propriis
1130 1334 1378 1385 manibus
1440 1332 1610 1401 agitat
1667 1330 1840 1392 folles,
1895 1343 2003 1382 ser-

436 1447 533 1484 vos
592 1428 798 1484 scilicet
853 1441 999 1489 suos,
1035 1439 1213 1479 rerum
1273 1424 1643 1492 temporalium
1683 1421 1821 1476 mole
1849 1421 2002 1490 peni-

437 1530 525 1573 tus
544 1533 765 1582 vacuos,
790 1516 927 1569 etab
948 1514 1092 1568 omni
1124 1511 1323 1566 terreni
1352 1498 1553 1565 amoris
1585 1512 1806 1565 humore
1832 1511 2005 1563 sicca-

438 1620 541 1663 tos.
573 1608 646 1661 De
674 1622 782 1675 quo
818 1605 969 1659 fabro
997 1619 1093 1673 per
1121 1601 1310 1655 Isaiam
1330 1601 1507 1655 divina
1533 1615 1633 1654 vox
1662 1600 1736 1651 ait
1762 1616 1775 1651 :
1814 1617 1832 1649 ι
1867 1598 2006 1652 Ecce

436 1713 538 1769 ego
584 1696 759 1751 creari
808 1694 1016 1749 fabrum
1048 1691 1348 1747 sufflantem
1397 1691 1450 1744 in
1502 1690 1676 1757 ignem
1705 1703 1923 1755 prun-is,
1952 1695 2007 1741 et

2090 523 2306 584 bentur,
2327 520 2417 575 sed
2432 519 2749 574 eruntsicut
2760 517 2933 588 angeli
2948 517 3041 572 Dei
3058 517 3111 571 in
3127 516 3268 571 cmlo
3285 514 3510 583 (Matth.
3528 526 3689 593 xxtt;

2090 613 2218 668 Luc.
2246 612 2361 683 xx).
2389 629 2408 663 ι
2432 610 2589 676 Nam,
2627 610 2671 666 si
2703 609 2992 664 multivirae
3020 610 3085 662 ad
3114 622 3339 673 regnum
3369 606 3462 661 Dei
3489 605 3633 660 nulla
3656 632 3669 643 -

1906 698 1992 753 Olli
2087 716 2245 761 tenus
2268 705 2624 773 pertinerent,
2654 717 3000 773 nequaquam
3028 700 3116 755 hic
3137 692 3351 754 Veritas
3373 695 3667 764 responde-

2088 808 2209 853 ret:
2242 798 2415 853 Erunt
2438 796 2581 851 sicut
2604 796 2778 865 angeli
2805 797 2857 848 in
2882 796 3063 856 cmlo;
3092 795 3185 849 sed
3207 792 3387 860 potius
3414 790 3617 845 diceret
3646 803 3662 840 :

2089 889 2222 958 Quia
2250 898 2408 943 erunt
2437 890 2579 943 sicut
2605 887 2824 955 maligni
2857 886 3085 955 spiritus
3106 882 3160 937 iu
3196 881 3434 936 inferno.
3472 878 3529 933 In
3560 879 3663 933 hoc

2090 982 2267 1044 itaque
2300 979 2600 1033 Salvatoris
2622 979 2792 1032 verbo
2817 974 3103 1029 manifeste
3131 973 3431 1039 colligitur,
3461 970 3583 1037 quia
3614 968 3661 1021 si

2098 1056 2346 1127 religiosa
2379 1058 2640 1109 duntaxat
2676 1057 2786 1110 vita
2818 1072 2922 1110 non
2953 1056 3115 1117 desit,
3141 1069 3169 1106 a
3212 1068 3374 1121 regno
3417 1052 3675 1105 cwlorum

2100 1147 2423 1217 frequentati
2453 1146 2687 1215 conjugii
2740 1146 3021 1214 pluralitas
3070 1160 3173 1198 non
3226 1143 3484 1197 excludit.
3521 1140 3677 1196 Jesus

2099 1239 2242 1293 enim
2292 1237 2411 1291 talis
2442 1246 2523 1290 cst
2564 1252 2815 1306 sponsus,
2850 1246 2906 1289 ut
2945 1249 3322 1304 quamcunque
3372 1232 3540 1303 418
3566 1247 3678 1285 sua:

2101 1327 2384 1382 charitatis
2416 1327 2555 1381 ulnis
2589 1327 2951 1397 amplectitur,
2980 1326 3231 1396 protinus
3272 1325 3324 1377 in
3367 1338 3430 1377 ea
3479 1322 3681 1376 floridae

2102 1419 2370 1474 castitatis
2397 1418 2660 1473 munditia
2688 1427 2989 1488 reparetur.
3022 1417 3089 1471 Et
3118 1418 3230 1470 haec
3252 1414 3466 1484 loquar,
3489 1430 3596 1467 non
3621 1422 3680 1466 ut

2105 1514 2387 1567 adhibeam
2418 1511 2734 1565 tuuftinnbis
2767 1511 2942 1565 adhuc
2986 1508 3181 1562 futuris
3222 1507 3535 1571 audaciam;
3568 1507 3681 1568 sed,

2106 1614 2165 1659 ut
2184 1604 2297 1670 jam
2342 1603 2530 1668 factis,
2564 1604 2713 1672 spei,
2745 1601 2826 1657 vel
2854 1588 3183 1672 ptebitentite
3214 1616 3320 1655 non
3366 1600 3683 1654 subtraham

2107 1695 2454 1750 medicinam.

436 1788 795 1860 proferentcm
823 1800 919 1839 vas
948 1785 1002 1838 in
1034 1800 1168 1853 opus
1195 1797 1352 1837 suum
1384 1779 1519 1851 (Isai
1543 1780 1673 1847 Liv).
1718 1798 1735 1828 ι
1774 1776 1924 1832 Unde
1952 1786 2007 1830 et
2036 1777 2081 1836 B
2109 1782 2235 1837 Cap.
2257 1782 2348 1835 IV.
2380 1812 2449 1821 —
2470 1785 2619 1846 Quoa
2664 1792 2805 1833 zelus
2833 1796 2894 1860 at:
2923 1781 3103 1860 pietas
3132 1781 3185 1832 in
3210 1777 3391 1849 judice
3419 1778 3685 1833 moderate

432 1877 735 1933 Jeremias:
772 1894 791 1927 ι
824 1873 1045 1938 Omnes,
1069 1873 1263 1942 inquit,
1298 1871 1385 1925 isti
1422 1870 1691 1939 principes
1713 1868 2005 1931 declinant,

435 1966 772 2020 ambulantes
822 1962 1187 2017 fraudulenter
1218 1978 1232 2015 :
1263 1975 1337 2015 ws
1380 1968 1434 2015 et
1476 1958 1711 2023 ferrum,
1769 1955 2008 2010 universi

434 2056 674 2125 corrupti
720 2064 876 2118 sunt;
929 2050 1129 2106 defecit
1174 2048 1565 2111 sufﬂatorinm;
1618 2047 1670 2100 in
1710 2046 1830 2116 igne
1881 2059 2013 2099 con-

434 2156 708 2216 sumptum
736 2156 817 2199 est
844 2144 1151 2215 plumbum,
1202 2141 1401 2194 frustra
1440 2137 1690 2193 conflavit
1729 2136 2009 2202 conflatur,

434 2238 655 2293 malitia:
683 2237 827 2292 enim
871 2250 1058 2289 eorum
1090 2249 1195 2287 non
1244 2241 1370 2287 sunt
1422 2238 1788 2299 consumptae:
1817 2241 2009 2297 argen-

436 2339 551 2384 tum
606 2327 887 2397 reprobum
924 2334 1111 2379 vocate
1160 2338 1275 2389 eos,
1324 2322 1447 2391 quia
1485 2321 1742 2375 Dominus
1786 2319 2013 2388 projecit

443 2417 567 2471 illos
597 2416 730 2486 (λετ.
762 2414 859 2485 vt).
891 2433 909 2466 ι

506 2516 608 2570 Per
638 2516 738 2570 hos
782 2515 962 2583 itaque
990 2512 1097 2567 vim
1145 2511 1377 2582 Spiritus
1412 2510 1585 2564 sancti
1616 2508 1789 2574 efIIat,
1826 2516 1885 2562 ut
1916 2522 2010 2562 co-

434 2623 559 2663 rum
605 2607 807 2670 verbis,
841 2606 924 2659 vel
973 2604 1234 2674 exemplis
1262 2604 1314 2657 in
1364 2619 1548 2657 amore
1580 2602 1886 2657 Conditoris
1933 2601 2014 2655 sui

431 2699 637 2769 frigida
685 2697 844 2751 corda
898 2694 1221 2750 fervescunt.
1261 2693 1374 2748 Illic
1418 2694 1575 2763 plane
1604 2691 1761 2747 Jesus
1782 2706 1922 2761 sarpe
1948 2691 2015 2744 ad

434 2790 731 2862 discipulos
764 2804 889 2844 suos
908 2786 1089 2856 januis
1110 2786 1306 2842 clausis
1342 2785 1642 2857 ingreditur
1665 2784 1816 2855 (Luc.
1849 2798 2011 2847 xxrv;

435 2882 603 2937 Joau.
636 2881 729 2952 xx)
754 2899 765 2933 :
796 2878 992 2950 quibus
1022 2893 1127 2932 non
1153 2878 1312 2931 modo
1342 2892 1436 2946 per
1465 2876 1843 2930 salutationem
1867 2873 2017 2943 pacis

436 2972 647 3042 prmbct
663 2970 977 3039 alloquium,
1007 2968 1100 3022 sed
1128 2966 1292 3021 etiam
1321 2982 1416 3037 per
1446 2964 1856 3020 insufflationem
1888 2980 2017 3019 sanc

433 3065 509 3119 cti
564 3062 798 3132 Spiritus
843 3058 1013 3114 influit
1055 3067 1469 3112 sacramentum.
1511 3058 1566 3111 ln
1600 3057 1690 3110 illo
1737 3055 2015 3110 cmnaculo

432 3154 646 3210 Pascha
686 3151 926 3222 quotidie
958 3164 1081 3205 cum
1110 3149 1312 3204 eisdem
1344 3147 1619 3217 discipulis
1645 3147 1884 3202 celebrat
1911 3164 1924 3200 :
1958 3155 2014 3201 et

433 3246 568 3300 dum
614 3243 867 3297 virtutem
912 3240 1123 3312 mystici
1153 3237 1419 3294 sermonis
1440 3245 1671 3302 eructat,
1701 3251 1795 3292 eos
1817 3237 1885 3291 ad
1919 3252 2012 3291 ar-

436 3336 626 3389 dorem
653 3347 765 3387 sua:
794 3330 1096 3387 dilectionis
1117 3328 1431 3384 inflammat.
1461 3327 1650 3397 Operae
1674 3328 1906 3397 pretium
1932 3335 2015 3383 est

434 3437 682 3486 cernere,
708 3421 979 3491 quomodo
1018 3434 1243 3475 examen
1277 3433 1437 3487 apum
1469 3418 1678 3473 Domini
1709 3432 1805 3486 per
1830 3417 2013 3471 alvea-

436 3516 580 3569 rium
627 3528 784 3567 suum
814 3511 1017 3581 jugiter
1056 3510 1160 3564 huc
1198 3508 1431 3577 illucque
1482 3508 1811 3572 discurrant,
1844 3522 1907 3561 ac
1935 3506 2018 3560 di-

436 3601 617 3657 versis
637 3599 825 3655 ofIiciis
847 3607 1143 3669 occupatae,
1161 3597 1304 3666 quod
1326 3597 1432 3651 illis
1456 3594 1752 3665 injunctum
1776 3606 1880 3661 est,
1898 3612 2017 3651 cer-

438 3691 595 3743 tatim
638 3688 860 3758 implere
902 3688 1250 3742 contendant.
1283 3684 1460 3741 Onera
1499 3686 1765 3755 siquidem
1805 3688 2016 3741 diversa

436 3789 806 3851 comportant,
837 3779 993 3834 mella
1015 3781 1341 3846 constipant,
1372 3776 1607 3846 illudque
1640 3787 1829 3832 nectar
1849 3778 2018 3832 inclu-

435 3872 595 3934 dunt,
622 3870 763 3923 unde
794 3868 896 3922 lavi
928 3868 1049 3922 miri
1076 3867 1339 3931 dulcoris,
1371 3876 1427 3921 et
1455 3869 1642 3937 gratia:
1684 3870 1878 3922 summi
1914 3868 2019 3923 Re-

436 3964 525 4033 gis
549 3961 770 4016 ferculis
793 3969 1149 4029 apponantur.
1178 3959 1291 4015 lllic
1320 3961 1373 4013 in
1405 3973 1697 4031 conSpectu
1731 3962 1897 4015 David
1929 3975 2015 4015 re-

436 4055 523 4125 gis
568 4052 731 4107 Israel
770 4052 1098 4113 sacerdotes,
1132 4061 1187 4106 et
1218 4051 1411 4117 levius,
1438 4052 1597 4107 simul
1638 4062 1693 4106 et
1727 4052 2016 4117 Nathiuzei,

438 4142 634 4208 nablis,
681 4141 843 4206 tubis,
898 4141 1098 4195 cinaris
1142 4139 1409 4212 [cyuiris],
1466 4148 1521 4194 et
1575 4141 1826 4205 citharis,
1883 4158 2017 4195 cuu-

438 4236 651 4303 ctisque
700 4233 1027 4287 musicorum
1082 4232 1368 4300 generibus
1427 4240 1751 4300 concrepant
1799 4230 1849 4301 (1
1889 4230 2016 4284 Pur.

441 4334 560 4394 xv),
593 4339 657 4378 ac
692 4321 901 4394 mystici
942 4320 1197 4375 carminis
1233 4335 1435 4390 organa
1470 4321 1824 4385 modulantes,
1855 4335 2021 4374 excu-

438 4419 652 4472 biarum
698 4429 917 4470 suarum
948 4412 1095 4467 vices
1131 4411 1423 4477 alternant,
1451 4413 1693 4468 dicentes
1725 4430 1739 4467 :
1783 4430 1803 4463 t
1836 4413 2018 4469 Confi-

439 4507 629 4565 temiui
681 4507 927 4569 Domino,
972 4504 1225 4574 quoniam
1258 4504 1450 4568 bonus,
1477 4505 1729 4572 quoniam
1771 4505 1824 4559 in
1864 4515 2022 4559 reter-

439 4615 571 4653 uum
621 4594 986 4650 misericordia
1006 4590 1122 4661 ejus
1139 4588 1309 4656 (Psal.
1324 4594 1538 4663 cxxxv).
1551 4609 1568 4641 ι
1586 4592 2016 4661 omnipotentem

439 4688 613 4742 Deum
663 4698 875 4752 precor,
905 4697 939 4735 o
975 4679 1314 4743 Fructuaria,
1346 4689 1402 4734 ut
1439 4692 1564 4734 aute
1596 4696 1681 4735 me
1715 4682 1780 4735 de
1809 4682 2022 4735 vinculo

440 4760 625 4831 carnis
670 4774 827 4842 hujus
882 4772 1152 4835 absolvat,
1192 4785 1354 4839 quam
1411 4780 1460 4824 te
1500 4774 1567 4824 ab
1613 4786 1677 4825 eo
1716 4772 1767 4825 in
1813 4788 1921 4841 quo
1970 4783 2020 4826 te

442 4865 589 4928 vidi,
639 4861 914 4932 religionis
971 4869 1116 4915 statu
1174 4859 1469 4928 dejectam,
1513 4863 1776 4915 veraciter
1834 4862 2021 4916 audire

441 4956 741 5027 permittat.

518 5046 595 5099 De
626 5054 846 5111 cmtero,
875 5043 1196 5099 venerabilis
1218 5059 1392 5109 soror,
1416 5042 1679 5099 contende
1714 5057 1925 5112 semper
1953 5044 2019 5098 de

443 5136 605 5192 bonis
630 5136 698 5189 ad
722 5134 947 5190 meliora
970 5134 1333 5190 conscendere
1362 5151 1375 5187 :
1411 5142 1465 5188 et
1494 5134 1633 5188 sicut
1669 5147 1764 5202 per
1787 5134 2016 5201 Aposto-

442 5226 561 5283 Ium
610 5224 916 5294 prohiberis
962 5225 1016 5277 in
1066 5224 1272 5279 incerto
1314 5224 1621 5278 divitiarum
1677 5239 1925 5293 sperare;
1965 5224 2015 5295 (Ι

447 5312 590 5368 Tim.
620 5311 710 5380 Vt)
741 5313 812 5366 ita
846 5313 1007 5367 etiam
1039 5314 1144 5367 noli
1175 5330 1242 5367 ex
1271 5314 1466 5367 divinzc
1494 5314 1794 5370 clementia:
1823 5316 2021 5385 pietate

447 5402 710 5457 difﬁdere.
752 5402 815 5455 Et
845 5404 971 5472 quia
1009 5412 1059 5458 te
1099 5405 1217 5457 novi
1263 5405 1329 5459 de
1358 5398 1549 5459 iterata
1592 5406 1819 5477 conjugii
1856 5408 2022 5477 gemi-

446 5494 670 5547 natione
693 5504 1030 5563 suspectam;
1061 5503 1297 5549 tentatus
1342 5510 1370 5548 a
1420 5495 1725 5551 Sadducads
1766 5498 2022 5553 Dominus

448 5584 519 5636 de
550 5584 795 5647 muliere,
826 5600 945 5653 qum.
981 5593 1184 5653 septem
1227 5585 1403 5639 fuerat
1430 5585 1690 5641 fratribus
1729 5598 1909 5657 nupta.
1940 5590 2022 5642 cui

449 5671 818 5728 foretilforum
834 5674 885 5728 in
904 5675 1296 5730 resurrectione
1313 5691 1421 5745 prae
1434 5676 2027 5746 ccterisjmlicauda,sic

2702 1867 2812 1903 esse
2851 1850 3090 1903 debeam.

2177 1962 2306 2017 Esto
2352 1962 2493 2016 circa
2525 1962 2901 2032 delinquentes
2931 1964 3163 2032 quadam
3200 1962 3377 2017 librati
3421 1961 3687 2016 examinis

2110 2063 2225 2108 arte
2254 2054 2522 2117 discreta;
2552 2064 2611 2107 ut
2640 2070 2739 2109 nec
2768 2054 2832 2107 ad
2864 2054 3157 2109 vindictam
3194 2053 3589 2122 praecipitanter
3610 2052 3687 2105 in-

2110 2142 2347 2206 ferveas,
2375 2160 2473 2199 nec
2494 2145 2559 2197 ad
2584 2145 2913 2214 parcendum
2935 2146 3011 2201 sis
3029 2145 3248 2199 omnino
3278 2144 3530 2207 remissa;
3555 2158 3689 2211 qua-

2110 2244 2267 2289 tenus
2296 2250 2395 2288 nec
2424 2235 2491 2289 ad
2531 2235 2895 2290 ulciscendum
2930 2235 3318 2289 immoderatus
3346 2245 3397 2288 te
3430 2234 3576 2289 zelus
3602 2249 3691 2287 ac-

2110 2330 2327 2392 cendat,
2358 2341 2457 2382 nec
2488 2328 2653 2381 nimia
2703 2329 2876 2398 pietas
2907 2328 2976 2401 ab
3010 2327 3327 2381 exercendae
3356 2336 3409 2379 te
3459 2324 3691 2393 discipli-

2113 2433 2195 2471 na:
2226 2416 2410 2486 vigore
2451 2416 2723 2473 cohibeat.
2755 2416 2896 2470 Sane
2922 2416 3046 2484 quia
3078 2430 3228 2479 mox,
3258 2424 3318 2468 ut
3350 2413 3581 2467 infertur
3608 2414 3691 2467 in-

2104 2504 2269 2573 jutia,
2314 2506 2659 2574 perturbatur
2707 2506 2939 2568 animus,
2983 2505 3069 2558 vix
3123 2514 3329 2559 rectum
3361 2504 3506 2558 illico
3552 2503 3693 2556 valet

2114 2598 2459 2668 promulgare
2506 2597 2788 2666 judicium.
2844 2599 2996 2654 Sicut
3045 2601 3188 2655 enim
3223 2599 3483 2654 intuentis
3518 2599 3692 2652 visum

2114 2710 2273 2763 aqua,
2298 2696 2423 2747 dum
2448 2694 2702 2763 quiescit,
2741 2694 3007 2759 admittit;
3036 2694 3080 2748 si
3128 2694 3393 2757 turbatur,
3414 2692 3693 2757 obtundit;

2114 2787 2193 2841 sic
2220 2786 2487 2839 humanus
2512 2786 2727 2839 animus
2768 2786 2821 2839 in
2849 2786 2965 2853 ipso
3008 2783 3429 2854 perturbationis
3466 2784 3697 2837 articqu

2115 2877 2430 2934 inoffensam
2478 2879 2609 2932 recti
2635 2877 2821 2946 judicii
2852 2878 3111 2948 regulam,
3160 2887 3215 2933 et
3252 2879 3448 2933 lineam
3480 2892 3585 2932 non
3618 2887 3697 2932 at-

2118 2971 2305 3024 tendit.
2345 2967 2495 3023 Uude
2527 2982 2747 3023 necesse
2785 2978 2888 3032 est,
2925 2976 2982 3021 ut
3024 2968 3075 3021 in
3114 2978 3390 3037 posterum
3428 2968 3696 3022 sententia

2116 3063 2412 3126 differatur,
2437 3071 2721 3132 quatenus,
2743 3072 2952 3132 aequata
2969 3064 3195 3133 justitia:
3216 3064 3389 3125 lance,
3412 3064 3695 3133 judicium,

2116 3156 2257 3223 quod
2285 3153 2597 3223 perturbata
2628 3155 2966 3222 nequiverat,
2989 3167 3145 3208 mens
3174 3154 3355 3223 quieta
3381 3154 3695 3223 suspendat.

2115 3240 2170 3294 Itt
2190 3254 2295 3310 quo
2315 3240 2473 3309 plane
2502 3256 2603 3295 non
2636 3240 2918 3294 minimum
2947 3241 3012 3293 ad
3034 3240 3443 3295 aedificationem
3468 3242 3699 3310 pertinet

2116 3329 2338 3390 intueri,
2378 3345 2471 3384 rex
2526 3329 2694 3384 David
2729 3345 2891 3399 quam
2943 3330 3179 3398 quietus,
3208 3344 3374 3399 quam
3417 3330 3598 3400 gravis
3644 3332 3695 3383 iu

2115 3420 2543 3490 promulgatioue
2560 3421 2749 3491 judicii
2783 3420 2965 3485 fuerit,
2997 3428 3052 3476 et
3087 3422 3374 3477 discretus.
3405 3421 3506 3489 Qui
3541 3423 3697 3475 nimi-

2117 3525 2239 3564 rum
2263 3509 2400 3564 Joab
2455 3522 2510 3564 et
2545 3511 2724 3565 Semei
2769 3526 2827 3566 se
2866 3512 3104 3581 graviter
3141 3510 3496 3576 offendéntes,
3530 3513 3701 3568 donec

2121 3600 2277 3663 vixit,
2310 3610 2361 3653 et
2404 3600 2457 3653 in
2508 3614 2574 3655 eo
2602 3602 2707 3663 ira,
2737 3601 2821 3655 vel
2853 3601 3004 3655 furor
3041 3602 3216 3657 locum
3264 3602 3465 3657 habere
3500 3604 3697 3671 potuit,

2118 3689 2493 3757 aequanimiter
2538 3691 2824 3753 toleravit;
2870 3707 2990 3746 cum
3022 3707 3153 3747 vero
3176 3692 3285 3762 jam
3318 3694 3702 3762 prepiuquaret

2118 3780 2184 3831 ad
2214 3779 2444 3844 obitum,
2474 3789 2529 3834 et
2558 3781 2719 3835 nullis
2749 3782 2874 3835 olim
2909 3783 3097 3851 sopita:
3132 3784 3445 3851 iracundite
3470 3779 3701 3836 stimulis

2116 3877 2418 3936 urgeretur,
2446 3871 2703 3939 prtecepit
2752 3870 2879 3934 ﬁlio,
2913 3880 2971 3925 ut
3020 3880 3139 3941 post
3183 3880 3411 3925 mortem
3460 3886 3611 3924 suam
3646 3868 3698 3923 in

2118 3960 2235 4015 illos
2256 3961 2589 4016 vindicaret:
2617 3973 2741 4017 tunc
2768 3964 3015 4019 videlicet
3036 3981 3157 4020 cum
3176 3978 3296 4017 eum
3322 3964 3571 4018 hmnauis
3585 3963 3698 4031 jam

2118 4050 2278 4104 rebus
2304 4059 2639 4119 exemptum,
2667 4050 3047 4107 offendentium
3089 4068 3245 4124 poena
3278 4052 3548 4107 delectare
3586 4069 3694 4110 nou

2118 4148 2322 4208 posset.
2360 4158 2377 4190 ‹
2412 4140 2513 4204 Tu,
2560 4141 2754 4211 inquit,
2794 4143 2955 4206 nosti,
2999 4159 3117 4213 quae
3166 4143 3354 4198 fecerit
3402 4143 3534 4197 mihi
3564 4142 3697 4198 Joab

2120 4230 2261 4286 filius
2280 4228 2485 4286 Sarvite
2513 4247 2526 4284 :
2558 4247 2678 4301 qme
2703 4233 2889 4287 fecerit
2931 4233 3137 4289 duobus
3182 4234 3516 4303 principibus
3546 4251 3700 4289 excr-

2119 4321 2260 4376 citus
2294 4320 2480 4385 Israel,
2511 4320 2696 4377 Abner
2736 4321 2847 4376 lilio
2874 4322 3002 4388 Ner,
3038 4333 3089 4377 et
3116 4323 3328 4377 Amasa:
3357 4324 3466 4379 filio
3495 4323 3700 4387 Jcther,

2122 4426 2257 4481 quos
2308 4412 2549 4477 occidit,
2590 4420 2644 4466 et
2690 4410 2879 4467 effudit
2920 4414 3236 4483 sanguinem
3284 4414 3407 4469 belli
3466 4415 3516 4468 in
3572 4429 3702 4483 pace

2126 4500 2244 4571 (III
2277 4499 2402 4569 Reg.
2432 4501 2515 4571 tt).
2558 4520 2577 4551 ι
2612 4500 2678 4555 Et
2718 4502 2879 4570 paulo
2923 4512 3079 4570 post:
3117 4520 3135 4552 t
3178 4502 3367 4558 Facies
3392 4518 3521 4573 ergo
3544 4501 3700 4570 juxta

2126 4592 2445 4660 sapientiam
2477 4602 2643 4656 tuam,
2669 4600 2725 4646 et
2757 4608 2860 4646 non
2894 4593 3126 4647 deduces
3147 4594 3402 4647 canitiem
3425 4592 3702 4662 ejuspaci-

2126 4680 2224 4734 flce
2252 4679 2317 4732 ad
2353 4680 2585 4735 inferos.
2614 4700 2633 4733 ι
2667 4680 2741 4734 De
2771 4679 2950 4735 Semei
2983 4696 3108 4735 vero
3145 4681 3259 4735 ait:
3302 4699 3321 4733 ι
3359 4682 3534 4736 Ilabes
3567 4698 3701 4751 quo-

2125 4784 2229 4838 que
2272 4770 2410 4837 apud
2443 4777 2493 4822 te
2520 4768 2698 4823 Semei
2727 4768 2892 4822 filimn
2933 4770 3095 4833 Gera,
3139 4770 3231 4823 filii
3272 4772 3468 4840 gemini
3502 4772 3565 4826 de
3594 4772 3693 4825 Ba-

2125 4859 2441 4927 hurim.qui
2481 4859 2758 4913 maledixit
2814 4860 2944 4914 mihi
3003 4860 3381 4915 tnalcdictione
3443 4863 3696 4930 pessima,

2122 4948 2339 5017 quando
2364 4948 2504 5003 ibam
2533 4947 2596 5002 ad
2625 4958 2822 5004 castra.
2856 4970 2873 5002 ι
2910 4950 2973 5005 Et
3003 4953 3188 5020 paucis
3223 4953 3571 5023 interpositis,
3607 4953 3694 5007 ad-

2123 5039 2258 5093 didit
2290 5056 2303 5092 :
2337 5055 2356 5089 t
2384 5039 2625 5094 Deduccs
2649 5056 2814 5097 canos
2843 5042 2958 5111 ejus
2990 5058 3111 5097 cum
3141 5044 3403 5113 sanguine
3436 5044 3501 5097 ad
3531 5042 3694 5098 infer-

2124 5144 2252 5183 num
2277 5128 2487 5199 (Μαι).
2516 5151 2533 5183 ι
2568 5132 2664 5186 Ubi
2697 5124 3011 5196 notandum,
3040 5150 3199 5202 quam
3234 5134 3514 5187 laudabilis
3542 5134 3696 5201 hujus

2126 5223 2227 5275 viri
2274 5220 2459 5284 fuerit.
2506 5232 2560 5275 et
2601 5223 2912 5277 admiranda
2965 5225 3252 5288 discretio;
3299 5225 3423 5291 quia
3462 5225 3696 5293 quaudiu

2126 5317 2299 5384 potuit
2338 5317 2521 5379 irasci,
2553 5317 2722 5369 noluit
2753 5318 3060 5381 vindicare,
3092 5319 3377 5373 deficiente
3421 5335 3545 5374 vero
3585 5318 3697 5388 jam

2126 5406 2272 5458 onmi
2306 5405 2502 5460 furoris
2566 5418 2617 5460 et
2651 5407 2743 5460 ira:
2772 5407 3017 5469 materia,
3052 5422 3117 5460 ne
3154 5408 3455 5476 pra-.teriret
3479 5411 3696 5465 omnino

2125 5495 2408 5565 justitiam,
2452 5496 2670 5550 ultionis
2703 5500 2912 5551 exeruit
2955 5498 3317 5565 disciplinam.
3368 5499 3499 5555 Cum
3550 5504 3693 5555 enim

2132 5589 2272 5641 ultor
2299 5603 2402 5641 non
2436 5589 2597 5641 habet
2622 5588 2820 5657 aliquid
2863 5589 2929 5643 de
2966 5605 3081 5654 suo,
3109 5599 3232 5643 tunc
3260 5604 3406 5646 recto
3436 5594 3697 5664 depromi-

2136 5689 2221 5733 tur
2256 5679 2489 5732 vindicta
2537 5678 2759 5746 judicio.
2822 5679 2973 5734 Unde
3029 5680 3194 5734 David
3243 5698 3345 5737 non
3382 5686 3696 5754 pascebatur
