4080 6194
325 355 427 410 ηδ
763 351 820 405 S.
864 345 1068 402 PETRI
1105 344 1392 401 DAMIANI
1423 342 1575 401 OPP.
1611 341 1846 398 TOMUS
1878 340 2013 398 SEU
2050 341 2232 398 PARS
2268 342 2355 398 lli.
2395 370 2466 384 —
2501 337 2865 397 OPUSCULA
2909 336 3117 390 VAlilA
3469 337 3572 392 ιει

325 469 583 530 vindicta,
607 464 740 536 quia
764 476 865 518 nec
887 461 1236 516 cruciabatur
1259 457 1454 526 injuria
1484 471 1498 509 :
1530 467 1638 509 non
1661 470 1792 508 eum
1815 469 1903 508 ze-
1927 463 1977 518 Α
2006 454 2388 509 Monasterium
2419 457 2678 523 praeterea
2705 450 3140 511 Fructuariense,
3164 455 3422 536 tanquam
3447 455 3574 499 vere

329 561 413 614 lus
439 559 565 614 iecit
586 556 974 612 immoderatus
1002 563 1310 614 accensum,
1342 562 1442 602 nec
1472 547 1644 615 pietas
1671 544 1904 600 reddidit

330 649 633 704 inordinata
661 644 972 699 remissum.
1005 641 1097 695 Sic
1119 641 1200 694 sic
1227 638 1432 692 illatam
1457 637 1726 690 discretus
1764 635 1905 687 ultor

332 737 607 805 injuriam,
631 745 684 788 et
719 749 826 786 non
851 731 1113 784 remissus
1158 727 1400 791 indulsit,
1433 733 1487 779 et
1525 741 1630 780 non
1682 723 1907 778 sarrieris

331 828 645 884 vindicavit.
671 824 751 878 Tu
773 837 1008 893 quoque,
1030 819 1354 874 venerabilis
1377 832 1553 880 soror,
1583 825 1637 870 et
1669 815 1907 877 domina,

336 917 493 985 hujus
515 916 733 970 imitare
767 913 939 968 sancti
980 911 1121 980 regis
1149 907 1475 977 exemplum,
1508 915 1567 959 ut
1594 905 1808 974 pietatis
1836 904 1908 958 si-

341 1009 449 1065 mul
479 1017 644 1077 atque
666 1005 888 1076 justitia:
938 1016 1208 1070 nunquam
1238 1001 1457 1054 deseras
1484 997 1806 1059 institutum.
1831 994 1908 1047 ita

343 1111 546 1164 tamen,
575 1097 806 1164 utjuxta
838 1093 1188 1164 apostolicum
1218 1098 1566 1159 praeceptum,
1599 1083 1910 1155 supertexan

341 1200 420 1245 tet
447 1187 813 1244 misericordia
834 1184 997 1256 419
1017 1181 1278 1251 judicium
1309 1179 1449 1249 (Jac.
1480 1178 1571 1249 n);
1609 1186 1664 1230 et
1688 1177 1765 1230 sic
1794 1189 1914 1228 om-

343 1283 429 1337 nis
452 1280 640 1348 judieii
671 1280 744 1332 lui
775 1276 1013 1332 calculus
1055 1274 1123 1328 ad
1149 1271 1536 1341 omnipotentis
1572 1268 1664 1322 Dei
1692 1266 1915 1337 gloriam

348 1371 569 1435 tendat;
603 1378 868 1437 quatenus
885 1364 1097 1435 expleto
1127 1362 1402 1417 commissi
1422 1360 1687 1414 villicatus
1717 1358 1912 1421 ofﬁcio,

343 1460 393 1514 is
419 1460 509 1529 qui
538 1433 684 1512 tun—ni
716 1467 861 1512 tenet
891 1433 1032 1530 nunc
1056 1455 1109 1508 in
1141 1455 1254 1508 suis
1283 1453 1530 1506 manibus
1552 1451 1822 1520 spiritum,
1851 1449 1918 1503 de

347 1563 566 1608 terreno
605 1561 654 1606 te
683 1551 750 1605 ad
779 1549 1017 1603 caelestis
1048 1545 1231 1617 gloria:
1264 1545 1522 1615 provehat
1543 1543 1922 1614 principatum.

2005 542 2298 597 thalamum
2339 540 2507 604 Jesu,
2544 550 2648 594 tua:
2695 538 2869 607 magis
2929 552 2993 591 ac
3037 535 3209 604 magis
3263 536 3580 587 commendo

2007 633 2260 688 custodia:
2280 649 2298 686 :
2331 633 2419 686 cui
2448 646 2648 700 quaeso,
2677 630 2750 684 ita
2779 627 3065 698 pervigiles
3082 626 3329 680 tuitionis
3356 635 3460 678 tua
3491 624 3581 676 de-

2007 723 2181 792 pcnde
2209 737 2421 791 semper
2461 721 2736 783 excubias,
2759 718 2922 790 420
2949 727 3008 770 ut
3028 732 3128 786 per
3160 725 3212 771 te
3232 714 3469 770 cmleStis
3494 710 3582 767 ille

2010 826 2237 880 sponsus
2261 820 2387 864 tuus
2413 809 2467 864 in
2511 824 2578 863 eo
2607 809 2847 862 suaviter
2878 807 3197 875 requiescat.
3231 802 3584 872 Omnipotens

2013 902 2155 956 Deus
2181 913 2232 956 te
2253 917 2319 956 ac
2341 909 2458 954 tuos
2486 900 2645 969 regia:
2666 899 2868 954 scilicet
2891 898 3103 963 indolis,
3120 899 3256 952 ﬁlios
3277 894 3583 960 bcnedicat,

2015 1007 2215 1062 eosque
2243 1008 2347 1045 non
2375 992 2531 1044 modo
2559 991 2624 1044 ad
2643 990 2834 1050 aetatis,
2862 989 2953 1042 sed
2980 989 3144 1042 etiam
3176 985 3481 1041 sanctitatis
3507 985 3582 1038 in-

2018 1092 2292 1138 crementa
2345 1082 2620 1150 perducat.
2669 1081 2925 1135 Dominus
2966 1088 3143 1133 autem
3174 1077 3438 1131 Adraldus
3461 1075 3578 1128 Bre

2019 1172 2279 1226 metensis
2309 1181 2487 1224 rector
2513 1170 2764 1235 emnobii,
2798 1169 2878 1222 vir
2919 1168 3166 1222 videlicet
3209 1167 3491 1236 religiosus
3535 1171 3583 1216 et

2024 1266 2280 1335 prudens,
2306 1278 2369 1318 ex
2404 1277 2488 1316 me
2530 1277 2624 1332 per
2659 1270 2712 1316 te
2749 1260 3138 1315 oﬁiciosissime
3175 1258 3455 1312 salutetur.
3487 1254 3586 1322 Qui

2015 1357 2062 1411 si
2093 1355 2226 1418 vult,
2276 1363 2336 1409 ut
2363 1354 2464 1409 sibi
2495 1367 2709 1424 quoque
2755 1350 2956 1425 aliquid
3005 1350 3270 1418 scribam,
3307 1345 3589 1406 scribendo

2015 1447 2313 1518 prascipiat.

2339 1535 2422 1591 Sit
2462 1550 2647 1590 nomen
2687 1534 2894 1588 Domini
2931 1533 3271 1587 benedictum.

1099 1722 3591 1759 MM

642 1883 998 1956 τίει-42³
1055 1894 1899 2047 OPUSCULUM

2036 1890 2245 2003 )EC
2267 1890 2634 2004 IMUM
2721 1886 3269 1998 NONUM.

728 2139 828 2201 DE
871 2133 1418 2200 ABDlCATIONE
1459 2128 2010 2194 EPISCOPATUS.
2058 2128 2165 2188 AD
2208 2124 2622 2187 NICOLAUM
2655 2125 2711 2186 ll
2759 2123 2953 2185 ROM.
2999 2122 3224 2182 PONT.

1742 2317 2118 2337 ~—

359 2467 990 2531 AncuunNrUI.——Orat
1021 2467 1331 2536 pontiﬁcem
1363 2477 1656 2532 summum,
1687 2464 2418 2536 suppliciterqueobsecrat,
2440 2474 2500 2518 ut
2527 2464 2626 2536 sibi
2651 2464 2988 2536 cpisc0patus
3013 2478 3151 2536 onus
3175 2464 3448 2536 deponere
3477 2480 3598 2535 por-

433 2544 613 2598 mittat
642 2558 655 2593 :
683 2553 876 2593 causas
905 2534 1205 2606 pracipuos
1228 2535 1406 2598 alI’ert,
1437 2537 1578 2604 quod
1611 2534 1805 2590 senior
1821 2537 1914 2598 sit,
1946 2545 1998 2587 et
2027 2535 2230 2606 idcirco
2261 2535 2424 2606 quieti
2459 2534 2628 2606 magis
2657 2549 2817 2606 quam
2861 2534 3131 2588 laboribus
3171 2535 3423 2600 idoneus;
3459 2534 3600 2605 quod

434 2614 563 2667 illud
592 2604 919 2663 laboriosum
950 2604 1145 2660 mnu—us
1166 2623 1269 2661 non
1307 2616 1517 2676 sponte,
1548 2607 1643 2659 sed
1671 2614 1890 2676 coactus
1922 2605 2240 2676 susceperit,
2261 2604 2582 2676 _et_deniq_ue
2603 2604 2744 2676 quod
2772 2613 2988 2676 propter
3009 2619 3106 2657 sua
3138 2614 3376 2672 peccata,
3406 2604 3602 2674 utipse

433 2681 629 2749 inquit,
659 2679 906 2746 indignus
954 2678 1140 2749 sitqui
1173 2679 1230 2749 in
1261 2672 1371 2729 tam
1403 2677 1626 2749 excelso
1661 2675 1884 2749 honoris
1923 2673 2304 2749 -et_dignitatis
2335 2673 2548 2741 fastigio
2564 2673 2780 2749 _sedeat.
2833 2672 3022 2726 Licere
3068 2683 3271 2749 autem,
3300 2676 3342 2728 si
3374 2676 3446 2728 ila
3468 2672 3603 2749 teni-

435 2743 534 2820 pus
581 2758 674 2801 aut
697 2743 835 2820 ratio
861 2743 1118 2820 postulet,
1145 2747 1465 2820 episcopatu
1493 2761 1550 2798 se
1581 2744 1855 2808 abdicare,
1885 2743 2131 2820 plurimis
2165 2752 2482 2820 sanctorum
2525 2743 2769 2820 virorum
2817 2753 2872 2795 et
2912 2743 3169 2820 exemplis
3197 2752 3250 2820 e_t
3276 2745 3604 2799 auctoritati-

433 2812 534 2876 bus
556 2812 890 2887 comprobat.
919 2815 977 2867 ιιι
1006 2816 1112 2869 ﬁne
1143 2812 1310 2868 Deum
1342 2812 1612 2884 precatur,
1641 2822 1699 2866 ut
1723 2827 1842 2866 eam
1873 2812 2116 2882 pontiﬁci
2139 2822 2374 2866 mentem
2407 2813 2521 2876 det,
2548 2827 2654 2881 qua
2692 2812 2803 2866 suis
2833 2813 2972 2867 votis
2996 2814 3312 2868 satisfaciat.

436 2973 663 3026 Domino
686 2986 781 3025 suo
807 2966 1042 3024 NICOLAO
1063 2964 1354 3022 universali
1375 2982 1544 3037 papze,
1571 2966 1783 3022 PETRUS
1805 2981 1932 3038 pec-
1967 2948 2016 3008 Β

366 3072 520 3118 calor
548 3063 846 3116 monachus
875 3060 1211 3114 servitutem.

443 3152 754 3207 Sacrarium
779 3149 1012 3220 Spiritus
1027 3147 1202 3203 sancti
1219 3155 1454 3203 vestrum
1471 3152 1658 3218 pectus
1673 3150 1935 3217 agnoscit,

372 3243 498 3314 quia
529 3241 632 3296 nisi
661 3255 746 3294 me
774 3250 898 3294 tunc
930 3238 1224 3294 necessitas
1247 3239 1554 3309 apostolicae
1579 3241 1724 3294 sedis
1749 3239 1938 3310 impel-

376 3335 531 3397 leret,
555 3339 607 3385 et
643 3331 884 3399 antiqua,
919 3345 1076 3399 quam
1097 3328 1412 3396 jamdudum
1445 3330 1586 3385 circa
1617 3346 1710 3385 vos
1733 3333 1937 3386 habue-

377 3439 513 3485 ram,
530 3420 769 3474 Charitas
784 3419 1056 3483 invitaret,
1074 3429 1194 3488 post
1217 3428 1418 3473 sanctae
1442 3421 1716 3476 memoria:
1737 3422 1938 3477 domini

296 3538 300 3544 -
375 3511 656 3580 Stephani,
688 3511 850 3563 vestri
882 3511 1097 3578 quidem
1123 3510 1448 3575 decessoris,
1484 3513 1586 3565 mei
1619 3523 1796 3567 autem
1819 3530 1941 3583 pcr-

373 3602 658 3668 sccutoris,
688 3602 916 3667 obitum,
947 3617 1046 3670 ego
1075 3617 1101 3654 a
1138 3617 1222 3655 me
1279 3603 1524 3671 protinus
1576 3605 1940 3674 episcopatum

376 3709 483 3746 non
516 3692 775 3746 canonice
803 3690 1080 3756 traditum,
1110 3692 1204 3745 sed
1233 3691 1495 3746 violenter
1536 3692 1791 3761 injectum
1818 3695 1940 3749 fitti-

371 3785 518 3840 ditus
561 3785 931 3838 abscidissem.
983 3783 1305 3838 Meministis
1360 3789 1525 3850 enim,
1583 3788 1798 3842 domine
1846 3790 1939 3852 mi,

373 3887 509 3946 quot
538 3877 785 3945 querelas
810 3891 991 3930 coram
1017 3876 1169 3929 vobis
1200 3891 1340 3946 szrpe
1367 3878 1608 3943 deposui.
1628 3889 1758 3948 quot
1778 3880 1946 3949 gemi-

374 3981 482 4033 tus,
513 3976 641 4036 quot
670 3968 898 4036 denique
927 3967 1192 4036 profunda
1242 3969 1473 4038 suspiria
1519 3988 1583 4024 ex
1619 3972 1741 4026 imis
1772 3973 1941 4027 visce-

377 4062 528 4114 ribus
562 4060 722 4126 traxi,
756 4060 967 4128 quoties
997 4061 1160 4113 etiam
1205 4061 1460 4115 uberibus
1491 4061 1742 4132 lacrytnis
1771 4064 1946 4118 tristia

373 4167 471 4203 ora
503 4149 686 4220 rigavi.
715 4147 1096 4202 Verumtamen
1129 4151 1269 4218 apud
1301 4165 1398 4204 vos
1432 4160 1556 4205 tunc
1603 4167 1706 4204 non
1735 4154 1945 4207 obtinui

377 4243 710 4307 missionem,
758 4242 884 4309 quia
931 4241 1184 4294 Romana:
1240 4240 1512 4304 Ecclesiae,
1565 4257 1683 4310 qua:
1735 4245 1944 4297 ruinam

378 4331 572 4383 minari
601 4330 899 4395 videbatur,
927 4329 978 4382 id
1004 4330 1209 4383 utilitas
1238 4346 1342 4384 non
1368 4331 1642 4399 poscebat.
1669 4331 1822 4386 Nunc
1846 4348 1944 4386 au—

378 4430 488 4471 tem
539 4428 590 4472 te
639 4419 690 4472 in
749 4435 946 4487 sagena
992 4417 1138 4472 Petri
1168 4419 1376 4472 clavum
1405 4432 1643 4488 regente,
1673 4422 1775 4475 sub
1803 4431 1947 4475 tran-

377 4510 542 4579 quilla
592 4524 724 4577 pace
749 4518 856 4561 tota
887 4507 1083 4561 Christi
1115 4509 1419 4580 gratulatur
1457 4511 1720 4565 Ecclesia.
1749 4511 1945 4566 Vento-

380 4613 500 4650 rum
557 4598 754 4667 quippe
800 4611 858 4650 se
911 4597 1154 4652 turbines
1213 4597 1532 4667 reprimunt,
1589 4601 1946 4670 procellarum

377 4688 745 4757 simulantium
812 4685 1084 4743 volumina
1153 4689 1582 4757 conquiescunt,
1661 4691 1952 4747 mitescunt

385 4780 578 4840 maria,
607 4787 823 4846 totaque
843 4777 1055 4832 videtur
1072 4779 1195 4832 ouili
1229 4781 1495 4834 serenitas
1517 4780 1792 4836 innovata.
1817 4782 1950 4836 Cum

383 4870 546 4940 igitur
599 4867 698 4922 sub
745 4879 930 4921 sancto
969 4869 1279 4936 pontilicatu
1322 4881 1501 4924 vestro
1543 4870 1780 4939 jucunda
1821 4888 1952 4940 pace

384 4957 706 5011 universalis
762 4954 1002 5010 Ecclesia
1042 4959 1298 5026 potiatur.
1330 4961 1482 5014 canis
1531 4962 1685 5026 meis,
1714 4972 1767 5015 et
1794 4979 1951 5031 gran-

384 5051 547 5102 daivm
566 5045 790 5114 jamjam
811 5048 1092 5106 senectuti.
1108 5064 1312 5116 quaeso,
1345 5051 1558 5119 requies
1579 5066 1685 5104 non
1703 5061 1948 5120 negetur.

385 5139 724 5207 Quapropter
774 5139 842 5192 ob
897 5131 1268 5192 remissionem
1318 5140 1558 5193 omnium
1611 5152 1952 5208 peccatorum

2547 2955 2771 3018 CAPUT
2805 2960 3091 3017 PRIMUM.

2145 3073 2412 3129 Probatur
2443 3074 2687 3143 exemplis
2725 3090 2872 3142 posse
2911 3075 3101 3126 dimitti
3125 3075 3494 3144 episcopatum.

2105 3169 2211 3227 Hic
2273 3168 2406 3222 mibi
2471 3166 2719 3222 fortassis
2771 3168 3047 3236 objicitur,
3107 3169 3269 3223 semel
3326 3179 3603 3241 acceptum

2034 3260 2236 3313 dimitti
2289 3259 2530 3327 regimen
2574 3274 2679 3313 non
2729 3259 2913 3314 licere.
2945 3260 3023 3313 Ad
3055 3262 3196 3328 Quod
3224 3261 3459 3317 breviter
3488 3265 3607 3318 dico

2039 3351 2181 3419 quod
2231 3351 2432 3413 sentio;
2470 3351 2596 3418 quia
2652 3351 2896 3420 plerique
2944 3352 3286 3420 pontiﬁcatus
3333 3353 3458 3421 jura
3503 3370 3604 3409 non

2039 3442 2317 3504 deserunt,
2343 3449 2395 3493 et
2417 3441 2482 3494 de
2508 3442 2744 3496 sinistris
2771 3451 2930 3505 sunt;
2960 3452 3221 3512 quotquot
3251 3455 3430 3498 autem
3475 3447 3606 3516 legi-

2043 3545 2163 3584 mus
2188 3540 2332 3584 recta
2356 3530 2655 3584 intentione
2679 3531 2970 3595 dimisisse,
2996 3542 3141 3586 certa
3174 3547 3298 3601 spes
3324 3545 3405 3588 est
3432 3549 3523 3588 cos
3545 3535 3610 3590 de

2037 3631 2238 3672 interna
2263 3634 2390 3672 cum
2415 3617 2633 3673 Christo
2662 3620 2920 3674 societate
2944 3622 3196 3690 gaudere.
3225 3621 3405 3690 Neque
3429 3632 3606 3676 tamen

2041 3710 2146 3765 hoc
2173 3711 2426 3774 dicimus,
2477 3719 2537 3762 ut
2585 3711 2784 3780 passim
2837 3712 3014 3766 deseri
3046 3713 3607 3782 episcopatumliceat,

2039 3800 2146 3853 nisi
2179 3800 2427 3855 videlicet
2450 3801 2503 3853 id
2532 3801 2648 3854 ﬁeri
2679 3802 2995 3864 necessitas,
3022 3802 3135 3856 sive
3169 3803 3444 3859 rationalis
3470 3820 3613 3874 qutu-

2045 3889 2175 3944 libet
2201 3906 2363 3944 causa
2388 3892 2662 3959 deposcat.

2118 3977 2410 4032 Enimvero
2438 3980 2496 4031 B.
2527 3977 2777 4033 Valerius
2794 3979 3076 4049 cpiscopus
3099 3980 3224 4034 dum
3246 3980 3345 4035 sibi
3374 3982 3614 4051 providet

2047 4087 2435 4137 successorem,
2465 4088 2721 4144 magnum
2753 4073 3114 4143 Augustinum
3163 4072 3488 4145 Hipponensi
3517 4075 3614 4130 Ec—

2045 4160 2224 4216 clesia:
2252 4163 2578 4216 intbronizat
2604 4163 2923 4217 antistitem.

2118 4249 2353 4304 Lucidus
2402 4251 2730 4306 Ficoclensis
2767 4253 3051 4322 cpiscopus
3105 4254 3228 4308 dum
3256 4255 3612 4324 prepinquum

2049 4337 2266 4391 sibimet
2305 4340 2508 4392 obitum
2542 4340 2823 4394 imminere
2852 4344 3148 4409 cognoscit,
3199 4345 3264 4396 ad
3294 4342 3614 4398 cmnobialis

2052 4437 2264 4495 portum
2311 4430 2561 4483 convolat
2607 4431 2833 4493 ordinis,
2903 4449 2966 4487 ac
3015 4435 3369 4489 sacerdotalis
3424 4435 3617 4488 infulas

2055 4519 2330 4587 dignitatis
2364 4521 2697 4574 monachicis
2723 4532 2894 4576 mutat
2924 4525 3177 4577 induviis.
3213 4526 3298 4587 Et,
3324 4534 3380 4578 ut
3408 4525 3619 4578 noveris

2053 4610 2184 4677 quid
2215 4610 2316 4667 sibi
2344 4612 2628 4664 conversio
2676 4611 2775 4664 ista
2803 4613 3108 4666 contulerit.
3143 4616 3284 4667 sicut
3310 4615 3619 4668 authentica

2053 4700 2265 4768 registri
2312 4709 2538 4753 testatur
2577 4702 2820 4768 historia,
2872 4704 2971 4756 sub
3013 4706 3127 4773 ipso
3159 4706 3438 4772 migrantis
3467 4707 3614 4758 oliitn

2051 4791 2285 4859 Spiritus
2313 4791 2485 4843 sancti
2521 4793 2692 4860 gratia
2745 4792 3018 4847 laetissimo
3049 4795 3320 4849 relucebat
3353 4796 3402 4848 in
3444 4797 3612 4847 vultu.

2053 4879 2148 4934 Cui
2182 4879 2458 4942 nimirum,
2493 4888 2547 4932 et
2576 4890 2860 4948 antutlnam
2914 4893 3232 4945 moreretur,
3278 4885 3464 4938 beatus
3491 4901 3593 4953 apo

2057 4971 2227 5025 stolns
2273 4971 2515 5023 Andreas
2546 4973 2812 5039 apparuit,
2864 4983 2918 5026 et
2971 4989 3078 5042 qua
3127 4976 3255 5028 hora
3288 4977 3613 5044 migraturus

2058 5067 2196 5112 esset
2224 5072 2287 5110 ex
2321 5073 2548 5127 corpore
2576 5061 2863 5114 nuntiavit.

2131 5147 2266 5212 Quid
2293 5148 2349 5200 Β.
2381 5149 2728 5202 Adclbcrtum
2751 5162 3045 5221 martyrem
3072 5155 3282 5209 dicam?
3329 5157 3429 5223 Qui
3465 5158 3620 5211 nimi-

389 5244 655 5290 meorum,
685 5244 801 5296 quae
826 5227 1071 5296 nequiter
1099 5230 1425 5297 perpetrari.
1445 5231 1577 5284 cedo
1598 5231 1719 5298 jure
1745 5231 1953 5299 cpisco-
1983 5241 2032 5298 D
2062 5252 2174 5287 rum
2201 5239 2451 5304 quoniam
2497 5238 2868 5295 Bohemiensis
2918 5244 3170 5300 Ecclesia:
3198 5249 3495 5318 postposnit
3528 5265 3620 5306 ca-

388 5329 567 5386 patus,
618 5326 672 5370 et
708 5333 802 5386 per
851 5319 989 5370 hunc
1016 5317 1268 5371 annulum
1301 5319 1527 5388 (virgam
1557 5321 1699 5374 enim
1733 5321 1952 5392 tulistis)

393 5410 673 5474 desperata
703 5407 956 5475 deinceps
985 5408 1130 5461 onmi
1183 5409 1459 5477 repetendi
1489 5409 1726 5476 querela,
1761 5426 1958 5464 renun-

386 5495 462 5546 tio
489 5511 501 5545 :
534 5504 822 5562 utrumque
845 5497 1005 5548 etiam
1039 5497 1192 5550 vobis
1223 5497 1603 5551 monasterium
1638 5499 1804 5552 reddo
1834 5516 1846 5551 :
1883 5509 1956 5563 et,

384 5593 444 5636 ut
467 5584 770 5651 quiescendi
801 5585 1150 5654 municipium
1186 5597 1441 5642 veterano
1469 5598 1522 5642 et
1549 5589 1774 5642 emerito
1803 5589 1954 5643 militi

385 5673 750 5737 permittatur,
791 5675 1036 5743 imploro.

2061 5327 2324 5388 tliedrant.
2350 5330 2668 5383 monachum
2696 5332 2941 5399 induc‘ns,
2973 5337 3348 5409 triumphalem
3376 5341 3618 5412 martyrii

2062 5415 2256 5467 meruit
2281 5416 2522 5471 invenire
2551 5435 2826 5476 coronam.

2134 5501 2308 5578 thue
2361 5519 2427 5558 ex
2476 5507 2739 5563 industria
2791 5512 2860 5564 de
2903 5511 3116 5569 casteria
3141 5513 3372 5579 sitleam,
3398 5519 3618 5586 quidam

2064 5605 2286 5649 sanctus
2309 5598 2597 5664 paenitens,
2627 5601 2778 5669 cujus
2824 5619 2910 5658 me
2939 5608 3006 5659 ad
3047 5616 3287 5670 prmsens
3306 5609 3619 5663 vocabulum

2065 5681 2223 5754 423
2273 5684 2426 5756 fugit,
2457 5691 2593 5757 apud
2617 5691 2818 5748 Gallias
2862 5692 2965 5747 iam
2998 5709 3122 5752 ante
3143 5698 3482 5770 septennium
3513 5697 3619 5750 few
