4080 6194
216 206 241 219 ”
302 222 421 280 425

1130 190 1410 289 "oeusc‘.
1452 223 1605 282 XIX.
1650 253 1716 264 -
1752 223 1849 280 nn
1887 220 2386 281 ABDICATIONE
2431 220 2951 288 EPISCOPATUS.
3418 218 3421 221 ‘
3691 225 3798 284 426

306 348 646 423 episcopatu
684 346 946 429 dimisso,
982 347 1214 406 tandem
1256 347 1463 421 angelo
1505 348 2085 425 visitanteprzeci-A
2107 345 2399 406 videretur
2440 347 2695 419 exigere,
2739 348 3075 406 nullatenus
3126 340 3467 421 prohibebat
3512 350 3805 425 episcopos

304 436 498 509 pitur,
527 443 588 493 ut
615 434 688 493 ad
719 435 1115 509 episcopatum
1157 434 1348 492 redeat
1380 452 1394 506 ;
1425 435 1523 492 sed
1556 444 1798 508 recusat,
1840 437 2023 499 donec
2102 437 2179 494 ab
2237 438 2497 511 injuncta
2542 438 2653 496 sibi
2706 438 2984 511 dignitate
3031 454 3274 498 cessare.
3335 438 3515 513 Cujus
3580 440 3806 515 registri

306 525 663 585 admonente
694 525 898 583 eodem
928 524 1153 597 angelo,
1195 525 1400 583 beatus
1454 524 1688 583 advenit
1741 526 1851 585 sub
1883 527 2024 584 cele-
2108 527 2506 584 tantummodo
2566 526 2799 584 titulum
2856 527 3023 584 nobis
3073 525 3319 586 sufﬁciat
3376 529 3667 598 adnotare,
3733 544 3807 586 ne

307 615 486 671 ritate
547 612 872 686 Remigius.
936 613 1029 672 Sic
1052 614 1261 688 itaque
1313 630 1386 671 ne
1442 613 1695 688 deceptio
1749 616 2027 690 potuisset
2100 614 2434 687 judicemur
2463 611 2762 687 epistolam
2802 615 3077 673 laciniosa
3108 616 3436 689 prolixitate
3463 616 3807 676 distendere.

311 701 465 759 forte
484 702 803 774 subripere,
831 701 1000 759 etiam
1037 709 1156 759 tuta
1188 701 1525 771 formidans,
1558 703 1818 760 humano
1855 705 2024 762 cessit
2106 703 2204 760 Ait
2234 704 2389 761 enim
2432 704 2480 761 is
2507 706 2607 778 qui
2640 704 2867 776 registri
2916 705 3190 762 volumen
3238 704 3519 777 explicuit
3548 707 3667 775 (lib.
3718 717 3802 771 IX,

310 791 583 866 imperio,
619 791 719 864 qui
749 791 820 849 ad
863 793 1196 865 angelicum
1238 793 1402 866 prius
1450 792 1751 852 oraculum
1802 793 2024 868 rigidus

310 881 493 939 stetit.

393 969 707 1044 Episcopus
735 969 909 1029 etiam
952 969 1053 1027 ille
1084 970 1441 1041 Sabinensis,
1470 971 1572 1046 qui
1622 971 1834 1031 solium
1877 987 2022 1046 pon-

309 1059 528 1118 tificale
581 1061 854 1133 deseruit,
917 1066 971 1118 et
1027 1060 1303 1120 Farfense
1368 1063 1809 1133 monasterium,
1882 1077 2022 1120 con-

322 1157 542 1224 tempta
614 1151 950 1210 sacerdotali
1032 1152 1330 1224 dignitate,
1419 1153 1797 1223 construxit;
1848 1167 2023 1225 quam

310 1240 534 1298 nobilis
566 1239 627 1297 in
663 1240 889 1299 Christo
934 1240 1026 1298 vir
1076 1240 1268 1312 fuerit,
1304 1240 1460 1298 testis
1505 1251 1589 1300 est
1631 1243 1871 1316 antiqua
1924 1251 2024 1300 tra-

309 1326 482 1398 ditio,
514 1343 649 1401 quae
690 1328 1008 1385 sanctitatis
1048 1327 1174 1400 ejus
1224 1326 1479 1401 insignia
1530 1328 1821 1400 celebrat;
1865 1330 2024 1388 testis

308 1419 594 1476 moderna
620 1417 868 1489 devotio,
898 1432 1029 1491 qua
1058 1417 1213 1491 piam
1246 1417 1373 1491 ejus
1399 1418 1738 1477 memoriam
1768 1419 1826 1477 in
1855 1418 2024 1497 bene-

305 1507 568 1567 dictione
643 1508 986 1582 frequentat.
1060 1507 1273 1576 Quanti
1334 1506 1549 1566 Scilicet
1625 1514 1682 1565 et
1733 1509 1915 1583 prius,
1956 1504 2025 1568 'et

304 1596 683 1671 postmodum
712 1597 771 1654 in
812 1595 1011 1654 eadem
1041 1596 1175 1654 sede
1213 1598 1492 1670 usquead
1546 1598 1679 1658 vitze
1712 1599 2024 1657 terminum

2106 806 2192 861 ep.
2225 790 2308 862 41)
2339 810 2350 847 :
2393 790 2790 860 Pontificnbus,
2823 791 3038 865 inquit,
3068 791 3395 850 voluntarie
3429 792 3551 851 suis
3581 808 3805 852 renun—

2107 877 2386 934 tiantibus
2415 877 2649 935 sedibus
2695 892 3051 936 successores
3082 878 3394 951 Gregorius
3426 876 3591 937 nullo
3636 880 3805 938 modo

2108 967 2443 1039 denegabat,
2477 984 2690 1040 eosque
2712 969 3081 1041 postmodum
3120 969 3192 1026 de
3225 968 3542 1027 redditibus
3593 969 3808 1028 relictaa

2106 1055 2379 1115 Ecclesim
2427 1056 2779 1115 sufﬁcienter
2824 1057 3168 1116 nutriendos
3218 1070 3343 1115 esse
3388 1058 3703 1127 censebat;
3753 1065 3809 1116 et

2105 1145 2347 1219 reliqua,
2369 1161 2501 1219 quae
2532 1145 2653 1203 illic
2678 1144 2850 1204 latius
2877 1144 3315 1202 subnectuntur.
3340 1142 3494 1202 Hinc
3516 1151 3603 1202 est
3624 1134 3806 1216 enim,

2105 1235 2259 1307 quod
2289 1235 2437 1293 idem
2467 1236 2679 1311 przesul
2715 1234 2961 1307 insignis
2999 1234 3069 1291 de
3099 1235 3363 1308 episcopo
3392 1234 3596 1308 primaa
3628 1235 3805 1294 Justi-

2106 1320 2320 1391 nianaa,
2377 1323 2478 1395 qui
2528 1322 2729 1395 capitis
2790 1320 3197 1394 zegritudinem
3261 1322 3602 1394 patiebatur,
3656 1324 3808 1382 hanc

2105 1406 2669 1482 promulgatprolata
2691 1409 3100 1482 disceptatione
3128 1410 3470 1466 sententiam
3502 1428 3514 1467 :
3542 1409 3605 1470 Si
3648 1424 3805 1480 vero,

2108 1493 2322 1566 inquit,
2384 1496 2887 1555 reverentissimus
2942 1496 3194 1555 Joannes
3252 1497 3489 1556 fortasse
3545 1500 3813 1570 pro-mo;

2108 1581 2271 1640 lestia
2317 1599 2421 1641 sua
2476 1585 2738 1658 petierit,
2783 1591 2850 1643 ut
2895 1585 2968 1644 ab
3021 1585 3381 1659 episcopatus
3414 1588 3653 1659 honore
3707 1587 3809 1646 de-

304 1684 724 1759 perdurarunt,
768 1688 823 1741 et
851 1690 969 1740 tam
1006 1698 1309 1756 operosum
1358 1685 1610 1743 fructum
1663 1684 1780 1743 Deo
1831 1671 2239 1768 nulla-Bbeat
2272 1689 2491 1745 vacare,
2524 1691 2591 1733 eo
2627 1674 2960 1749 petitionem
3009 1676 3217 1749 scripto
3249 1675 3441 1761 dante,
3488 1676 3811 1736 conceden—

311 1781 496 1832 tenus
515 1773 855 1831 attulerunt.

393 1861 511 1920 Nec
538 1870 609 1932 te,
638 1861 778 1919 felix
813 1861 1037 1933 Bonite,
1070 1867 1427 1936 praeteream,
1474 1861 1579 1936 qui
1612 1863 1716 1922 hac
1745 1863 2028 1922 duntaxat

315 1950 625 2023 occasione
672 1956 954 2023 percepta,
994 1950 1272 2022 quoniam
1334 1949 1406 2007 de
1453 1964 1630 2008 manu
1678 1950 1849 2023 regis,
1896 1950 2028 2009 laici

314 2010 596 2096 videlicet
628 2038 904 2109 hominis,
938 2039 1301 2099 traditionem
1330 2040 1601 2099 Ecclesiae
1629 2048 1682 2099 te
1706 2040 2028 2115 suscepisse

316 2129 659 2202 contigerat,
702 2129 1034 2189 cathedram
1075 2129 1486 2203 contempsisti,
1528 2138 1702 2204 atque
1740 2132 1812 2190 ad
1840 2147 2031 2190 remo-

314 2219 489 2277 tioris
517 2220 651 2277 vitae
687 2219 1006 2278 custodiam
1049 2228 1101 2279 te
1147 2220 1409 2294 protinus
1443 2220 1763 2280 contulisti.

404 2305 764 2365 Venerabilis
795 2323 1028 2383 quoque
1053 2306 1419 2366 Gaudentius
1445 2308 1790 2382 Apsarensis
1810 2309 2032 2384 episco-

318 2411 458 2471 pus,
491 2396 658 2471 cujus
696 2412 801 2470 ego
830 2396 1237 2455 familiaritatis
1283 2395 1651 2454 dulcedinem
1679 2397 1886 2465 merui,
1930 2413 2033 2470 per

324 2499 507 2556 quem
544 2482 698 2541 Deus
745 2484 866 2557 jam
923 2500 1041 2542 non
1103 2482 1362 2559 ignobile
1410 2482 1756 2542 miraculum
1799 2484 2028 2554 fecerat,

322 2573 726 2647 episcopatum
766 2573 1008 2643 dimisit,
1043 2579 1098 2630 et
1146 2573 1216 2631 de
1251 2572 1588 2631 Sclavonico
1636 2589 1813 2646 regno
1864 2575 2032 2632 navi-

318 2678 492 2737 gans,
531 2662 823 2721 littoribus
877 2663 1260 2721 Anconitanze
1307 2663 1469 2722 urbis
1505 2664 1802 2738 applicuit,
1847 2682 1882 2723 a
1919 2682 2035 2742 qua

2109 1762 2248 1820 dum
2288 1768 2391 1821 est.
3270 1776 3285 1804 ι

2181 1849 2358 1909 Porro
2380 1856 2435 1910 et
2471 1850 2536 1909 B.
2563 1851 2980 1928 Hieronymus,
3018 1853 3160 1913 dum
3203 1852 3275 1912 de
3317 1855 3497 1914 otioso
3539 1854 3811 1915 Ecclesiae

2109 1946 2328 1998 rectore
2355 1947 2638 2011 tractaret,
2671 1942 2920 2015 adjecit:
2965 1942 3151 2012 Illico,
3196 1942 3411 2019 inquit,
3457 1943 3812 2018 indignantis

2110 2031 2345 2090 Domini
2406 2033 2777 2106 responsione
2849 2033 3127 2093 ferietur:
3188 2058 3217 2082 «
3288 2033 3466 2092 Serve
3523 2050 3811 2109 -nequam,

2112 2137 2290 2195 quare
2317 2139 2434 2181 non
2467 2123 2673 2181 dedisti
2715 2124 3023 2195 pecuniam
3061 2139 3252 2187 meam
3289 2123 3360 2205 ad
3416 2114 3699 2196 mensam,
3747 2132 3815 2184 ut

2113 2228 2217 2287 ego
2238 2212 2498 2285 veniens,
2517 2228 2651 2272 cum
2668 2212 2863 2271 usuris
2879 2214 3200 2285 exegissem
3219 2211 3425 2272 illam?
3452 2238 3471 2263 ιι
3488 2216 3637 2285 (Luc.
3656 2216 3811 2286 XIX.)

2114 2303 2276 2374 Quod
2305 2306 2501 2364 doctor
2526 2305 2792 2377 protinus
2839 2319 3159 2378 exponens,
3207 2304 3330 2363 ait:
3382 2303 3447 2362 Id
3484 2312 3602 2381 est,
3634 2308 3810 2380 depo-

2116 2394 2331 2452 suisses
2379 2394 2451 2451 ad
2500 2394 2701 2463 altare,
2766 2392 2923 2467 quod
2984 2393 3130 2450 ferre
3182 2409 3299 2452 non
3357 2401 3602 2467 poteras.
3662 2392 3814 2451 Dum

2116 2480 2273 2539 enim
2327 2487 2390 2538 tu
2435 2481 2687 2554 ignavus
2738 2478 3057 2553 negotiator
3090 2480 3405 2563 denarium
3441 2489 3621 2553 tenes,
3671 2483 3813 2542 alte-

2117 2571 2243 2628 rius
2272 2569 2483 2639 locum,
2523 2568 2626 2642 qui
2670 2569 2977 2643 pecuniam
3021 2568 3320 2642 duplicare
3364 2577 3603 2643 poterat,
3653 2588 3815 2632 occu-

2116 2662 2282 2735 pasti.
3734 2658 3753 2671 ‘

319 2765 445 2808 non
474 2750 645 2824 longe
674 2758 799 2824 post
829 2751 1132 2809 biennium
1164 2752 1410 2809 feliciter
1437 2752 1600 2811 obiit.
2189 2750 2340 2820 Quid
2393 2750 2639 2809 referam
2694 2750 3151 2824 Lugdunensem
3214 2750 3534 2825 episcopus,
3594 2751 3714 2810 vita
3763 2748 3821 2810 e't

400 2839 546 2897 Nam
584 2845 640 2897 et
670 2838 949 2898 Paulinus
982 2838 1219 2897 Nolante
1237 2839 1449 2913 praesul
1474 2839 1767 2912 Ecclesiae,
1785 2846 1853 2900 ut
1880 2858 2038 2916 qute-
2117 2838 2398 2898 vocabulo
2438 2838 2690 2901 Justum.
2719 2837 2823 2911 qui
2870 2840 3244 2897 commissum
3293 2838 3407 2896 sibi
3450 2839 3821 2912 pontificatus

320 2928 479 2988 renti
513 2928 708 2987 ﬁlium
738 2929 935 2988 viduae
960 2929 1314 2999 subveniret,
1370 2931 1764 2991 ministerium
1799 2934 2037 3007 pontifi-
2118 2930 2376 2988 ofﬁcium
2419 2935 2474 2987 et
2519 2928 2886 2987 laudabiliter
2912 2930 3083 2998 rexit,
3115 2936 3171 2987 et
3199 2944 3316 2988 non
3342 2930 3468 2987 sine
3515 2927 3689 2987 laude
3728 2927 3823 2986 de-

322 3017 452 3077 cale
476 3018 763 3092 deposuit,
796 3035 1036 3093 seseque
1070 3026 1319 3094 tyranno
1348 3019 1581 3080 cuidam
1613 3027 1889 3095 tanquam
1919 3022 2035 3081 vile
2052 3056 2098 3118 Ο
2120 3018 2351 3076 seruit?
2391 3016 2565 3107 Plane
2593 3015 2932 3090 abreptitius
2962 3016 3200 3091 quidam
3230 3016 3291 3117 in
3325 3023 3541 3074 tantam
3591 3016 3825 3116 furiosae

322 3107 695 3182 mancipium
729 3109 1084 3182 subiugavit.
2056 3105 2098 3118 “’
2124 3108 2335 3168 mentis
2372 3105 2632 3183 prorupit
2671 3107 2980 3176 insaniam,
3030 3114 3094 3166 ut
3144 3107 3348 3166 obvios
3392 3122 3653 3181 quosque
3698 3105 3859 3164 vid--

406 3198 477 3256 In
546 3198 927 3257 ecclesiastica
974 3215 1163 3272 porro,
1222 3216 1399 3275 quam
1451 3201 1748 3261 Romanus
1801 3204 2039 3274 quidam
2124 3195 2319 3255 lentus
2387 3195 2707 3269 impeteret,
2794 3194 3098 3252 verberum
3164 3193 3466 3251 collisione
3533 3199 3824 3261 mactaret,

322 3284 682 3346 scriniarius
711 3284 929 3355 scribit,
966 3286 1226 3358 historia,
1257 3288 1462 3361 legisse
1490 3288 1858 3353 mememini,
1887 3287 2040 3346 Mar-
2124 3286 2417 3360 plerisque
2485 3283 2744 3342 membra
2814 3282 3168 3356 przecideret,
3238 3287 3484 3339 mortem
3541 3288 3828 3354 postremo

318 3375 548 3447 tyrium
569 3372 1005 3440 Antiochenam
1035 3373 1371 3447 episcopum
1425 3382 1656 3449 propter
1706 3375 2044 3433 dissidentis
2125 3374 2429 3433 nonnullis
2462 3373 2716 3432 inferret.
2754 3371 2863 3429 Hic
2890 3370 3209 3445 aliquando
3237 3370 3506 3442 plurimis
3536 3370 3826 3428 insectan-

316 3463 779 3522 inobedientiam
818 3462 1035 3537 pepuli,
1091 3465 1422 3523 cathedram
1475 3465 1784 3535 dimisisse,
1816 3464 1917 3522 ubi
1953 3464 2037 3521 sic
2120 3465 2296 3532 tibus,
2328 3461 2597 3520 Ecclesiae
2627 3460 2777 3519 fores
2805 3459 3035 3532 irrupit,
3077 3473 3257 3533 seque
3288 3458 3436 3517 tueri
3464 3459 3654 3532 erepit.
3680 3458 3828 3517 Nam

232 3582 247 3585 μ
318 3549 581 3609 dicitur:
614 3549 888 3621 Rediens,
930 3550 1144 3625 inquit,
1201 3549 1513 3625 Martyrius
1557 3552 1948 3632 Antiochiam,
1982 3558 2037 3610 et
2120 3559 2260 3612 tunc
2304 3566 2441 3609 eum
2495 3548 2807 3607 necessitas
2844 3546 3116 3605 edocebat
3164 3544 3237 3603 ad
3282 3561 3378 3604 cor
3427 3546 3634 3618 redire,
3693 3562 3829 3607 cum

322 3637 641 3697 inveniens
700 3639 941 3713 populos
997 3640 1363 3712 dissidentes,
1451 3642 1864 3717 Zenonemque
1946 3642 2039 3700 his
2115 3641 2233 3715 jam
2279 3642 2590 3713 cogebatur
2631 3638 2809 3697 avita
2834 3637 3167 3706 discedere;
3205 3652 3334 3695 ecce
3379 3637 3642 3708 sacerdos
3690 3653 3830 3695 san-

322 3728 643 3795 faventem,
677 3743 870 3786 coram
904 3727 1159 3786 Ecclesia
1197 3728 1629 3787 abrenuntiavit
1663 3730 2035 3804 episcopatui,
2118 3737 2246 3788 ctus
2278 3729 2537 3788 concitus
2560 3728 2631 3785 ad
2658 3727 2765 3785 ista
2796 3726 3042 3801 prosiliit
3070 3744 3085 3798 ;
3114 3733 3170 3784 et
3196 3725 3468 3785 Ecclesiae
3489 3725 3831 3800 confugium

323 3817 535 3876 dicens
567 3842 580 3877 :
620 3819 783 3877 Clero
813 3834 929 3877 non
960 3819 1209 3890 subdito,
1274 3827 1329 3877 et
1369 3820 1581 3893 populo
1618 3820 1943 3893 dissidenti,
1987 3828 2042 3880 et
2122 3821 2337 3893 petenti
2362 3834 2423 3877 se
2464 3817 2733 3876 defensor
2760 3817 2987 3890 objecit.
3018 3815 3067 3873 Ii
3095 3832 3252 3882 vero,
3287 3831 3549 3888 quorum.
3582 3817 3830 3890 prepin-

325 3909 612 3967 Ecclesite
650 3908 940 3985 squalenti
978 3910 1342 3980 abrenuntio,
1373 3927 1614 3970 servans
1652 3912 1920 3970 mihimet
1948 3929 2039 3971 sa-
2123 3908 2224 3982 qui
2255 3907 2344 3965 vel
2375 3907 2646 3965 exstincti
2694 3907 2943 3974 fuerant,
2990 3905 3083 3962 vel
3134 3906 3405 3975 truncati,
3450 3907 3828 3963 vehementer

324 3995 571 4054 cerdotii
612 3996 972 4068 dignitatem.
1003 3996 1113 4055 Ubi
1139 3998 1314 4055 etiam
1342 3997 1490 4056 illud
1519 3998 1822 4059 invenitur
1860 4002 2044 4060 inser-
2122 3997 2435 4065 instabant,
2487 4002 2543 4053 et
2583 4010 2747 4053 reum
2792 3994 2858 4052 ad
2909 3992 3193 4066 supplicia
3238 3992 3568 4067 importuna
3610 3994 3828 4052 consti-

329 4092 482 4146 tum.
525 4083 675 4156 quod
709 4083 895 4156 Appio
932 4083 1175 4157 quidam
1218 4084 1513 4157 patricius,
1569 4087 1671 4160 qui
1720 4087 2039 4161 imperante
2120 4091 2351 4164 patione
2397 4086 2755 4163 quaerebant.
2823 4083 2973 4154 Quid
3011 4083 3236 4156 plura?
3292 4082 3548 4140 Tandem
3600 4083 3674 4141 ad
3720 4086 3829 4142 hoc
3920 4116 3927 4123 -

323 4174 517 4247 impio
542 4174 870 4245 Anastasio,
908 4173 973 4232 in
1003 4174 1242 4233 Niczena
1271 4176 1504 4234 civitate
1530 4178 1831 4252 presbyter
1852 4180 2041 4237 fuerat
2122 4181 2466 4253 perventum
2489 4181 2593 4244 est,
2625 4179 2692 4232 ut
2719 4172 2852 4246 pius
2883 4171 3142 4246 pontifex
3164 4171 3537 4229 satisdatione
3565 4180 3825 4247 suscepta

322 4279 435 4339 per
480 4263 817 4321 violentiam
856 4273 1244 4334 consecratus,
1287 4265 1566 4339 quoniam
1600 4266 1854 4339 prudens
1892 4273 2037 4338 erat,
2123 4283 2197 4325 ne
2236 4282 2367 4325 reus
2409 4264 2610 4322 mortis
2659 4263 2831 4321 morti
2888 4260 3310 4330 succumberet,
3365 4261 3533 4335 quasi
3591 4278 3695 4336 pro
3734 4280 3824 4342 sa-

325 4367 407 4410 ex
440 4350 664 4409 decreto
696 4350 943 4424 piissimi
969 4352 1335 4424 imperatoris
1377 4353 1613 4425 Justini,
1655 4354 1757 4430 qui
1786 4357 2100 4430 Anasta—h
2125 4352 2453 4411 tisfactione
2482 4351 2757 4421 victoriae,
2788 4364 2990 4408 eorum
3034 4348 3191 4406 hunc
3236 4347 3509 4406 manibus
3564 4348 3828 4407 tradidis-

324 4441 418 4500 sio
442 4440 506 4497 in
538 4448 758 4513 sceptra
787 4448 1153 4511 successerat,
1182 4442 1366 4500 factus
1404 4448 1489 4502 est
1533 4445 1838 4517 przefectus
1888 4462 2042 4520 prae-

324 4528 487 4588 torii.
523 4526 617 4587 Sic
660 4529 967 4602 nimirum,
1016 4531 1100 4589 sic
1151 4530 1441 4604 imperiali
1494 4533 1604 4591 fuit
1656 4534 1863 4607 pietate
1915 4549 2039 4593 cor-
2125 4532 2379 4601 devenit,
2427 4530 2749 4590 exstinctus
2802 4529 3041 4587 interiit.
3100 4528 3375 4587 Protinus
3410 4528 3501 4587 vir
3548 4528 3651 4588 Dei
3700 4534 3826 4588 tan-

324 4624 579 4688 rectum,
610 4618 765 4692 quod
804 4620 911 4679 sub
963 4622 1265 4695 tyrannica
1305 4621 1491 4681 fuerat
1524 4631 1855 4698 tempestate
1894 4640 2041 4697 prze-
2123 4640 2299 4699 quam
2343 4622 2392 4679 si
2434 4623 2558 4697 ipse
2599 4620 2779 4694 hujus
2830 4618 3130 4677 homicidii
3168 4628 3368 4678 auctor
3422 4626 3587 4689 esset,
3649 4635 3826 4692 pave-

326 4714 649 4782 sumptum.
700 4707 861 4778 Quod
905 4709 1158 4782 profecto
1190 4710 1403 4770 idcirco
1456 4712 1823 4775 referendum
1871 4714 2037 4785 duxi,
2124 4716 2306 4773 factus
2346 4711 2687 4781 intremuit,
2736 4709 3053 4768 Ecclesium
3104 4709 3345 4777 dimisit,
3386 4717 3443 4767 et
3489 4712 3553 4768 in
3590 4710 3826 4786 IEgypti

327 4808 398 4860 ut
432 4800 710 4874 quoniam
757 4806 814 4857 et
844 4800 965 4874 ipse
1017 4801 1304 4861 violenter
1357 4810 1631 4863 attractus
1691 4821 1844 4877 sum,
1904 4805 2043 4863 hinc
2121 4800 2383 4876 partibus
2424 4796 2793 4872 postmodum
2839 4796 3192 4854 eremiticam
3242 4796 3419 4853 vitam
3463 4796 3652 4855 duxit.
3701 4798 3825 4857 Hoc

326 4889 524 4951 valeat
564 4888 782 4962 colligi,
814 4890 954 4963 quid
991 4891 1165 4949 etiam
1196 4908 1373 4966 super
1409 4910 1500 4952 me
1533 4894 1708 4967 digne
1735 4894 1938 4952 debeat
1966 4908 2042 4950 ex
2122 4888 2404 4947 nimirum
2433 4891 2510 4945 ita
2535 4884 2741 4943 litteris
2770 4882 3000 4955 tradidi,
3049 4889 3113 4942 ut
3152 4898 3355 4941 servus
3398 4881 3498 4947 Dei
3550 4883 3824 4943 dominus

327 4980 594 5052 antiquae
639 4979 996 5037 auctoritatis
1029 4979 1355 5040 imitatione
1390 4982 1642 5041 decerni.
1695 4983 2040 5057 Quanquam
2125 4976 2476 5050 Stephanus,
2530 4972 2635 5047 qui
2696 4970 2902 5031 vestris
2979 4970 3196 5029 assistit
3258 4971 3602 5055 aspectibus,
3678 4972 3823 5031 inti-

328 5076 391 5128 et
432 5069 671 5127 alterius
714 5068 983 5127 videatur
1022 5084 1146 5127 esse
1165 5071 1381 5141 negotii
1402 5070 1663 5137 deﬁnire,
1690 5079 1889 5131 utrum
1915 5073 2040 5143 hoc,
2124 5068 2324 5128 mavit.
3756 5089 3771 5093 ’

330 5158 493 5231 quod
542 5158 642 5216 ille
687 5157 760 5215 de
813 5159 1153 5232 presbytero
1204 5144 1507 5233 praefectus
1559 5162 1814 5235 praetorii
1864 5162 2045 5221 factus
2200 5158 2406 5217 Petrus
2445 5156 2618 5214 etiam
2658 5152 3124 5228 archiepiscopus
3168 5151 3564 5211 Ravennatem
3605 5149 3829 5212 dimisit

332 5254 445 5312 est,
475 5246 824 5319 auctoritati,
849 5262 943 5305 an-
966 5249 1306 5321 praajudicio
1342 5250 1544 5310 debeat
1582 5253 1878 5325 imputari.
2129 5249 2465 5314 Ecclesium,
2500 5247 2595 5305 cui
2626 5262 2763 5304 mox
2792 5245 2985 5303 adhuc
3013 5241 3303 5316 superstiti
3343 5240 3655 5317 Honestas,
3706 5244 3828 5315 pni-

929 5391 1079 5453 424
1116 5394 1360 5457 CAPUT
1388 5395 1462 5457 Π⁸
2130 5338 2551 5457 monvind‘elicet
2612 5336 2816 5395 Ottone
2860 5336 3115 5393 habenas
3166 5331 3395 5404 imperii
3444 5333 3829 5407 gubernante,

361 5492 519 5563 Quid
553 5494 620 5551 de
657 5494 982 5554 dimittenda
1019 5500 1334 5572 episcopatu
1360 5502 1423 5555 B.
1472 5496 1761 5568 Gregorius
1790 5500 2011 5558 sentiat.

2148 5434 2423 5492 tuccessit.

2207 5515 2355 5575 425
2387 5516 2702 5575 Enimvero
2742 5520 2797 5573 et
2826 5512 3074 5586 insignis
3104 5510 3203 5570 ille
3247 5509 3560 5583 Gregorius
3590 5510 3836 5571 Nazian-

411 5606 595 5667 Porro
623 5615 820 5668 autem
852 5610 1058 5670 beatus
1104 5596 1249 5687 papa
1289 5596 1705 5687 Gregoriusysi
1743 5612 2049 5672 necessitas
2130 5626 2329 5680 zenus,
2370 5607 2472 5681 qui
2505 5607 2579 5664 ab
2609 5601 3087 5676 historiographis
3132 5600 3450 5675 Deiloquus
3493 5601 3836 5678 appellatur,

633 5725 889 5787 PATROL.
929 5725 1148 5788 CXLV.
3491 5717 3557 5781 14

2125 4450 2208 4502 set
2237 4444 2299 4518 [f.
2355 4441 2618 4516 traderet]
2656 4458 2670 4512 ;
2707 4440 2804 4498 sed
2837 4455 2974 4498 mox
3026 4439 3199 4507 ut_in
3246 4453 3449 4497 eorum
3494 4445 3828 4512 potestatem
3902 4484 3923 4489 μ
