4080 6194
231 198 336 257 427

694 193 752 253 s.
797 192 1018 253 PETRI
1056 189 1377 249 DAMIANI
1421 188 1575 248 ore.
1621 184 1872 246 TOMUS
1913 182 2055 242 SEU
2093 184 2286 243 PARS
2323 184 2427 243 111.
2465 217 2537 231 —
2572 146 3259 246 oeuscui‘x'vxeix.

3611 190 3710 251 4‘28

232 318 917 391 Constantinopolitanam
966 314 1280 373 Ecclesiam
1334 310 1763 384 contempsisse,
1811 306 2165 367 im-Aillius
2188 308 2408 386 audivi.
2443 308 2552 368 Sed
2594 310 2867 383 quoniam
2912 326 3169 383 personae
3211 313 3352 377 istze,
3382 313 3712 375 Desiderius

231 419 465 485 perante
488 408 778 483 religioso,
810 404 1272 479 atquecatholico
1296 403 1554 477 principe
1585 400 1930 485 Theodosio.

232 484 496 556 traditur.
530 494 692 565 Quod
721 495 769 551 si
796 492 960 551 nobis
988 492 1129 548 forte
1163 504 1279 547 non
1310 488 1581 557 creditur,
1631 486 1816 559 ipsius
1839 484 1931 542 hic

235 584 493 642 historiae
550 582 719 639 verba
760 589 1090 654 ponantur:
1136 578 1361 641 Sancta,
1412 577 1619 649 inquit,
1673 574 1933 646 synodus

234 672 507 745 Gregorio
561 670 842 741 Deiloquo
907 669 1299 741 episcopatum
1364 664 1936 736 Constantinopoleos

233 762 542 829 roboravit,
573 766 627 816 et
654 761 814 816 hunc
838 758 1089 814 invitum
1119 757 1179 813 in
1226 757 1430 812 throno
1474 754 1703 822 locavit,
1742 759 1935 823 utpote

235 854 488 910 multum
523 850 902 927 laborantem,
931 854 987 904 et
1027 847 1233 904 urbem
1274 862 1305 901 a
1353 845 1587 902 laesione
1634 844 1933 901 haereseon

234 946 593 1005 liberantem.
615 944 888 1015 'Cumque
923 940 1218 997 didicisset
1265 939 1545 1011 quosdam
1573 944 1657 995 ex
1691 937 1937 1009 ZEgypto

235 1035 698 1108 sapientissimus
726 1039 783 1089 et
807 1031 1176 1089 beatissimus
1204 1031 1308 1087 iste
1342 1030 1477 1087 huic
1516 1030 1600 1087 rei
1654 1029 1935 1097 invidere,

234 1122 637 1197 compositorio
693 1135 956 1178 sermone
1002 1125 1253 1187 ostenso,
1300 1122 1613 1191 spontanee
1658 1131 1692 1172 a
1733 1117 1938 1173 throno

237 1210 535 1286 regnantis
588 1210 749 1268 urbis
792 1210 1088 1268 abscessit.
1131 1208 1253 1278 Quo
1298 1209 1573 1266 thronum
1630 1207 1934 1275 refutante,

239 1302 569 1361 Nectarium
637 1302 967 1374 imperator,
1032 1306 1087 1357 et
1149 1299 1405 1373 synodus
1462 1298 1747 1372 provehit.
1800 1297 1938 1355 Haec

238 1407 411 1465 porro
440 1406 558 1449 non
590 1396 805 1462 nostra,
846 1388 947 1447 sed
973 1387 1160 1461 ipsius
1184 1386 1442 1444 historiae
1470 1385 1645 1444 verba
1673 1392 1830 1443 sunt.

898 1555 1141 1616 CAPUT
1185 1556 1289 1614 III.

292 1693 466 1760 Ὠιιοά
492 1694 689 1747 animae
716 1694 968 1760 gehennae
987 1690 1276 1760 suppliciis
1306 1690 1542 1757 traditae,
1572 1692 1871 1749 Dominicis
1960 1664 2007 1724 B

678 1782 868 1837 diebus
892 1783 1179 1848 refrigerio
1204 1782 1514 1851 potiuntur.

318 1916 472 1975 Illud
501 1917 695 1987 etiam,
723 1918 877 1990 quod
899 1915 1207 1975 Humberti
1231 1918 1668 1992 archiepiscopi,
1698 1930 1945 1975 summae

245 2006 509 2063 videlicet
537 2006 891 2063 auctoritatis
920 2004 1051 2076 viri,
1101 2007 1430 2065 narratione
1476 2007 1736 2080 cognovi,
1772 2005 1945 2063 silen-

247 2093 324 2151 tio
349 2095 687 2152 tradendum
719 2109 841 2172 esse
880 2108 997 2150 non
1029 2093 1293 2151 arbitror.
1328 2094 1472 2151 Nam
1504 2110 1635 2152 cum
1665 2110 1697 2151 a
1728 2093 1945 2151 ﬁnibus

245 2192 629 2244 reverteretur
676 2183 927 2256 Apuliae,
971 2184 1259 2242 asserebat
1307 2186 1368 2242 in
1420 2184 1754 2257 regionibus
1813 2198 1945 2257 quae

246 2275 500 2335 Puteolis
523 2276 807 2349 adjacent,
840 2276 990 2333 inter
1013 2290 1192 2347 aquas
1221 2276 1417 2348 nigras
1464 2282 1519 2333 et
1556 2275 1779 2343 fetidas,
1810 2289 1945 2361 pro-

245 2364 600 2424 montorium
639 2367 894 2421 eminere
926 2379 1200 2421 saxosum
1231 2371 1285 2421 et
1310 2380 1638 2438 scrupeum.
1680 2364 1767 2420 Ex
1809 2362 1943 2438 qui-

238 2448 349 2509 bus
400 2450 667 2508 videlicet
721 2450 1146 2509 exhalantibus
1216 2452 1386 2525 aquis
1450 2458 1723 2510 consueto
1788 2466 1947 2509 more

244 2540 556 2599 teterrimae
600 2541 873 2598 videntur
921 2540 1165 2599 avicula
1200 2547 1432 2613 repente
1474 2556 1841 2613 consurgere,
1892 2546 1948 2598 et

243 2651 275 2692 a
306 2633 625 2706 vespertina
664 2632 897 2690 Sabbati
942 2633 1082 2690 hora
1117 2648 1301 2704 usque
1345 2631 1416 2689 ad
1446 2640 1638 2691 ortum
1676 2631 1944 2689 secunda)

242 2726 422 2795 feriae,
454 2724 638 2782 solita:
672 2730 806 2782 sunt
840 2724 1119 2780 humanis
1143 2723 1466 2793 aspectibus
1496 2738 1785 2795 apparere.
1824 2722 1946 2791 Quo

240 2810 456 2868 indulti
492 2810 765 2883 temporis
804 2809 986 2882 spatio
1013 2809 1288 2865 videntur
1322 2810 1458 2865 hinc
1490 2808 1626 2865 inde
1656 2825 1756 2881 per
1788 2825 1948 2868 mon-

242 2905 356 2955 tem
384 2897 546 2955 velut
578 2897 782 2955 εοιυῐίθ
814 2895 1067 2954 vinculis
1094 2896 1274 2953 libere
1306 2897 1557 2970 spatiari.
1592 2896 1728 2955 Alas
1748 2906 1946 2954 exten-

2016 396 2283 453 videlieet
2329 403 2383 453 et
2432 397 2806 468 Humbertus,
2849 405 3023 457 tanta)
3066 401 3418 459 auctoritatis
3472 403 3588 459 sint
3652 410 3713 462 ut

1988 483 2209 565 neutri
2264 499 2463 541 eorum
2516 486 2655 542 fides
2703 487 2901 543 debeat
2950 486 3243 560 denegari,
3299 504 3402 559 ego
3456 504 3708 562 quoque,

2016 571 2169 643 quod
2205 572 2425 645 scripsi,
2458 576 2766 644 procaciter
2808 582 2921 633 non
2966 576 3209 646 affirmo,
3243 578 3340 634 sed
3384 586 3582 636 utrum
3618 595 3717 636 ve-

2018 674 2151 715 rum
2184 659 2254 716 sit
2288 676 2486 731 necne,
2522 661 2835 734 legentium
2872 663 3239 736 inquisitioni
3268 664 3717 736 relinquendum

2018 764 2141 805 esse
2167 750 2432 807 decerno.
3486 804 3501 815 ,

2090 837 2162 894 Ut
2190 838 2367 910 igitur
2400 839 2543 897 illud
2572 839 2838 910 inferam,
2866 848 3095 914 propter
3118 842 3271 915 quod
3304 844 3411 900 ista
3441 842 3716 914 praamisi,

2020 929 2342 1003 episcopus,
2410 933 2510 1004 qui
2563 939 2772 1003 tamen,
2847 932 2894 988 si
2970 939 3119 991 recte
3199 940 3381 1003 teneo,
3473 932 3720 1006 Caprazis

2021 1025 2283 1088 praeerat,
2320 1018 2465 1075 vidit
2494 1020 2768 1092 majorem
2793 1019 3170 1078 Benedictum
3219 1035 3443 1093 papam,
3480 1020 3578 1091 qui
3602 1019 3722 1091 jam

2020 1107 2256 1178 obierat,
2307 1109 2473 1181 nigro
2523 1124 2674 1183 equo
2721 1110 2887 1181 quasi
2937 1109 3307 1182 corporaliter
3353 1108 3719 1166 insidentem.

2020 1194 2483 1268 Cumque-illum
2512 1204 2765 1270 cmptum
2796 1199 2902 1255 iter
2952 1214 3186 1271 carpere
3232 1205 3508 1269 cerneret,
3540 1197 3722 1269 Heus,

2021 1284 2235 1357 inquit,
2260 1301 2453 1343 nonne
2480 1292 2539 1343 tu
2559 1301 2620 1343 es
2640 1301 2781 1358 papa
2809 1285 3167 1356 Benedictus,
3187 1302 3359 1360 quem
3382 1287 3723 1345 defunctum

2023 1374 2245 1447 liquido
2290 1374 2561 1431 novimus
2591 1374 2617 1429 ‘2
2662 1373 2808 1446 Ipse,
2851 1375 3062 1448 inquit,
3100 1374 3309 1431 infelix
3336 1390 3441 1445 ego
3472 1390 3621 1432 sum.
3655 1373 3727 1431 Et

2024 1462 2125 1520 ille
2154 1486 2165 1519 :
2197 1462 2492 1532 Quomodo
2514 1461 2617 1518 tibi
2650 1468 2753 1530 est,
2788 1461 2984 1519 Pater?
3014 1461 3326 1531 Gravibus,
3353 1463 3449 1531 ait,
3483 1468 3729 1520 tormen-

2028 1552 2100 1608 tis
2128 1549 2363 1620 aﬂicior,
2396 1567 2494 1625 spe
2538 1557 2748 1622 tamen,
2788 1551 2837 1608 si
2878 1550 3232 1623 adjutorium
3284 1551 3624 1624 praebeatur,
3654 1551 3729 1609 de

2027 1657 2156 1699 mea
2202 1643 2632 1715 recuperatione
2667 1658 2785 1700 non
2844 1642 3085 1715 privor;
3134 1642 3232 1701 sed
3261 1657 3449 1717 perge,
3507 1658 3726 1718 quaeso,

2027 1732 2099 1789 ad
2148 1732 2382 1789 fratrem
2424 1748 2619 1792 meum
2664 1733 2972 1802 Joannem,
3005 1734 3109 1807 qui
3157 1750 3315 1792 nunc
3360 1736 3726 1808 apostolicam

2028 1828 2263 1893 occupat
2292 1821 2506 1892 sedem,
2538 1821 2707 1893 eique
2737 1836 2863 1879 mea
2904 1822 3142 1881 functus
3172 1822 3454 1895 legatione
3497 1824 3727 1882 denun-

2028 1910 2127 1983 tia,
2168 1920 2232 1971 ut
2256 1912 2413 1969 illam
2443 1913 2807 1985 potissimum
2837 1928 3148 1982 summam,
3192 1929 3321 1986 quae
3360 1915 3419 1971 in
3451 1914 3544 1971 tali
3567 1914 3731 1971 theca

2032 2001 2380 2069 reconditur,
2413 2002 2473 2058 in
2502 2017 2781 2075 pauperes
2828 2017 2929 2075 pro
2960 2018 3088 2059 mea
3135 2002 3319 2061 salute
3372 2003 3673 2063 distribuat
3710 2026 3723 2073 ;

2028 2092 2223 2164 sicque
2269 2106 2362 2148 me
2405 2092 2807 2151 redimendum
2850 2109 2993 2163 esse,
3028 2093 3495 2166 quandocunque
3539 2101 3729 2151 tamen

2026 2178 2134 2236 hoc
2157 2178 2414 2235 decrevit
2444 2177 2735 2235 miseratio
2782 2179 3000 2249 divina,
3034 2187 3353 2253 cognoscat.
3387 2180 3533 2243 Nam
3561 2189 3729 2239 caete-

2026 2286 2110 2337 ra,
2166 2285 2300 2342 quas
2340 2284 2442 2342 pro
2497 2285 2590 2326 me
2643 2276 2777 2327 sunt
2837 2270 3237 2343 indigentibus
3298 2272 3519 2339 tradita,
3581 2272 3730 2329 mihi

2029 2358 2177 2417 nihil
2224 2361 2459 2432 penitus
2512 2360 2875 2433 profuerunt,
2926 2361 3062 2433 quia
3105 2360 3176 2418 de
3230 2361 3446 2435 rapinis
3486 2368 3620 2419 sunt
3672 2366 3733 2418 et
3812 2350 3815 2351 ⁷

2028 2449 2335 2523 injustitiis
2393 2450 2694 2523 acquisita.
2736 2450 2843 2506 His
2889 2450 3067 2523 igitur
3116 2450 3350 2521 auditis,
3429 2450 3731 2523 episcopus

2028 2536 2273 2594 Romam
2315 2538 2561 2610 impiger
2595 2537 2755 2605 adiit,
2796 2535 3004 2594 Joanni
3043 2553 3202 2609 papa)
3241 2538 3499 2595 defuncti
3538 2536 3733 2594 fratris

2028 2629 2200 2685 verba
2267 2628 2542 2697 narravit,
2606 2627 2945 2701 episcopalis
3009 2642 3148 2684 mox
3209 2628 3453 2686 sarcina:
3505 2628 3733 2700 pondus

2026 2717 2252 2789 abjecit,
2284 2717 2635 2775 monachum
2670 2716 2878 2787 induit,
2909 2732 3091 2790 eoque
3132 2717 3301 2776 modo
3326 2718 3570 2776 salutem
3615 2715 3731 2774 sibi

2029 2821 2103 2863 ex
2130 2804 2320 2862 aliena
2354 2805 2675 2863 calamitate
2711 2805 2981 2877 providit.

2100 2896 2181 2953 De
2201 2896 2500 2970 azquivoco
2528 2912 2760 2970 quoque
2810 2896 3072 2970 ejusdem
3102 2896 3397 2955 Benedicti
3428 2910 3587 2969 papae
3614 2895 3725 2967 (lt)

241 2986 405 3055 dunt,
461 2986 691 3057 plumas
745 2992 928 3042 rostro
977 2992 1359 3058 prosequente
1406 2986 1733 3058 depectunt,
1785 2992 1840 3042 et
1883 2984 1943 3080 in
1968 2992 2202 3084 Catque
2232 2993 2454 3059 nepote,
2503 2986 2607 3059 qui
2645 2993 2772 3060 post
2816 3001 2951 3044 eum
2997 2987 3218 3057 tertius,
3269 2988 3479 3068 Joanni
3519 3003 3727 3046 secun-

241 3080 525 3148 quantum
571 3075 743 3131 datur
788 3073 1055 3145 intelligi,
1100 3088 1366 3132 concessa
1396 3074 1466 3130 ad
1508 3079 1734 3146 tempus
1777 3071 1945 3129 refri-
1971 3071 2139 3135 “dus
2164 3077 2225 3133 in
2249 3076 2528 3135 Romana
2557 3076 2708 3134 sedis
2737 3076 3039 3135 invasione
3066 3078 3359 3147 successit,
3400 3077 3551 3135 idem
3580 3076 3732 3134 mihi

240 3165 385 3238 gerii
425 3180 485 3223 se
514 3162 930 3237 tranquillitate
979 3162 1298 3223 resolvunt.
1349 3163 1489 3233 Quae
1542 3164 1793 3238 profecto
1839 3180 1944 3222 vo—

240 3253 427 3310 lucres
473 3267 577 3310 nec
606 3268 866 3325 unquam
900 3252 1175 3311 videntur
1202 3254 1376 3320 vesci,
1415 3270 1521 3312 nec
1547 3253 1809 3328 quolibet
1836 3269 1945 3311 au-

238 3345 403 3418 cupis
440 3344 636 3405 valent
670 3343 906 3419 ingenio
938 3342 1084 3417 capi.

313 3432 707 3492 Dilucescente
739 3433 917 3507 igitur
949 3430 1234 3489 matutina
1274 3430 1543 3489 secundm
1592 3430 1753 3488 feriae
1784 3430 1944 3500 hora,

237 3540 366 3582 ecce
398 3540 644 3597 magnus
689 3524 759 3581 ad
795 3524 975 3581 instar
1014 3521 1265 3581 vulturis
1295 3536 1503 3579 corvus
1529 3525 1656 3592 poSt
1682 3520 1948 3592 prtefatas

236 3614 499 3672 aviculas
540 3612 745 3686 incipit
783 3627 1035 3669 concava
1084 3618 1319 3683 gutture
1367 3610 1619 3681 graviter
1651 3609 1942 3668 crocitare.

240 3702 360 3759 Illae
415 3702 681 3775 protinus
718 3716 839 3758 sese
893 3700 1060 3773 aquis
1109 3701 1513 3773 immergentes
1566 3698 1945 3767 abscondunt,

2028 3165 2285 3225 narravit
2323 3166 2680 3224 Humbertus
2702 3184 2715 3234 ;
2747 3166 2884 3239 quia
2912 3182 3113 3225 vassus
3164 3167 3402 3240 quidam
3442 3166 3580 3224 dum
3623 3165 3736 3223 iter

2027 3263 2235 3329 ageret,
2286 3256 2492 3313 accidit
2527 3263 2591 3313 ut
2630 3255 2798 3327 juxta
2838 3256 3234 3313 molendinum
3280 3271 3429 3329 equo
3470 3255 3733 3329 insidens

2028 3344 2455 3418 pertransiret;
2527 3360 2655 3402 ecce
2738 3350 2969 3417 repente
3066 3351 3394 3403 monstrum
3472 3344 3734 3402 immane
3826 3406 3829 3409 λ

2029 3432 2349 3506 conspexit,
2388 3449 2503 3506 quo
2551 3433 2677 3490 viso
2709 3434 2936 3492 subitus
2990 3450 3124 3493 eum
3178 3440 3359 3492 terror
3405 3434 3636 3502 invasit,
3672 3442 3733 3493 et

2031 3524 2382 3597 stupefactus
2417 3524 2738 3582 intremuit.
2799 3525 3114 3584 Videbatur
3158 3532 3353 3584 autem
3404 3533 3729 3585 monstrum

2030 3612 2181 3671 illud
2210 3612 2271 3669 in
2299 3628 2470 3670 aures
2504 3614 2788 3671 duntaxat
2830 3615 2989 3672 aselli
3043 3615 3401 3689 caudamque
3443 3616 3729 3687 desinere,

2031 3707 2235 3758 caetera
2276 3716 2452 3758 ursus
2482 3707 2622 3758 erat.
2657 3702 2917 3781 Cumque
2946 3703 3131 3760 viator
3155 3704 3225 3760 ad
3266 3705 3373 3761 hoc
3400 3711 3732 3777 portentum

236 3806 341 3848 nec
363 3791 513 3849 ultra
538 3790 816 3848 videndas
846 3805 907 3846 se
934 3788 1208 3845 humanis
1237 3789 1423 3846 oculis
1450 3787 1720 3856 oﬂ‘erunt,
1769 3788 1950 3845 donec
2033 3796 2265 3848 territus
2302 3789 2699 3863 obrigesceret,
2732 3792 3044 3865 fugamque
3074 3792 3421 3866 praecipitem
3465 3793 3735 3851 formido-

237 3880 745 3953 advesperascente
792 3879 913 3953 jam
955 3876 1188 3935 Sahbati
1219 3877 1330 3947 die,
1378 3877 1448 3934 de
1494 3875 1795 3950 sulphurei
1843 3883 1948 3934 sta-
2032 3878 2189 3937 losus
2221 3878 2413 3942 iniret,
2442 3878 2691 3935 informe
2718 3878 3338 3951 prodigiumhumanm
3369 3878 3523 3937 vocis
3557 3879 3735 3937 verba

234 3970 335 4045 gni
367 3970 641 4043 voragine
668 3984 873 4027 rursus
901 3974 1225 4041 emergunt.
1258 3958 1423 4026 Unde
1446 3968 1721 4026 nonnulli
1749 3968 1971 4042 perhi-'
2032 3964 2342 4025 formavit:
2378 3965 2529 4035 Noli,
2566 3966 2780 4040 inquit,
2814 3981 2848 4023 o
2894 3967 3001 4037 vir,
3053 3983 3436 4040 expavescere
3470 3986 3485 4039 ;
3540 3969 3733 4027 homi-

238 4064 373 4119 bent
402 4077 497 4118 eas
540 4060 846 4119 hominum
877 4074 999 4117 esse
1030 4057 1254 4114 animas
1298 4056 1605 4114 ultricibus
1662 4057 1945 4129 gehennae
2030 4072 2163 4114 nem
2192 4072 2285 4113 me
2314 4056 2453 4114 olim
2488 4056 2689 4125 fuisse,
2722 4057 2869 4114 sicut
2898 4064 2952 4115 et
3001 4058 3121 4130 ipse
3176 4073 3333 4115 nunc
3387 4074 3470 4126 es,
3531 4058 3733 4131 procul

235 4147 535 4221 suppliciis
601 4148 919 4219 deputatas.
978 4144 1119 4214 Quae
1170 4146 1454 4202 nimirum
1496 4144 1725 4217 reliquo
1773 4146 1947 4203 totius
2029 4145 2206 4203 dubio
2253 4144 2452 4215 crede;
2502 4145 2597 4202 sed
2648 4148 2786 4217 quia
2837 4145 3151 4203 bestialiter
3211 4146 3356 4215 vixi,
3418 4153 3544 4219 post
3599 4146 3735 4204 vitae

238 4236 616 4294 hebdomadae
672 4243 925 4307 tempore
975 4234 1328 4302 cruciantur,
1384 4233 1689 4291 Dominico
1752 4240 1947 4290 autem
2033 4233 2209 4291 finem
2267 4232 2464 4290 bestiae
2516 4234 2764 4306 perferre
2813 4233 3063 4305 speciem
3121 4233 3329 4290 merui.
3386 4233 3558 4292 Porro
3599 4248 3736 4291 cum

239 4323 335 4380 die
370 4337 507 4381 cum
546 4322 943 4397 adjacentibus
973 4320 1125 4378 ultro
1179 4321 1442 4392 citroque
1497 4320 1786 4389 noctibus,
1847 4321 2131 4397 pronille
2184 4322 2559 4395 perquireret,
2622 4322 2752 4395 quis
2807 4322 3062 4379 fuisset:
3128 4321 3269 4395 Ego,
3318 4322 3417 4391 ait,
3470 4321 3567 4378 ille
3609 4322 3739 4379 solo

242 4412 560 4469 Dominicze
594 4376 1033 4469 resurrectionis
1060 4410 1265 4481 gloria,
1292 4410 1592 4481 refrigerio
1622 4411 1943 4483 potiuntur.
1963 4376 2013 4435 D
2033 4411 2271 4467 nomine
2301 4410 2649 4468 Benedictus
2678 4410 2780 4477 fui,
2814 4410 2917 4483 qui
2972 4426 3158 4484 nuper
3211 4411 3540 4485 apostolica:
3574 4412 3734 4469 sedis

243 4498 348 4557 Cui
374 4500 592 4559 scilicet
618 4500 920 4557 assertioni
969 4501 1140 4555 etiam
1191 4498 1541 4557 Prudentius
1578 4500 1791 4558 nobilis
1829 4517 1951 4559 ver—
2032 4501 2249 4573 apicem
2274 4500 2554 4573 indignus
2580 4500 2831 4558 obtinui.
2864 4501 3186 4575 Inquisitus
3214 4511 3427 4573 autem,
3458 4504 3592 4577 quid
3612 4504 3735 4576 jam

242 4590 493 4647 siﬁcator
530 4591 590 4647 in
622 4589 977 4664 hymnorum
1014 4604 1253 4647 suorum
1286 4588 1945 4664 opusculisattestatur.
2035 4590 2435 4647 retributionis
2466 4590 2741 4647 haberet:
2800 4590 2968 4648 Nunc
2998 4590 3259 4664 quidem,
3298 4592 3509 4666 inquit,
3553 4608 3740 4665 usque

244 4676 357 4737 Sed
385 4694 517 4736 cum
547 4680 671 4736 haec
706 4679 776 4735 de
819 4676 1081 4746 aviculis,
1118 4684 1171 4734 et
1205 4693 1377 4735 corvo
1425 4678 1574 4734 inter
1627 4694 1807 4752 aquas
1855 4680 1949 4736 ni-
2034 4681 2103 4737 ad
2129 4680 2335 4753 judicii
2362 4680 2512 4738 diem
2570 4698 2670 4753 per
2706 4682 2969 4751 dumosa,
3025 4688 3197 4755 atque
3245 4681 3589 4755 squalentia,
3636 4697 3739 4754 per

243 4786 374 4843 gras
418 4770 732 4843 aliquando
778 4768 1213 4843 apparentibus,
1253 4768 1566 4841 aliquando
1610 4785 1669 4827 se
1705 4770 1948 4829 abscon-
2035 4769 2349 4841 sulphurea
2388 4769 2527 4833 loca,
2571 4776 2625 4825 et
2668 4770 2873 4827 fetores
2920 4769 3272 4845 exhalantia,
3314 4778 3487 4842 atque
3534 4771 3738 4827 incen-

245 4860 535 4929 dentibus,
570 4861 630 4917 in
665 4861 872 4933 pagina
896 4859 1287 4932 digessissem,
1335 4858 1641 4933 religiosus
1673 4861 1953 4919 Casinen-
2034 4855 2147 4913 diis
2195 4856 2559 4928 conﬂagrata,
2602 4856 2791 4928 rapior
2842 4863 2896 4913 et
2949 4857 3295 4929 pertrahor;
3364 4864 3491 4929 post
3544 4862 3735 4915 extre-

244 4952 325 5008 sis
370 4950 705 5010 monasterii
757 4950 932 5007 abbas
990 4948 1324 5006 Desiderius
1381 4949 1648 5019 advenit,
1714 4966 1953 5024 seseque
2038 4964 2196 5005 mum
2226 4964 2362 5005 vero
2381 4947 2689 5019 judicium,
2732 4961 2936 5018 corpus
2962 4962 3157 5003 meum
3191 4945 3363 5003 simul
3401 4952 3457 5003 et
3480 4946 3736 5003 animam

249 5054 372 5096 rem
402 5038 483 5096 sic
521 5038 734 5095 habere
766 5037 1028 5094 funditus
1076 5036 1403 5108 abnegavit.
1453 5037 1715 5111 Cumque
1756 5040 1950 5110 illum,
2036 5036 2480 5095 irremediahilis
2520 5036 2827 5103 cruciatus,
2868 5042 2921 5092 et
2959 5036 3302 5108 gehennalis
3340 5034 3595 5093 barathri
3644 5049 3738 5092 me

249 5137 303 5186 et
332 5130 743 5199 Humbertum,
778 5119 1615 5199 meum'videlicetrelatorem,
1655 5130 1711 5186 in
1750 5139 1954 5188 mutua
2036 5123 2426 5183 irrevocabilis
2459 5121 2573 5181 olla
2602 5122 2896 5194 deglutiet,
2928 5124 3006 5179 ita
3031 5130 3095 5180 ut
3121 5121 3283 5180 nulla
3324 5122 3469 5180 mihi
3502 5136 3737 5193 recupe-

248 5216 955 5291 colloquiadeduxissem,
997 5214 1360 5273 Humbertus
1392 5214 1515 5272 ait:
1569 5215 1688 5287 Ego
1716 5216 1952 5289 quidem
2037 5212 2276 5270 rationis
2330 5228 2459 5284 spes
2511 5212 2572 5268 in
2631 5218 2923 5283 posterum
2979 5216 3171 5277 restet.
3226 5209 3356 5267 Post
3400 5210 3520 5275 haec
3578 5223 3732 5276 vero,

252 5308 432 5381 hujus
458 5300 819 5381 allegationis
857 5306 1251 5365 testimonium
1282 5320 1397 5362 non
1428 5305 1693 5374 defendo,
1722 5322 1953 5364 verum-
2037 5308 2092 5359 et
2118 5303 2454 5376 hujusmodi
2485 5302 2656 5359 verba
2681 5302 2981 5374 disparuit.
3030 5299 3141 5359 Sed
3170 5316 3305 5358 cum
3352 5317 3474 5374 ego.
3508 5316 3612 5359 cur
3637 5298 3736 5355 ille

250 5404 441 5455 tamen
492 5399 598 5455 hoc
632 5396 968 5470 simpliciter
1001 5394 1195 5466 retuli,
1234 5391 1380 5447 426
1421 5395 1575 5466 quod
1618 5396 1691 5462 ab
1742 5396 1951 5453 accolis
2034 5392 2092 5467 in
2130 5394 2235 5449 hac
2280 5392 2465 5465 specie
2505 5400 2841 5464 conspectus
2872 5390 2965 5461 sit,
2999 5390 3330 5462 indaginem
3360 5407 3578 5467 quaero,
3616 5404 3728 5447 non

312 5588 356 5651 (ι
376 5589 415 5651 l)
453 5588 577 5652 Ejus
602 5589 836 5644 nominis
863 5588 1151 5646 undecimi.
1182 5572 1188 5577 ⁸
