4080 6194
590 276 619 286 ο.

498 280 619 376 ηεῑ
838 280 844 288 ’
1334 280 1592 378 οιδυεε.
1635 315 1795 379 XIX.
1832 350 1900 361 —
1938 317 2034 377 DE
2073 288 2575 382 ABDICATIONE
2614 318 3137 387 EPISCOPATUS.
3193 344 3201 351 ο

3881 329 3986 390 430

499 439 694 497 deesse
736 440 1075 512 mysterium
1123 439 1197 497 ab
1255 444 1323 498 eo
1378 440 1534 515 quod
1579 439 1775 498 visum
1833 447 1939 511 est,
2001 441 2457 518 depre-Aatque
2487 452 2553 505 ut
2579 447 2802 519 occulta
2829 463 2932 506 sua
2961 450 3019 505 in
3058 448 3314 508 medium
3355 449 3649 525 proferret,
3686 451 3987 510 unanimi-

496 533 715 592 bendo.
768 532 915 591 Nam
958 533 1096 605 quia
1140 532 1485 593 miserabilis
1531 531 1629 590 ille
1684 532 1758 590 ab
1813 530 1947 611 ipso
1988 532 2205 591 funesti
2289 542 2371 592 ter
2402 537 2787 607 hortarentur,
2842 537 2942 596 ille
2989 540 3504 599 anathematizabat
3530 547 3584 597 et
3621 541 3986 616 blasphema—

494 618 863 693 pontiﬁcatus
921 620 1014 678 sui
1083 620 1400 694 primordio
1450 618 1597 676 427
1652 636 1837 696 usque
1879 621 1965 678 'ad
2029 621 2204 678 ﬁnem

498 713 631 770 vitae
683 712 747 769 in
778 710 1051 770 luxurias
1112 726 1279 770 emno
1310 718 1573 772 versatus
1603 717 1706 783 est,
1740 708 1855 770 nun
1883 712 2203 785 incongrue

491 803 654 862 visus
684 808 790 875 est,
828 809 884 860 et
908 802 983 860 ab
1016 802 1263 861 auribus
1289 803 1561 877 incipere,
1596 810 1651 862 et
1688 804 1750 877 in
1780 793 2020 862 caudam
2051 803 2201 862 asini

490 893 821 951 terminare.
879 892 1099 951 Asinus
1157 893 1370 966 quippe
1412 875 1787 953 luxuriosum
1831 901 1916 953 est
1954 894 2198 965 animal,

488 983 640 1041 sicut
684 982 959 1056 propheta
987 982 1251 1055 designat
1285 999 1421 1041 cum
1451 985 1524 1042 de
1573 983 1763 1042 carnis
1807 982 2199 1042 immunditite

489 1067 699 1126 deditis
739 1068 820 1125 ait
858 1090 872 1125 :
924 1092 952 1117 «ι
992 1067 1066 1127 Ut
1119 1083 1321 1145 carnes
1364 1071 1683 1141 asinorum,
1737 1084 1940 1128 carnes
1996 1084 2197 1128 eorum

490 1161 701 1232 (Ezech.
749 1169 939 1223 XXIII).
974 1182 997 1209 ι
1051 1159 1211 1243 Quod
1264 1167 1457 1219 autem
1522 1178 1624 1235 per
1684 1169 1888 1221 cmtera
1940 1162 2200 1220 membra

490 1250 611 1309 ursi
643 1250 872 1309 tenebat
899 1251 1168 1324 speciem,
1208 1245 1389 1310 vitam
1417 1253 1477 1310 in
1505 1252 1780 1311 omnibus
1821 1253 2061 1327 docetur
2089 1252 2193 1310 du-

466 1336 649 1396 .xisse
678 1338 994 1396 carnalem.
1029 1338 1196 1409 Nam,
1229 1340 1377 1398 sicut
1419 1355 1452 1397 a
1480 1340 1736 1414 physicis
1767 1339 2029 1410 traditur,
2060 1355 2198 1399 ursa

490 1443 622 1487 cum
653 1426 822 1501 parit,
866 1443 982 1486 non
1029 1428 1310 1499 catulum,
1347 1429 1520 1501 juxta
1572 1428 2049 1488 consuetudinem
2091 1430 2197 1486 be-

488 1516 753 1587 stiarum,
813 1515 912 1575 sed
962 1516 1218 1575 frustum
1268 1518 1461 1576 carnis
1512 1519 1796 1577 effundit:
1851 1533 1990 1577 mox
2044 1518 2199 1592 quod

489 1608 742 1667 effusum
776 1613 881 1679 est,
916 1607 1175 1666 crebrius
1212 1607 1485 1680 lingendo
1521 1616 1576 1666 et
1616 1608 1927 1667 lambendo
1973 1622 2198 1681 compo-

489 1699 595 1769 nit,
638 1697 837 1771 sicque
878 1696 949 1754 ad
996 1696 1091 1755 sui
1130 1696 1577 1757 similitudinem
1626 1698 1835 1771 lingua
1888 1698 2195 1770 formante,

2283 624 2421 682 bat:
2458 632 2512 683 et
2566 641 2685 684 non
2736 627 2925 685 solum
2981 628 3338 701 ptenilentize
3385 629 3731 703 remedium,
3778 632 3873 691 sed
3934 642 3989 693 et

2284 713 2478 770 omnia
2535 713 2948 787 redemptionis
3007 723 3218 775 nostrae
3289 717 3562 792 mysteria
3622 734 3723 777 ore
3788 720 3989 781 rabido

2283 807 2456 876 atque
2499 800 2646 858 428
2700 804 2979 878 sacrilego
3029 807 3467 866 condemnabat.
3526 800 3797 869 Mduacbi
3852 827 3994 871 vero

2283 890 2352 947 ad
2382 906 2606 965 semper
2651 892 2909 953 victricia
2936 896 3212 954 orationis
3243 912 3403 954 arma
3444 896 3540 970 pio
3568 899 3760 957 studio
3789 916 3988 959 recur-

2284 988 2473 1039 rentes
2524 990 2841 1056 cmperunt,
2899 984 3135 1058 abjectis
3183 984 3559 1057 indumentis,
3610 1003 3846 1062 corpora
3881 1005 3991 1048 sua

2281 1068 2466 1142 scopis
2514 1068 2769 1140 allidere,
2813 1071 3024 1145 pugnis
3062 1078 3286 1146 pectora
3333 1073 3595 1145 tundere,
3648 1068 3988 1149 psalmodiaa

2281 1166 2453 1231 atque
2483 1160 2770 1228 omnium,
2813 1160 3028 1236 quibus
3063 1161 3355 1232 valebant,
3385 1178 3621 1235 precum
3666 1167 3988 1239 generibus

2281 1244 2575 1304 insudare.
2630 1245 2865 1305 Cunctis
2894 1248 3089 1321 itaque
3120 1248 3395 1307 fratribus
3424 1249 3485 1307 in
3525 1250 3802 1312 luctuosis
3855 1268 3985 1311 ora-

2282 1337 2538 1396 tionibus
2570 1343 2626 1396 et
2647 1339 2870 1413 jejunio
2895 1340 3243 1411 constitutis,
3274 1355 3341 1397 ac
3377 1340 3487 1400 sub
3515 1341 3731 1401 divinas
3757 1343 3985 1417 pietatis

2281 1425 2706 1497 exspectatione
2760 1427 3075 1499 suspensis,
3134 1427 3362 1485 tandem
3421 1442 3692 1501 supernae
3754 1430 3985 1490 virtutis

2281 1511 2553 1586 splendor
2577 1512 2831 1572 emicuit.
2863 1514 3008 1574 Ecce
3053 1514 3211 1573 enim
3260 1516 3594 1590 desperatus
3621 1515 3745 1590 ille,
3795 1524 3851 1576 et
3878 1536 3981 1579 vo-

2280 1602 2481 1676 ragine
2510 1603 2689 1661 maris
2739 1603 2954 1663 hiantis
3001 1605 3327 1679 absorptus,
3380 1607 3451 1666 ad
3490 1607 3850 1681 superﬁciem
3891 1626 3985 1669 re-

2279 1693 2431 1751 diit:
2482 1693 2585 1751 Dei
2615 1694 2832 1767 quippe
2885 1693 3198 1754 Salvatoris
3236 1696 3715 1771 omnipotentiam
3762 1698 3984 1767 laudat,

491 1785 759 1860 producit
807 1785 988 1859 (PLIN.
1047 1784 1151 1843 lib.
1180 1799 1308 1855 VIII,
1361 1803 1483 1862 cap.
1534 1787 1639 1857 36).
1681 1786 1821 1845 Jure
1871 1786 2050 1859 igitur
2095 1780 2655 1861 quiBnequissimis
2728 1780 2957 1841 Satanae
3022 1782 3517 1843 ludificationibus
3592 1786 3983 1861 abrenuntiat,

489 1875 817 1944 luxuriose,
860 1880 917 1933 et
945 1874 1252 1934 carnaliter
1284 1875 1450 1946 vixit,
1491 1875 1554 1933 in
1583 1875 1735 1934 asini
1779 1875 1955 1939 simul
1982 1881 2039 1934 et
2076 1874 2198 1933 ursi

492 1964 682 2040 ﬁgura
738 1965 1080 2039 comparuit.
1151 1964 1260 2024 Cui
1306 1966 1601 2030 .nimirum
1649 1966 1785 2039 quis
1836 1980 1951 2023 non
2007 1965 2201 2023 videat

492 2060 711 2127 quanto
763 2054 977 2114 melius
1051 2053 1257 2125 fuerat,
1328 2060 1394 2113 ut
1451 2055 1846 2129 episcopatum
1894 2054 2195 2124 deserens,

494 2143 894 2219 paenitentiam
947 2148 1158 2215 ageret,
1189 2158 1365 2218 quam
1390 2143 1451 2202 in
1492 2159 1560 2203 eo
1590 2158 1777 2217 usque
1800 2142 1871 2200 ad
1909 2143 2046 2201 vitae
2093 2147 2201 2201 ter-

493 2233 724 2318 minum
764 2247 1154 2308 perseverans,
1212 2248 1411 2292 veram
1458 2234 1638 2292 vitam
1687 2231 1950 2293 funditus
2004 2231 2201 2307 perdi-

494 2320 649 2380 disse
677 2320 733 2381 ?,
1347 2342 1362 2357 ’

1159 2483 1404 2545 CAPUT
1432 2484 1533 2544 IV.
1640 2534 1645 2537 _

490 2622 570 2676 De
614 2620 895 2685 monacho,
946 2623 1045 2692 qui
1095 2620 1388 2677 damnatus
1439 2624 1499 2675 in
1550 2620 1788 2691 inferno,
1831 2602 2025 2692 postea
2061 2619 2197 2676 libe-

1199 2715 1355 2767 ratus
1382 2715 1480 2767 est.

565 2850 676 2911 Sed
706 2852 847 2926 quia
870 2852 978 2912 hoc
1006 2852 1164 2911 triste
1187 2851 1574 2926 praetulimus,
1604 2848 1763 2909 aliud
1791 2848 2021 2923 pietatis
2051 2848 2199 2908 divi-

489 2956 585 3001 nas
622 2942 995 3013 miraculum,
1028 2943 1183 3018 quod
1229 2942 1516 3001 nimirum
1550 2940 1710 2999 laetos
1755 2939 1958 2998 habuit
2004 2940 2200 2999 exitus

487 3044 568 3088 ex
628 3030 885 3104 ejusdem
936 3030 1248 3091 Humberti
1289 3029 1721 3089 narrationibus
1766 3029 2196 3090 subnectamus.

508 3156 513 3169 .
566 3117 637 3177 In
679 3120 1049 3211 monasterio,
1080 3119 1292 3194 inquit,
1434 3118 1724 3211 silvestri,
1758 3119 1914 3191 QUOd
1941 3119 2003 3176 in
2041 3118 2261 3211 Ufbi‘c

394 3288 413 3295 _
486 3215 649 3267 nate'
678 3210 1057 3267 constitutum
1111 3215 1197 3267 est
1240 3208 1543 3279 territorio,
1588 3207 1824 3280 quidam
1877 3210 2198 3268 monachus

487 3300 653 3371 obiit,
687 3306 743 3357 et
778 3299 850 3357 ab
884 3298 1199 3372 incipiente
1226 3296 1505 3372 gallicinii
1544 3297 1903 3356 nocturnalis
1931 3296 2192 3368 articulo,

489 3404 679 3465 usque
725 3389 798 3447 ad
851 3389 1162 3448 secundam
1208 3387 1325 3447 diei
1373 3388 1576 3447 horam
1606 3388 1851 3445 cadaver
1897 3388 2223 3459 exanime,

487 3478 675 3538 lotum
725 3479 896 3553 juxta
940 3491 1186 3547 morem,
1241 3481 1413 3550 atque
1468 3473 1866 3545 constrictum,
1922 3475 2199 3534 fratribus

487 3569 945 3642 circumquaque
967 3566 1370 3642 psallentibus,
1387 3566 1453 3623 in
1479 3565 1684 3623 feretro
1701 3563 1903 3639 jacuit.
1933 3564 2198 3639 Cumque

489 3658 795 3718 transactis
819 3660 941 3732 jam
994 3658 1308 3716 missarum
1347 3671 1421 3714 ex
1450 3654 1657 3730 majori
1687 3660 1845 3727 parte
1876 3653 2194 3727 solemniis,

490 3752 689 3819 Agnus
734 3752 853 3818 Dei,
888 3748 1058 3823 juxta
1090 3747 1347 3821 regulam
1406 3746 1714 3815 diceretur,
1769 3759 1897 3802 ecce
1944 3748 2194 3817 repente,

488 3837 595 3912 qui
651 3837 920 3896 mortuus
966 3836 1193 3911 jacebat
1238 3836 1300 3893 in
1355 3835 1566 3905 medio,
1632 3832 1827 3891 anima
1894 3832 2193 3904 redeunte,

487 3928 764 3987 surrexit.
840 3926 1156 4001 Stupefacti
1219 3931 1354 3985 sunt
1423 3924 1645 3997 fratres,
1710 3928 1767 3982 et
1820 3938 1970 3982 nova
2020 3920 2198 3979 nimis

487 4017 873 4077 admiratione
920 4015 1205 4092 perterriti
1235 4041 1247 4074 :
1297 4014 1579 4073 nimirum
1610 4028 1782 4088 quem
1819 4010 2041 4075 funeris
2068 4009 2195 4069 oﬂi-

486 4108 649 4167 cium
678 4109 1071 4180 persolventes
1098 4106 1450 4178 extulerant,
1481 4121 1641 4164 nunc
1661 4102 1893 4163 vitalem
1925 4102 2194 4176 spiritum

492 4199 774 4272 recepisse
826 4198 1117 4258 videbant.
1168 4197 1241 4254 At
1300 4210 1429 4254 cum
1493 4184 1730 4269 propius
1799 4190 2193 4262 accessissent,

490 4286 793 4359 verbaque
821 4300 890 4343 ex
915 4300 1012 4344 ore
1040 4283 1203 4342 illius
1232 4282 1434 4341 audire
1463 4280 1697 4340 avidius
1724 4280 2021 4338 inhiarent
2053 4302 2065 4336 :
2100 4278 2192 4335 Ah

487 4374 722 4435 scelus!
775 4375 872 4434 ille
931 4373 1253 4443 maledicta,
1325 4380 1381 4430 et
1438 4370 1815 4431 contumelias
1876 4369 1938 4426 in
2014 4368 2191 4426 Deum

483 4466 662 4541 empit
691 4465 1007 4535 effundere,
1055 4464 1423 4523 benedictum
1468 4462 1782 4523 Salvatoris
1835 4475 2049 4519 nomen
2081 4460 2192 4518 im-

479 4555 579 4630 pie
608 4554 1026 4628 blasphemare,
1061 4553 1315 4612 viviﬁcze
1346 4552 1535 4610 crucis
1582 4552 1837 4625 signum,
1870 4557 1934 4610 ut
1962 4549 2189 4608 oscula-

478 4651 661 4715 retur,
691 4644 976 4715 oblalum,
1021 4642 1299 4715 sacrilego
1347 4657 1445 4701 ore
1475 4656 1835 4714 conspuere;
1886 4640 2190 4698 intemera-

473 4736 598 4792 tam
628 4748 863 4807 quoque
906 4732 1009 4791 Dei
1039 4731 1390 4790 Genitricem
1430 4729 1835 4802 igneminiosis
1864 4744 1981 4787 non
2014 4729 2186 4785 time-

472 4823 577 4882 bat
613 4822 940 4896 opprobriis
993 4821 1262 4879 lacerare.
1304 4818 1379 4878 Ut
1406 4818 1570 4892 quid,
1611 4818 1905 4893 inquiens,
1955 4833 2058 4891 pro
2091 4831 2184 4874 me

469 4908 742 4984 psallitis,
795 4908 894 4967 vel
920 4907 1338 4967 sacrificiorum
1390 4905 1607 4963 hostias
1650 4904 1853 4962 offerre
1902 4902 2183 4960 tentatis?

468 4997 595 5071 Ego
623 4998 782 5056 enim
829 4997 893 5055 in
940 4996 1066 5071 ipsa
1122 4990 1476 5061 ﬂammantis
1523 4992 1715 5051 tartari
1742 4990 2032 5065 profunda
2081 4991 2181 5047 de-

465 5086 686 5156 scendi,
716 5085 915 5160 ibique
935 5101 1028 5144 me
1058 5099 1225 5143 meus
1253 5084 1548 5157 magister,
1579 5089 1635 5140 et
1660 5081 1935 5141 dominus
1948 5080 2181 5138 Lucifer

463 5172 926 5233 irrevocabiliter
1001 5172 1335 5246 deputavit;
1416 5185 1686 5230 coronam
1758 5169 1929 5244 plane
2014 5185 2176 5228 suam

463 5278 679 5322 aeream
744 5260 1216 5335 inexstinguibili
1268 5275 1494 5334 semper
1555 5258 1758 5317 ardore
1814 5258 2176 5328 candentem,

463 5354 619 5413 mihi
643 5354 705 5411 in
737 5352 931 5427 capite
958 5352 1151 5426 posuit
1184 5374 1197 5408 :
1230 5350 1758 5424 ejusdem_quoque
1785 5347 2177 5407 metallichla-

463 5444 641 5518 myde
671 5458 787 5514 me,
817 5457 932 5516 qua
963 5440 1320 5500 induebatur
1356 5439 1498 5513 ipse,
1530 5438 1785 5496 vestivit.
1819 5438 1956 5495 Erat
1984 5444 2176 5495 autem

461 5533 732 5605 chlamys
760 5538 880 5589 tam
932 5529 1123 5603 longa,
1160 5535 1227 5587 ut
1260 5527 1374 5586 talo
1407 5526 1592 5585 tenus‘
1614 5526 1816 5585 ﬂueret
1846 5543 1861 5597 ;
1900 5533 2015 5583 tam
2063 5525 2177 5583 fer-

459 5630 669 5681 venter
713 5622 913 5695 ignita,
965 5625 1033 5679 ut
1065 5618 1381 5694 liquefacta
1409 5623 1599 5691 guttas
1650 5618 1911 5676 emittere
1952 5615 2179 5675 videre-

460 5718 583 5774 tur.
635 5711 900 5786 Cumque
948 5710 1152 5769 fratres
1202 5712 1476 5781 eum,,ut
1519 5707 1929 5783 paenitentiam
1964 5714 2179 5783 ageret,

2279 1884 2509 1929 crucem
2551 1868 2768 1936 adorat,
2801 1871 3201 1945 paenitentiam
3248 1873 3487 1946 ﬂagitat.
3540 1876 3851 1937 Confessus
3901 1886 4021 1953 est

2280 1963 2492 2029 autem,
2539 1959 2676 2033 quia
2709 1965 2834 2032 post
2861 1961 3353 2021 renuntiationem
3402 1965 3624 2036 saeculi,
3680 1966 3740 2025 in
3796 1968 3982 2046 forni-
4036 1972 4041 1977 ’

2280 2048 2565 2107 nationem
2592 2049 2817 2120 cecidit,
2859 2066 3035 2125 quam
3067 2056 3261 2111 tamen
3287 2060 3526 2113 eole'nus
3562 2054 3711 2114 nulli
3751 2061 3987 2132 penitus

2280 2152 2383 2211 per
2428 2139 2806 2198 confessionis
2848 2138 3133 2200 indicium
3170 2144 3451 2216 patefecit.
3482 2145 3755 2221 Laudans
3783 2138 3982 2222 igitur,

2281 2233 2338 2285 et
2380 2227 2727 2287 benedicens
2775 2228 2966 2289 Deum
3004 2246 3191 2305 usque
3220 2232 3285 2290 in
3310 2233 3464 2293 diem
3513 2235 3761 2295 alterum
3810 2238 3983 2311 vixit,

2280 2315 2480 2389 sicque
2520 2316 2773 2376 Creatori
2809 2334 2914 2378 suo
2944 2318 3285 2379 mirabiliter
3315 2322 3631 2395 restitutus,
3680 2324 3741 2383 in
3790 2333 3985 2386 sancta

2278 2402 2351 2461 de
2403 2405 2511 2463 hoc
2560 2406 2773 2464 saeculo
2829 2407 3188 2466 confessione
3239 2410 3531 2484 migravit.
3564 2411 3661 2472 Sic
3702 2414 4009 2474 nimirum.

2278 2498 2462 2553 ternae
2485 2495 2763 2554 orationis
2793 2496 3014 2557 fructus
3040 2497 3470 2573 effloruit,quas
3498 2500 3766 2561 videlicet
3802 2504 3985 2563 oratio
4024 2492 4029 2497 ’

2279 2597 2354 2639 ex
2385 2581 2527 2655 ipsis
2558 2583 2842 2655 gehennae
2895 2586 3215 2645 visceribus
3259 2589 3511 2661 praedam
3545 2590 3752 2664 rapuit,
3806 2597 3863 2652 et
3912 2593 3984 2652 de

2277 2669 2646 2757 flammarum
2677 2672 2887 2748 stipula
2914 2674 2974 2732 in
3007 2681 3296 2757 structura
3320 2693 3588 2751 supernas
3613 2678 3977 2741 Hierusalem

2276 2755 2528 2830 lapidem
2558 2759 2762 2818 vivum
2807 2762 3017 2835 posuit.
3058 2755 3198 2822 Haec
3226 2764 3758 2835 mibiHumbertus
3799 2770 3986 2828 archi-

2279 2845 2578 2928 episcopus
2610 2848 2825 2920 retulit,
2867 2850 3033 2922 cujus
3084 2850 3367 2910 nimirum
3408 2855 3583 2914 verba
3632 2855 3792 2915 velut
3843 2873 3982 2930 apo-

2281 2933 2478 2994 stolica
2507 2936 2779 2996 videntur
2809 2938 3047 2997 veritate
3070 2939 3328 3027 fundata.
3908 2952 3909 2955 ‘

2967 3117 3212 3180 CAPUT
3242 3119 3310 3180 V.

2562 3237 2718 3304 Quod
2742 3241 3083 3311 episcopatus
3118 3244 3194 3296 sit
3218 3243 3453 3299 arduum
3480 3232 3698 3305 munus.
3774 3309 3793 3319 λ

2352 3374 2415 3436 Si
2465 3391 2601 3451 ergo
2630 3377 2751 3450 ille,
2796 3379 2901 3452 qui
2935 3379 2999 3437 in
3037 3382 3387 3442 monachatu
3418 3385 3715 3460 ceciderat,
3764 3390 3984 3464 quique

2279 3465 2350 3524 de
2379 3467 2498 3525 sola
2540 3481 2645 3526 sua
2691 3468 2887 3526 anima
2934 3470 3214 3530 rationem
3255 3472 3516 3549 debebat,
3570 3480 3685 3537 tam
3742 3479 3983 3538 terribili

2278 3557 2492 3616 meruit
2542 3558 2824 3617 sententia
2870 3559 3294 3636 condemnari;
3342 3580 3456 3640 qua
3505 3573 3697 3640 mente
3746 3586 3984 3631 securus

2280 3651 2365 3703 est
2386 3644 2630 3720 quilibet
2658 3647 2772 3706 mei
2796 3648 3005 3709 similis
3028 3650 3306 3727 indignus
3328 3655 3646 3731 episcopus,
3674 3661 3776 3734 qui
3807 3662 3984 3721 nimi-

2281 3750 2413 3794 rum
2444 3740 2524 3794 tot
2547 3742 2633 3794 est
2659 3737 2989 3798 animarum
3021 3756 3175 3813 reus,
3215 3751 3356 3817 quot
3384 3761 3485 3818 per
3513 3747 3639 3821 ejus
3682 3750 3985 3825 negligen-

2281 3825 2442 3897 tiam,
2492 3843 2594 3886 seu
2632 3843 2809 3901 prava
2856 3831 3124 3905 exempla
3161 3834 3525 3906 depereunt?
3571 3839 3716 3903 Cum
3767 3849 3985 3903 constet

2278 3916 2459 3974 fuisse
2482 3917 2814 3988 nonnullos,
2847 3936 2950 3993 pro
2977 3920 3093 3979 levi
3122 3922 3295 3982 etiam
3316 3926 3571 3999 quolibet
3599 3928 3984 4004 impedimen-

2280 4010 2355 4077 to,
2407 4008 2717 4082 episc0pali
2772 4010 3057 4083 regimine
3104 4020 3303 4086 sponte
3354 4015 3617 4090 nudatos,
3657 4036 3734 4078 ex
3770 4020 3989 4096 quibus

2278 4098 2375 4156 hic
2401 4114 2587 4158 unum
2609 4099 2856 4159 sufficiat
2883 4101 3085 4174 inseri,
3119 4119 3291 4175 quem
3316 4106 3569 4179 profecto
3596 4108 3659 4168 in
3690 4126 3774 4183 ea,
3808 4127 3984 4186 quam

2278 4189 2652 4251 Cassiodorus
2677 4191 2751 4250 de
2780 4192 2982 4252 Graeco
3010 4193 3073 4252 in
3115 4194 3390 4256 Latinum
3425 4200 3711 4274 transfert,
3746 4196 4002 4264 historia

2276 4286 2609 4353 promptum
2673 4284 2760 4337 est
2814 4282 3085 4354 reperire,
3148 4284 3315 4357 cujus
3365 4285 3460 4344 hic
3513 4286 3774 4347 historiae
3825 4292 3983 4352 nuda

2277 4368 2560 4427 duntaxat
2596 4368 2769 4426 verba
2811 4369 3250 4443 conscribimus,
3292 4378 3357 4431 ut
3397 4373 3708 4436 dubietatis
3736 4395 3979 4454 scrupu-

2278 4457 2401 4517 lum
2431 4457 2859 4533 ambigentibus
2894 4458 3246 4519 auferamus.
3288 4502 3297 4514 .
3718 4464 3721 4467 '

2205 4508 2255 4568 Β
2353 4508 2644 4614 Silvanus,
2676 4544 2885 4619 inquit,
2921 4547 3118 4605 rhetor
3149 4547 3256 4606 fuit
3293 4549 3452 4621 prius
3482 4549 3662 4613 Troili
3708 4550 3982 4629 scphistm

2272 4633 2611 4706 discipulus,
2657 4640 2712 4691 et
2761 4634 2833 4691 ad
2872 4636 3191 4708 perfectum
3240 4636 3621 4712 Christianus,
3683 4642 3979 4718 vitamque

2272 4722 2670 4801 monachicam
2724 4722 2988 4795 diligens.
3046 4723 3103 4780 Is
3152 4724 3311 4782 enim
3367 4726 3613 4786 doctoris
3668 4731 3843 4805 pallio
3890 4735 3974 4791 uti

2268 4812 2553 4885 despexit.
2590 4811 2774 4882 Quem
2822 4819 2949 4887 post
2976 4814 3104 4871 base
3126 4814 3352 4873 Atticus
3380 4816 3682 4892 episcopus
3712 4836 3974 4899 compre-

2266 4902 2546 4974 hendens,
2604 4904 2935 4979 episcopum
3007 4905 3473 4980 Philippopoleos
3536 4909 3845 4971 ordinavit.
3899 4917 3977 4973 At

2265 4991 2364 5049 ille
2396 4992 2582 5051 tribus
2608 4994 2781 5053 annis
2810 4996 2870 5053 in
2902 4994 3147 5073 Thracia
3173 4995 3405 5070 degens,
3437 5013 3545 5057 nec
3581 4998 3794 5073 frigora
3823 5003 3975 5062 ferre

2265 5081 2484 5173 valens,
2548 5099 2679 5142 cum
2739 5084 2978 5144 haberet
3039 5101 3246 5173 corpus
3317 5087 3483 5146 valde
3541 5088 3731 5149 debile
3797 5098 3972 5167 atque

2263 5171 2493 5243 subtile,
2528 5174 2750 5249 rogavit
2774 5175 3030 5235 Atticum
3060 5181 3125 5233 ut
3147 5171 3288 5234 eum
3311 5175 3368 5233 in
3399 5175 3590 5236 locum
3614 5178 3965 5241 aliumcon-

2262 5263 2542 5335 stitueret,
2573 5263 2792 5335 dicens,
2823 5280 2941 5323 non
2972 5264 3045 5323 ob
3090 5263 3262 5323 aliam
3302 5280 3555 5339 causam,
3588 5268 3702 5326 nisi
3735 5277 3967 5346 propter

2260 5351 2443 5422 frigus
2471 5368 2539 5410 ea
2574 5367 2634 5410 se
2668 5351 2793 5410 loca
2820 5352 3021 5411 vitare.
3074 5352 3334 5424 Cumque
3363 5352 3508 5411 alter
3536 5369 3639 5427 pro
3665 5372 3734 5415 eo
3764 5358 3965 5418 fuisset

2260 5441 2580 5515 ordinatus,
2628 5442 2844 5500 mansit
2891 5441 3164 5501 Silvanus
3223 5440 3736 5519 Constantinopoli,
3776 5444 3964 5523 'vitam

2261 5529 2658 5589 monachicam
2712 5530 2961 5602 perfecte
3027 5526 3399 5600 custodiens;
3450 5535 3967 5608 tantumque~sine
4027 5536 4033 5541 ’

2261 5620 2382 5677 ulla
2428 5618 2546 5678 fuit
2583 5617 2926 5691 arrogantia,
2970 5620 3036 5673 ut
3078 5614 3424 5690 plerumque
3463 5618 3523 5677 in
3571 5624 3726 5679 tanta
3763 5623 3963 5682 multi-

2266 5708 2465 5767 tudine
2523 5708 2771 5769 civitatis
2825 5722 2957 5766 cum
3014 5706 3185 5766 soleis
3246 5707 3544 5785 despectus
3611 5713 3957 5787 procederet.
