4080 6194
112 292 210 350 431
567 294 622 353 s.
666 294 890 354 PETRI
930 293 1253 354 DAMIANI
1292 292 1448 385 ore.
1494 284 1743 350 TOMUS
1788 291 1932 354 SEU
1971 296 2161 360 PARS
2200 303 2302 361 III.
2346 337 2412 348 —
2452 305 2840 368 OPUSCULA
2881 312 3137 373 VARIA.
3497 322 3605 380 432

109 416 369 516 Quodam
396 431 532 477 vero
573 425 830 516 tempori:
859 420 1262 516 prmtereunte,
1293 417 1560 488 Trojanas
1597 414 2112 488 praesulAmalilia
2144 429 2400 488 animam
2431 436 2558 501 (Jer.
2610 443 2714 498 VI).
2747 457 2772 485 ι»
2824 436 3067 497 Memini
3106 440 3264 498 enim
3305 456 3457 516 saepe
3507 459 3599 503 me

104 505 376 565 Ecclesiae
440 508 704 579 moritur,
779 507 1129 580 Troianique
1204 511 1495 565 venerunt
1554 512 1810 577 petentes
1891 511 1968 597 ita
1999 514 2182 585 divini
2208 519 2420 577 amoris
2463 521 2598 594 igne
2635 538 2994 592 succensum,
3051 533 3114 584 ut
3163 505 3418 602 optarem
3462 548 3593 605 pro-
3665 505 3669 508 θ

101 599 488 672 episcopum;
552 598 813 672 Cumque
915 598 1188 672 cogitaret
1283 596 1530 665 Atticus,
1631 611 1772 669 quer

1891 601 2045 660 tinus
2093 605 2339 664 claustra
2389 609 2576 666 carnis
2613 612 2936 685 effringere,
2993 621 3048 671 et
3094 596 3260 688 quasi
3312 618 3383 676 de
3429 596 3593 680 caeno

103 685 372 746 ordinare
415 689 661 756 deberet,
711 688 900 745 subito
952 686 1187 758 contigit
1239 685 1311 742 ad
1359 701 1494 743 eum
1543 683 1806 741 salutan-
1888 693 2147 765 solutu3,~
2202 703 2256 753 ρι
2319 698 2700 758 mrcemlibus
2773 683 3045 773 feminis,
3114 683 3193 762 'ad
3255 709 3592 768 atemimﬁs

105 782 244 836 dum
285 775 436 868 429
477 779 672 835 venire
727 776 1048 868 Silvanum.
1105 774 1347 868 At_illne.
1389 775 1591 832 videns
1647 788 1802 868 eum,
1885 775 2082 839 lumen
2130 784 2464 843 medullitus
2503 788 2796 847 anhelare.
2848 792 2983 849 Erat
3035 794 3193 851 enim
3223 796 3365 854 mihi
3432 805 3585 868 tunc,
3665 821 3708 824 --

103 879 238 922 mox
299 865 547 937 cogitare
597 864 858 922 cessavit.
919 863 1085 922 Tunc
1140 862 1211 920 ad
1270 861 1615 920 Silvanum:
1676 860 1804 917 Non

101 953 298 1023 habes,
340 953 552 1032 inquit,
603 953 848 1011 ulterius
887 953 1268 1022 occasionem,
1315 965 1418 1023 pro
1463 965 1576 1022 qua
1619 949 1802 1007 eccle-

99 1045 354 1103 siasticas
401 1061 566 1103 curas
610 1041 791 1117 possis
837 1045 1104 1118 effugere.
1155 1041 1327 1112 Troja
1379 1056 1630 1115 namque
1685 1056 1802 1098 non

96 1135 266 1192 habet
298 1135 497 1208 frigus,
534 1135 634 1193 sed
664 1151 793 1193 ecce
835 1136 1264 1209 apparatus'est
1295 1139 1392 1191 tuo
1444 1131 1665 1204 corpori
1697 1146 1798 1204 ope

94 1234 377 1298 portunus
421 1243 455 1284 a
493 1225 611 1285 Deo
656 1226 862 1295 locus;
913 1241 1172 1300 praepara
1217 1238 1353 1297 ergo
1404 1222 1834 1295 temetipsum,-

92 1321 146 1371 et
199 1316 270 1372 ad
312 1316 543 1389 Trojam
599 1316 876 1375 continuo
946 1313 1328 1397 proficiscere.
1395 1311 1625 1389 Migrat.
1659 1325 1795 1383 ergo

93 1402 387 1472 Silvanus.

162 1494 379 1553 Verum
427 1493 475 1554 si
519 1496 650 1568 quis
679 1497 837 1556 hunc
884 1497 1121 1554 fortasse
1154 1494 1491 1553 temeritatis
1541 1494 1790 1558 accuset,

87 1604 338 1664 eumque
382 1603 486 1661 pro
519 1588 640 1647 solo
678 1589 888 1662 frigore
927 1587 1300 1646 commissum
1348 1584 1605 1655 regimen
1655 1596 1791 1640 con-

86 1677 403 1750 tempsisse,
431 1682 606 1750 atque
648 1693 751 1751 pro
805 1677 1058 1750 corporis
1093 1674 1495 1733 commoditate
1532 1671 1602 1730 ad
1632 1670 1792 1728 aliud

1886 869 2187 944 sicutper
2234 877 2569 948 prophetam
2623 877 2908 938 Dominus
2953 881 3276 954 pollicetur,
3325 901 3422 943 cor
3463 902 3585 944 car-

1885 974 2084 1029 neum,
2131 962 2252 1019 sive
2287 969 2350 1022 ut
2384 960 2527 1022 mihi
2566 967 2888 1038 videbatur,
2931 985 3160 1029 cereum
3218 976 3427 1043 (Ezech.
3472 981 3579 1043 XI).

1883 1049 2045 1120 Quod
2116 1052 2399 1113 nimirum
2459 1055 2727 1115 desiderii
2821 1059 3066 1117 coslestis
3128 1061 3384 1120 afflatum
3435 1060 3582 1117 430

1883 1138 2117 1197 ﬂamma
2183 1141 2539 1216 liquesceret,
2597 1152 2652 1204 et
2708 1147 2985 1208 uberibus
3036 1150 3304 1224 lacrymis
3368 1149 3580 1208 ﬂebilia

1881 1229 2214 1301 frequenter
2262 1247 2362 1289 ora
2417 1233 2643 1305 rigaret.
2702 1235 3019 1296 Horrebam
3074 1237 3296 1307 audire,
3364 1247 3578 1311 quanto

1878 1317 2062 1390 magis
2114 1333 2212 1376 ore
2288 1321 2558 1394 proferre,
2617 1324 2862 1396 quiquid
2933 1341 3046 1383 non
3103 1325 3443 1399 provocabat
3506 1325 3578 1382 ad

1877 1406 2193 1478 Christum,
2234 1425 2550 1485 omnesque
2588 1429 2773 1487 nugas
2822 1415 2944 1473 sive
2995 1416 3217 1474 nzenias
3267 1416 3576 1474 verborum

1875 1497 2243 1556 smcularium
2275 1501 2433 1558 velut
2471 1502 2648 1561 rictus
2677 1520 2905 1574 canum,
2933 1504 3056 1562 sive
3085 1519 3313 1562 morsus
3341 1520 3572 1578 serpen-

1876 1587 2023 1646 tium
2086 1587 2449 1661 deputabam.
2524 1588 2688 1664 Saepe
2741 1593 3047 1650 cernebam
3123 1592 3574 1667 przesentissimo

1875 1676 2085 1735 mentis
2129 1677 2346 1736 intuitu
2391 1677 2679 1738 Christum
2737 1679 2915 1738 clavis
2965 1680 3231 1751 alﬁxum,
3295 1681 3354 1737 in
3407 1695 3573 1738 cruce

83 1766 435 1838 demigrasse
500 1766 864 1839 condemnet,
919 1767 1116 1825 audiat
1182 1770 1310 1838 post
1377 1763 1505 1820 haec
1560 1763 1850 1836 insigne};
1872 1765 2234 1837 pendentem,
2273 1766 2596 1842 avidusque
2636 1768 3020 1842 suscipiebam
3073 1769 3386 1826 stillantem
3435 1784 3572 1842 sup-

84 1866 184 1926 per
221 1869 355 1911 eum
396 1854 673 1913 claruisse
715 1853 1085 1923 miraculum,
1125 1857 1180 1910 et
1225 1852 1310 1909 sic
1357 1850 1559 1908 saltem
1607 1848 1786 1906 livido

1871 1855 2054 1928 posito
2082 1870 2181 1913 ore
2211 1871 2493 1914 cruorem.
2517 1886 2520 1887 ν
2544 1856 2722 1915 Porro
2764 1856 2814 1915 si
2859 1857 3010 1915 nitar
3055 1856 3318 1930 apicibus
3352 1856 3574 1915 tradere

81 1943 547 2015 reprehensionis
592 1958 788 2000 morsu
846 1942 1097 2000 lacerare
1143 1941 1366 1999 desinat
1405 1938 1648 2012 justum.
1693 1937 1790 1994 Sic
1870 1945 2154 2019 quidquid
2208 1947 2354 2004 mihi
2390 1948 2764 2021 contemplari
2822 1948 3086 2017 dabatur,
3145 1947 3234 2006 vel
3279 1946 3350 2004 de
3382 1963 3570 2005 sacra-

81 2031 238 2090 enim
305 2032 604 2106 subiungit
670 2030 908 2089 historia
961 2055 973 2087 =
1041 2029 1390 2120 QUONfaCtO,
1439 2024 1788 2120 φὶΐδίίιξιιιξῐὶ
1869 2035 2092 2094 tissima
2120 2038 2302 2096 nostri
2353 2039 2751 2112 Redemptoris
2783 2038 3172 2109 humanitate,
3207 2037 3296 2095 vel
3349 2036 3420 2094 de
3471 2037 3570 2094 illa

79 2124 233 2195 QUOd
283 2123 434 2181 inter
484 2138 695 2182 manus
737 2122 861 2196 eius
911 2113 1556 2180 accesserit‘enal‘l‘abo-
1608 2113 1784 2173 NaViS
1869 2125 2114 2183 coelestia
2160 2126 2360 2199 gloriae
2402 2127 2778 2185 inenarrabili
2813 2127 3020 2200 specie,
3059 2132 3194 2184 ante
3232 2125 3354 2183 dies
3390 2124 3565 2182 elabi-

77 2214 354 2279 ma'xima.
386 2230 519 2288 quae
560 2215 805 2288 grandes
846 2213 1144 2273 columnas
1191 2209 1444 2278 deVBXit,
1507 2224 1692 2280 nuper
1719 2207 1781 2264 in
1865 2219 1962 2274 tur
2005 2231 2180 2288 quam
2231 2217 2315 2274 rei
2361 2219 2538 2276 series
2572 2218 2884 2289 digeratur.
2942 2218 3112 2276 Nunc
3153 2224 3344 2275 autem
3385 2216 3565 2274 durus

75 2303 266 2360 littore
307 2302 554 2376 Trojano
601 2303 1022 2374 fabricabatur;
1057 2316 1307 2376 cumque
1347 2315 1474 2358 eam
1522 2297 1594 2355 ad
1625 2312 1782 2354 mare

74 2392 282 2451 ducere
342 2393 677 2464 voluissent,
746 2393 945 2451 multis
1024 2385 1282 2463 funibus,
1335 2399 1507 2464 atque
1567 2385 1780 2462 populo

74 2483 354 2551 trahente,
395 2481 724 2540 nullatenus
750 2482 1112 2539 movebatur.
1141 2479 1304 2549 Quod
1338 2479 1478 2537 dum
1508 2477 1778 2551 plurimis

70 2573 275 2630 diebus
313 2579 597 2645 ageretur,
641 2573 912 2646 suspicati
960 2580 1095 2631 sunt
1139 2588 1344 2630 navem
1399 2587 1432 2628 a
1486 2570 1775 2628 daemonio

67 2662 321 2721 retineri.
377 2662 542 2721 Tunc
588 2663 658 2721 ad
690 2662 1015 2721 Silvanum
1069 2661 1365 2720 venientes
1417 2661 1771 2734 episcopum,

67 2757 416 2825 rogaverunt
461 2769 616 2821 eum,
679 2757 743 2810 ut
795 2752 854 2808 in
911 2769 978 2810 eo
1034 2753 1154 2811 loco
1211 2752 1371 2809 daret
1427 2750 1766 2818 orationem,

65 2842 358 2900 credentes
411 2843 519 2900 hoc
575 2843 742 2902 modo
807 2845 972 2917 [deest
1024 2845 1105 2897 ibi
1165 2857 1349 2916 posse,
1417 2844 1501 2897 vel
1557 2843 1776 2917 aliquid

1863 2310 1918 2360 et
1957 2319 2185 2372 saxeus,
2229 2304 2366 2362 dum
2427 2306 2673 2378 negotiis
2726 2306 2944 2379 iugiter
2992 2305 3376 2363 exterioribus
3421 2310 3562 2362 atte-

1865 2407 1978 2460 ror,
2006 2392 2067 2449 in
2098 2394 2556 2466 compunctionis
2576 2395 2802 2453 intimas
2831 2395 3116 2467 lacrymas
3145 2409 3257 2452 non
3286 2393 3556 2450 resolvor.

1861 2480 2174 2540 Enimvero
2211 2499 2363 2556 saepe
2411 2500 2648 2543 manum
2680 2499 2808 2543 meo
2860 2483 3073 2557 pectori
3122 2498 3463 2556 superpono,
3508 2491 3563 2540 et

1856 2571 2185 2630 animarum
2217 2573 2440 2632 medico
2471 2575 2633 2648 quasi
2677 2575 3055 2648 purulentum
3111 2571 3327 2630 vulnus
3370 2579 3560 2629 osten-

1856 2659 1949 2731 do,
2004 2662 2326 2732 clamitans,
2365 2670 2420 2721 et
2463 2664 2667 2722 intima
2721 2663 3141 2737 supplicatione
3195 2661 3556 2720 vociferans:

1855 2749 1965 2819 Qui
1998 2766 2294 2822 cavernas,
2327 2752 2592 2825 inquam,
2642 2758 2914 2811 tartereas
2959 2752 3278 2810 divinitatis
3320 2760 3435 2810 tute
3466 2768 3558 2809 ra-

1856 2839 1967 2898 diis
2019 2840 2338 2910 illustrasti,
2392 2842 2578 2900 cordis
2631 2841 2806 2913 hujus
2861 2841 3124 2899 tenebras
3189 2841 3439 2911 dimove,
3493 2856 3560 2899 ac

63 2931 346 3002 ejusmodi]
391 2935 539 2991 trahi
583 2949 808 2992 navem.
860 2935 933 2990 At
974 2931 1075 2989 ille
1121 2931 1332 2988 humili
1371 2946 1634 2989 sermone
1683 2929 1772 2988 di-
1853 2929 2110 2986 veritatis
2165 2936 2280 2987 tuae
2333 2930 2462 2989 luce
2508 2946 2748 2990 serenus
2807 2930 3050 3004 infulge.
3113 2929 3225 2989 Sed
3278 2930 3550 2988 clamanti

59 3022 220 3079 cebat
275 3038 332 3079 se
379 3038 501 3080 esse
540 3029 912 3095 peccatorem,
961 3035 1222 3095 asserens
1267 3021 1376 3077 hoc
1412 3034 1559 3091 opus
1587 3018 1769 3075 alicu-
1853 3031 2022 3075 secus
2068 3017 2224 3075 viam
2260 3034 2411 3077 caeco
2464 3018 2632 3079 Jesus
2671 3018 2984 3093 aliquando
3025 3025 3134 3077 stat
3171 3021 3386 3091 (Matth.
3423 3031 3553 3088 XX;

56 3112 153 3183 jus
201 3128 322 3170 esse
371 3094 554 3186 justi,
587 3128 703 3170 non
759 3126 953 3170 suum.
1020 3094 1204 3180 Quem
1253 3109 1395 3166 dum
1452 3106 1982 3191 rogassent,CLuc.
2052 3107 2243 3176 XVIII),
2317 3107 2632 3181 lumenque
2692 3109 3015 3178 reformat;
3066 3106 3376 3180 aliquando
3427 3122 3555 3179 per-

59 3199 220 3257 venit
259 3201 331 3257 ad
371 3200 549 3270 littus,
594 3200 856 3274 factaque
895 3198 1175 3269 oratione,
1223 3197 1408 3269 tetigit
1443 3211 1630 3254 unum
1677 3195 1767 3252 fu-
1857 3196 2077 3266 transit,
2130 3203 2400 3272 tanquam
2443 3197 2724 3256 desidiose
2767 3196 3112 3255 clamantem
3163 3212 3280 3255 non
3309 3195 3553 3263 audiat;

57 3305 213 3359 nem,
240 3290 454 3363 jubens
491 3297 555 3349 ut
592 3290 923 3348 insisterent
961 3287 1118 3362 operi
1167 3303 1302 3346 cum
1354 3285 1561 3343 labore.
1605 3275 1770 3343 Tunc
1853 3283 2053 3357 sicque
2088 3285 2266 3342 miser
2317 3301 2504 3343 caecus
2550 3285 2613 3342 in
2663 3301 2766 3343 sua
2823 3284 3252 3343 nihilhominus
3303 3284 3556 3341 caacitate

55 3376 173 3434 illis
226 3369 476 3437 breviter
506 3377 964 3452 impellentibus,
1016 3375 1232 3435 cursim
1268 3374 1434 3432 navis
1486 3373 1558 3431 ad
1610 3387 1768 3431 mare
1850 3372 2140 3443 perdurat.
2203 3373 2343 3446 Ego,
2409 3389 2533 3447 ego,
2600 3374 2745 3446 proh
2812 3371 3021 3431 dolor!
3082 3379 3355 3447 tanquam
3413 3370 3557 3428 alter

54 3469 346 3538 processit.
403 3468 528 3527 Hoc
591 3467 938 3524 miraculum
991 3465 1372 3524 reverentiam
1437 3462 1596 3522 illius
1652 3461 1764 3520 viri
1854 3456 2096 3520 Samson
2152 3464 2352 3530 (ludio.
2431 3465 2556 3530 XVI)
2619 3463 2970 3537 septiformis
3046 3462 3299 3536 Spiritus
3373 3459 3553 3519 sancti

54 3561 288 3611 cunctos
355 3555 487 3612 fecit
556 3555 770 3612 habere
837 3552 1238 3626 provinciales.
1317 3551 1630 3608 Enimvero
1713 3548 1762 3606 si
1847 3546 2016 3620 dona,
2064 3550 2229 3623 quasi
2272 3557 2488 3624 septem
2540 3550 2746 3620 crines,
2783 3551 3046 3610 amisisse
3096 3566 3187 3608 me
3235 3549 3451 3617 deﬂeo;
3499 3555 3555 3605 et

52 3642 444 3715 episcopatum
517 3642 879 3711 dimittendo,
933 3649 1105 3715 atque
1159 3641 1232 3698 ad
1287 3640 1471 3697 alium
1521 3639 1762 3697 commi—
1845 3636 2067 3695 effossis
2101 3638 2284 3695 oculis
2315 3654 2432 3697 non
2469 3639 2691 3708 frontis,
2735 3640 2831 3697 sed
2865 3640 3074 3709 cordis,
3131 3652 3406 3720 curarum
3439 3651 3550 3694 saa-

51 3731 271 3804 grando
314 3733 588 3792 Silvanus
617 3733 724 3791 iste
770 3739 1072 3805 peccasset,
1109 3746 1226 3788 non
1250 3729 1320 3787 in
1357 3735 1584 3787 ostensa
1612 3728 1764 3800 signi
1846 3725 2134 3783 cularium
2174 3726 2386 3785 molam
2417 3727 2605 3786 volvo.
2654 3727 2773 3801 Ego
2803 3727 2899 3785 ille
2945 3727 3277 3798 Sedechias,
3311 3725 3407 3783 cui
3446 3739 3550 3782 rex

48 3824 262 3881 virtute
295 3822 600 3892 mirabilis,
635 3822 734 3880 sed
765 3828 927 3880 reatu
975 3821 1164 3894 potius
1197 3819 1544 3878 miserabilis
1596 3818 1759 3876 vide-
1843 3810 2235 3887 Babylonicus
2265 3817 2428 3889 prihs
2464 3815 2611 3873 filios
2665 3816 3038 3885 interﬁciens,
3076 3816 3362 3874 bonorum
3413 3831 3550 3888 ope-

50 3921 225 3973 retur.
278 3913 476 3973 Virtus
521 3929 654 3989 ergo
705 3913 969 3972 miraculi
1023 3912 1422 3971 testimonium
1469 3909 1761 3984 perhibuit
1844 3916 1977 3959 rum
2033 3901 2251 3961 fructus
2303 3903 2541 3962 abstulit
2587 3909 2690 3973 (IV
2740 3909 2871 3974 1199-
2930 3910 3125 3972 XXV):
3179 3902 3547 3976 postm0dum

48 4002 349 4061 sanctitati.
399 4002 574 4061 Porro
616 4009 829 4065 autem.
881 4003 928 4060 si
977 4003 1394 4077 episcopatum,
1429 4007 1492 4057 ut
1521 3999 1758 4063 dicitur,
1842 3989 2038 4048 oculos
2079 3992 2247 4062 eruit.
2282 3991 2420 4050 dum
2449 3993 2947 4065 contemplationis
2974 3993 3199 4051 intima?
3254 3993 3382 4050 luce
3431 3990 3547 4065 pri-

45 4090 208 4148 nulla
256 4089 387 4147 licet
436 4090 656 4149 ratione
720 4090 1028 4157 dimittere,
1086 4088 1227 4162 quid
1291 4097 1394 4154 est.
1447 4088 1600 4164 quod
1682 4093 1760 4144 tot
1843 4079 2017 4136 vavit.
2076 4078 2137 4138 Si
2174 4079 2352 4153 igitur
2401 4089 2632 4138 sanctus
2677 4080 2776 4138 ille
2823 4081 2929 4149 vir‘,
2983 4080 3257 4139 Silvanus
3309 4080 3544 4148 scilicet,

47 4180 229 4238 sancti
287 4179 585 4252 pontifices
641 4195 743 4250 per
805 4178 1179 4235 historiarum
1241 4178 1454 4249 passim
1512 4192 1760 4251 quaeque
1838 4173 2067 4242 propter
2106 4167 2287 4226 Solam
2336 4168 2588 4240 corporis
2639 4169 3175 4228 incommoditatem
3229 4185 3344 4228 non
3398 4183 3541 4255 cun-

48 4268 349 4335 vOlumina
404 4267 771 4340 reperiuntur
801 4267 872 4323 de
916 4267 1037 4324 suis
1084 4282 1142 4323 se
1187 4266 1456 4323 Ecclesiis
1495 4266 1566 4322 ad
1615 4266 1758 4323 alias
1838 4262 2020 4313 Ctﬂtus
2055 4264 2138 4314 est
2163 4258 2448 4315 dimittere
2475 4258 2783 4315 Thl‘aciam
2817 4283 2828 4316 ε
2862 4275 2966 4318 CUI‘
3003 4275 3108 4332 ego
3137 4276 3249 4318 Ποῐι
3285 4259 3545 4318 deseram

51 4355 434 4424 transtulisse,
489 4370 622 4413 cum
683 4353 931 4428 profecto
994 4368 1128 4411 suas
1177 4360 1309 4411 ante
1359 4353 1758 4426 relinquerent
1839 4359 1942 4416 pro
1973 4345 2244 4403 cavendis
2286 4353 2363 4403 tot
2395 4347 2606 4405 animaa
2646 4346 2987 4406 Vulneribus
3025 4347 3315 4408 Romam?
3353 4347 3544 4418 Quan-

49 4461 225 4518 quam
251 4445 322 4501 ad
352 4444 607 4516 reliquas
639 4443 1113 4513 transmigrarent
1141 4450 1164 4498 ’ρ
1193 4441 1455 4511 Quorum
1493 4443 2013 4518 pleriquenquam
2059 4439 2116 4490 et
2165 4433 2275 4507 ipsi
2308 4435 2530 4506 corpori
2559 4451 2688 4493 meo
2720 4450 2836 4492 non
2887 4435 2959 4494 sit
3002 4451 3238 4509 prorsus
3279 4435 3546 4505 innoxia,

44 4520 181 4592 cum
231 4529 607 4593 commissum
659 4532 918 4607 regimen
967 4537 1324 4605 spernerent,
1381 4531 1453 4590 ad
1489 4530 1647 4589 aliud
1694 4520 2040 4594 seuutpote.
2086 4522 2248 4579 ῙυΓάΧ
2285 4523 2536 4581 fem'ium
2582 4540 2690 4582 nec
2723 4541 3020 4598 vagatum-
3080 4525 3243 4600 Unde
3301 4531 3356 4582 et
3408 4527 3546 4582 tetra

51 4625 395 4682 transituros
424 4623 616 4682 adhuc
646 4623 906 4682 funditus
939 4621 1300 4696 ignorabant.
1837 4608 2063 4667 StiChOD
2091 4609 2202 4667 hoc
2227 4610 2367 4668 Olim
2399 4611 2703 4684 βῐόῐυίίεεθ
2730 4628 2822 4671 me
2853 4614 3099 4673 memini
3131 4634 3144 4672 ἒ

120 4722 190 4778 Et
245 4728 394 4779 certe
444 4721 567 4796 ipsa
616 4721 758 4780 ratio
807 4722 967 4780 docet
1019 4721 1216 4780 minus
1258 4737 1381 4780 esse
1428 4736 1562 4782 cum
1614 4723 1754 4781 siin-

47 4810 273 4884 pliciter
313 4810 385 4868 ab
431 4812 758 4886 episeopatu
803 4810 1119 4881 desistitur,
1161 4827 1336 4884 quam
1365 4827 1499 4870 cum
1530 4829 1603 4871 ex
1635 4828 1754 4872 uno

47 4899 118 4957 ad
147 4900 327 4957 alium
361 4902 819 4974 transmigratur.
870 4901 996 4959 Non
1027 4900 1205 4971 igitur
1233 4901 1304 4959 ab
1356 4917 1422 4960 eo
1450 4917 1544 4960 me
1593 4902 1753 4960 cohi-

48 4991 206 5049 bebit
237 4991 509 5049 moderna
563 4989 831 5057 versutia,
885 4991 954 5048 ad
991 4991 1143 5064 quod
1175 4992 1598 5050 venerabilium
1648 4992 1754 5050 Pa-

53 5088 210 5137 trum
243 5080 616 5137 cohortantur
643 5077 928 5152 exempla.
963 5078 1294 5148 Enimvero,
1331 5081 1378 5138 si
1418 5079 1620 5138 beatus
1656 5080 1755 5137 ille

57 5165 330 5224 Silvanus
379 5175 608 5241 propter
636 5167 823 5225 solum
855 5168 1106 5241 corporis
1137 5168 1322 5242 frigus
1367 5171 1758 5241 episcopatum

55 5257 180 5315 sine
212 5259 656 5329 reprehensione
703 5257 992 5327 deseruit;
1028 5274 1131 5316 cur
1167 5275 1289 5331 ego,
1324 5265 1511 5333 spreto
1566 5265 1755 5332 pasto-

54 5346 159 5402 rali
209 5345 509 5418 regimine,
553 5347 1024 5418 transgressionis
1070 5363 1296 5420 arguar,
1347 5348 1448 5421 qui
1500 5348 1757 5422 quotidie
1836 5349 2068 5407 Animae
2127 5349 2324 5422 igitur,
2380 5349 2555 5409 simul
2605 5357 2660 5408 et
2727 5352 2980 5426 corporis
3038 5352 3384 5410 adversitate
3439 5350 3538 5409 de-

53 5448 323 5493 curarum
389 5433 756 5493 sarcularium
821 5434 1063 5509 negotiis
1140 5434 1419 5502 irretitus,
1478 5452 1512 5493 a
1569 5435 1754 5492 divini
1838 5442 2049 5510 tentus,
2119 5446 2436 5497 revertatur
2512 5439 2791 5511 fugitivus
2842 5439 2914 5497 ad
2987 5440 3291 5498 dominum
3344 5455 3535 5506 suum,

51 5522 265 5580 amoris
327 5521 549 5580 fervore
631 5530 869 5595 tepesco,
949 5530 1004 5580 et
1069 5523 1401 5581 lethiferutn
1479 5524 1755 5596 torpentis
1837 5527 2040 5599 spretis
2087 5526 2294 5599 porcis,
2333 5533 2387 5583 et
2437 5525 2686 5598 siliquis,
2728 5528 2798 5584 ad
2839 5529 3019 5601 patris
3068 5529 3334 5587 osculum
3377 5527 3534 5584 filius

52 5612 266 5668 animas
298 5611 482 5688 frigus
527 5610 815 5669 incurro?
864 5612 1088 5669 dicente
1140 5612 1477 5686 Scriptura:
1520 5634 1548 5664 tt
1594 5611 1755 5671 Sicut
1837 5615 2026 5672 redeat
2078 5617 2226 5683 (Luc.
2260 5620 2412 5681 xv):
2465 5613 2537 5670 ad
2588 5615 2738 5671 vires
2799 5614 3038 5674 Samson
3095 5617 3385 5689 pristinas,
3439 5630 3534 5672 ca-

54 5701 320 5774 frigidam
391 5699 525 5757 facit
575 5699 824 5758 cisterna
868 5717 1100 5774 aquam,
1151 5700 1234 5758 sic
1295 5701 1561 5775 frigidam
1619 5703 1752 5761 facit
1834 5705 1990 5779 pillis
2045 5701 2498 5775 renascentibus,
2565 5703 2868 5762 incalescat
2926 5704 3120 5778 (Judic.
3187 5708 3332 5780 XVI),
3385 5710 3533 5778 qna-

2438 4808 2661 4858 VERSUS
2687 4812 2761 4858 DE
2790 4811 2972 4860 ROMA.

1839 4962 2019 5022 Roma
2049 4979 2228 5024 vorax
2255 4963 2584 5046 hominum,
2615 4966 2812 5024 domat
2838 4967 3022 5024 ardua
3049 4964 3198 5023 colla
3230 4963 3490 5024 virorum
3521 4985 3534 5022 :

1839 5054 2020 5112 Roma
2059 5054 2217 5112 ferax
2264 5055 2536 5122 febrium,
2579 5056 2734 5112 necis
2764 5062 2850 5112 est
2880 5054 3175 5112 uberrima
3209 5054 3462 5128 frugum.

1839 5143 2114 5200 Romanae
2152 5143 2339 5200 febres
2366 5143 2555 5200 stabili
2588 5151 2723 5201 sunt
2745 5143 2880 5217 jure
2911 5141 3111 5201 ﬁdeles
3143 5162 3156 5200 :

1838 5230 2019 5300 Quem
2051 5231 2225 5288 semel
2253 5231 2560 5304 invadunt,
2595 5231 2696 5289 vix
2727 5248 2760 5289 a
2790 5231 3022 5290 vivente
3051 5231 3345 5290 recedunt.
