4080 6194
544 251 652 310 433

1387 248 1639 310 OPUSC.
1684 250 1838 308 XIX.
1880 281 1946 291 -—
1987 246 2080 305 DE
2119 239 2620 314 ABDICATIONE
2659 239 3182 304 EPISCOPATUS.

3927 246 4031 306 434

544 381 712 432 tenus
765 375 971 432 stolam
1028 375 1295 449 primam,
1351 391 1527 449 quam
1579 377 1863 447 amiserat,
1918 374 2139 444 induat,
2193 367 2418 430 etAsui
2453 366 2725 438 temporis
2755 368 3076 438 puniretur.
3111 371 3211 441 qui
3244 377 3357 429 tam
3381 373 3557 443 juste,
3591 382 3706 431 tam
3741 375 4024 443 decenter,

544 467 788 524 victores
813 480 947 524 suos
977 467 1250 541 reparatis
1279 466 1502 526 viribus
1533 473 1762 528 sternat.

2327 463 2443 514 tam
2469 455 2702 514 honeste
2730 455 2985 523 vixisset,
3009 458 3262 518 audivit:
3297 460 3441 529 Quia
3470 471 3698 537 propter
3716 465 4027 537 quamdam

2239 591 2254 604 ι
2325 547 2527 618 praedii
2578 546 2990 619 possessionem
3022 547 3292 608 Metensis
3321 549 3611 619 Ecclesize,
3644 568 3821 626 quam
3864 555 4028 612 beato

1203 632 1446 694 CAPUT
1478 633 1574 693 VI.

539 761 616 813 De
669 755 965 814 simoniaco
1036 759 1302 830 episwpo,
1373 760 1470 828 qui
1536 776 1641 814 non
1693 764 1909 829 poterat
1967 762 2245 816 nominare

1107 849 1378 918 Spiritum
1407 854 1674 906 sanctum.

1975 955 2002 976 δ

613 993 838 1052 Interea
881 992 1028 1050 illud
1069 994 1262 1064 etiam,
1316 993 1470 1068 quod
1521 993 1914 1055 Hildebrando
1964 999 2241 1058 Romanze

541 1082 809 1141 Ecclesia
861 1082 1264 1141 archidiacono
1336 1084 1634 1156 referente,
1707 1085 2036 1157 didicimus,
2096 1084 2237 1142 431

541 1173 632 1230 his
682 1172 934 1230 inserere
971 1188 1160 1245 operae
1211 1173 1460 1245 pretium
1502 1173 1851 1247 judicamus.
1908 1176 2050 1234 Nam
2108 1193 2239 1236 cum

539 1260 730 1319 adhuc
781 1260 1226 1320 subdiaconatus
1270 1261 1551 1318 duntaxat
1593 1261 1930 1334 fungeretur
1971 1264 2158 1322 ofﬁcio
2209 1283 2243 1324 a

539 1349 766 1408 Victore
834 1367 978 1424 papa
1043 1351 1448 1424 apocrisiarius
1507 1351 1579 1408 ad
1636 1353 1851 1416 Gallias
1902 1354 2238 1427 destinatus,

539 1441 826 1515 synodum
859 1443 1245 1513 congregavit,
1288 1443 1349 1501 in
1379 1459 1492 1517 qua
1523 1442 1790 1502 videlicet
1817 1460 1919 1503 sex
1949 1447 2242 1520 episcopos

537 1533 780 1594 diversis
823 1534 1167 1594 criminibus
1224 1534 1534 1607 involutos,
1589 1549 1662 1592 ex
1706 1535 2032 1606 apostolicze
2088 1535 2242 1593 sedis

536 1623 871 1682 auctoritate
909 1621 1204 1695 deposuit;
1248 1623 1398 1680 inter
1425 1637 1570 1695 quos
1607 1622 1844 1697 quidam
1873 1630 1992 1680 erat
2021 1624 2240 1698 episco-

2329 635 2617 707 Stephano
2666 652 2912 710 proavus
2945 635 3070 709 ejus
3109 638 3436 710 abstulerat,
3491 642 3580 699 cui
3632 642 3897 700 videlicet
3922 644 4028 702 iste

2320 733 2440 806 jam
2493 729 2751 787 decimus
2779 730 2839 787 in
2871 729 3202 789 bzereditate
3231 733 3524 801 successit,
3559 749 3758 792 omnes
3786 736 3878 793 isti
3910 752 4025 794 non

2326 821 2554 878 diverso
2607 819 2889 892 supplicio
2955 820 3208 893 deputati
3283 829 3445 891 sunt;
3499 829 3553 880 et
3611 824 3757 882 sicut
3811 840 3906 882 eos
3957 825 4029 881 ad

2325 910 2682 986 peccandum
2711 926 2828 968 non
2865 910 3059 982 dispar
3084 911 3343 968 avaritia}
3373 911 3542 985 culpa
3571 929 3673 971 con
3685 915 3895 984 iunxit,
3949 916 4028 972 ita

2324 1003 2708 1061 nihilominus
2755 1002 2826 1059 ad
2878 1002 3242 1074 perferendas
3291 1004 3498 1084 atrocis
3539 1021 3738 1078 pmnas
3775 1007 4026 1068 incendii

2327 1109 2634 1152 commune
2659 1092 3005 1165 supplicium
3038 1094 3344 1166 copulavit.

2397 1183 2518 1240 Hoc
2563 1180 2927 1240 ecclesiastici
2973 1181 3121 1254 juris
3167 1182 3367 1256 injusti
3425 1199 3774 1257 possessores
3823 1186 4028 1244 adver-

2327 1280 2448 1333 tant
2497 1269 2642 1326 432
2692 1277 2747 1327 et
2797 1271 3087 1328 subtiliter
3136 1278 3393 1339 caveant,
3425 1289 3498 1333 ne
3529 1273 3665 1332 dum
3701 1291 3759 1332 se
3790 1277 4027 1334 redditi-

2325 1366 2434 1424 bus
2463 1364 2669 1422 satiant
2713 1363 2939 1432 alienis,
2978 1364 3178 1422 edaces
3219 1364 3584 1436 postmodum
3630 1365 3890 1423 ﬂammas
3927 1367 4028 1423 de-

2324 1460 2556 1530 pascant
2613 1452 2880 1510 medullis
2935 1454 3073 1511 suis.
3135 1451 3280 1521 Quia
3335 1453 3512 1527 igitur
3564 1469 3668 1512 nos
3727 1457 3853 1511 'non
3911 1461 4027 1511 tam

2323 1545 2597 1606 districta:
2676 1543 3078 1601 scribentium
3130 1543 3348 1615 regulae
3417 1559 3590 1618 quam
3658 1544 4025 1603 azdificationi

2323 1637 2592 1694 fraternae
2639 1635 2906 1706 cupimus
2935 1633 3242 1703 deservire,
3274 1651 3394 1692 rem
3426 1635 3586 1693 velut
3609 1635 3680 1693 ab
3710 1636 4028 1714 intentione

537 1725 666 1783 pus,
698 1709 799 1781 qui
835 1711 1112 1783 quoniam
1151 1726 1252 1784 per
1280 1711 1657 1770 simoniacam
1695 1712 1962 1770 haeresim
2003 1713 2075 1770 ad
2116 1714 2236 1787 epi-

2385 1725 2595 1800 *0positi
2651 1725 2840 1798 operis
2897 1730 3232 1781 extraneam
3289 1726 3690 1799 apposuimus;
3759 1733 3822 1783 ut
3874 1711 4025 1806 que-

537 1806 800 1872 scopatus
829 1802 1058 1859 culmen
1085 1801 1409 1874 irrepserat,
1447 1802 1723 1874 Spiritum
1755 1809 2017 1860 sanctum
2048 1803 2240 1862 verbis

535 1888 882 1960 exprimere,
926 1889 1372 1963 quibuscunque
1418 1896 1659 1949 tentaret
1700 1891 1944 1960 nisibus,
1978 1906 2095 1949 non
2139 1908 2238 1950 va-

537 1978 705 2037 lebat.
759 1978 830 2037 Et
867 1980 1104 2054 quidem
1150 1981 1375 2040 Patrem
1418 1990 1472 2040 et
1517 1982 1729 2041 Filium
1773 1982 2038 2056 expedite
2079 1985 2237 2058 satis,

533 2083 602 2126 ac
660 2067 827 2125 facile
898 2069 1254 2142 proferebat;
1310 2071 1382 2128 ad
1448 2070 1729 2144 Spiritum
1786 2087 1919 2131 vero
1974 2079 2236 2132 sanctum

535 2169 669 2212 cum
723 2157 1098 2227 pervenisset,
1171 2174 1310 2216 mox
1367 2160 1564 2233 lingua
1621 2161 1948 2221 balbutiens
2003 2163 2236 2222 tandem

532 2245 716 2318 rigida
768 2249 1116 2308 remanebat.
1173 2248 1376 2308 Merito
1427 2251 1714 2324 siquidem
1770 2251 2049 2324 Spiritum
2101 2269 2235 2312 san-

529 2343 684 2396 ctum
758 2339 898 2398 dum
954 2341 1112 2408 emit,
1155 2342 1378 2411 amisit;
1425 2348 1489 2400 ut
1527 2343 1628 2416 qui
1680 2343 1954 2402 exclusus
1991 2351 2113 2402 erat
2163 2346 2235 2404 ab

526 2427 739 2493 anima,
796 2429 995 2500 procul
1039 2436 1186 2487 esset
1224 2431 1395 2488 etiam
1454 2438 1868 2504 consequenter
1921 2448 1954 2488 a
2013 2432 2228 2504 lingua.

526 2514 649 2572 Hac
691 2515 872 2589 igitur
916 2517 1250 2577 difﬁcultate
1301 2519 1617 2588 convictus,
1677 2520 1993 2594 episcopale
2035 2521 2232 2578 decar-

527 2607 739 2664 ceravit
785 2606 1058 2666 ofﬁcium.
1118 2609 1227 2668 Sed
1285 2610 1433 2668 absit
1477 2617 1540 2668 ut
1582 2611 1740 2670 hunc
1777 2618 2104 2669 sanctorum
2143 2611 2231 2668 vi-

529 2710 722 2754 rorum
777 2699 1032 2770 catalogo
1087 2699 1329 2772 dignum
1377 2701 1653 2772 judicem,
1710 2701 1811 2776 qui
1867 2717 1969 2774 pro
2021 2701 2230 2758 Christi

526 2798 723 2843 amore
750 2787 1109 2859 pontificales
1132 2789 1347 2848 infulas
1375 2789 1739 2849 dimiserunt.

597 2875 770 2935 Porro
808 2886 1023 2950 autem,
1056 2879 1194 2952 quia
1234 2880 1665 2954 prudentissimi
1705 2880 1866 2940 illius
1903 2881 2014 2940 viri
2055 2877 2232 2938 semel

526 2966 729 3025 incidit
778 2969 1012 3039 mentio,
1071 2969 1229 3028 aliud
1281 2971 1454 3027 etiam
1510 2970 1740 3042 insigne
1795 2971 1948 3047 quod
2013 2969 2228 3041 retulit,

2323 1818 2629 1878 dammodo
2659 1817 3034 1887 fluctivagum
3064 1816 3222 1890 quid,
3270 1833 3344 1874 ne
3371 1816 3588 1874 oblivio
3635 1816 3897 1875 funditus
3938 1832 4028 1873 ra-

2321 1913 2500 1982 peret,
2555 1906 2690 1980 styli
2744 1904 3006 1964 funiculo
3050 1906 3483 1979 stringeremus.
3535 1907 3682 1964 Nam
3733 1921 3864 1964 cum
3896 1904 4028 1980 quis

2321 1999 2646 2072 piscaturus
2696 1995 3010 2067 egreditur,
3073 1995 3120 2053 si
3173 2011 3338 2054 casus
3395 1995 3649 2055 attulerit
3698 1997 3879 2054 feram
3937 2013 4024 2052 re-

2320 2094 2489 2162 pente
2518 2088 2610 2145 vel
2640 2087 2956 2154 volucrem,
3005 2087 3174 2159 capit,
3229 2086 3456 2145 etiamsi
3485 2084 3567 2144 nil
3605 2086 3676 2144 de
3722 2085 4028 2145 venatione

2320 2178 2409 2236 vel
2463 2176 2711 2248 aucupio
2745 2176 3127 2248 proposuerit.
3171 2175 3475 2243 Praeterea,
3510 2181 3574 2233 ut
3604 2175 3814 2234 nostris
3839 2190 4027 2233 asser-

2320 2267 2573 2325 tionibus
2651 2267 2823 2324 etiam
2900 2266 3230 2337 evangelica
3313 2281 3429 2324 non
3499 2265 3646 2324 desit
3695 2265 4028 2337 auctoritas,

2321 2357 2580 2416 Salvator
2638 2360 2832 2412 noster
2886 2371 3018 2412 cum
3070 2355 3310 2414 domum
3362 2356 3640 2428 principis
3691 2372 4026 2428 synagogze,

2317 2450 2493 2508 filiam
2525 2451 2652 2519 eius
2678 2450 3118 2508 resuscitaturus
3147 2449 3497 2522 aggreditur,
3533 2449 3764 2507 mulieri
3794 2450 4023 2508 ﬂuxum

2315 2538 2615 2611 sanguinis
2701 2538 2938 2610 patienti
3013 2542 3233 2606 (Matth.
3317 2545 3420 2609 IX),
3473 2537 3630 2597 velut
3683 2537 3901 2612 absque
3957 2555 4023 2596 ea

2313 2643 2487 2700 quam
2518 2632 2784 2699 eteperat,
2841 2627 3160 2685 intentione
3189 2627 3468 2685 medetur.
3521 2625 3670 2695 Quid
3702 2626 3881 2698 igitur
3911 2627 4022 2684 mi-

2319 2732 2469 2787 rum,
2523 2716 2570 2775 si
2627 2716 2940 2774 scribentes
2989 2715 3302 2788 aliquando
3330 2716 3484 2788 quod
3511 2724 3761 2789 emptum
3817 2723 3900 2775 est
3930 2716 4020 2773 in-

2316 2804 2707 2870 termittimus,
2760 2820 2865 2862 nec
2921 2805 3282 2873 omittimus;
3344 2805 3491 2864 illud
3551 2804 3818 2864 videlicet
3864 2805 4018 2862 inse-

2314 2900 2521 2960 rentes,
2553 2892 2704 2967 quod
2738 2893 3123 2952 nihilominus
3158 2895 3230 2951 ad
3263 2894 3706 2952 zediticationem
3738 2896 4021 2967 pertinere

2313 2986 2644 3044 sentimus?
2695 2985 3034 3058 Quanquam
3068 2991 3122 3042 et
3163 2987 3330 3044 hoc'a
3363 2991 3560 3044 nostro
3588 2985 3874 3059 proposito
3904 3001 4019 3044 non

523 3055 694 3112 etiam
726 3056 773 3113 si
805 3072 921 3115 non
965 3073 1307 3131 magnopere
1350 3057 1419 3115 ad
1458 3059 1814 3131 propositum
1861 3061 2052 3117 thema
2099 3076 2229 3133 per-

2391 3077 2635 3144 horreat,
2686 3076 2821 3149 quia
2875 3055 2922 3133 si
2976 3075 3075 3132 ille
3103 3084 3332 3150 pr0pter
3381 3091 3557 3134 unam
3591 3055 3862 3133 Ecclesiae
3890 3091 4020 3148 pos-

524 3146 716 3212 tineat,
750 3161 866 3204 non
893 3146 1092 3206 silebo.
1128 3147 1270 3204 Nam
1303 3147 1443 3206 dum
1472 3148 1542 3205 de
1570 3149 1805 3221 prmdiis
1843 3150 2229 3209 Ecclesiamm

2385 3146 2732 3232 ssiunculam
2791 3165 2986 3238 periit;
3043 3146 3182 3238 quid
3212 3146 3308 3223 vde
3358 3164 3458 3222 illo
3496 3165 3862 3222 sentiendum
3893 3146 4016 3229 est,

521 3235 733 3309 injuste
781 3238 1074 3312 possessis,
1125 3238 1234 3296 sub
1279 3239 1604 3311 praesentiae
1653 3247 1858 3298 vestrze
1901 3248 2231 3316 conspectu,

520 3327 846 3384 venerande
890 3344 1059 3401 papa,
1093 3328 1155 3386 in
1184 3328 1424 3385 Aretina
1467 3329 1902 3388 concionaretur
1955 3331 2227 3402 Ecclesia,

519 3415 715 3476 intulit
763 3425 1142 3489 congruenter
1181 3420 1544 3492 exemplum:
1607 3419 1671 3478 In
1725 3420 2071 3491 Teutonicis,
2133 3422 2226 3481 in-

518 3507 663 3581 quit,
709 3508 969 3581 partibus
1007 3525 1197 3567 comes
1253 3509 1489 3583 quidam
1547 3510 1708 3568 dives
1759 3527 1825 3568 ac
1881 3519 2221 3585 prmpotens,

519 3595 618 3653 sed
648 3597 802 3671 quod
846 3598 908 3656 in
949 3597 1050 3656 illo
1095 3599 1399 3657 hominum
1428 3599 1632 3657 ordine
1662 3601 1987 3674 prodigium
2015 3591 2104 3661 est
2137 3598 2224 3663 re—

517 3687 721 3761 periri,
781 3687 948 3746 bonae
993 3689 1282 3761 opinionis
1337 3697 1390 3748 et
1441 3691 1766 3750 innocentis
1824 3693 1994 3763 vitae,
2055 3703 2224 3768 prout

517 3779 840 3837 humanum
873 3786 993 3837 erat
1022 3780 1093 3837 de
1134 3781 1259 3854 ejus
1302 3781 1682 3840 zestimatione
1729 3783 2038 3855 judicium,
2093 3792 2225 3844 ante

518 3870 861 3929 decennium
913 3872 1030 3928 fere
1083 3871 1392 3932 defunctus
1439 3879 1541 3931 est.
1603 3872 1734 3931 Post
1785 3874 1951 3946 cujus
1998 3875 2220 3934 obitum

515 3959 754 4034 quidam
830 3960 1134 4034 religiosus
1205 3965 1295 4022 vir
1359 3978 1461 4036 per
1523 3963 1791 4036 spiritum
1855 3965 1925 4023 ad
1994 3966 2220 4024 inferna

514 4051 837 4119 descendit;
891 4053 1313 4126 praefatumque
1348 4053 1615 4112 comitem
1646 4054 1704 4111 in
1735 4070 2006 4128 supremo
2035 4055 2219 4128 gradu

513 4137 810 4211 cujusdam
839 4138 1011 4196 scalae
1041 4140 1293 4212 positum
1324 4140 1488 4202 vidit.
1528 4141 1733 4199 Aiebat
1767 4157 2037 4214 namque,
2081 4144 2219 4217 quia

509 4226 663 4284 scala
731 4228 830 4285 illa
895 4229 1046 4286 inter
1114 4229 1419 4288 stridentes
1483 4236 1538 4287 et
1606 4231 1935 4304 crepitantis
1986 4232 2218 4292 ultrices

504 4316 759 4375 incendii
798 4318 1059 4377 flammas
1105 4319 1409 4378 videbatur
1446 4325 1651 4398 erecta,
1698 4325 1868 4394 atque
1915 4323 1986 4380 ad
2033 4325 2216 4383 susci-

2313 3256 2413 3329 qui
2446 3256 2553 3313 sub
2582 3255 2817 3312 nomine
2853 3253 3102 3326 episcopi
3155 3259 3329 3310 totam
3382 3251 3718 3322 Ecclesiam,
3763 3267 3896 3310 cum
3927 3253 4018 3309 in-

2312 3347 2483 3418 digne
2530 3346 2856 3419 przesideat,
2887 3360 3003 3402 non
3042 3344 3328 3402 dimittit?
3377 3343 3504 3401 Jam
3557 3344 3749 3416 itaque
3779 3343 4018 3415 postdi-

2312 3435 2680 3502 verticulum,
2713 3433 2784 3491 ad
2815 3432 3167 3506 propositum
3202 3438 3578 3490 revertamur.

2374 3521 2525 3591 Quid
2556 3522 2723 3579 etiam
2755 3519 3018 3578 de-beato
3044 3519 3265 3579 Milesio
3292 3528 3545 3593 martyre
3595 3520 3656 3578 in
3705 3520 4015 3593 Tripartita

2307 3609 2586 3667 referatur
2638 3606 2874 3665 historia
2925 3620 3041 3662 non
3095 3605 3315 3672 silebo;
3383 3605 3538 3679 quod
3593 3605 3897 3678 nimirum,
3952 3615 4015 3665 ut

2309 3701 2633 3760 uberiorem
2667 3700 2988 3773 legentibus
3019 3699 3269 3772 praebeat
3302 3699 3494 3764 fidem,
3548 3698 3779 3757 eosdem
3825 3701 4014 3773 apices

2306 3789 2441 3862 styli
2472 3789 2756 3847 currentis
2803 3803 3104 3860 apponam.
3140 3788 3304 3846 Tunc
3333 3789 3528 3854 etiam,
3558 3789 3656 3857 ait,
3689 3790 4008 3864 epiSCOpus,

2305 3878 2564 3937 Milesius
2594 3877 2850 3947 nomine,
2883 3877 3156 3948 martyrio
3209 3883 3514 3936 coronatus
3569 3883 3669 3936 est.
3724 3877 3834 3947 Qui
3889 3879 4011 3952 pri-

2304 3984 2465 4028 mum
2513 3967 2751 4040 quidem
2806 3967 3089 4024 militabat
3145 3967 3299 4042 apud
3352 3967 3574 4034 Persas,
3630 3975 3823 4040 postea
3873 3984 4010 4026 vero

2301 4057 2497 4114 relicta
2549 4055 2776 4125 militia,
2835 4057 3327 4114 conversationem
3379 4054 3593 4114 zelatus
3647 4060 3730 4114 est
3781 4059 4007 4130 aposto-

2301 4143 2491 4201 licam.
2547 4141 2768 4200 Dicitur
2817 4143 2996 4217 enim,
3049 4142 3186 4217 quia
3238 4143 3379 4200 dum
3411 4142 3473 4200 in
3522 4142 3752 4201 civitate
3784 4143 4007 4202 Persica

2301 4229 2601 4304 episcopus
2653 4228 2826 4286 fuerit
2878 4211 3198 4296 ordinatus,
3253 4230 3436 4287 multa
3481 4245 3634 4302 saepe
3679 4229 3752 4287 sit
3781 4245 4001 4301 passus,

2299 4328 2354 4378 et
2405 4320 2687 4392 plagatus,
2743 4325 2915 4394 atque
2963 4325 3196 4389 tractus,
3239 4320 3338 4377 sed
3396 4320 3552 4378 virili
3585 4327 3773 4378 mente
3803 4328 4003 4378 cnncta

498 4406 740 4479 piandos
778 4423 1000 4479 omnes,
1058 4409 1158 4482 qui
1207 4425 1280 4466 ex
1324 4409 1523 4467 eadem
1563 4411 1841 4469 comitum
1882 4408 2592 4506 genealogiaDsustinuit.
2635 4407 2896 4483 Cumque
2950 4409 3099 4469 nulli
3151 4410 3427 4484 potuisset
3478 4409 3599 4468 illic
3650 4409 3889 4468 suadere
3944 4419 4006 4468 ut

493 4497 932 4568 descenderent,
970 4499 1296 4557 constituta.
1347 4500 1482 4558 Erat
1524 4507 1719 4558 autem
1764 4509 1974 4563 tetrum
2019 4507 2212 4578 chaos,

494 4594 553 4644 et
593 4589 846 4646 immane
891 4589 1230 4646 barathrum
1263 4589 1492 4647 infinite
1537 4595 1756 4662 patens,
1788 4598 1959 4666 atque
1987 4595 2049 4652 in
2079 4611 2213 4668 pro-

495 4675 678 4733 funda
732 4677 1084 4746 demersum,
1157 4675 1314 4735 unde
1386 4677 1538 4734 scala
1595 4677 1865 4751 producta
1921 4682 2208 4754 surgebat.

490 4765 620 4824 Hoc
678 4767 858 4840 igitur
925 4765 1128 4824 ordine
1193 4764 1671 4824 succendentium
1743 4767 1974 4827 sibimet
2040 4772 2214 4829 series

496 4856 822 4927 texebatur,
852 4862 915 4915 ut
946 4871 1076 4914 cum
1110 4855 1240 4929 quis
1270 4869 1471 4912 eorum
1516 4869 1702 4913 novus
1730 4856 2045 4929 accederet,
2067 4859 2211 4950 gri-

497 4962 664 5005 mum
703 4946 935 5005 interim
981 4946 1151 5004 scalae
1193 4943 1438 5018 gradum
1487 4949 1720 5014 teneret,
1765 4945 1815 5003 is
1863 4952 2055 5004 autem
2100 4943 2209 5020 'qui

495 5038 625 5094 illic
673 5042 931 5110 repertus
985 5041 1128 5104 erat,
1183 5033 1399 5107 aliique
1447 5048 1649 5092 omnes
1697 5033 1770 5091 ad
1811 5035 2205 5108 proximorum

498 5127 613 5186 sibi
641 5127 930 5200 graduum
961 5125 1076 5182 ima
1121 5123 1552 5181 descenderent.
1604 5122 1866 5198 Cumque
1907 5124 2007 5182 alii
2039 5131 2211 5199 atque

495 5217 598 5276 alii
650 5232 723 5274 ex
777 5214 977 5273 eodem
1027 5228 1237 5284 genere
1284 5213 1550 5270 homines
1594 5219 1718 5285 post
1761 5213 1948 5272 carnis
1986 5214 2209 5273 obitum

497 5305 573 5364 ad
617 5304 914 5379 przefatam
957 5301 1169 5360 scalam
1213 5307 1333 5374 per"
1359 5307 1682 5375 temporum
1727 5301 2031 5361 intervalla
2073 5319 2209 5361 con-

491 5395 766 5460 ﬂuerent,
813 5392 913 5450 alii
962 5392 1226 5465 protinus
1260 5391 1524 5450 cedentes
1568 5391 1921 5450 inevitabilis
1963 5393 2210 5452 necessi-

500 5489 614 5541 tate
651 5481 854 5556 judicii
904 5482 973 5539 ad
1016 5482 1289 5541 inferiora
1334 5481 1676 5554 migrabant.
1727 5479 1902 5540 Plane
1942 5481 2081 5541 dum
2123 5483 2214 5540 vir

496 5572 602 5646 qui
656 5573 785 5630 haec
837 5572 1350 5648 contemplabatur,
1395 5589 1622 5632 causam
1675 5573 1850 5646 hujus
1906 5573 2210 5633 horrenda}

494 5662 887 5724 damnationis
914 5663 1254 5740 inquireret,
1288 5669 1344 5723 et
1387 5664 1706 5739 praesertim
1738 5681 1842 5724 cur
1883 5664 1980 5724 ille
2019 5680 2210 5724 eomes

2298 4500 2658 4559 Christianus
2711 4500 2894 4569 fieret,
2945 4502 3196 4571 graviter
3254 4501 3461 4571 ferens,
3515 4499 3815 4560 maledixit
3859 4501 4002 4560 civi-

2299 4589 2418 4656 tati,
2469 4597 2523 4646 et
2574 4589 2790 4647 exinde
2842 4588 3119 4648 discessit.
3156 4589 3287 4648 Post
3338 4607 3584 4663 paucum
3618 4608 3749 4650 vero
3779 4599 4006 4664 tempus

2300 4677 2638 4752 primatibus
2689 4678 2956 4751 ejusdem,
3005 4678 3114 4736 loci
3169 4678 3228 4736 in
3258 4695 3450 4752 regem
3482 4680 3870 4754 peccantibus,
3903 4696 4001 4738 su-

2296 4765 2638 4838 perveniens
2667 4765 2956 4822 exercitus
2986 4781 3120 4823 cum
3161 4767 3427 4823 trecentis
3480 4767 3802 4841 elephantis
3857 4768 4000 4825 civi-

2297 4862 2470 4913 tatem
2524 4854 2825 4923 subvertit,
2881 4862 2935 4912 et
2985 4854 3480 4914 velut'desolatam
3510 4859 3802 4930 regionem
3830 4873 4000 4916 aran-

2295 4953 2376 5003 tes
2425 4944 2744 5002 seminibus
2775 4944 3149 5003 tradiderunt.
3186 4945 3442 5005 Milesius
3478 4953 3670 5005 autem
3701 4948 4002 5021 episcopus

2293 5032 2654 5092 solummodo
2705 5049 2898 5106 peram
2953 5034 3364 5092 circumferens
3409 5051 3542 5109 qua:
3585 5051 3810 5094 sacrum
3842 5036 3998 5095 codi-

2291 5139 2417 5181 cem
2469 5121 2900 5193 evangeliorum
2951 5123 3216 5189 habebat,
3272 5123 3523 5196 perrexit
3563 5125 3879 5185 orationem
3912 5127 3997 5186 fa—

2293 5219 2492 5272 cturus
2519 5211 2590 5269 ad
2626 5211 3108 5286 Hierosolymam,
3141 5219 3197 5270 et
3250 5212 3385 5270 inde
3432 5213 3492 5270 in
3543 5213 3880 5288 ZEgyptum,
3935 5226 3998 5275 ut

2296 5303 2512 5363 videret
2559 5303 2868 5361 monachos
2896 5303 3111 5360 ibidem
3141 5310 3562 5360 conversantes.
3592 5304 3790 5374 Qualis
3821 5307 3998 5377 igitur

2295 5395 2401 5452 iste
2431 5398 2678 5462 sanctus,
2731 5399 2786 5449 et
2836 5392 3245 5450 miraculorum
3307 5393 3477 5451 fuerit
3526 5403 3803 5468 operator,
3864 5395 3996 5469 Syri

2294 5491 2428 5543 sunt
2483 5489 2652 5540 testes
2717 5481 2818 5555 qui
2875 5481 3001 5554 ejus
3052 5489 3213 5540 actus
3272 5481 3564 5558 vitamque
3623 5485 3990 5558 scripserunt.

2293 5571 2435 5629 Ecce
2486 5570 2602 5639 hic,
2657 5571 2756 5642 qui
2807 5569 3097 5627 commissi
3149 5571 3449 5645 regiminis
3475 5573 3608 5645 jura
3656 5572 3990 5646 postposuit,

2291 5677 2408 5719 non
2462 5659 2631 5717 modo
2705 5657 2932 5716 nullum
3001 5665 3194 5718 reatus
3247 5661 3468 5719 crimen
3519 5661 3779 5732 incurrit,
3839 5659 3992 5718 ultro
