4080 6194
69 291 172 348 435

524 289 582 349 s.
628 286 849 347 PETRI
889 285 1214 346 DAMIANI
1255 248 1413 343 Opp.
1455 283 1717 342 TOMUS‘
1747 280 1806 340 SI

1928 276 2120 337 PARS
2159 274 2262 333 III.
2304 302 2372 315 —
2413 220 3098 331 OPUSCULAVABIA.
3165 308 3178 315 -

1973 162 1998 174 χ

3417 239 3428 245 ’
3450 260 3554 322 436

72 414 246 474 etiam
304 420 369 473 ut
445 412 860 474 miraculorum
923 410 1166 474 virtutes
1233 415 1564 484 operaretur
1622 403 1970 476 obti-Aniis
2025 404 2366 459 maceratur.
2403 398 2512 455 Hic
2562 400 2752 454 tantus
2780 394 2871 451 vir
2899 391 2970 448 ad
2992 387 3556 448 abrenuntiationem

73 502 223 562 nuit.

726 669 968 729 CAPUT
997 668 1123 727 VII.

458 812 532 865 De
555 808 842 878 Arnulpho
873 808 1102 861 Metensi
1132 808 1395 876 episcopo.

153 951 302 1012 Sane
379 951 516 1009 dum
611 948 984 1007 historiarum
1064 945 1428 1004 latitudinem
1503 953 1780 1020 tanquam

80 1041 209 1100 cceli
266 1040 468 1098 faciem
522 1038 748 1096 curioso
803 1037 1220 1110 perlustramus
1275 1033 1514 1104 intuitu,
1579 1032 1781 1090 beatus

78 1130 440 1202 Arnulphus,
521 1125 792 1186 Ecclesia)
875 1124 1141 1181 videlicet
1220 1121 1491 1179 Metensis
1571 1120 1780 1193 episco-

80 1236 208 1296 pus,
286 1218 447 1277 velut
505 1233 750 1276 aureum
833 1215 998 1273 nobis
1075 1213 1235 1272 sidus
1317 1210 1599 1279 occurrit;
1681 1207 1782 1283 qui

79 1319 135 1369 et
205 1309 546 1384 ignorantiae
618 1311 828 1366 nostrae
883 1305 1146 1364 tenebras
1217 1318 1317 1376 per
1381 1299 1634 1373 exempli
1692 1297 1784 1356 sui

81 1400 271 1458 radios
351 1399 550 1471 abigit,
613 1405 668 1455 et
737 1397 945 1455 nostris
1014 1391 1456 1467 allegationibus
1529 1390 1781 1460 inexpu-

80 1489 388 1562 gnabiliter
435 1484 806 1544 433-robur
854 1483 1130 1552 attribuit,
1183 1489 1355 1553 atque
1404 1493 1636 1537 omnem
1682 1492 1781 1535 su-

76 1593 180 1652 per
211 1577 316 1636 hoc
346 1575 594 1649 capitulo
626 1573 840 1631 nodum
869 1571 1178 1630 dubietatis
1205 1567 1467 1626 absolvit.
1513 1567 1621 1624 Hic
1650 1580 1782 1637 pro-

82 1667 247 1735 fecto,
303 1665 464 1748 sicut
508 1662 761 1720 veridica
817 1661 1058 1718 lratrum
1120 1658 1392 1715 relatione
1450 1654 1782 1722 didicimus,

1861 493 2220 565 episcopatus
2273 504 2392 546 non
2445 502 2534 544 me
2591 485 2785 542 minus
2843 481 3180 552 exhortatus
3237 481 3322 534 est
3380 474 3555 535 verbo

1861 596 2036 655 quam
2059 579 2400 652 provocabat
2429 573 2716 646 exemplo.

1931 651 2105 728 Porro
2134 672 2327 725 autem
2358 663 2711 736 I-Iildulphus
2755 656 3125 716 Treverensis
3175 651 3555 724 archiepisco-

1862 775 1989 832 pus,
2022 764 2255 831 quantae
2307 751 2641 824 sanctitatis,
2673 761 2964 822 quamque
2997 744 3254 802 mirifica;
3301 742 3438 799 vitae
3468 739 3558 798 vir

1867 830 2054 916 luerit,
2084 834 2365 918 spatiosus
2390 840 2664 900 Occidens
2695 853 2811 896 non
2839 837 3081 909 ignorat.
3110 832 3221 902 Qui
3249 830 3555 900 nimirum,

1862 944 1926 997 ut
1952 946 2243 1011 gestorum
2290 933 2450 992 illius
2498 934 2736 987 testatur
2781 925 3038 987 historia,
3087 921 3262 980 Jacob
3311 919 3560 977 Leuchaa

1861 1009 2044 1096 urbis,
2085 1041 2217 1098 quae
2265 1038 2422 1082 nunc
2451 1019 2658 1079 Tullus
2687 1021 2942 1085 vocatur,
2982 1011 3301 1071 obsecravit
3335 1009 3558 1080 episco-

1861 1133 2023 1191 pum,
2056 1097 2119 1172 ut
2169 1112 2278 1170 sibi
2309 1122 2636 1182 congruum
2687 1105 2760 1162 ad
2806 1103 3185 1161 habitandum
3237 1097 3560 1172 provideret

1865 1190 2194 1264 solitudinis
2261 1201 2474 1258 locum.
2551 1195 2716 1253 Prius
2770 1192 2966 1265 itaque
3017 1190 3126 1248 sibi
3175 1199 3560 1246 successorem

1865 1294 2054 1367 elegit,
2106 1290 2321 1348 deinde
2345 1284 2758 1346 monasterium
2803 1286 3162 1349 construens,
3213 1292 3314 1350 per
3359 1287 3558 1332 mona-

1866 1361 2023 1444 sticae
2045 1361 2374 1454 disciplinas
2403 1376 2617 1434 lineam
2647 1371 2938 1431 districtus
2965 1367 3214 1427 incessit.
3252 1364 3357 1423 Ubi
3381 1361 3558 1420 nimi-

1865 1491 1997 1532 rum
2051 1478 2132 1529 tot
2179 1449 2281 1541 per
2331 1481 2466 1524 eum
2517 1463 2662 1520 facta
2701 1459 2978 1519 miracula
3015 1457 3144 1516 luce
3177 1454 3390 1513 clarius
3416 1449 3561 1506 434

1864 1561 2188 1640 perhibent,
2242 1556 2379 1631 quia
2430 1553 2520 1612 vir
2560 1550 2780 1609 domini
2820 1549 3209 1622 episcopatum
3247 1542 3559 1609 dimittens,

1865 1631 1984 1711 non
2039 1648 2208 1707 modo
2263 1651 2453 1704 reatus
2519 1639 2805 1699 maculam
2869 1652 2986 1695 non
3044 1631 3307 1701 incurrit,
3363 1641 3567 1688 verum

3459 613 3508 621 ...ο

81 1757 182 1829 qui
212 1723 554 1826 descriptam
583 1753 707 1826 ejus
733 1766 793 1808 se
838 1749 1120 1810 lectitasse
1151 1754 1428 1806 testantur
1464 1743 1779 1811 historiam,
1801 1762 1849 1823 Β
1869 1741 2044 1800 etiam
2075 1738 2190 1795 Deo
2218 1730 2520 1793 suavitatis
2547 1728 2896 1787 sacriﬁcium
2925 1723 3153 1783 obtulit.

84 1846 144 1903 in
181 1842 484 1902 Lotharico
519 1855 694 1915 regno
742 1854 860 1897 non
913 1837 1174 1910 procula
1205 1835 1492 1904 Flandria,
1546 1833 1789 1896 ducatus

1943 1835 2092 1907 Quid
2152 1833 2397 1891 referam
2455 1827 2769 1886 Deodatum
2814 1838 3082 1896 supernae
3121 1816 3435 1878 sanctitatis
3485 1816 3574 1873 vi-

85 1931 319 2006 gerebat
359 1905 634 1989 ofﬁcium.
667 1927 777 1986 Hic
806 1905 1082 2000 praeterea
1129 1924 1359 1998 Pippini
1390 1929 1568 1997 pater,
1601 1928 1656 1980 et
1683 1920 1790 1977 Ca-
1872 1905 2026 1995 rum,
2061 1921 2318 1997 ejusdem
2367 1916 2582 1976 scilicet
2635 1915 2905 1972 Ecclesiae
2956 1908 3329 1969 Treverensis
3357 1905 3574 1979 episco-

87 2021 195 2080 roli
229 2019 424 2095 magni
455 2033 654 2092 regum
677 1991 824 2076 avus
853 2017 980 2075 fuit.
1002 1991 1276 2088 Cumque
1307 1991 1492 2070 divini
1542 2010 1792 2084 Spiritus
1874 1991 2022 2091 pum
2042 2014 2068 2069 τῇ
2089 1991 2283 2095 ’(,ὶιιίίι2
2319 2007 2464 2065 sicut
2496 2005 2827 2064 authentica
2874 2001 3042 2059 tradit
3074 1997 3334 2066 historia,
3380 2011 3412 2051 δ
3447 1991 3576 2052 Gif.

91 2111 292 2169 ardOI‘e
322 2123 652 2173 succensus.
708 2105 911 2164 llXOI‘iS
959 2105 1197 2162 affectus
1241 2081 1614 2173 filiorquue
1643 2105 1796 2172 pOSt-
1878 2081 2048 2162 baldo
2096 2085 2354 2173 ejusdem
2400 2096 2648 2153 Leuchae
2678 2090 3036 2150 sanctissimo
3067 2083 3311 2160 prmsule
3339 2083 3402 2141 in
3431 2081 3577 2140 saltu

93 2205 346 2276 poneret,
379 2214 444 2256 ac
474 2195 786 2255 mundanas
817 2193 1016 2268 glorias
1044 2207 1281 2266 pompas
1304 2189 1560 2264 glorilica
1591 2187 1801 2246 Christi

93 2294 427 2365 paupertate
480 2291 750 2355 mutaret,
781 2285 851 2340 ad
893 2296 1152 2340 eremum
1200 2294 1528 2353 properans,
1563 2277 1802 2347 contigit

94 2386 158 2438 ut
179 2393 285 2453 per
309 2376 576 2442 ﬂuvium,
611 2373 710 2446 qui
752 2370 985 2429 Mosella
1023 2369 1252 2435 dicitur,
1285 2367 1587 2425 transitum
1615 2366 1804 2424 .viator

93 2466 348 2536 haberet.
390 2462 501 2522 Sed
533 2477 665 2520 cum
690 2461 811 2535 jam
841 2458 1100 2522 medium
1134 2457 1252 2514 fere
1281 2457 1584 2530 superjecti
1613 2455 1804 2530 pontis

94 2558 420 2630 attingeret,
447 2554 550 2612 ubi
580 2552 847 2610 torrentis
894 2549 1096 2608 alveus
1141 2546 1485 2620 profundior
1533 2547 1802 2604 decurre-

92 2647 210 2716 bat,
243 2645 366 2702 illic
394 2643 680 2702 annulum
710 2655 885 2699 suum
936 2638 1044 2698 sub
1075 2638 1183 2695 hac
1215 2634 1446 2692 foederis
1475 2635 1806 2693 conditione

95 2735 335 2811 projecit
366 2753 378 2792 :
429 2734 576 2792 Cum
625 2747 750 2804 ego,
779 2729 990 2804 inquit,
1022 2725 1314 2785 annulum
1342 2716 1498 2782 hunc
1543 2741 1806 2798 recepero

102 2823 171 2881 de
202 2821 489 2895 spumosis
523 2819 794 2877 ﬂuctibus
827 2823 1077 2885 erutum,
1113 2822 1249 2874 tunc
1279 2829 1372 2870 me
1400 2812 1597 2886 procul
1627 2812 1804 2870 dubio

104 2909 393 2970 conﬁdam
437 2907 702 2979 omnium
737 2911 1101 2979 peccatorum
1130 2917 1395 2960 meorum
1423 2899 1676 2958 nexibus
1705 2899 1807 2957 ab-

106 2999 405 3068 solutum;
453 2977 705 3067 moxque
741 2977 1017 3050 eremum
1066 2990 1247 3064 petiit,
1307 2989 1408 3047 ubi
1464 3004 1582 3046 non
1634 3003 1808 3060 parvo

106 3100 364 3164 tempore
394 3087 504 3146 sibi
556 3100 621 3143 ac
670 3083 904 3164 mundo:
919 3087 1178 3139 mortuus
1208 3079 1376 3137 vixit.
1410 3078 1653 3149 Interea,
1708 3078 1808 3135 de-

106 3160 320 3248 functo,
373 3177 474 3250 qui
525 3182 663 3235 tunc
699 3160 904 3238 fuerat:
938 3171 1205 3229 Ecclesia:
1234 3169 1505 3228 Metensis
1533 3169 1804 3239 antistite,

107 3271 342 3329 beatum
369 3265 741 3338 Arnulpbum
771 3263 842 3320 ad
873 3261 1169 3334 pastoralis
1192 3260 1325 3334 jura
1355 3259 1651 3332 regiminis
1690 3258 1806 3316 dis-

110 3358 368 3435 pensatio
421 3354 620 3414 divina
668 3351 974 3425 provexit;
1035 3351 1293 3423 dumque
1356 3364 1460 3406 esu
1523 3347 1808 3416 carnium,

109 3455 277 3523 prout
309 3447 371 3505 in
400 3459 592 3504 eremo
627 3441 983 3509 desueverat,
1035 3439 1099 3497 in
1149 3438 1400 3496 Ecclesia
1429 3435 1813 3494 nihilominus

110 3536 442 3606 abstineret,
499 3532 672 3606 piscis
721 3527 1034 3603 aliquando
1085 3526 1196 3584 sibi
1236 3526 1430 3588 .elatus
1481 3531 1564 3582 est
1601 3525 1662 3582 in
1709 3538 1814 3580 xe-

113 3626 302 3698 nium,
329 3638 503 3698 quem
545 3635 766 3693 coquus
795 3624 1157 3686 exenterans,
1185 3614 1244 3671 in
1273 3613 1448 3671 ilibus
1475 3613 1601 3685 ejus
1624 3628 1814 3670 annu-

118 3721 241 3778 lum
267 3716 494 3791 reperit,
521 3729 773 3788 eumque
799 3727 937 3770 mox
965 3709 1199 3778 domino
1223 3723 1326 3766 suo
1353 3705 1719 3764 laetabundus
1744 3704 1819 3762 of-

119 3809 266 3867 ferre
295 3806 536 3865 curavit.
562 3804 743 3874 Quem
767 3802 967 3859 beatus
992 3799 1289 3873 episcopus
1314 3803 1376 3856 ut
1398 3795 1640 3869 aspexit,
1663 3795 1818 3853 illico

119 3895 477 3970 recognovit:
528 3901 583 3951 et
608 3909 725 3950 non
755 3896 872 3948 tam
907 3888 1190 3946 vibrantis
1220 3886 1436 3945 metalli
1469 3885 1710 3943 miratus
1737 3884 1820 3942 eSt

120 4006 352 4059 venam,
382 4002 557 4063 quam
591 3984 728 4058 quia
779 3979 1183 4055 propitiatione
1232 3976 1432 4034 divina
1485 3983 1674 4034 reatus
1729 3966 1835 4033 sui'

1883 2189 2091 2263 Vosagi
2127 2170 2340 2246 locum
2387 2183 2658 2251 obtinuit,
2717 2181 2780 2238 in
2833 2194 2946 2252 quo
2977 2174 3316 2235 renuntians
3345 2170 3576 2240 saeculo,

1882 2262 2253 2339 laudabiliter
2309 2279 2703 2342 conversatus,
2761 2267 3109 2326 monasteria
3168 2262 3365 2322 statuit
3414 2268 3582 2333 atque

1886 2376 2009 2444 post
2047 2368 2335 2426 diutinam
2378 2366 2438 2422 in
2469 2362 2682 2420 Christi
2719 2374 2900 2433 agone
2935 2355 3206 2415 militiam
3256 2351 3391 2409 vitae
3421 2363 3584 2408 sena-

1887 2467 2012 2518 tum
2041 2457 2333 2515 laureatus
2374 2451 2628 2511 intravit.

1955 2556 2105 2626 Quid
2137 2552 2588 2618 Gondebertum,
2639 2545 3148 2622 praeclarissimum
3197 2537 3464 2626 videlicet
3495 2551 3587 2626 ar-

1887 2624 2319 2718 chiepiscopum
2349 2635 2688 2698 Senonum?
2718 2634 2826 2692 Hic
2858 2634 3026 2707 plane
3056 2628 3271 2688 ccelesti
3309 2624 3591 2684 desiderio

1889 2714 2578 2802 testu-ansgcommissam
2625 2723 2846 2781 dimisit
2883 2719 3218 2787 Ecclesiam,
3268 2723 3323 2773 et
3363 2717 3426 2774 in
3469 2714 3590 2773 loco

1889 2824 1990 2896 qui
2071 2816 2488 2880 Grandiavium
2565 2812 2775 2871 dicitur
2854 2809 3184 2869 ccenobium
3264 2804 3595 2865 Senonense

1890 2909 2230 2976 construxit,
2261 2904 2416 2980 quod
2469 2901 2682 2962 scilicet
2731 2916 2806 2959 ex
2859 2900 3074 2959 relicta:
3123 2897 3392 2957 Ecclesiae
3420 2908 3588 2953 γοωτ

1891 2999 2031 3058 bulo
2061 2993 2474 3056 denominavit.
2529 2992 2912 3050 Decreveram
2965 2988 3204 3062 quidem
3235 2984 3592 3044 vice'narium

1823 3121 1868 3182 ο
1893 3104 2012 3147 non
2062 3085 2355 3182 excedere.
2388 3094 2723 3151 numerum,
2775 3077 2873 3136 sed
2903 3075 3057 3150 quod
3088 3091 3207 3149 pra:
3255 3072 3438 3133 oculis
3486 3080 3586 3140 est,

1894 3179 2068 3236 latere
2097 3190 2213 3233 non
2243 3171 2447 3247 patior.

1961 3275 2253 3333 Postremo
2301 3268 2502 3341 igitur,
2554 3268 2622 3323 ut
2672 3262 2901 3322 omissis
2946 3261 3187 3332 czeteris,
3218 3261 3292 3318 ad
3322 3255 3592 3317 domesti-

1859 3378 2024 3422 cum
2077 3371 2444 3418 recurramus
2469 3350 2829 3426 exemplum,
2870 3349 3213 3408 Lambertus
3250 3345 3592 3406 venerandae

1896 3449 2210 3517 memoriae,
2243 3444 2348 3520 qui
2381 3449 2514 3504 ante
2551 3456 2652 3499 vos
2702 3428 3051 3496 Flerentinze
3081 3435 3290 3511 praesul
3325 3433 3594 3494 Ecclesiae

1893 3536 2104 3601 tertius
2157 3535 2410 3612 praefuit,
2467 3537 2656 3606 spreto
2711 3528 3077 3601 pontificatus
3131 3527 3338 3597 ofﬁcio,
3393 3538 3595 3583 mona-

1897 3633 2054 3690 sticae
2078 3625 2398 3700 disciplinas
2425 3619 2685 3693 subjecit.
2716 3617 2893 3692 Cujus
2911 3617 3192 3675 nimirum
3212 3630 3386 3689 quam
3413 3613 3596 3687 splen-

1897 3726 2031 3784 dida
2062 3725 2213 3782 fama
2241 3737 2341 3780 ora
2369 3717 2676 3776 hominum
2703 3713 3004 3788 compleat,
3035 3725 3210 3784 quam
3234 3705 3431 3765 suavis
3457 3701 3598 3761 odor

1898 3812 2188 3888 opinionis
2240 3800 2525 3867 mentium
2578 3819 2746 3862 nares
2796 3804 3077 3875 aspergat,
3121 3802 3326 3856 vestras
3366 3805 3594 3868 quoque

1901 3900 2275 3962 beatitudinis
2305 3895 2628 3956 sublimitas
2656 3907 2773 3950 non
2804 3891 3047 3964 ignorat.

1974 3993 2181 4050 Beatus
2210 4003 2442 4064 quoque
2467 3987 2708 4044 Nonnus
2736 3987 2973 4054 martyr,
3004 3976 3105 4052 qui
3133 3979 3189 4049 et
3233 3971 3594 4064 Hippolytus,

119 4059 460 4140 consecutus
511 4081 595 4134 est
633 4072 906 4139 veniam;
959 4069 1226 4143 quodque
1256 4067 1376 4126 vim
1425 4064 1823 4123 admirationis
1903 4059 2460 4142 ωρωοιηίωήοέιηθ
2510 4091 2621 4134 non
2680 4067 3112 4147 praetereundus
3167 4063 3433 4124 occurrit,
3490 4059 3602 4129 Qui

123 4175 446 4244 exaggerat,
507 4164 670 4223 bidlﬁ
717 4162 826 4220 iter
858 4168 941 4218 θεῖ
972 4177 1004 4217 ³
1032 4164 1202 4232 Ponte
1231 4159 1388 4216 unde
1417 4159 1704 4232 Proiectus
1740 4161 1825 4244 θεῖ
1906 4169 2188 4228 nimirum
2237 4172 2537 4240 postquam
2588 4161 2823 4232 triginta
2866 4157 3053 4216 millia
3086 4155 3502 4214 Saracenorum
3531 4147 3604 4207 ad

123 4261 378 4320 annulus
430 4269 614 4327 usque
672 4253 744 4310 ad
771 4250 960 4309 locum
995 4249 1097 4305 ubi
1131 4249 1303 4321 piscis
1351 4245 1669 4304 venerabili
1717 4243 1827 4301 fuit
1907 4258 2118 4316 Christi
2173 4237 2346 4313 ﬁdem
2384 4237 2783 4311 έίῃοειοὶεείωδ
2837 4244 3242 4321 ριιωάίρθιίοηθ
3300 4237 3600 4307 convenit,

125 4351 387 4422 episcopo
416 4326 809 4417 praisentatus.
853 4337 1019 4395 Tunc
1054 4337 1143 4393 vir
1193 4335 1295 4393 Dei
1342 4351 1456 4405 quo
1505 4349 1538 4391 a
1585 4331 1806 4406 peccati:

1928 4353 2224 4439 )ost_quam
2262 4344 2500 4439 beatam.
2535 4354 2770 4438 quoque
2808 4335 3097 4433 Pelagiam
3130 4332 3199 4390 de
3228 4326 3605 4439 lupanaribus

127 4444 209 4497 est
239 4415 556 4500 absolutus,
590 4429 728 4487 hinc
757 4425 938 4523 magis
972 4431 1055 4481 est
1083 4423 1190 4481 sub
1218 4423 1419 4481 divino
1447 4429 1664 4480 terrore
1689 4435 1891 4523 con-.n
1910 4415 1982 4492 {1d
2013 4415 2283 4492 Εξριρείεθ
2309 4429 2644 4504 pudicitiam
2679 4423 3026 4499 provocavit,
3081 4426 3387 4495 postquam
3434 4415 3603 4475 deni-

127 4529 395 4587 stt‘ictusz
451 4527 512 4619 (fi
543 4534 609 4577 60
640 4533 699 4575 SB
728 4515 1039 4615 firbitl‘atlll‘
1068 4512 1317 4619 ampli“?
1346 4511 1685 4608 debitfn‘em,
1713 4481 2024 4599 QUOune
2075 4481 2387 4579 nonnullos
2416 4481 2746 4576 sanctaruin
2774 4481 3204 4586 expositionum
3231 4481 3414 4568 libros
3442 4506 3604 4565 lucu-

128 4619 277 4676 circa
326 4629 387 4671 se
420 4609 576 4678 videt
627 4606 902 4678 majorem
933 4616 1200 4676 supernae
1251 4599 1573 4658 clementiae
1604 4599 1806 4658 bonita-

1928 4597 2095 4672 enter
2138 4609 2437 4684 explicuit,
2497 4607 2728 4665 tandem
2769 4605 3157 4679 episc0patum
3188 4598 3482 4669 deseruit;
3542 4597 3613 4655 de

1930 4705 1938 4711 .
2035 4703 2044 4711 .
2121 4702 2134 4711 .
2244 4700 2252 4709 .
2424 4698 2480 4711 ,ιι
2729 4695 2742 4711 ι
2883 4700 2928 4711 ,4
2968 4691 3241 4711 _,,_'___..'l--_
3318 4685 3588 4711 -L--Ap.n:0-

131 4715 265 4765 temo
343 4701 580 4776 Eligens
643 4696 822 4776 igitur
878 4692 1108 4752 Sibimet
1161 4706 1570 4759 SUCCPSSOFEHI,
1626 4705 1829 4749 FUI‘SUS
1911 4700 2289 4762 Antiochenis
2317 4698 2595 4772 partibus,
2628 4695 2782 4755 unde
2811 4700 2932 4752 erat
2958 4691 3262 4758 oriundus,
3316 4685 3609 4754 abscessit,

129 4807 390 4854 eremum
432 4788 612 4864 petiit,
643 4785 839 4858 ibique
867 4780 1136 4856 pastorali
1167 4796 1302 4838 cura
1338 4779 1612 4853 deposita,
1645 4794 1828 4853 usque

128 4886 198 4943 ad
243 4884 469 4943 felicem
516 4877 738 4936 obitum
790 4872 958 4930 vix-it.
1013 4870 1264 4942 Insignis
1301 4870 1496 4946 itaque
1542 4869 1632 4928 vir
1680 4867 1834 4942 quod

131 4975 279 5042 fecit,
312 4987 419 5029 nos
459 4967 659 5036 utique
686 4969 749 5021 ut
783 4963 1099 5020 faceremus
1128 4961 1374 5025 edocuit.

206 5063 486 5121 Praeterea
514 5055 615 5114 vix
644 5053 834 5112 adhuc
865 5049 1196 5124 quindecim
1246 5048 1464 5108 emensi
1506 5054 1640 5107 sunt
1689 5047 1832 5118 dies,

132 5169 206 5211 ex
235 5166 350 5226 quo
381 5146 503 5206 vidi
538 5141 939 5211 Farnulphum
973 5139 1360 5196 venerabilem
1414 5139 1605 5196 virum
1638 5143 1838 5208 sponte

133 5259 237 5302 sua
269 5235 635 5299 ecclesiastici
672 5231 970 5306 regiminis
999 5231 1497 5289 administratione
1526 5231 1832 5290 nudatum.

132 5333 200 5390 In
232 5333 476 5390 cisterna
506 5331 792 5405 siquidem
834 5327 1027 5403 Apula
1066 5329 1295 5387 civitate
1327 5329 1657 5386 cathedram
1686 5326 1835 5384 obti-

132 5429 358 5491 nuerat,
390 5437 562 5493 quam
597 5420 849 5494 reliquit,
883 5436 948 5478 ac
977 5418 1202 5476 duobus
1229 5417 1692 5477 ferreis—circulis
1720 5431 1838 5473 non

131 5510 295 5585 parvi
328 5509 596 5582 ponderis
642 5515 858 5581 pectus,
895 5513 1268 5579 ventremque
1307 5506 1670 5576 constrinxit,
1706 5506 1838 5582 qui-

133 5601 243 5659 bus
288 5596 468 5670 alIligi
517 5597 634 5654 fere
679 5597 799 5670 jam
827 5613 860 5653 a
888 5596 1187 5670 septennio
1217 5612 1333 5655 non
1365 5596 1646 5668 cessavit;
1701 5597 1839 5655 vino

137 5690 229 5749 vel
260 5701 584 5762 nunquam,
626 5685 720 5743 vel
767 5699 897 5742 raro
923 5685 1130 5756 utitur,
1163 5686 1379 5745 crebris
1409 5701 1640 5762 quoque
1681 5685 1836 5763 jeju-

1914 4793 2204 4852 Romanos
2234 4771 2376 4846 fines
2405 4786 2660 4861 appetiit.
2697 4785 2959 4856 Cumque
3002 4780 3168 4839 beata
3219 4779 3411 4836 Aurea
3459 4771 3610 4848 apud

1894 4882 2129 4942 Ostiam
2159 4879 2472 4947 civitatem,
2513 4889 2654 4934 saxo
2706 4871 3029 4931 cervicibus
3055 4869 3311 4941 alligato,
3341 4866 3402 4923 in
3434 4862 3612 4921 mari-

1916 4973 2009 5030 nis
2063 4968 2336 5027 ﬂuctibus
2387 4964 2734 5038 martyrium
2763 4961 3239 5025 consummasset,
3270 4954 3334 5013 B.
3370 4953 3613 5011 Nonnus

1918 5066 2180 5120 sanctum
2209 5058 2452 5117 cadaver
2478 5054 2571 5126 pia
2598 5052 2904 5112 devotione
2930 5048 3178 5121 collegit,
3210 5051 3423 5102 etcum
3453 5039 3613 5101 omni

1919 5148 2216 5222 diligentia
2253 5143 2583 5204 tumulavit.
2646 5141 2829 5210 Quem
2885 5152 3024 5195 mox
3082 5134 3236 5192 idem
3291 5136 3617 5206 persecutor

1920 5239 2020 5312 qui
2052 5237 2347 5296 dicebatur
2369 5233 2592 5308 Ulpius,
2611 5231 2781 5304 juxta
2799 5226 3025 5286 Tiberis
3050 5224 3283 5281 alveum
3305 5221 3367 5279 in
3393 5221 3616 5312 foveam

1919 5309 2085 5400 aquis
2144 5326 2376 5399 plenam
2435 5321 2613 5394 mergi
2678 5318 2968 5395 praecepit,
3031 5315 3198 5389 cujus
3251 5309 3618 5386 postmodum

1920 5399 2146 5490 corpus,
2177 5418 2575 5473 consummato
2611 5409 2949 5482 triumphali
3001 5404 3298 5480 martyrio,
3354 5403 3417 5460 in
3476 5399 3620 5458 civi-

1921 5488 2036 5564 tate
2062 5520 2195 5578 qua;
2229 5504 2424 5562 Portus
2447 5503 2454 5506 ’
2476 5499 2688 5558 dicitur
2725 5499 3038 5557 christiana
3064 5493 3304 5564 devotio
3334 5488 3616 5565 sepelivit.

1921 5595 2084 5654 Illico
2111 5593 2308 5652 audita
2338 5598 2422 5650 est
2452 5607 2564 5650 vox
2595 5590 2754 5648 velut
2781 5588 3115 5654 infantium,
3158 5600 3263 5658 per
3292 5597 3468 5641 unam
3502 5581 3624 5638 fere

1920 5687 2123 5745 horam
2151 5680 2547 5754 clamantium,
2574 5684 2680 5738 Deo
2712 5681 2944 5750 gratias.
2975 5674 3085 5746 Qui
3115 5689 3250 5748 ergo
3283 5671 3455 5732 talem
3484 5667 3623 5728 vitae
