4080 6194
313 291 418 349 437

1153 293 1403 356 orusc.
1446 297 1598 384 xix.
1641 332 1709 342 --
1749 302 1843 360 ne
1882 253 2383 360 ABDICIITIONE
2425 268 2943 360 EPISGOPATUS.

3679 296 3788 355 438

313 419 518 474 meruit
551 417 893 490 clausulam,
943 417 1164 491 liquido
1203 423 1402 493 patuit,
1451 423 1588 496 quia
1615 425 2230 501 episcopatumAdum
2262 441 2355 482 me
2405 424 2614 498 pariter
2643 424 3030 482 verberarent.
3083 420 3157 479 Ut
3201 419 3394 479 sciatis
3429 423 3620 478 autem
3653 420 3790 492 quia

311 507 574 566 deserens
604 523 797 566 coram
822 507 938 566 Deo
965 525 1080 567 non
1111 511 1356 569 incurrit
1384 513 1680 573 offensam.

378 599 596 656 Nostris
639 615 868 672 quoque
931 601 1288 671 temporibus
1351 601 1664 662 Pennensis
1706 607 2004 679 episcopus

313 687 690 762 pontificalem
736 689 1064 748 cathedram
1109 697 1310 764 sponte
1339 693 1608 764 deseruit,
1649 711 1886 772 seseque
1914 698 2003 756 illi

310 774 404 848 qui
441 773 550 832 sibi
589 775 860 833 successit
901 777 1122 834 sincera
1154 777 1466 838 admodum
1513 782 1814 843 devotione
1863 787 2001 844 sub-

311 864 521 921 stravit.
575 863 720 921 Nam
778 870 832 921 et
883 866 1006 938 ipse
1059 867 1207 924 mihi
1260 885 1552 929 successor
1607 876 1732 945 ejus
1784 875 1999 947 retulit,

311 959 456 1008 tanta
501 951 670 1008 illum
711 950 942 1012 sibimet
997 955 1323 1016 obedientia
1372 965 1428 1016 et
1483 961 1808 1021 humilitate
1863 953 2000 1024 sub?

303 1040 530 1113 jectum,
569 1055 634 1098 ac
663 1043 712 1100 si
763 1059 823 1101 se
853 1061 1155 1119 nunquam
1197 1049 1528 1108 meminerit
1564 1067 1736 1126 super
1777 1053 2001 1128 aliquos

309 1128 613 1189 obtinuisse
637 1133 970 1205 primatum.
1603 1161 1612 1166 -

2087 531 2204 574 non
2263 515 2527 584 mentior,
2563 512 2830 586 perendie
2885 513 3028 570 liora
3074 513 3238 569 sexta
3287 509 3359 568 de
3408 508 3520 566 hoc
3576 509 3788 568 szeculo

2086 603 2436 676 migraturus
2460 617 2609 660 sum.
2913 615 2916 618 ‘

2159 693 2292 750 Erat
2323 707 2491 764 porro
2522 699 2658 750 tunc
2687 697 2850 748 sexta
2881 689 3021 747 feria
3046 706 3060 758 ;
3085 693 3250 744 nocte
3274 700 3428 749 vero,
3447 700 3562 758 qua
3588 683 3788 754 Domi—l

2085 781 2251 839 nicus
2275 779 2643 837 illucescebat
2671 777 2812 846 dies,
2847 778 2946 848 qui
2977 776 3188 833 dicitur
3223 775 3293 833 dc
3323 773 3520 831 Ramis
3565 772 3785 844 palma-

2085 879 2234 936 rum,
2281 867 2352 924 de
2377 866 2540 936 lecto,
2572 865 2793 925 cunctis
2843 864 3210 932 mirantibus,
3259 877 3378 920 non
3406 859 3597 933 segnis
3626 859 3784 918 exsi-

2083 959 2251 1030 liens,
2285 958 2578 1031 scapulare
2629 965 2800 1030 atque
2852 955 3108 1015 cilicium
3151 969 3284 1028 quae
3309 954 3480 1026 juxta
3512 968 3572 1009 se
3623 959 3785 1010 erant

2083 1054 2317 1122 repente
2362 1046 2656 1119 cerripuit,
2707 1059 2961 1118 moxque
3001 1043 3300 1102 ecclesiam
3347 1041 3495 1100 beati
3535 1037 3786 1098 Andreai

2085 1135 2362 1194 attonitus
2391 1152 2457 1194 ac
2489 1135 2732 1194 festinus
2767 1133 3006 1192 intravit
3037 1157 3047 1189 ι
3078 1131 3179 1190 ubi
3211 1134 3384 1190 strato
3413 1129 3783 1202 compositus,

373 1219 574 1280 Nostra
633 1223 1018 1283 nihilominus
1097 1231 1262 1284 aetate
1317 1227 1669 1301 Liutulphus
1725 1231 2004 1293 Callensis
2085 1225 2178 1282 his
2208 1225 2308 1298 qui
2355 1224 2592 1281 aderant
2639 1222 2916 1282 fratribus
2944 1224 3024 1280 ait
3055 1240 3068 1280 ε
3102 1222 3246 1279 Ecce
3289 1224 3618 1277 δδηοῐοτυῐῐι
3655 1233 3784 1275 VBP-

309 1308 597 1382 episcopus
623 1311 930 1384 episcopali
977 1328 1036 1370 se
1065 1313 1341 1386 dignitate
1383 1315 1607 1390 dejecit,
1661 1322 1996 1394 successori,

307 1397 400 1468 qui
427 1412 586 1456 nunc
621 1407 900 1471 superest,
931 1401 1246 1461 Ecclesiam
1299 1405 1564 1477 tradidit;
1620 1407 1816 1480 sicque
1861 1411 1994 1484 sibi,

2084 1313 2321 1372 beribus
2345 1313 2682 1386 ﬂagellatus,
2717 1312 2797 1370 ita
2841 1311 2911 1369 de
2950 1325 3183 1383 corpore
3232 1308 3576 1381 purificatus'
3623 1323 3785 1380 egre—

2085 1401 2241 1470 dior,
2270 1402 2416 1460 sicut
2446 1417 2522 1458 ex
2569 1401 2722 1458 fonte
2748 1399 3106 1474 baptismatis
3133 1396 3389 1456 mundus
3417 1397 3596 1454 exivi.
3628 1393 3787 1454 Inter

309 1488 353 1546 si
376 1493 565 1547 tamen
593 1505 710 1550 non
759 1492 942 1552 defuit
988 1494 1240 1567 animus,
1284 1495 1526 1556 liberam
1571 1498 1900 1558 facultatem
1927 1499 1990 1558 ad

2153 1489 2394 1548 issarum
2417 1489 2593 1563 igitur
2633 1494 2990 1547 sacrosancta
3020 1485 3320 1558 solemnia,
3351 1485 3652 1543 Dominica
3681 1485 3786 1542 vix
3839 1561 3846 1572 '

307 1580 573 1651 agendam
609 1581 1005 1653 paenitentiam
1032 1581 1179 1638 435
1225 1586 1572 1658 procuravit.
1625 1587 1794 1646 Felix
1841 1589 1998 1646 scili-
2081 1578 2346 1650 P35810119
2396 1579 2663 1652 ΡΘΓῙθοῐδν
2709 1579 2852 1635 hora
2900 1574 3048 1632 436
3087 1592 3200 1649 qua
3237 1574 3620 1648 ρτωάίκθΐᾶῐι
3669 1573 3786 1632 Πθο

307 1675 384 1726 cet
409 1667 528 1738 ille,
559 1670 660 1744 qui
691 1672 774 1729 sic
802 1673 1190 1733 conditionem
1221 1675 1358 1734 vita;
1388 1692 1510 1736 sum
1540 1677 1602 1735 in
1647 1677 1756 1736 hac
1786 1685 1998 1739 morm-
2081 1666 2352 1739 spiritum
2394 1667 2661 1726 reddidit.
2709 1667 2936 1726 Nudato
2975 1673 3169 1726 autem
3219 1666 3290 1723 ad
3343 1663 3658 1746 lavandum
3711 1679 3786 1721 ex

309 1754 452 1813 litate
477 1757 750 1831 disponit,
784 1767 847 1818 ut
895 1761 948 1818 ei
999 1763 1161 1821 liceat
1188 1765 1519 1836 pmnitendo
1547 1767 1816 1840 plangere
1844 1769 1996 1841 quod
2016 1783 2063 1844 Β
2081 1769 2238 1814 more
2267 1756 2560 1829 cadavere,
2598 1757 2680 1816 Sic
2709 1757 2926 1815 Vibices
2955 1772 3020 1814 ac
3051 1755 3317 1829 Stigmata
3343 1757 3408 1813 in
3446 1755 3572 1827 eius
3599 1769 3786 1844 mem“

305 1843 552 1920 deliquit.
587 1847 776 1918 Felix,
831 1850 1093 1924 inquam,
1145 1854 1246 1926 qui
1295 1855 1497 1928 procul
1543 1873 1576 1914 a
1622 1872 1682 1914 se
1725 1859 1990 1930 providus

2153 1845 2203 1903 is
2231 1845 2492 1921 undique
2519 1846 2884 1918 videbantur,
2925 1861 2992 1904 ac
3031 1846 3080 1904 si
3111 1861 3317 1919 corpus
3347 1845 3473 1918 ejus
3515 1843 3786 1902 materia-

304 1933 484 2007 abjicit
531 1937 990 2022 quidquidillud
1042 1947 1126 2000 est
1173 1944 1328 2016 quod
1377 1944 1439 2002 in
1475 1945 1632 2003 viam
1685 1947 1796 2006 sibi
1845 1949 1998 2007 veri-

307 2023 424 2082 tatis
459 2025 704 2084 obsistit.
756 2025 1046 2102 Quidquid
1088 2031 1246 2089 enim
1287 2031 1350 2090 in
1398 2034 1506 2091 hac
1541 2034 1657 2093 vita
1701 2037 1997 2096 commisi-

307 2129 444 2186 mus,
492 2123 594 2174 aut
635 2119 730 2176 hic
773 2121 942 2193 juxta
988 2123 1204 2194 peccati
1253 2139 1588 2183 mensuram
1635 2141 1733 2198 per
1771 2126 1997 2200 ﬂagella

307 2205 620 2280 corrigitur,
647 2215 746 2268 aut
773 2210 985 2270 futuris
1011 2213 1210 2286 procul
1248 2213 1425 2274 dubio
1453 2215 1769 2291 suppliciis
1811 2233 1998 2278 reser-

305 2301 480 2355 vatur.

933 2407 1178 2468 CAPUT
1207 2411 1361 2470 VIII.

337 2529 406 2582 De
439 2544 708 2598 converso,
743 2532 842 2600 qui
869 2548 904 2587 a
939 2533 1040 2589 SS.
1070 2533 1296 2592 Andrea
1333 2542 1384 2592 et
1421 2538 1678 2607 Gregorio
1722 2541 1965 2596 verbera-

985 2631 992 2634 '
1035 2625 1124 2676 tus
1151 2628 1250 2680 est.

368 2752 643 2823 Quocirca
669 2775 786 2818 non
816 2759 918 2820 abs
943 2777 1004 2828 re
1033 2768 1136 2834 est,
1169 2763 1218 2822 si
1249 2765 1402 2839 quod
1431 2765 1548 2824 tida
1579 2766 1820 2826 fratrum
1848 2769 1996 2828 rela-

306 2843 446 2903 tione
475 2847 876 2918 cognovimus,
919 2851 1014 2910 hic
1057 2852 1228 2911 etiam
1257 2853 1512 2914 breviter
1551 2857 1895 2916 inseramus.
1929 2859 1996 2916 In

305 2935 640 2993 monasterio
707 2953 980 3012 namque,
1034 2941 1188 3014 quod
1245 2940 1444 3002 Clivus
1503 2945 1704 3004 Scauri
1763 2947 1994 3017 dicitur,

305 3022 562 3094 quodque
593 3023 793 3084 beatus
823 3025 1132 3100 Gregorius
1161 3029 1314 3088 infra
1342 3029 1620 3090 Romanae
1649 3034 1812 3092 urbis
1851 3051 1997 3092 mm-

307 3110 391 3167 nia
413 3111 689 3184 condidit,
723 3129 868 3188 puer
899 3119 1134 3191 quidam
1165 3135 1198 3177 a
1227 3121 1584 3194 parentibus,
1609 3131 1674 3182 ut
1700 3124 1814 3184 Deo
1831 3125 1996 3184 dein-
2014 3140 2058 3200 ί]

303 3212 420 3270 ceps
455 3202 753 3274 militaret,
785 3205 1011 3264 oblatus
1039 3215 1143 3265 est.
1177 3205 1286 3276 Qui
1313 3210 1678 3282 postmodum
1717 3228 1850 3272 cum
1873 3213 1994 3285 jam

303 3287 657 3362 adolesceret,
711 3293 782 3351 de
849 3297 1197 3355 monasterio
1259 3313 1522 3371 egressus
1583 3301 1654 3358 ad
1711 3301 1994 3360 smculum

303 3375 474 3450 rediit,
525 3397 891 3456 uxoremque
941 3385 1051 3443 sibi
1105 3387 1351 3460 nuptiali
1393 3389 1607 3447 foedere
1661 3391 1987 3465 copulavit:

301 3465 490 3527 deinde
531 3469 668 3527 cum
701 3469 822 3544 jam
860 3471 931 3529 ad
975 3473 1296 3546 juvenilem
1345 3475 1698 3548 pervenisset
1740 3483 1986 3549 aetatem,

299 3550 478 3612 divina
525 3558 810 3616 sententia
859 3567 1090 3632 repente
1137 3567 1221 3620 est
1272 3577 1578 3635 percussus
1624 3564 1684 3622 in
1736 3571 1988 3637 gutture,

298 3643 572 3718 carpitque
599 3645 1030 3719 ingravescente
1051 3650 1346 3724 languoris
1373 3651 1634 3710 molestia
1662 3656 1830 3712 morti
1857 3671 1990 3728 pro-

297 3729 592 3804 pinquare:
628 3734 858 3792 tandem
891 3737 1040 3794 male
1063 3737 1360 3810 fugitivus,
1383 3743 1446 3796 ut
1476 3739 1544 3797 ad
1567 3729 1987 3800 monasterium

297 3827 685 3893 reportaretur,
718 3825 976 3896 expetiit;
1026 3827 1224 3900 ibique
1268 3829 1690 3900 paenitudinem
1741 3831 1811 3888 de
1868 3832 1989 3891 suis

297 3910 681 3984 pravitatibus,
709 3913 1090 3989 habitumque
1121 3917 1496 3976 monachatus
1544 3920 1777 3992 accepit.
1813 3923 1988 3979 Cum-

297 4013 397 4069 que
423 4017 578 4061 uxor
611 4002 738 4074 ejus
766 4019 900 4062 cum
929 4005 1230 4065 nonnullis
1257 4007 1410 4065 aliis
1437 4007 1584 4066 lecto
1613 4011 1855 4083 jacentis
1896 4027 1988 4068 as-

295 4087 520 4164 sisteret,
567 4095 737 4165 coepit
785 4095 886 4152 ille
927 4095 1179 4168 graviter
1223 4111 1472 4169 gemere,
1518 4098 1775 4158 ululatus
1821 4102 2012 4159 emit-.

297 4179 438 4249 tere;
493 4185 550 4237 et
592 4187 867 4254 tanquam
913 4183 1250 4256 phrenesim
1297 4191 1606 4259 pateretur,
1661 4188 1990 4247 inordinata

295 4267 692 4328 vociferatione
743 4273 981 4345 garrire.
1056 4273 1570 4332 Percunctantibus
1633 4283 1822 4334 autem
1883 4279 1986 4350 eis,

296 4369 388 4412 cur
441 4375 560 4417 non
625 4360 727 4418 ille
779 4363 1140 4436 quiesceret:
1204 4363 1427 4434 Nonne,
1484 4364 1695 4438 inquit,
1756 4369 1990 4427 cernitis

295 4441 512 4504 beatum
541 4447 835 4505 Andream
863 4450 1208 4522 apostolum,
1237 4459 1614 4526 sanctumque
1641 4453 1984 4528 Gregorium

293 4534 582 4593 acerrimis
613 4551 703 4593 me
724 4537 844 4596 suis
857 4538 1581 4616 verberibusunanimiter
1601 4542 1983 4617 ﬂagellantes?

301 4619 524 4683 Ululans
583 4627 780 4700 itaque
829 4645 1053 4700 rursus,
1103 4645 1170 4688 ac
1223 4630 1445 4689 ﬂebiles
1486 4647 1654 4689 voces
1696 4633 1983 4703 emittens,

296 4713 588 4784 paululum
619 4718 955 4791 respirabat,
995 4725 1166 4794 atque
1194 4721 1416 4780 dicebat
1449 4746 1461 4779 :
1505 4721 1675 4780 Modo
1717 4739 1810 4782 me
1857 4739 1986 4780 ver-

297 4799 630 4864 beraverunt
657 4852 674 4876 ,
732 4813 1028 4880 propterea
1101 4810 1238 4882 quia
1309 4811 1720 4868 monasterium
1792 4811 1988 4870 dimisi

295 4905 644 4972 uxoremque
673 4900 914 4972 suscepi.
963 4899 1296 4974 Iterumque
1323 4907 1448 4974 post
1487 4901 1656 4959 ﬂetus
1684 4907 1856 4974 atque
1882 4917 1983 4958 ru-

293 4982 452 5055 gitus,
505 4987 578 5046 ad
621 4995 980 5048 momentum
1021 4991 1345 5064 quiescens,
1393 4990 1626 5048 aiebat:
1683 4989 1851 5048 Modo
1889 5005 1984 5048 me

292 5074 742 5148 mstigaveruut,
836 5079 974 5151 quia
1049 5081 1400 5154 pauperibus
1484 5079 1982 5151 mendicantibus,

291 5161 651 5238 maximeque
677 5163 996 5240 Scotigenis
1020 5211 1034 5235 ,
1060 5184 1176 5226 non
1209 5168 1376 5228 modo
1404 5168 1554 5226 nihil
1585 5169 1732 5238 dedi,
1766 5171 1864 5229 sed
1889 5186 1986 5229 eos

292 5249 472 5323 etiam,
524 5254 678 5326 quod
709 5255 1058 5329 flagitiosum
1097 5265 1198 5324 est,
1244 5259 1576 5332 frequenter
1622 5259 1796 5318 irrisi.
1831 5259 1985 5319 Rur-

291 5351 380 5396 sus
407 5341 776 5414 ingeminans
825 5345 1095 5404 stridores
1119 5353 1175 5404 et
1201 5346 1469 5419 gemitus,
1503 5349 1787 5406 asserebat
1839 5363 1985 5423 quo-

295 5429 438 5488 niam
467 5447 574 5490 sex
603 5450 878 5494 nummos
905 5452 938 5494 a
977 5435 1230 5510 quadam
1253 5437 1430 5497 vidua
1473 5438 1823 5512 paupercula
1853 5454 1984 5497 mu-

292 5523 410 5577 tuos
436 5523 648 5597 accepi,
677 5531 732 5582 et
761 5526 1000 5584 reddere
1041 5526 1204 5586 nolui
1235 5545 1251 5599 ;
1310 5533 1450 5601 quot
1479 5525 1692 5600 pedu'm
1721 5527 1988 5603 passibus

293 5603 386 5666 illa
415 5609 714 5687 laboravit,
767 5616 908 5676 dum
952 5634 1049 5677 eos
1081 5619 1154 5678 ad
1203 5635 1296 5677 me
1323 5620 1607 5678 veniendo
1647 5621 1984 5696 requireret,

295 5701 366 5755 tot
404 5715 540 5777 ergo
581 5719 738 5765 nunc
771 5705 920 5768 ictus
965 5707 1038 5767 de
1082 5713 1412 5770 sanctorum
1451 5707 1720 5768 manibus
1749 5706 1983 5782 pertuli,

2083 1933 2237 1993 libus
2268 1935 2467 1994 fuisset
2495 1936 2673 2010 virgis
2702 1935 2955 1994 allisum.

2155 2023 2266 2084 Sed
2298 2025 2438 2100 quid
2468 2026 2704 2096 mirum,
2735 2025 2784 2084 si
2813 2026 2994 2084 sancti
3022 2025 3159 2096 Dei,
3191 2025 3291 2099 qui
3317 2023 3630 2097 judicaturi
3655 2029 3789 2082 sunt

2080 2113 2388 2185 mundum,
2421 2115 2483 2172 in
2523 2115 2756 2172 homine
2800 2115 2902 2187 qui
2941 2113 3180 2172 rationis
3220 2121 3340 2172 erat
3384 2127 3584 2187 capax,
3631 2113 3786 2171 inse-

2081 2204 2198 2263 cuti
2225 2210 2360 2262 sunt
2385 2203 2634 2276 culpam,
2666 2205 3138 2280 quandoquidem
3161 2209 3215 2262 et
3238 2205 3308 2263 de
3327 2205 3495 2264 bruto
3510 2203 3748 2262 animali
3773 2249 3788 2273 ,

2079 2299 2144 2352 ut
2171 2293 2388 2352 ibidem
2418 2295 2746 2366 didicimus,
2798 2297 3088 2370 expetiere
3133 2295 3498 2355 vindictam?
3549 2296 3697 2353 Nam
3727 2295 3790 2352 in

2079 2383 2280 2442 eodem
2324 2385 2670 2443 monasterio
2702 2393 2899 2461 crypta
2928 2393 3031 2459 est,
3065 2405 3198 2462 quae
3225 2387 3287 2445 B.
3337 2387 3598 2460 Gregorii
3641 2385 3786 2444 dici-

2082 2475 2195 2540 tur,
2243 2472 2346 2530 ubi
2395 2471 2660 2531 videlicet
2699 2481 2754 2532 et
2783 2475 2912 2534 fons
2961 2477 3088 2548 ejus
3115 2475 3434 2550 perspicuis
3464 2491 3532 2533 ac
3559 2473 3786 2548 frigidis

2081 2563 2364 2622 redundat
2404 2564 2608 2639 aquis,
2649 2565 2803 2624 unde
2849 2567 3100 2639 bibebat,
3141 2575 3196 2626 et
3245 2567 3536 2641 lapideum
3593 2564 3786 2623 cubile

2081 2653 2270 2712 adhuc
2341 2653 2614 2725 cernitur,
2695 2657 2796 2715 ubi
2867 2659 3068 2717 zestivo
3125 2663 3378 2732 tempore
3432 2655 3780 2731 quiescebat.

2081 2741 2266 2811 Quam
2315 2743 2627 2819 aliquando
2676 2743 2935 2820 cryptam
2983 2763 3293 2821 praegnans
3345 2746 3604 2806 canicula
3651 2761 3786 2804 casu

2079 2831 2336 2906 ingressa
2366 2841 2469 2903 est,
2499 2834 2620 2894 sive
2647 2841 2711 2894 ut
2739 2841 2992 2895 aestuans
3035 2837 3274 2909 biberet,
3327 2837 3448 2894 sive
3489 2834 3681 2909 potius
3725 2841 3789 2893 ut

2080 2937 2146 2980 eo
2175 2922 2284 2980 loci
2309 2923 2632 2996 parturiret.
2673 2923 2780 2984 Sed
2825 2926 3076 2984 necdum
3119 2925 3190 2983 ad
3219 2941 3399 3000 aquas
3437 2941 3623 2996 usque
3653 2939 3788 3004 per-1

2081 3011 2330 3084 tingens,
2384 3029 2522 3070 mox
2552 3018 2616 3071 ut
2647 3015 2886 3087 praefato
2923 3013 3134 3072 lectulo
3182 3013 3610 3088 propinquavit,
3657 3028 3785 3070 mo-

2081 3099 2234 3158 riens
2265 3102 2495 3159 corruit.
2553 3101 2776 3171 Quanta
2801 3117 2934 3175 ergo
2965 3101 3275 3160 formidine
3327 3101 3622 3175 pensanda
3651 3107 3787 3160 sunt

2079 3186 2306 3244 homini
2357 3188 2554 3246 divina
2603 3189 2843 3261 judicia,
2875 3189 3108 3262 quando
3159 3197 3213 3246 et
3243 3189 3304 3246 in
3357 3189 3636 3246 animalia
3690 3205 3782 3245 ra-

2076 3277 2230 3335 tione
2260 3267 2509 3334 carentia
2531 3283 2646 3334 tam
2675 3278 2988 3336 terribilem
3007 3277 3158 3336 Deus
3173 3278 3360 3335 exerit
3387 3275 3784 3350 disciplinam?

2077 3364 2139 3423 Si
2168 3365 2324 3422 enim
2351 3381 2425 3422 ne
2481 3365 2802 3438 simplicem
2832 3367 3070 3442 quidem
3115 3383 3326 3440 aquam
3369 3367 3546 3440 hujus
3601 3369 3780 3427 sancti

2073 3454 2184 3513 loci
2211 3454 2398 3512 noluit
2427 3455 2789 3529 omnipotens
2831 3457 2984 3515 Deus
3022 3463 3086 3517 ut
3117 3458 3316 3516 insons
3354 3457 3618 3523 canicula
3649 3465 3777 3518 tan-

2072 3553 2248 3620 geret.
2276 3562 2390 3621 qua
2419 3553 2690 3621 putamus
2737 3549 2995 3607 molestia
3034 3549 3252 3618 tolerat,
3301 3564 3436 3607 cum
3474 3565 3780 3623 perversus

2072 3635 2318 3708 quilibet
2347 3636 2418 3693 ad
2459 3637 2891 3710 percipiendum
2921 3654 3128 3711 corpus
3169 3640 3296 3712 ejus
3345 3643 3401 3696 et
3439 3637 3778 3711 sanguinem

2072 3725 2247 3782 sacris
2315 3724 2593 3785 altaribus
2665 3727 3137 3802 appmpinquat?
3212 3727 3322 3787 Sed
3379 3743 3514 3786 cum
3565 3743 3782 3800 pravus

2071 3812 2317 3886 quisque
2353 3813 2531 3871 Deum
2555 3816 2813 3886 reprobis
2842 3815 2962 3874 suis
2991 3815 3213 3873 actibus
3238 3815 3560 3884 exacerbat,
3590 3821 3646 3872 et
3675 3813 3782 3872 sti-.

2071 3897 2274 3976 mulat,
2307 3921 2424 3964 non
2447 3907 2534 3964 illi
2567 3908 2827 3981 protinus
2855 3907 3070 3980 irrogat
3111 3907 3386 3980 patientia
3413 3905 3613 3964 divina
3645 3907 3774 3964 vin-

2071 3991 2304 4064 dictam,
2334 4008 2508 4066 quem
2528 3999 2722 4052 tamen
2773 3999 3108 4068 perpetuam
3139 4000 3391 4052 reservat
3419 3993 3491 4052 ad
3519 4009 3770 4066 pmnam.

2732 4135 2976 4194 CAPUT
3005 4135 3106 4194 1X.

2071 4249 2146 4301 De
2187 4249 2512 4321 Pandulpho
2565 4255 2617 4305 et
2655 4251 2862 4305 Joanne
2901 4251 3250 4322 principibus
3279 4252 3339 4305 in
3362 4253 3578 4320 inferno
3617 4253 3776 4308 dam-

2835 4341 3000 4393 natis.
3663 4353 3670 4362 '

2145 4447 2500 4508 Porrodum
2544 4448 2678 4522 styli
2711 4449 2890 4523 hujus
2929 4465 3108 4508 exaro
3155 4449 3395 4509 dictator
3443 4449 3771 4520 articulum,

2068 4553 2197 4598 ecce
2225 4538 2560 4598 Desiderius
2609 4538 2914 4612 religiosus
2944 4538 3271 4598 Casinensis
3315 4539 3648 4600 monasterii
3674 4538 3776 4598 ab-

2067 4629 2170 4687 bas
2197 4629 2432 4687 accedit.
2469 4628 2578 4699 Qui
2608 4619 2911 4697 nimirum,
2947 4628 3095 4685 sicut
3122 4627 3282 4686 beato
3313 4629 3540 4688 Danieli
3567 4645 3776 4703 cogna-

2072 4717 2224 4774 tione
2259 4717 2525 4789 jungitur
2563 4716 2839 4786 nominis,
2887 4715 2968 4773 sic
2998 4731 3132 4774 eum
3162 4717 3234 4774 ab
3265 4715 3365 4774 illo
3409 4733 3527 4775 non
3554 4725 3776 4790 separat

2071 4807 2307 4865 assertio
2361 4805 2635 4864 veritatis.
2688 4805 2799 4863 Hic
2843 4805 3039 4880 itaque
3089 4806 3234 4864 mihi
3287 4805 3510 4879 aliquid
3557 4811 3770 4878 narrat,

2066 4891 2219 4967 quod
2243 4893 2365 4965 ipsa
2397 4891 2540 4949 ratio
2569 4892 2874 4965 persuadet
2903 4899 2965 4951 ut
2991 4893 3258 4951 scribam.
3292 4891 3527 4964 Servus,
3561 4893 3770 4967 inquit.

2067 4984 2170 5042 Dei
2208 4981 2598 5056 Neapolitana:
2643 4983 2894 5057 regionis
2941 4983 3004 5042 in
3055 4989 3346 5058 praerupta
3391 4999 3551 5056 rupe,
3598 4984 3773 5054 juxta

2069 5072 2224 5130 viam
2271 5071 2584 5146 publicam,
2617 5071 2908 5132 solitarius
2957 5072 3266 5131 habitabat.
3327 5073 3436 5142 Qui
3493 5072 3775 5132 nimirum

2069 5164 2208 5223 dum
2240 5173 2519 5223 nocturno
2571 5171 2824 5238 tempore
2879 5165 3170 5240 psalleret,
3209 5173 3262 5222 et
3300 5167 3604 5224 fenestram
3656 5165 3774 5223 cel-

2071 5253 2208 5312 lulae
2239 5255 2510 5312 horarum
2537 5256 2864 5329 explorator
2891 5257 3156 5328 aperiret,
3193 5271 3322 5313 ecce
3379 5255 3533 5314 videt
3561 5255 3774 5314 multos

2069 5343 2264 5418 nigros
2283 5345 2546 5404 homines
2574 5353 2848 5420 tanquam
2867 5345 3164 5418 rEthiopes
3187 5346 3294 5402 iter
3305 5361 3554 5420 carpere,
3571 5355 3624 5406 et
3647 5345 3773 5406 lon—

2069 5451 2139 5507 go
2161 5441 2342 5493 tractu
2362 5443 2597 5494 onustos
2617 5437 2750 5495 feno
2773 5436 3088 5509 sagmarios
3118 5437 3489 5496 comminare.
3511 5437 3774 5513 Cumque

2069 5542 2166 5584 eos
2220 5525 2482 5584 curiosus
2537 5526 2874 5598 inquireret,
2930 5525 3032 5600 qui
3088 5532 3296 5596 essent,
3349 5526 3631 5602 cujusque
3689 5529 3774 5586 rei

2067 5615 2248 5689 gratia
2279 5615 2404 5672 haec
2439 5614 2840 5688 jumentorum
2878 5613 3091 5688 pabula
3141 5613 3508 5674 devectarent
3541 5640 3554 5674 :
3605 5616 3772 5674 Mali-

2068 5705 2190 5780 gni,
2220 5703 2517 5778 inquiunt,
2541 5699 2776 5776 spiritus
2793 5717 3018 5772 sumus,
3048 5709 3102 5762 et
3119 5719 3390 5778 paramus
3419 5720 3536 5765 non
3561 5703 3772 5778 pabula
