4080 6194
238 326 343 388 439

698 324 757 384 s.
801 316 1023 381 PETRI
1063 313 1385 415 naniam
1426 311 1581 376 ore.
1627 308 1877 375 TOMUS
1919 308 2058 375 seu
2101 306 2290 373 PARS
2327 306 2431 369 III.
2467 292 2537 351 ‘-
2580 303 2970 390 OPUSCULA
3012 301 3267 361 VARIA.
3364 268 3371 277 ’

3612 296 3731 361 440

239 450 544 529 pecoribus
580 415 822 517 alendis,
871 447 969 506 sed
1001 406 1254 502 fomenta
1280 442 1471 516 potius
1503 440 1729 515 ignium
1754 437 2337 529 homi-Areliquerat
2367 406 2761 529 _regrotantem
2791 476 2823 528 ,.
2865 441 3119 498 cumque
3169 440 3270 529 per
3326 423 3731 529 Neapolitanos

240 527 419 601 nibus
458 536 885 599 comburendis.
939 532 1346 592 Praestolamur
1378 530 1535 589 enim
1588 530 1652 587 in
1680 527 1951 602 proximo

240 628 562 703 principem
587 625 796 699 Capuae
816 619 1249 692 Pandulphum,
1280 610 1512 692 quiiam
1547 615 1870 686 decumbit;
1897 620 1951 671 et

238 717 522 777 Joannem
548 713 894 785 magistrum
940 708 1194 766 militum
1242 705 1631 779 Neapolitana:
1658 703 1906 762 civitatis
1934 749 1950 777 ,

136 794 145 803 “
242 800 346 881 qui
375 807 564 864 adhuc
605 800 916 861 incolumis
969 798 1131 857 vivit.
1166 796 1330 855 Illico
1361 797 1453 857 vir
1502 794 1603 852 Dei
1645 794 1952 868 praefatum

245 892 522 957 Joannem
554 894 797 968 impiger
833 890 994 962 adiit,
1028 903 1163 964 quae
1212 887 1433 945 viderat
1459 901 1707 961 quaeque
1752 884 1952 944 audie-

170 1048 171 1053 η
250 990 335 1043 rat
378 981 625 1057 ﬁdeliter
663 986 867 1040 cuncta
912 977 1187 1038 narravit.
1238 976 1344 1033 Per
1380 974 1534 1032 idem
1563 980 1790 1047 tempus
1836 972 1948 1030 im-

246 1054 472 1146 perator
527 1054 653 1130 Otto
702 1068 1012 1135 secundus,
1049 1066 1327 1123 adversus
1368 1060 1683 1121 Saracenos
1718 1061 1947 1135 praelia-

248 1170 436 1233 turus,
469 1161 791 1221 Calabriam
818 1155 1140 1217 festinabat.
1164 1156 1271 1215 His
1303 1154 1482 1227 igitur
1510 1153 1739 1220 auditis,
1772 1151 1948 1211 Joan-

248 1268 351 1311 nes
378 1252 459 1310 ait
487 1275 499 1308 :
533 1250 703 1309 Modo
733 1264 836 1307 nos
866 1262 1095 1306 necesse
1124 1252 1209 1303 est
1255 1242 1589 1318 imperatori
1623 1247 1949 1300 reverenter

247 1356 569 1411 occurrere,
603 1346 658 1397 et
685 1354 822 1398 cum
852 1352 916 1395 eo
947 1335 1124 1394 simul
1149 1335 1219 1392 de
1245 1332 1421 1405 hujus
1443 1337 1610 1389 terrae
1639 1336 1790 1389 statu
1814 1346 1947 1404 pro-

247 1433 381 1491 vida
429 1428 883 1491 consideratione
925 1412 1182 1487 tractare.
1248 1424 1421 1484 Porro
1469 1430 1595 1496 post
1637 1425 1947 1497 imperato-

152 1556 153 1559 η
246 1522 328 1580 ris
372 1516 701 1580 abscessum
751 1518 1005 1592 spondeo
1055 1513 1202 1571 437
1242 1516 1519 1591 quoniam
1566 1520 1621 1572 et
1667 1513 1948 1572 saeculum

248 1609 529 1683 deseram,
563 1615 617 1666 et
645 1606 966 1665 monachici
995 1604 1216 1664 ordinis
1241 1604 1506 1662 habitum
1536 1616 1783 1659 sumam.

321 1698 395 1757 Ut
431 1703 627 1756 autem
673 1696 940 1771 probaret
976 1700 1175 1752 utrum
1229 1706 1435 1749 verum
1471 1695 1616 1747 esset
1660 1687 1815 1762 quod
1853 1687 1952 1745 ille

246 1786 538 1857 narrabat,
588 1785 861 1845 nuntium
908 1783 1172 1857 protinus
1197 1781 1271 1839 ad
1302 1778 1518 1837 muenia
1551 1778 1820 1851 Capuana
1865 1776 1954 1834 di-
1974 1799 2021 1861 Β

226 1888 227 1893 ‘
248 1877 401 1937 rexit
422 1876 551 1951 ,qui
574 1875 814 1934 veniens
836 1871 1241 1946 Pandulpllum
1268 1871 1387 1945 jam
1409 1873 1701 1927 mortuum
1725 1866 1951 1938 reperit.

249 1965 379 2037 Ipse
417 1977 649 2037 quoque
701 1960 972 2035 magister
1025 1958 1277 2017 militum
1320 1957 1589 2025 Joannes,
1646 1960 1956 2027 antequam

248 2052 380 2110 illas
414 2057 600 2126 partes
628 2049 937 2122 imperator
980 2046 1437 2121 attingeret,.vix
1467 2044 1671 2103 diebus
1705 2041 1953 2116 quinde-

250 2139 365 2197 cim
405 2138 748 2211 supervixit.
790 2136 916 2207 Quo
955 2140 1180 2211 mortuo
1232 2150 1398 2193 mons
1439 2132 1748 2200 Vesuvius,
1798 2131 1954 2190 unde

250 2227 520 2285 videlicet
576 2226 838 2301 gehenna
896 2225 1225 2298 frequenter
1275 2227 1513 2292 eructat,
1576 2221 1637 2279 in
1691 2222 1954 2279 ﬂammas

200 2384 203 2387 _
250 2314 486 2391 erupit;
519 2319 586 2372 ut
639 2312 866 2388 liquido
895 2311 1236 2385 probaretur
1282 2312 1422 2384 quia
1478 2310 1683 2368 fenum
1737 2309 1892 2382 quod
1920 2325 1954 2366 a

251 2402 617 2462 daemonibus
686 2401 1013 2474 parabatur,
1077 2399 1161 2458 nil
1226 2399 1389 2458 aliud
1467 2397 1578 2457 fuit
1635 2397 1750 2456 nisi
1802 2396 1956 2466 ignis

250 2494 432 2551 trucis
483 2490 758 2559 incendii,
790 2490 892 2565 qui
950 2490 1145 2564 pravis
1195 2504 1262 2547 ac
1312 2488 1569 2562 reprobis
1622 2486 1959 2545 hominibus

252 2580 586 2639 debebatur.
666 2578 812 2637 Nam
863 2577 1328 2654 quandocumque
1382 2577 1445 2634 in
1517 2574 1636 2633 illis
1702 2575 1962 2648 partibus

251 2667 528 2742 reprobus
557 2666 724 2725 dives
760 2667 1006 2724 moritur
1031 2712 1045 2736 ,
1083 2665 1237 2740 ignis
1265 2680 1567 2738 erumpere
1591 2663 1661 2722 de
1689 2663 1961 2737 praedicto

251 2760 445 2815 monte
492 2754 739 2818 videtur,
794 2759 1065 2827 tantaque
1116 2752 1447 2824 sulphurea:
1474 2750 1701 2815 resinae
1752 2765 1960 2823 conge-

257 2844 370 2900 ries
420 2858 492 2900 ex
551 2842 674 2916 ipso
734 2840 986 2898 Vesuvio
1040 2841 1303 2914 protinus
1350 2840 1499 2908 ﬂuit,
1550 2845 1614 2896 ut
1649 2845 1959 2896 torrentem

254 2931 427 2990 faciat
453 2973 468 3000 ,
499 2935 673 3003 atque
698 2930 1042 2989 decurrente
1098 2929 1317 3002 impetu
1347 2929 1409 2987 in
1437 2943 1597 2986 mare
1631 2928 1955 2986 descendat.

256 3016 369 3077 Ubi
416 3016 644 3077 scilicet
711 3017 1080 3089 corporaliter
1132 3016 1316 3074 videri
1396 3021 1625 3090 potest,
1692 3016 1847 3089 quod
1898 3015 1963 3074 in

258 3104 605 3179 Apocalypsi
658 3103 900 3163 Joannis
955 3103 1026 3162 de
1081 3103 1338 3177 reprobis
1399 3103 1612 3162 dicitur
1660 3118 1675 3158 :
1745 3126 1768 3153 ι
1817 3102 1963 3172 Quia

258 3210 389 3268 pars
410 3193 646 3253 illorum
677 3194 784 3252 erit
808 3194 871 3251 in
912 3199 1113 3265 stagno
1141 3193 1366 3251 ardenti
1395 3193 1550 3265 igne,
1581 3197 1637 3250 et
1656 3191 1961 3266 sulphure,

257 3280 414 3358 quod
442 3288 528 3341 est
556 3298 711 3342 mors
739 3282 993 3342 secunda
1024 3285 1215 3356 (Apoc.
1247 3294 1379 3352 XXI,
1411 3284 1484 3354 8).
1515 3306 1541 3332 η

327 3374 641 3433 Enimvero
670 3379 725 3432 et
778 3370 1178 3433 Salernitanus
1208 3374 1472 3449 princeps
1508 3373 1673 3433 illius
1700 3373 1969 3431 videlicet

259 3461 579 3522 Guaimarii
630 3478 798 3536 asque
842 3463 1141 3537 principis,
1190 3462 1291 3537 qui
1333 3470 1464 3521 ante
1516 3479 1633 3521 non
1690 3463 1970 3533 plurimos

259 3565 443 3608 annos
469 3566 573 3624 pro
598 3551 799 3609 multis
829 3550 1127 3610 violentiis
1161 3557 1333 3626 atque
1372 3538 1711 3626 tyrannicis‘
1733 3566 1967 3626 oppres-

262 3638 524 3697 sionibus
547 3655 787 3697 suorum
815 3640 1025 3712 gladiis
1076 3624 1457 3713 interemptus
1502 3624 1800 3711 est,'avus,
1834 3654 1969 3697 cum

261 3724 463 3798 procul
518 3726 836 3799 aspexisset
884 3727 1133 3803 quadarn
1187 3727 1280 3785 die
1329 3728 1399 3786 de
1449 3728 1723 3802 praedicto
1774 3732 1969 3784 monte

220 3888 226 3901 '
264 3812 519 3873 Vesuvio
557 3814 746 3888 piceas
802 3822 975 3888 atque
1024 3815 1369 3890 sulphureas
1424 3824 1656 3890 repente
1706 3816 1970 3874 ﬂammas

264 3919 588 3976 erumpere,
653 3904 917 3978 protinus
974 3907 1099 3964 ait:
1162 3905 1368 3963 Procul
1426 3904 1604 3964 dubio
1660 3900 1970 3964 sceleratus

264 3992 479 4066 aliquis
519 3993 683 4053 dives
740 3995 803 4053 in
842 3996 1108 4069 proximo
1159 3995 1475 4054 moriturus
1530 4001 1616 4054 est
1656 3994 1834 4070 atque
1897 3993 1970 4051 ad

265 4083 481 4142 inferos
536 4084 939 4144 descensurus.
996 4083 1107 4144 Sed
1133 4128 1147 4153 ,
1209 4101 1244 4144 o
1300 4100 1451 4143 caeca
1524 4100 1691 4143 mens
1742 4082 1971 4157 reprobi

269 4171 544 4243 hominis,
578 4172 696 4231 imo
755 4173 1008 4232 terribile
1056 4189 1228 4247 super
1274 4190 1380 4232 nos
1424 4172 1718 4247 judicium
1757 4172 1971 4231 Condi-

273 4259 414 4317 toris
443 4259 457 4315 t
509 4260 951 4333 superveniente
980 4260 1267 4334 siquidem
1298 4262 1565 4335 proxima
1599 4267 1785 4330 nocte,
1830 4261 1974 4319 dum

273 4362 512 4407 securus
583 4362 716 4405 cum
794 4348 1090 4405 meretrice
1170 4348 1593 4412 concumberet.
1662 4348 1970 4420 expiravit.

275 4434 460 4504 Quem
490 4433 607 4501 illa,
658 4440 725 4494 ut
751 4435 1118 4508 postmodum
1146 4436 1441 4505 referebat,
1477 4436 1617 4509 quid
1648 4435 1977 4508 contigisset

2033 526 2177 582 lines
2226 523 2461 582 domino
2516 537 2624 580 suo
2679 518 3014 577 comitatum
3066 510 3371 587 praeberet,
3425 510 3731 569 eitundan-

2034 614 2188 671 tibus
2211 613 2463 670 ﬂaminis
2507 608 2831 676 intendens,
2865 605 3175 663 clamorem
3205 600 3456 674 lugentis
3482 600 3730 670 audivit,

2032 719 2207 777 quem
2237 717 2359 759 suae
2400 698 2598 758 matris
2627 713 2750 755 esse
2778 694 2977 769 procul
3006 691 3184 750 dubio
3232 691 3580 763 recognovit.
3616 690 3731 747 No-

2035 790 2177 850 tavit
2205 790 2429 860 horam,
2461 793 2516 849 et
2551 795 2691 846 tunc
2722 780 3155 844 evidentissima
3184 779 3461 853 comperit
3484 786 3728 838 matrem

2036 880 2212 940 fuisse
2242 879 2592 937 defunctam.

2106 967 2180 1027 Ut
2208 967 2385 1040 igitur
2407 966 2478 1023 ad
2509 963 2806 1038 superiora
2834 960 3161 1029 redeamus,
3195 957 3439 1017 sufﬁciat
3487 957 3608 1030 jam
3645 956 3733 1015 his

2031 1055 2326 1115 duodenos
2356 1060 2582 1113 sanctos
2636 1064 3005 1109 enumerasse
3050 1046 3367 1119 pontifices,
3397 1044 3497 1116 qui
3547 1043 3732 1102 divini

2029 1142 2243 1204 amoris
2272 1141 2406 1214 igne
2460 1141 2745 1197 ferventes
2793 1135 2865 1194 ab
2919 1133 3301 1192 ecclesiastica
3356 1131 3733 1190 decreverunt

2030 1227 2528 1289 administratione
2569 1226 2862 1294 desistere,
2901 1228 2967 1281 ut
2997 1222 3260 1278 -terrenis
3297 1220 3520 1289 actibus
3558 1234 3732 1292 expe-

2032 1320 2156 1390 diti,
2185 1318 2301 1376 Deo
2328 1320 2559 1390 possent
2603 1313 2817 1371 arctius
2844 1318 3018 1384 atque
3044 1309 3387 1367 familiarius
3419 1308 3727 1366 inhaerere.

2031 1408 2107 1466 Hi
2172 1406 2453 1465 nimirum
2512 1401 2831 1461 venerandi
2883 1396 3030 1454 438
3085 1396 3407 1484 praesules,-
3463 1402 3735 1484 tanquam

2030 1510 2229 1556 revera
2258 1493 2465 1567 viginti
2514 1498 2761 1566 quatuor
2791 1490 3066 1558 seniores,
3106 1472 3414 1561 procidun-t
3454 1472 3586 1544 ante
3634 1485 3737 1544 Se-

2034 1584 2265 1643 dentem
2308 1582 2372 1640 in
2426 1581 2650 1647 throno,
2708 1583 2764 1636 et
2787 1577 3028 1644 adorant
3072 1574 3365 1632 viventem
3414 1574 3473 1631 in
3523 1574 3739 1632 saecula

2035 1672 2408 1737 saeculorum,
2445 1668 2737 1727 mittentes
2797 1680 3036 1724 coronas
3092 1678 3226 1721 suas
3274 1667 3407 1719 ante
3464 1661 3738 1720 thronum

2036 1759 2488 1831 Domini-(Apoc.
2521 1757 2616 1827 ιγ).
2663 1754 2916 1813 Coronas
2948 1767 3154 1825 nempe
3184 1766 3319 1809 suas
3345 1757 3476 1808 ante
3502 1748 3734 1808 Domini

2038 1848 2314 1905 thronum
2363 1844 2623 1915 mittunt,
2672 1843 2813 1901 dum
2870 1844 3210 1898 ornamenta
3253 1836 3503 1911 propriae
3547 1836 3737 1909 digni-

2037 1936 2168 1993 tatis
2219 1949 2321 2008 pro
2346 1933 2483 2008 ‘ejus
2512 1946 2707 1989 amore
2737 1930 3051 2001 deponunt.
3111 1926 3201 1984 Ad
3240 1940 3446 1984 eorum
3507 1940 3740 2000 quoque

2037 1998 2484 2081 similitudinem
2516 2019 2738 2093 phialas
2783 1998 2988 2075 aureas
3036 2015 3252 2075 habent
3291 2013 3492 2086 plenas
3526 1998 3741 2070 odora-

2037 2116 2389 2179 mentorum,
2426 2122 2559 2181 quae
2581 2112 2717 2165 sunt
2745 2104 3033 2164 orationes
3065 2107 3436 2169 sanctorum;
3469 2099 3640 2174 quia,
3676 2106 3741 2158 ut

2034 2201 2294 2276 puriores
2322 2198 2438 2256 Deo
2468 2190 2695 2255 valeant
2742 2194 3029 2254 orationes
3079 2193 3142 2251 iu
3182 2192 3416 2250 odorem
3444 2189 3779 2249 suavitatis-

2034 2290 2257 2359 oﬂ‘erre,
2290 2286 2514 2347 cunctis
2568 2302 2629 2344 se
2654 2284 2863 2344 mundi
2910 2284 3092 2357 hujus
3135 2282 3367 2340 student
3395 2279 3619 2338 aetibus
3652 2294 3743 2337 se-

2037 2393 2292 2453 gregare.

2112 2467 2291 2525 Plane
2346 2465 2461 2524 nisi
2510 2462 2790 2537 longioris
2842 2460 2978 2535 styli
3034 2458 3335 2519 fastidium
3384 2455 3743 2527 devitarem,

2041 2554 2277 2613 beatum
2320 2566 2551 2627 quoque
2594 2550 2979 2617 Athanasium
3008 2547 3103 2606 hls
3132 2561 3250 2603 non
3276 2543 3751 2617 inconvenienter;

2042 2657 2411 2717 apponerem.
2485 2639 2598 2708 Qui
2652 2636 2919 2695 videlicet
2977 2634 3085 2692 sub
3132 2632 3350 2690 Ariano
3406 2645 3539 2702 rege
3593 2629 3747 2689 Con-

2043 2729 2256 2788 stantio
2302 2727 2616 2786 Ecclesiam
2658 2725 2945 2791 deserens,
2999 2720 3286 2795 ergastulo
3325 2735 3385 2778 se
3439 2719 3749 2792 cujusdam

2042 2824 2254 2891 sanctae
2296 2815 2557 2874 mulieris
2610 2812 2911 2883 immersit,
2968 2811 3169 2885 ibique
3219 2811 3509 2882 geminato
3564 2809 3751 2867 trien-

2042 2907 2162 2975 nio,
2211 2908 2437 2979 praeter
2470 2900 2935 2961 cohabitatricem
2992 2914 3177 2967 suam,
3236 2897 3460 2955 cunctis
3511 2898 3753 2970 ignotus

2043 2994 2384 3053 mortalibus
2421 2993 2600 3050 latuit.
2632 2990 2891 3049 Poteram
2928 2994 2984 3045 et
3024 2986 3424 3045 beatissimum
3474 2985 3565 3043 llis
3610 2999 3755 3042 con-

2044 3098 2353 3143 numerare
2385 3080 2737 3148 Martinum;
2772 3078 2876 3151 qui
2903 3077 3003 3146 jus
3028 3075 3368 3148 episcopalis
3392 3072 3564 3132 ofﬁcii
3595 3071 3759 3130 velut

1978 3154 2119 3230 Cex
2148 3172 2397 3246 quadam
2447 3173 2604 3243 parte
2659 3165 2931 3235 deseruit,
2974 3164 3114 3222 dum
3167 3162 3351 3221 tribus
3380 3161 3498 3220 fere
3552 3158 3759 3219 lustris

2044 3267 2179 3319 ante
2207 3260 2430 3317 obitum
2479 3272 2674 3327 suum,
2724 3261 2787 3313 ut
2844 3253 2959 3312 Deo
3023 3251 3367 3310 familiarius
3422 3250 3662 3317 viveret,
3716 3262 3756 3313 a

2049 3347 2310 3408 conciliis
2335 3363 2395 3405 se
2422 3343 2801 3419 synodalibus
2834 3341 3099 3400 funditus
3121 3339 3464 3400 absentavit.

2122 3436 2364 3495 Beatum
2393 3449 2625 3508 qquue
2653 3431 3012 3492 Gaudiosum
3042 3442 3163 3487 non
3194 3428 3514 3499 incongrue
3542 3438 3747 3498 super-

2050 3526 2344 3594 adderem,
2375 3524 2477 3600 qui
2506 3524 2649 3581 dum
2699 3519 3080 3580 Abitunensis
3110 3516 3402 3587 Ecclesiae,
3432 3530 3565 3590 quae
3589 3514 3758 3573 vide—

2056 3616 2183 3673 licet
2238 3612 2529 3673 Africanae
2586 3609 2847 3669 dicecesis
2901 3614 3005 3678 est,
3064 3605 3396 3666 cathedram
3449 3603 3755 3673 obtineret,

2050 3702 2363 3762 Wandalis
2398 3700 2651 3759 Africam
2684 3697 3136 3764 devastantibus,
3168 3710 3303 3753 cum
3336 3692 3395 3752 S.
3432 3689 3757 3762 Quodvult-

2052 3795 2160 3853 deo
2210 3809 2276 3850 ac
2304 3791 2527 3851 caeteris
2577 3786 2926 3864 praesulibus
2968 3786 3136 3861 fugit,
3183 3788 3239 3842 et
3287 3784 3347 3841 in
3400 3781 3761 3851 Parthenope

2053 3882 2285 3942 civitate
2316 3878 2732 3938 monasterium
2785 3875 3058 3935 condidit.
3094 3873 3152 3933 Si
3184 3887 3318 3946 ergo
3366 3870 3467 3929 ille
3514 3867 3659 3940 fugit
3685 3872 3756 3924 ut

2051 3968 2481 4030 Wandalorum
2530 3965 2798 4025 evaderet
2844 3962 3088 4036 gladios,
3142 3965 3356 4035 quanto
3410 3955 3592 4031 magis
3650 3968 3760 4029 ego

2053 4059 2288 4132 laqueos
2316 4062 2550 4115 aeternae
2577 4054 2774 4116 mortis
2802 4054 3052 4126 elfugere
3076 4049 3255 4108 debeo
3281 4046 3310 4106 ?

2127 4146 2361 4221 Sergius
2389 4145 2559 4203 etiam
2614 4142 2969 4215 metropolita
3020 4137 3279 4199 Damasci
3333 4151 3451 4195 non
3482 4135 3771 4194 inconve-s

2054 4241 2281 4298 nienter
2314 4236 2402 4294 his
2431 4239 2619 4308 posset
2658 4231 2906 4302 annecti,
2940 4230 3045 4304 qui
3096 4225 3415 4287 Ecclesiam
3445 4239 3612 4282 suam
3662 4235 3768 4295 pro

2058 4325 2268 4387 Christi
2297 4338 2492 4382 amore
2519 4321 2812 4391 deseruit,
2848 4327 2903 4377 et
2933 4318 3174 4377 Romam
3220 4312 3561 4389 peregrinus
3587 4309 3766 4368 adve-

2042 4418 2184 4485 ‘nit;
2228 4412 2639 4486 reperiensque
2680 4410 2981 4469 beatorum
3021 4405 3303 4464 Bonifacii
3334 4409 3389 4461 et
3419 4399 3613 4461 Alexii
3662 4397 3768 4486 ba-

274 4521 566 4595 ignoraus,
597 4485 818 4581 diutius
863 4521 1120 4596 pertulit,
1155 4528 1211 4580 et
1257 4523 1358 4582 vix
1408 4485 1639 4582 tandem
1682 4539 1715 4581 a
1756 4485 1836 4582 se?
1863 4485 2966 4596 Iisiinsiligamsagerdotalibusvpene
2998 4493 3226 4592 ,οφοίίδ
3276 4491 3632 4596 ἀὶεξξίίευῐθωο
3658 4485 3769 4596 Ba:

275 4610 595 4684 hominem,
627 4610 726 4671 sed
761 4612 1005 4689 cadaver
1026 4611 1299 4672 exanime
1324 4613 1650 4687 prostituta,
1679 4612 1903 4688 deiecit.

810 4856 813 4859 λ
955 4778 1198 4840 CAPUT
1226 4780 1298 4840 Χ.

479 4903 556 4957 De
573 4899 888 4971 presbytero
916 4899 1090 4969 quiin
1119 4899 1351 4955 Vesuvio
1376 4901 1553 4953 monte
1575 4900 1765 4970 periit.

350 5031 595 5106 Quidam
674 5037 947 5106 praeterea
986 5032 1050 5090 in
1105 5030 1496 5104 Neapolitanis
1538 5034 1799 5106 partibus
1846 5050 1978 5108 pre-

280 5123 477 5197 sbyter
515 5120 716 5180 volens
765 5120 997 5189 certius,
1041 5119 1195 5195 quod
1224 5135 1340 5177 non
1388 5119 1613 5189 licebat,
1662 5121 1976 5192 addiscere,

279 5212 440 5285 illuc,
496 5212 598 5272 ubi
651 5208 972 5283 gehennale
1050 5209 1391 5267 barathrum
1462 5208 1781 5267 ferventius
1845 5225 1979 5269 eru-

202 5328 211 5339 ι
283 5304 485 5371 ctabat,
512 5298 951 5377 praesumptoria
1002 5299 1255 5357 decrevit
1297 5298 1535 5357 audacia
1574 5298 1976 5372 propinquare.

283 5391 587 5451 Missarum
621 5391 799 5465 igitur
826 5387 1107 5447 solemnia
1143 5387 1471 5457 celebravit,
1519 5386 1714 5459 sicque
1762 5386 1981 5445 infula-

284 5487 395 5551 tus,
436 5480 595 5538 velut
647 5484 924 5546 armatus,
974 5477 1082 5535 iter
1129 5475 1419 5549 arripuit:
1475 5474 1576 5538 sed
1640 5474 1781 5531 dum
1833 5475 1985 5532 ultra

280 5585 460 5646 quam
507 5568 769 5626 solebant
811 5566 1075 5625 homines
1118 5563 1457 5623 temerarius
1510 5562 1765 5633 accessit,
1799 5563 1985 5623 redire

283 5678 401 5721 non
424 5659 625 5719 valens
647 5655 1012 5730 postmodum
1043 5670 1159 5712 non
1188 5653 1471 5728 apparuit.

353 5750 521 5810 Alius
571 5759 803 5822 quoque
832 5743 1128 5818 presbyter
1172 5749 1413 5852 matrem
1455 5757 1621 5801 suam
1665 5741 1984 5804 Beneventi

2062 4589 2354 4650 nedictum
2389 4587 2669 4645 Romanas
2699 4583 2851 4643 sedis
2891 4581 3210 4641 antistitem
3255 4579 3418 4649 adiit,
3479 4582 3653 4651 atque
3702 4578 3772 4631 ut

2062 4696 2123 4740 se
2175 4675 2641 4738 monasterialem
2690 4673 2773 4732 ibi
2820 4671 3178 4746 permitteret
3230 4668 3493 4743 regulam
3549 4662 3769 4723 consti-

1974 4784 1995 4800 ί
2062 4776 2243 4837 tuere,
2276 4765 2543 4840 precibus
2572 4760 2920 4835 impetravit.
2955 4758 3069 4817 Ubi
3106 4757 3393 4815 nimirum
3442 4755 3616 4828 longo
3644 4754 3774 4826 post

2062 4863 2316 4929 tempore
2352 4851 2617 4931 religiose
2644 4849 2858 4922 degens
2887 4847 3067 4905 vitam
3092 4844 3303 4903 ﬁnivit.

2132 4926 2343 5002 Beatus
2394 4926 2628 5014 quoque
2684 4933 3018 5008 Gregorius,
3064 4932 3214 4991 sicut
3260 4931 3321 4990 in
3371 4928 3597 5005 registri
3643 4926 3775 5001 ejus

2061 5033 2345 5106 reperitur
2398 5027 2671 5095 Historia,
2714 5023 2902 5081 tribus
2938 5020 3242 5096 episc0pis,
3299 5019 3504 5093 primae
3556 5016 3776 5076 scilicet

2058 5103 2426 5188 Ju'stinianaa,
2482 5112 2864 5181 Ariminensi,
2916 5116 2971 5168 et
3020 5109 3187 5167 tertio
3234 5107 3465 5167 cuidam
3514 5120 3615 5181 pro
3651 5103 3776 5162 sola

2061 5209 2264 5284 capitis
2292 5205 2660 5281 aegritudine,
2690 5217 2825 5260 suas
2874 5198 3177 5258 deserendi
3208 5197 3495 5255 Ecclesiae
3522 5194 3772 5269 liberam

2061 5281 2392 5359 facultatem
2423 5295 2579 5354 dedit
2622 5293 2819 5368 eisque
2880 5294 3166 5347 reservato
3218 5285 3290 5345 de
3336 5285 3547 5344 relictis
3577 5281 3776 5341 Eccle-

2063 5388 2163 5447 siis
2218 5384 2540 5446 necessario
2590 5379 2877 5457 stipendio
2910 5424 2923 5450 ,
2994 5392 3352 5437 successores
3424 5372 3778 5432 substituere

2066 5492 2179 5535 non
2214 5474 2462 5548 negavit.
2496 5470 2662 5542 Quod
2713 5468 2980 5529 videlicet
3028 5466 3132 5541 qui
3190 5463 3462 5538 epistolas
3503 5457 3777 5520 Anatolio

2064 5560 2694 5634 ConstantinOpolitano
2747 5556 3119 5624 subdiacono,
3161 5551 3489 5610 Mariniano
3543 5548 3777 5606 Raven-

2066 5654 2187 5712 nati
2227 5659 2401 5726 atque
2439 5633 2718 5718 Etherio,
2765 5645 3049 5720 episcopis
3087 5642 3292 5701 missas
3337 5637 3558 5713 legerit,
3598 5633 3775 5693 dubi-

2067 5750 2184 5803 tare
2213 5757 2333 5802 non
2360 5738 2585 5817 poterit.
