4080 6194
245 349 359 409 441
435 344 440 348 ”

930 507 1175 568 CAPUT
1204 510 1308 568 x1.

391 618 471 672 De
493 617 669 672 tribus
693 617 824 672 aliis
878 619 1145 688 episcopis
1177 620 1447 674 Ecclesias
1482 635 1612 675 suas
1646 620 1836 681 itidem

918 707 1307 765 deserentibus.

331 829 479 889 Ecce
527 827 666 886 dum
725 827 846 886 illis
894 828 1103 900 viginti
1155 836 1402 904 quatuor
1460 830 1762 904 episcopis,
1822 845 1969 904 quos

249 918 531 991 superius
580 917 1073 986 enumeravimus,
1117 926 1229 975 tres
1268 918 1426 988 istos,
1476 919 1578 992 qui
1626 928 1858 977 auctore
1900 918 1966 977 B.

252 1006 542 1076 Gregorio
595 1021 728 1064 suas
805 1006 1155 1066 dimiserunt
1212 1007 1510 1074 Ecclesias,
1573 1009 1968 1082 copulemus:

257 1099 466 1156 beatos
516 1104 794 1170 praeterea
849 1095 1207 1155 Gaudiosum
1261 1105 1433 1171 atque
1483 1097 1971 1169 Quodvul’tdeum,

262 1185 543 1258 Sergium
614 1200 847 1259 quoque
908 1185 1327 1244 Damascenum
1397 1186 1816 1260 metropolitam
1877 1186 1972 1245 his

257 1274 542 1334 omnibus
591 1273 1052 1345 superaddimus,
1110 1272 1342 1346 triginta
1385 1274 1584 1346 procul
1631 1274 1829 1344 dubio,
1869 1275 1971 1349 qui

256 1377 375 1437 pro
401 1362 600 1420 divino
627 1378 822 1421 amore
859 1363 981 1422 suis
1027 1364 1513 1422 renuntiaverunt
1542 1364 1796 1435 sedibus,
1848 1365 1969 1439 epi-

257 1467 467 1525 sc0pos
519 1448 668 1507 439
722 1452 1075 1512 invenimus.
1148 1454 1311 1512 Dicat
1368 1454 1515 1513 mihi
1587 1462 1973 1527 perscrutator

256 1551 551 1612 veterum,
598 1542 749 1601 dicat
790 1542 1188 1623 historiarum,
1232 1543 1324 1601 vel
1367 1544 1674 1604 annalium
1724 1546 1973 1619 quilibet

252 1632 584 1705 indagator,
646 1638 726 1690 tot
778 1633 990 1691 sanctis
1046 1633 1306 1708 patribus
1380 1636 1746 1708 pastoralem“
1780 1642 1971 1695 custo-

250 1721 425 1779 diam
480 1721 876 1781 deserentibus
933 1723 1065 1795 quis
1121 1739 1383 1798 unquam
1438 1725 1769 1797 apostolicze
1822 1726 1973 1785 sedis

973 347 1225 409 oeusc.
1269 347 1391 409 xx.
1433 310 1503 393 —;
1538 350 2022 412 APOLOGETIG.
2065 322 2155 414 oe
2196 351 2560 412 DIMISSUM
2599 318 3025 423 EPISCDPAT.

1978 476 2285 539 Amodum
2331 477 2468 534 vero
2506 476 2584 533 ad
2627 475 2962 533 monasterii
3017 475 3277 548 regimen
3331 476 3613 535 violenter
3666 484 3753 535 at-

3647 352 3754 413 442

2051 574 2280 635 tractus,
2364 566 2551 623 aiebat
2602 564 3044 637 (quodinfelix
3104 564 3436 640 frequenter
3506 572 3562 624 et
3632 566 3756 639 ipse

2049 657 2310 729 deploro)
2337 654 2559 721 Jesum,
2589 653 2882 729 inquiens,
2917 669 3016 726 per
3065 653 3235 726 pedes
3278 653 3460 721 tenui,
3491 660 3545 711 et
3600 668 3755 712 nunc

2048 747 2225 805 miser
2247 753 2303 805 et
2330 761 2517 804 caecus
2566 744 2767 803 saeculi
2812 745 2995 802 molas
3023 742 3215 802 volvo.
3251 743 3485 819 Vixque
3527 750 3756 818 peracto
3847 762 3856 772 δ

2038 836 2306 905 biennio,
2340 835 2401 892 in
2435 850 2608 892 manu
2639 834 2879 904 Ottonis,
2927 832 3028 907 qui
3069 839 3203 891 tunc
3250 832 3480 902 imperii
3534 839 3756 905 sceptra

2052 927 2298 1002 regebat,
2331 925 2672 1000 pastoralem
2695 922 2843 978 440
2878 923 3145 982 baculum
3198 922 3489 981 reddidit:
3546 921 3757 981 deinde
3804 916 3807 917 ⁷

2052 1015 2204 1086 apud
2260 1020 2521 1072 sanctum
2579 1011 2944 1071 Bonifacium
3012 1011 3165 1068 intra
3222 1009 3482 1068 Romana
3540 1010 3757 1068 muenia

2055 1116 2444 1173 perseverans,
2496 1118 2570 1159 ex
2615 1101 2793 1165 omni.
2840 1098 2995 1174 quod
3051 1098 3159 1157 sibi
3216 1097 3349 1157 vitae
3387 1099 3564 1172 hujus
3615 1098 3759 1156 resi-

2058 1190 2241 1248 duum
2268 1190 2395 1259 fuit,
2430 1189 2517 1248 nil
2555 1189 2733 1259 aliud,
2764 1204 2937 1264 quam
2968 1195 3204 1246 reterns:
3235 1187 3371 1246 vitae
3399 1187 3509 1246 sibi
3539 1187 3756 1266 stipene

2057 1279 2151 1337 dia
2207 1280 2553 1354 procuravit.
2611 1279 2700 1337 Ad
2764 1277 2930 1350 cujus
2979 1276 3343 1350 postmodum
3402 1273 3759 1347 sepulturam

2054 1383 2242 1427 caecus
2274 1369 2532 1439 veniens,
2563 1368 2677 1427 luci
2707 1367 2968 1441 pristinis
2991 1366 3267 1424 asscritur
3298 1364 3613 1423 restitutus.

2128 1456 2345 1516 Verum
2374 1472 2447 1515 ne
2502 1457 2663 1528 copia
2704 1454 3003 1513 deﬁciente
3050 1452 3410 1525 pontiﬁcum,
3458 1452 3529 1510 ad
3559 1466 3761 1510 exem-

2055 1547 2150 1621 pla
2202 1548 2397 1605 minus
2452 1561 2705 1619 congrua
2754 1543 3089 1602 ‘convolasse
3140 1549 3410 1601 notemur
3460 1542 3758 1613 abbatum,

2056 1644 2119 1694 ut
2150 1652 2265 1693 non
2322 1635 2620 1693 diversum
2663 1647 2873 1691 nomen
2922 1646 3231 1705 apponam,
3285 1631 3401 1689 Leo
3452 1630 3762 1689 Bavennas
3808 1680 3819 1689 λ

2054 1725 2541 1798 archiepiscopus,
2605 1738 2744 1780 mox
2825 1729 2890 1779 ut
2936 1721 3215 1795 paralysis
3288 1722 3413 1795 ejus
3467 1735 3568 1778 ora
3623 1714 3763 1779 con-

255 1812 529 1886 pontil’ex
581 1811 852 1870 obstitit?
908 1810 1048 1882 Quis
1102 1828 1303 1872 eorum
1358 1814 1677 1887 quemlibet
1729 1816 1821 1873 vel
1869 1831 2027 1895 perB
2054 1816 2309 1883 strinxit,
2377 1814 2707 1873 cathedram
2762 1811 2998 1886 sprevit,
3053 1811 3250 1884 sicque
3323 1811 3588 1884 privatus
3638 1800 3760 1895 fere

251 1901 570 1974 legationis
624 1903 814 1975 apices
870 1904 1257 1976 reprehendit,
1317 1904 1410 1962 vel
1469 1920 1570 1978 per
1633 1906 1971 1981 synodalem
2056 1904 2441 1979 quadriennio
2497 1902 2842 1977 supervixit.
2910 1900 3016 1959 Cui
3079 1900 3346 1959 videlicet
3409 1900 3758 1971 Fridericus,

248 1990 609 2051 sententiam
663 1992 1322 2065 condemnavit?Dicat,
1371 1995 1635 2070 inquam,
1694 1996 1785 2053 vel
1840 2011 1975 2054 cum
2059 1994 2222 2051 tertio
2276 1992 2480 2051 Ottone
2540 1990 2779 2050 feliciter
2835 1991 3181 2062 imperante,
3243 1990 3536 2059 successit,
3591 1988 3766 2063 eique

250 2080 602 2141 nullatenus
646 2082 826 2156 possit
876 2082 1143 2141 invenire
1193 2084 1335 2158 quid
1381 2090 1615 2156 asserat,
1674 2100 1971 2158 procacem

250 2169 527 2251 linguam
559 2187 723 2231 suam
760 2172 1047 2231 dentibus
1093 2173 1370 2245 mordeat,
1426 2190 1542 2233 non
1594 2190 1688 2233 me
1735 2175 1968 2249 injustis

239 2261 710 2321 detractionibus
740 2263 920 2323 rodat.

324 2352 423 2406 An
448 2365 566 2408 non
594 2356 650 2408 et
664 2351 853 2409 minor
879 2349 1223 2411 Benedictus
1254 2367 1397 2426 papa
1427 2351 1555 2425 (l2),
1589 2368 1763 2426 quem
1793 2368 1967 2427 supra

240 2439 585 2508 retulimus,
639 2437 935 2512 apostolici
1015 2456 1076 2498 se
1114 2440 1420 2500 -culminis
1468 2441 1967 2500 administratione

240 2526 531 2601 privavit,
577 2524 1082 2600 successoremque
1120 2527 1233 2585 sibi
1277 2527 1621 2601 Gregorium
1675 2528 1811 2597 (13),
1865 2527 1967 2600 qui

247 2614 574 2676 Gratianus
629 2614 945 2679 dicebatur,
1006 2615 1068 2672 in
1125 2614 1383 2685 Romana
1434 2616 1567 2674 sede
1614 2614 1967 2675 constituit?

250 2704 455 2777 Super
500 2703 714 2776 quibus
770 2711 1053 2776 praesente
1105 2704 1358 2764 Henrico
1413 2707 1776 2779 imperatore,
1833 2721 1965 2764 cum

248 2796 608 2869 disceptaret
662 2796 1029 2868 postmodum
1088 2798 1363 2872 synodale
1426 2798 1757 2867 concilium,
1829 2798 1967 2872 quia

241 2884 544 2943 venalitas
585 2885 993 2953 intervenerat,
1049 2886 1347 2960 depositus
1390 2893 1475 2946 est
1518 2888 1620 2964 qui
1672 2887 1961 2961 suscepit;

244 2990 383 3032 non
420 2975 958 3035 excommunicatus
988 2982 1072 3034 est
1098 2977 1200 3051 qui
1230 2979 1504 3038 deseruit.
1797 2995 1803 3001 '

324 3061 509 3120 Porro
557 3066 751 3121 autem
779 3068 833 3120 et
872 3062 934 3121 B.
971 3062 1348 3124 Benedictum
1398 3066 1581 3125 instar
1632 3066 1828 3139 magni
1858 3081 1961 3124 cu-

2054 2096 2171 2139 non
2211 2081 2431 2154 inopes,
2474 2079 2689 2153 quibus
2727 2078 2999 2149 aleretur,
3047 2077 3439 2151 possessiones
3487 2076 3763 2137 Ecclesia)

2052 2169 2359 2242 delegavit.

2128 2260 2352 2319 Horum
2404 2258 2602 2333 igitur,
2657 2257 3027 2337 aliorumque
3098 2257 3335 2317 Patrum
3419 2250 3762 2316 auctoritate

2052 2348 2347 2419 suffultus,
2378 2348 2728 2422 episcopatui
2754 2346 2927 2406 simul
2959 2353 3014 2405 et
3040 2349 3404 2408 monasteriis
3433 2348 3495 2407 in
3547 2349 3762 2430 sanctis

2050 2438 2320 2497 manibus
2368 2436 2571 2495 vestris
2620 2434 3111 2493 irretractabiliter
3150 2436 3512 2505 abrenuntio,
3560 2452 3762 2494 omne-

2048 2541 2161 2600 que
2183 2526 2282 2597 jus
2308 2538 2464 2580 alme
2519 2520 2824 2579 movendae
2870 2520 2928 2577 in
2982 2525 3273 2593 posterum
3305 2522 3645 2596 quaestionis
3691 2537 3759 2581 ac
3801 2580 3807 2587 ,

2049 2613 2403 2689 repetitionis
2450 2611 2765 2681 abscindo;
2799 2618 2853 2669 et
2880 2606 3037 2684 ‘quia
3083 2628 3185 2684 pro
3242 2613 3568 2671 innumeris
3619 2628 3753 2685 pec-

2048 2703 2187 2761 catis
2217 2700 2360 2758 meis
2389 2715 2505 2757 uon
2531 2714 2659 2756 sum
2685 2698 2897 2770 dignus
2938 2698 3003 2757 in
3041 2699 3423 2757 ecclesiastica
3479 2699 3757 2771 dignitate

2046 2790 2367 2865 persistere.
2398 2788 2493 2845 det
2522 2786 2669 2845 mihi
2698 2787 2898 2845 divina
2943 2787 3338 2846 misericordia
3385 2804 3485 2860 per
3530 2794 3757 2846 sanctas

2048 2882 2336 2941 orationes
2356 2886 2628 2948 .vestras,
2686 2878 3035 2938 venerabilis
3088 2884 3267 2953 pater,
3324 2895 3393 2938 eo
3440 2880 3567 2952 ipso
3618 2881 3755 2951 vitae

2048 2968 2202 3044 quod
2279 2973 2453 3026 restat
2527 2966 2587 3024 in
2647 2966 2810 3026 luctu
2884 2975 2939 3025 et
3011 2969 3353 3041 paenitentia
3401 2984 3760 3042 permanere.

2047 3058 2335 3117 Conﬁteor
2368 3057 2547 3127 enim,
2604 3050 2742 3128 quia
2788 3057 3138 3117 criminosus
3187 3057 3362 3117 simul
3408 3064 3463 3116 et
3517 3058 3764 3117 vitiosus
3838 3134 3847 3135 ί

229 3150 488 3225 jusdam
512 3152 817 3224 pontiﬁcis.
850 3168 1160 3226 possumus
1189 3155 1261 3213 ad
1301 3157 1634 3230 exemplum
1687 3148 2118 3251 imitatio-cad
2170 3148 2446 3205 honorem
2500 3148 2678 3216 hunc,
2708 3151 2764 3205 et
2810 3162 2927 3205 non
2973 3149 3100 3207 sine
3152 3147 3600 3221 reprehensione
3626 3162 3756 3220 per-

236 3240 345 3297 nis
399 3238 690 3310 inducere,
729 3243 830 3315 qui
871 3242 1140 3302 videlicet
1183 3244 1557 3303 commissum
1605 3260 1722 3304 non
1774 3237 2204 3309 ambi-“veni,
2233 3240 2385 3301 etin
2419 3254 2486 3297 eo
2520 3239 3050 3312 reprehensibiliter
3100 3239 3268 3297 vixi:
3313 3238 3561 3312 ideoque
3613 3237 3759 3296 mihi

237 3328 416 3402 gitur
442 3327 699 3400 regimen
720 3328 1035 3391 dimisisse.

251 3414 264 3421 ’
321 3416 448 3474 Leo
491 3433 723 3492 quoque
776 3419 1226 3481 Nonantulanus
1273 3421 1449 3482 abbas
1500 3423 1571 3481 ad
1624 3425 1967 3483 memoriam

244 3506 452 3579 rediit,
490 3511 590 3583 qui
657 3511 800 3570 dum
849 3511 1175 3571 clericalem
1211 3512 1403 3573 adhuc
1426 3514 1673 3587 speciem
1724 3522 1965 3588 gereret,

236 3599 496 3672 jamque
522 3599 826 3659 devotione
849 3609 1096 3674 peracta,
1126 3602 1200 3660 ab
1251 3602 1671 3678 Hierosolymis
1719 3620 1970 3663 remeas-

245 3692 361 3754 set,
428 3686 509 3743 sic
559 3688 741 3745 vitam
784 3705 951 3749 suam
986 3690 1258 3759 instituit,
1313 3698 1378 3750 nt
1418 3692 1501 3750 nil
1552 3694 1714 3752 aliud
1760 3702 1971 3766 praeter

246 3792 447 3837 unum
477 3777 759 3838 duntaxat
787 3783 1018 3841 asinum
1073 3783 1409 3855 possideret.
1460 3783 1604 3844 Cum
1637 3786 1745 3844 hoc
1773 3788 1968 3860 quoti-

241 3868 348 3927 die
375 3868 574 3939 saltus,
609 3876 664 3928 et
693 3886 902 3944 pascua
932 3872 1386 3950 circumquaque
1430 3876 1807 3949 perlustrans,
1842 3894 1966 3936 ma-

244 3959 433 4018 terias
474 3961 837 4033 congerebat,
881 3962 1097 4035 quibus
1146 3966 1219 4022 ad
1264 3965 1537 4040 requisita
1592 3973 1817 4025 naturae
1862 3984 1965 4026 ne-

239 4047 505 4107 cessaria
592 4048 869 4109 fratribus
922 4050 1207 4125 anitergia
1280 4052 1652 4112 ministraret.
1728 4054 1966 4113 Peracto

240 4136 452 4205 itaque
499 4135 757 4209 gloriﬁco
791 4139 1128 4211 hujusmodi
1171 4156 1341 4213 opere
1399 4157 1701 4212 manuum,
1754 4144 1963 4217 psalte-

241 4226 463 4301 rioque
493 4242 626 4285 cum
658 4227 782 4310 ipsa
828 4228 1003 4288 simul
1056 4230 1476 4289 exercitatione
1513 4231 1773 4300 decurso,
1833 4249 1968 4308 pro-

241 4314 421 4373 tinus
471 4314 544 4372 ad
600 4316 893 4375 offerenda
944 4316 1061 4376 Deo
1112 4334 1271 4378 sacra
1322 4320 1595 4395 mysteria
1670 4338 1784 4380 non
1843 4323 1970 4381 sine

238 4401 459 4460 multis
498 4401 769 4480 lacrymis
807 4413 1040 4466 sanctus
1073 4409 1372 4485 presbyter
1418 4411 1740 4471 accedebat.
1803 4412 1976 4496 Post:

302 4546 418 4611 (l2)
450 4548 620 4613 Hujus
653 4553 888 4604 nominis
922 4565 1119 4605 nonus.

2051 3335 2241 3389 tutum
2268 3329 2459 3388 visum
2490 3336 2593 3400 est,
2627 3335 2691 3387 ut
2741 3330 2863 3403 ipse
2904 3344 2994 3385 me
3031 3328 3221 3402 potius
3262 3334 3463 3401 sponte
3504 3327 3755 3400 depone-

2049 3436 2189 3485 rem,
2224 3436 2400 3494 quam
2435 3426 2569 3477 ante
2606 3420 2860 3479 tribunal
2916 3419 3199 3478 tremendi
3256 3418 3469 3493 judicis
3500 3419 3563 3477 in
3618 3433 3758 3476 con-

2050 3515 2245 3584 spectu
2273 3510 2537 3569 omnium
2560 3508 2898 3583 angelorum
2939 3513 2994 3566 et
3025 3508 3353 3577 hominum,
3383 3506 3760 3581 depositionis

2053 3600 2399 3658 sententiam
2456 3600 2564 3659 sub
2615 3605 2831 3658 aeterna
2883 3596 3250 3656 damnatione
3306 3597 3583 3656 subirem.
3646 3595 3760 3669 Sed

2046 3689 2168 3761 jam
2201 3690 2309 3747 ista
2338 3688 2631 3749 sufficiant
2665 3708 2677 3746 :
2736 3687 3112 3761 Omnipotens
3151 3687 3325 3759 Deus,
3376 3687 3480 3762 qui
3530 3687 3758 3745 incom-

2049 3775 2427 3849 prehensibili
2475 3775 2920 3849 dispensationis
2961 3790 3083 3833 suae
3125 3775 3386 3846 consilio,
3436 3780 3493 3832 et
3551 3770 3644 3833 me
3687 3773 3761 3831 ab

2049 3865 2346 3923 obtinendi
2400 3866 2701 3939 regiminis
2753 3865 3069 3922 ambitione
3133 3863 3358 3937 dejecit,
3409 3869 3464 3921 et
3520 3879 3622 3921 vos
3678 3860 3751 3920 ad

2050 3955 2417 4014 ecclesiastici
2448 3955 2726 4014 culminis
2752 3970 2982 4014 summa
3026 3953 3318 4026 provexit,
3373 3958 3569 4011 sancto
3600 3951 3759 4011 cordi

2049 4037 2238 4102 vestro
2273 4043 2442 4116 cujus
2470 4049 2554 4101 est
2582 4042 2953 4111 inhabitator,
2985 4041 3229 4114 inspiret
3267 4039 3403 4100 talia
3454 4040 3602 4099 mihi
3654 4056 3757 4113 per

2049 4147 2238 4190 sacras
2294 4131 2511 4190 litteras
2568 4130 2838 4189 mandata
2892 4130 3161 4205 dirigere,
3220 4145 3355 4203 quae
3407 4128 3553 4188 meis
3609 4129 3758 4188 votis

2053 4214 2311 4298 meisque
2339 4223 2567 4282 valeant
2596 4222 2896 4282 desideriis
2929 4221 3296 4281 concordare.

2433 4368 2521 4424 Sit
2552 4382 2741 4423 nomen
2766 4368 2986 4423 Domini
3016 4365 3372 4423 benedictum.

1971 4548 2021 4607 D
2108 4559 2211 4624 (l3)
2249 4559 2424 4624 Hujus
2456 4558 2693 4611 nominis
2726 4562 2963 4612 sextum.

824 4784 1228 4886 "441442
1335 4774 2171 4964 OPUSGULUM
2279 4848 3099 4962 VICESIMUM.

1087 5036 1684 5101 APOLOGETICUS
1744 5040 1841 5102 OB
1892 5041 2278 5105 DIMISSUM
2330 5040 2907 5123 EPISCOPATUM.

1807 5173 2200 5184 -——_——

223 5252 699 5329 Aequanum.
729 5281 796 5292 —
836 5249 1092 5329 Excusat
1127 5250 1280 5329 δεῖ-β,
1308 5250 1516 5329 Petrus
1545 5254 1706 5310 Dam.
1747 5253 1903 5329 apud
1947 5252 2301 5329 pontiﬁcem,
2332 5253 2495 5329 quod,
2530 5251 2830 5329 tenuitatis
2869 5268 2991 5329 suae
3030 5250 3312 5321 conscius,
3334 5249 3662 5329 episcopatu
3694 5264 3757 5308 se

309 5318 603 5402 abdicarit
635 5339 651 5388 ;
698 5336 772 5402 ne
801 5320 936 5394 quis
964 5328 1163 5402 autem
1191 5318 1844 5402 illihocjnconstantize
1886 5318 2195 5402 ascriberet
2235 5318 2562 5402 (n'orienim
2590 5323 2931 5402 licetsemel
2962 5318 3304 5402 susceptum
3341 5318 3624 5402 deponere
3660 5336 3753 5402 re:

308 5391 559 5471 gimen).
590 5391 840 5471 breviter
869 5391 1282 5471 respondet,_.et
1312 5393 1634 5453 multorum
1665 5394 1899 5457 Patrum
1920 5391 2252 5471 exemplis,
2289 5398 2391 5470 qui
2421 5395 2607 5454 delato
2652 5395 2980 5471 episcopatu
3021 5394 3102 5451 uti
3128 5391 3480 5471 :noluerun't,
3503 5392 3754 5471 ostendit

311 5462 512 5541 inagis
542 5469 732 5520 tutum
767 5462 986 5541 cepisse
1018 5464 1330 5541 consilium
1371 5472 1527 5541 tanto
1577 5481 1750 5541 onere
1800 5483 1859 5541 se
1914 5462 2146 5527 levandi
2180 5486 2193 5526 :
2223 5462 2342 5525 rem
2374 5476 2652 5541 praeterea
2672 5462 2936 5537 arduam,
2988 5463 3358 5537 maximeque
3407 5462 3753 5522 laboriosam

309 5532 458 5616 aliis
482 5548 751 5606 przeesse,
776 5532 1222 5609 et'episcopatus
1248 5536 1417 5610 fungi
1443 5551 1684 5596 munere
1706 5537 1977 5597 declarat.

309 5657 714 5719 Dilectissimo
750 5660 1243 5735 apostolicaesedis
1265 5662 1465 5725 electo.
1499 5666 1556 5722 et
1578 5661 1759 5735 virgae
1786 5663 1969 5721 Assur

216 5749 701 5821 HJLDEBBANDO,
727 5750 957 5815 PETRUS
974 5757 1237 5828 peccator
1258 5753 1581 5813 monachus
1600 5753 1964 5826 servitutem,

2122 5662 2361 5732 Ferunt,
2390 5663 2491 5736 qui
2520 5662 2584 5720 in
2614 5660 2894 5720 rimandis
2924 5673 3124 5719 rerum
3174 5659 3529 5721 desudavere
3579 5667 3751 5722 natu-
3800 5688 3821 5701 -

2048 5752 2149 5825 ris,
2180 5751 2289 5811 hoc
2316 5751 2586 5827 lyncibus
2616 5750 2953 5810 naturaliter
2977 5749 3245 5824 insitum,
3280 5751 3417 5825 quia
3463 5765 3598 5812 cum
3624 5757 3750 5824 post
