4080 6194
256 306 263 313 “
352 352 458 413 443
810 351 869 412 s.
910 351 1136 412 PETRI
1174 352 1497 412 DAMIANI
1536 348 1693 412 opp.
1735 322 1985 439 TOMUS
2026 351 2168 412 seu
2208 352 2403 431 PARS
2440 353 2544 412 III.
2590 383 2652 393 —
2694 336 3084 418 OPUSCULA
3123 358 3380 417 VABIA.
3540 368 3551 431 τ
3663 412 3684 420 ,
3733 358 3836 417 iii

190 504 195 507 -
270 504 284 517 ί-
356 480 514 557 terga
571 458 907 550 respiciunt,
965 477 1227 551 protinus
1295 451 1465 535 illum
1526 476 1628 549 qui
1699 474 2307 550 praecesseritAdigne
2343 475 2566 535 restitui
2609 500 2620 533 :
2656 485 2711 535 et
2743 486 2806 537 ut
2836 479 3000 539 vobis
3031 497 3123 539 me
3154 482 3481 540 confessum
3510 496 3634 539 esse
3657 481 3840 540 conli-

353 567 797 626 obliviscuntui;
823 566 1107 625 Continuo
1135 566 1423 633 videlicet,
1455 572 1509 624 et
1535 580 1699 624 mens
1723 564 1898 623 simul
1918 581 2048 637 per-
2091 624 2098 630 ,
2132 571 2272 631 tear,
2309 580 2411 637 pro
2448 566 2554 624 hac
2580 567 3183 640 refutationeeentum
3218 585 3505 631 annorum
3550 572 3840 643 pceniten-

353 655 437 714 dit
465 672 601 731 quae
629 653 832 714 oculus
862 653 1057 712 videre
1087 654 1339 712 desierit.
1388 654 1459 712 Et
1488 669 1621 712 cum
1681 655 1808 712 haec
1858 652 2049 711 bellua
2130 654 2218 711 tia
2238 654 2383 711 mihi
2409 661 2492 712 est
2519 644 2934 728 consequenter
2963 657 3257 730 injuncta;
3300 674 3401 731 per
3427 657 3526 716 illa
3556 660 3841 719 nimirum

268 768 271 769 ν
354 750 511 803 tanto
542 744 701 802 visus
729 743 998 801 acumine
1021 744 1276 803 ferarum
1317 758 1503 815 genus
1527 759 1698 803 omne
1727 741 2039 818 praecellat,
2131 742 2403 810 remedia,
2429 758 2561 816 quae
2591 745 2921 805 monasticis
2950 754 3086 815 sunt
3117 746 3333 819 regulis
3359 746 3636 805 instituta.
3674 746 3840 817 Quod

351 838 416 892 ut
444 838 501 889 et
530 830 781 905 lapideos
819 837 1115 912 penetrare
1138 830 1382 906 parietes
1410 831 1614 902 valeat,
1664 833 1774 890 hoc
1826 831 2047 890 laborat
2129 829 2177 887 si
2204 844 2408 903 parum
2435 831 2680 901 videtur,
2720 847 2822 890 vos
2852 834 3022 891 etiam
3047 834 3412 907 superaddite
3439 858 3452 891 :
3481 835 3633 893 ultro
3663 836 3853 893 etiam

351 922 495 980 vitio
525 938 539 992 ;
574 919 709 993 quia
738 919 1124 994 quodcunque
1163 920 1313 980 illud
1343 926 1446 989 est,
1475 936 1509 977 a
1538 935 1653 992 quo
1705 919 1882 978 semel
1908 934 2049 977 ocu-
2132 923 2187 975 et
2213 918 2504 990 carcerali,
2539 920 2588 977 si
2640 920 2843 994 placet,
2875 922 3151 980 custodim
3198 920 3539 996 manéipate.
3599 922 3730 982 Post
3757 930 3841 981 tot

349 1010 437 1068 los
452 1008 692 1077 avertit,
725 1009 795 1067 ad
844 1008 1186 1067 memoriam
1220 1009 1588 1082 postmodum
1640 1024 1756 1067 non
1804 1008 2045 1067 reducit.
2131 1006 2343 1081 quippe
2372 1009 2691 1081 vagationis
2720 1016 2773 1068 et
2826 1011 3021 1069 noxiae
3052 1011 3327 1085 libertatis
3372 1026 3662 1083 excessus,
3695 1014 3842 1087 quid

351 1099 610 1179 Quorum
639 1096 907 1157 videlicet
933 1099 1276 1157 animalium
1305 1098 1619 1172 quamdam
1642 1097 1805 1157 vobis
1828 1113 1953 1156 esse
1977 1097 2049 1155 si-
2131 1103 2323 1168 restat,
2357 1097 2471 1156 nisi
2494 1104 2558 1157 ut
2596 1115 2688 1156 me
2720 1099 3075 1174 religationis
3103 1106 3274 1175 atque
3323 1101 3539 1159 silentii
3597 1117 3844 1162 censura

349 1189 747 1249 militudinem
778 1189 1047 1259 dicerem,
1101 1189 1215 1247 nisi
1244 1204 1338 1247 me
1387 1187 1806 1263 magnitudinis
1842 1194 2050 1246 vestrae
2131 1185 2444 1245 coerceat?
2478 1185 2588 1245 Sed
2618 1187 2714 1245 hic
2741 1187 2884 1246 forte
2931 1187 3180 1247 blandus
3232 1186 3331 1246 ille
3380 1194 3680 1261 tyrannus,
3733 1190 3842 1264 qui

350 1278 675 1351 reverentia
703 1277 1053 1350 prohiberet.
1112 1276 1327 1336 Mirum
1380 1282 1466 1336 est
1522 1278 1701 1347 enim,
1737 1277 1875 1351 quia
1931 1284 2049 1335 tam
2130 1274 2278 1332 mihi
2332 1274 2657 1334 Neroniana
2697 1291 2923 1350 semper
2949 1277 3158 1351 pietate
3208 1277 3524 1347 condoluit,
3580 1278 3681 1352 qui
3742 1295 3844 1338 me

262 1360 265 1363 ’
348 1372 515 1426 acuta
545 1366 873 1439 prudentia,
905 1367 1043 1434 imo,
1075 1365 1232 1440 quod
1261 1368 1429 1439 longe
1456 1364 1763 1440 gloriosius
1790 1371 1893 1434 est,
1930 1371 2048 1424 tam
2133 1361 2540 1435 colaphizando
2568 1364 2861 1435 demulsit,
2909 1364 3013 1441 qui
3040 1380 3132 1423 me
3161 1371 3314 1423 certe
3344 1364 3625 1438 aquilino,
3663 1372 3728 1424 ut
3754 1366 3844 1425 ita

347 1458 572 1516 sincera
622 1464 679 1515 et
726 1455 1151 1515 ferventissima
1180 1455 1446 1525 charitas,
1504 1470 1638 1528 qua:
1672 1471 1764 1513 me
1812 1456 2052 1530 suscipit
2131 1448 2356 1526 loquar,
2389 1469 2584 1527 ungue
2643 1455 2916 1528 palpavit,
2954 1455 3104 1512 hanc
3151 1453 3433 1528 querulus
3477 1446 3735 1528 erumpet
3773 1455 3841 1513 in

347 1546 654 1615 affectuose
698 1550 1065 1618 praesentem,
1123 1559 1433 1619 nunquam
1485 1543 1609 1602 sive
1656 1560 1760 1617 per
1810 1544 2048 1618 stylum,
2137 1553 2332 1597 vocem
2364 1564 2377 1597 :
2411 1540 2555 1601 Ecce
2584 1541 2894 1602 latibulum
2920 1543 3079 1616 petit,
3121 1548 3175 1599 et
3201 1540 3312 1600 sub
3344 1541 3533 1600 colore
3554 1543 3841 1616 poeniten-

346 1637 471 1694 sive
501 1650 600 1708 per
648 1633 891 1693 verbum
922 1633 1156 1693 visitare
1192 1633 1465 1708 dignetur
1508 1633 1824 1691 absentem.
1878 1632 2051 1690 Porro
2133 1625 2250 1699 tite,
2283 1628 2488 1687 Romae
2540 1630 2941 1704 subterfugere
2978 1631 3191 1703 quierit
3254 1646 3583 1701 accessum;
3618 1630 3836 1691 lucrari
3914 1638 3917 1641 '
4014 1678 4015 1687 χ

346 1722 625 1799 quoniam
647 1738 681 1780 a
719 1721 1124 1795 vobis‘scripta
1157 1737 1274 1780 non
1303 1735 1548 1793 mereor,
1607 1721 1657 1779 si
1710 1720 1859 1778 mihi
1916 1736 2050 1779 cum
2131 1716 2499 1776 machinatur
2526 1717 2597 1776 de
2626 1718 3018 1776 inobedientia
3042 1719 3248 1789 otium,
3279 1723 3335 1777 et
3364 1720 3588 1777 cieteris
3616 1720 3679 1777 in
3706 1719 3836 1777 bel-

347 1812 479 1871 aliis
511 1810 809 1884 negotium
841 1816 1126 1883 ageretur,
1187 1810 1436 1868 dicerem
1469 1833 1480 1879 ;
1537 1810 1676 1884 quia
1722 1808 1844 1877 illa,
1873 1802 2185 1894 quamBla
2211 1805 2514 1865 ruentibus
2544 1807 2637 1866 hic
2682 1808 2793 1865 sibi
2830 1807 3128 1880 degeneris
3182 1807 3409 1866 umbrae
3447 1809 3655 1883 quierit
3693 1806 3837 1883 opa-

346 1900 656 1976 Apostolus
701 1898 858 1969 dicit,
916 1899 1211 1956 charitatis
1259 1899 1497 1973 epistola
1560 1914 1679 1957 non
1744 1901 1829 1955 est
1892 1897 2049 1971 apud
2131 1909 2264 1955 cum
2295 1895 2418 1967 (14).
2456 1894 2569 1954 Sed
2596 1896 2704 1953 hoc
2729 1910 2833 1969 ego
2854 1902 3050 1954 sancto
3083 1895 3311 1955 Satanaa
3340 1912 3467 1955 meo
3494 1894 3861 1969 respondeo,’

350 2007 454 2050 vos
484 1992 547 2049 in
580 1989 796 2047 tabulis
847 1989 1036 2047 cordis
1064 1988 1394 2047 carnalibus
1432 1988 1641 2060 scripta
1693 1991 1766 2058 (Π
1791 1990 1910 2046 Cor.
1942 1989 2045 2058 III),
2130 1983 2287 2058 quod
2324 1982 2431 2042 filii
2463 1984 2672 2043 Ruben
2700 1990 2757 2042 et
2781 1983 2903 2042 Gad
2954 1984 3139 2058 Moysi
3168 1984 3391 2044 ductori
3448 2000 3554 2043 suo
3596 2001 3838 2059 respon-

349 2080 448 2139 sed
480 2079 633 2149 imis,
669 2084 734 2137 ut
784 2078 969 2147 aiunt,
1021 2077 1170 2136 ceris
1223 2092 1403 2135 erasa.
1465 2075 1577 2136 Sed
1627 2075 1768 2134 dum
1819 2075 2049 2134 attendo
2131 2071 2284 2130 disse
2317 2079 2681 2132 noscuntur:
2723 2093 2752 2125 «
2783 2073 2919 2143 Nos,
2948 2073 3253 2157 inquiunt,
3283 2075 3510 2144 armati,
3560 2080 3614 2133 et
3642 2076 3840 2134 accin-

349 2168 492 2253 quid
522 2166 750 2253 loquar,
779 2166 1265 2225 considerandum
1303 2171 1387 2224 est
1415 2164 1804 2224 nihilominus
1832 2163 2049 2237 quibus
2130 2160 2205 2253 eti
2234 2176 2537 2253 pergemus
2567 2162 2640 2219 ad
2692 2161 2963 2253 praelium
3017 2170 3150 2221 ante
3204 2161 3357 2221 ﬁlios
3417 2161 3613 2253 Israel,
3654 2163 3844 2253 donec

348 2248 963 2330 loquaeruapropter
991 2255 1134 2313 dum
1162 2255 1248 2312 uti
1300 2254 1573 2327 loquendi
1625 2253 1888 2311 libertate
1931 2263 2052 2311 non
2132 2249 2568 2309 introducamus
2596 2265 2693 2308 eos
2724 2251 2797 2308 ad
2848 2251 2971 2309 loca
3026 2266 3175 2319 sua;
3243 2249 3472 2324 parvuli
3521 2252 3721 2322 nostri,
3777 2258 3842 2310 et

347 2344 552 2414 audeo,
583 2344 669 2401 ori
695 2342 946 2415 digitum
989 2359 1334 2417 superpono.
1367 2342 1610 2413 Querela
1638 2341 1819 2418 igitur
1870 2356 2051 2415 expo-
2132 2339 2415 2413 quidquid
2447 2340 2657 2399 habere
2687 2357 2997 2416 possumus
3023 2346 3194 2399 erunt
3220 2340 3283 2399 in
3322 2338 3568 2399 urbibus
3597 2340 3843 2399 muratis

347 2432 674 2492 stulationis
711 2432 1017 2507 hucusque
1068 2432 1365 2507 producta,
1418 2433 1482 2490 in
1516 2431 1670 2508 quod
1706 2431 2052 2506 propensius
2130 2437 2357 2504 propter
2388 2430 2779 2490 habitatorum
2805 2431 3076 2501 insidias;
3108 2445 3226 2488 non
3255 2436 3613 2489 revertemur
3635 2430 3700 2488 in
3727 2429 3840 2489 do-

260 2530 265 2533 ‘
347 2524 523 2580 scatet
546 2521 797 2592 animus,
829 2521 1085 2580 breviter
1121 2521 1389 2581 inferam.
1716 2528 1747 2553 ··
2130 2533 2257 2576 mos
2284 2525 2507 2578 nostras
2534 2534 2838 2593 usquequo
2862 2519 3190 2593 possideant
3221 2518 3327 2578 lilii
3374 2517 3552 2577 Israel
3581 2517 3838 2576 haeredi-

904 2663 918 2686 ,
942 2665 960 2686 Δ
982 2664 1127 2686 “mn
1188 2624 1488 2686 “numq,
2129 2613 2303 2666 tatem
2332 2623 2520 2680 suam,
2560 2623 2666 2666 nec
2698 2607 3020 2683 quidquam
3048 2623 3384 2686 quaeremus
3429 2614 3585 2667 trans
3627 2606 3841 2667 Iorda-

812 2698 825 2717 κ
880 2663 1127 2724 CAPUT
1186 2663 1507 2725 PRIMUM.
2128 2663 3839 2774 satiemus'satsasgssssgaaam"easeas.

346 2776 503 2845 Quod
546 2779 738 2833 Petrus
786 2778 1091 2832 Damianus
1142 2777 1373 2832 duorum
1409 2778 1817 2847 episcopatuum
1860 2791 1956 2831 cur

2229 2788 2395 2847 entali
2421 2789 2548 2862 ejus
2576 2789 2743 2863 plaga
2771 2793 2958 2857 (Num.
2992 2793 3214 2861 XXXII).
3238 2810 3267 2842 »
3297 2789 3421 2847 Hoc
3439 2788 3633 2862 itaque
3662 2785 3840 2845 modo

544 2896 549 2899 ι
1069 2866 1338 2921 habuerit.
1974 2866 1977 2867 ⁷
2132 2893 2155 2936 ε

2231 2878 2508 2938 citaturus
2554 2880 2790 2956 quidem
2835 2894 2957 2949 vos,
2997 2885 3161 2937 arma
3209 2879 3474 2953 corripio,
3520 2878 3619 2937 sed
3667 2876 3842 2935 vobis

417 2980 725 3040 Benedicta
756 2981 1120 3054 omnipotens
1151 2977 1503 3053 dispensatio
1542 2978 1879 3052 conditoris,
1910 2979 2049 3054 quia
2130 2968 2275 3028 duce
2304 2968 2551 3040 ChPiStO.
2581 2974 2709 3043 Ροεῑ
2734 2968 2886 3028 bella
2915 2968 3248 3039 νίαῖοτίδυε»
3279 2985 3417 3028 mox
3457 2985 3486 3026 1‘
3486 2968 3675 3028 ecedo-
3710 2967 3843 3026 Ηοο

346 3072 419 3130 ad
446 3085 552 3130 vos
577 3086 764 3144 nuper
784 3070 1102 3130 ascendens
1116 3072 1368 3130 duorum
1388 3070 1839 3145 episcopatuum,
1867 3088 1957 3131 un:

2230 3073 2310 3115 ;ur
2353 3058 2539 3116 dicam
2587 3057 2765 3117 electo
2811 3056 3063 3127 Domini,
3115 3056 3272 3132 quod
3311 3057 3560 3116 Berzelai
3602 3070 3841 3132 quoque

343 3158 875 3250 regendielterius
899 3159 1172 3250 visitandi
1205 3159 1353 3219 mole
1381 3159 2104 3250 depressus,_preeruptac
2129 3144 2452 3250 Galaatidgs
2481 3146 2833 3250 descendens
2878 3146 2951 3250 ἀρ
2995 3147 3257 3250 Regelinp
3287 3147 3468 3250 David
3499 3147 3725 3250 19c9m§
3748 3153 3844 3206 est

344 3246 585 3321 Alpium
608 3247 748 3323 juga
780 3249 1093 3320 transmisi,
1123 3263 1377 3323 moxque
1408 3248 1633 3307 sarcina
1654 3247 1955 3307 tribulatio

2229 3234 2287 3292 i:
2324 3255 2344 3283 ιι
2375 3234 2691 3294 Paululum
2721 3235 3027 3309 procedam
3057 3235 3315 3295 famulus
3336 3242 3472 3293 tuus
3494 3235 3566 3293 ab
3584 3233 3840 3294 Jordane

344 3339 586 3413 abjecta,
622 3344 973 3398 exoneratus
1019 3344 1076 3396 et
1116 3338 1283 3409 liber,
1328 3338 1401 3395 ad
1448 3336 1716 3396 dilectam
1780 3338 2045 3397 solitudi-
2127 3332 2362 3413 tecum;
2392 3323 2627 3383 obsecro
2656 3331 2721 3382 ut
2750 3331 3004 3382 revertar
3055 3340 3258 3383 servus
3298 3331 3454 3397 tuus,
3510 3330 3565 3384 et
3615 3323 3859 3413 moriar,

343 3412 480 3486 nem
501 3435 782 3502 tanquam
822 3429 1103 3501 fugitivus
1142 3427 1498 3501 postliminio
1539 3427 1828 3500 repedavi.
1879 3428 2047 3487 Libet
2127 3412 2190 3472 in
2217 3412 2446 3472 civitate
2473 3428 2598 3472 mea
2626 3414 2700 3487 (II
2720 3417 2850 3485 Reg-
2882 3416 3034 3483 xxx).
3067 3437 3094 3464 ιο
3168 3445 3201 3455 -

312 3516 540 3614 vitaque
578 3517 695 3614 sub
722 3518 974 3614 quadam
1012 3517 1224 3614 mentis
1269 3516 1522 3614 e‘nergia,
1552 3515 1716 3614 quasi
1743 3516 1845 3614 diu
1874 3517 2047 3614 ‘stipi-
2798 3553 3043 3614 CAPUT
3076 3554 3133 3614 Π

351 3605 505 3665 tibus
537 3604 758 3662 attritos
786 3604 1003 3678 agitare
1050 3605 1244 3678 pedes,
1278 3603 1556 3679 durisque
1581 3604 1797 3664 catenis
1826 3606 2047 3663 edomi-
2329 3665 2365 3679 Α
2460 3663 2478 3679 ,
2579 3666 2591 3678 ,
2762 3669 2774 3679 ,
2801 3601 2923 3679 “”“ζ
2951 3601 2986 3614 ”
3005 3601 3033 3613 “
3069 3601 3154 3677 ,“’

344 3663 430 3752 tas
474 3692 781 3751 sublevare
811 3663 1080 3764 cervices,
1114 3663 1378 3766 illudque
1405 3663 1803 3766 propheticum
1840 3693 2046 3751 alacri-
2324 3663 2478 3732 Quod
2503 3666 2844 3736 episcopatus
2880 3665 3080 3735 ἀθΡοηί
3100 3666 3278 3735 Ροδείί
3322 3663 3641 3735 aliquando-

250 3834 251 3837 η
344 3789 431 3840 ter
458 3780 760 3839 decantare
776 3774 852 3859 ia
880 3780 1178 3855 Dirupisti,
1208 3780 1469 3853 Domine,
1497 3781 1730 3840 vincula
1753 3796 1907 3839 mea:
1940 3780 2045 3840 tibi
2200 3786 2311 3846 Hic
2363 3786 2508 3845 mihi
2556 3785 2809 3846 fortassis
2863 3786 3151 3862 objicitur,
3188 3785 3363 3845 semel
3400 3789 3695 3859 acceptum
3742 3784 3840 3842 di-

288 3869 942 3930 "sacriﬁcabo'hostiam
960 3870 1146 3930 laudis
1166 3871 1596 3958 (Psal.cxv,l7).
1613 3894 1633 3922 ι
1650 3870 2041 3945 Nostisplane,
2126 3874 2278 3935 mitti
2306 3875 2564 3949 regimen
2595 3891 2712 3935 non
2736 3876 2923 3935 licere.
2948 3875 3037 3934 Ad
3062 3875 3216 3949 quod
3244 3874 3492 3933 breviter
3519 3875 3647 3933 dico
3675 3876 3843 3951 quod

346 3965 587 4038 tumque
617 3959 822 4025 tenetis
841 3960 968 4018 haec
997 3960 1058 4018 in
1091 3975 1182 4018 me
1209 3959 1456 4033 projecta
1488 3959 1666 4019 fuisse
1695 3974 1890 4030 onera,
1921 3974 2043 4018 non
2127 3965 2313 4023 sentio
2350 3983 2364 4033 ;
2401 3964 2538 4038 quia
2563 3962 2820 4037 plerique
2848 3962 3214 4037 pontiﬁcatus
3229 3962 3365 4037 jura
3390 3978 3508 4021 non
3539 3963 3841 4035 deserunt,

344 4059 650 4127 suscepta;
684 4058 767 4124 et,
792 4058 857 4112 ut
883 4052 961 4110 ita
990 4050 1222 4124 loquar,
1252 4050 1596 4110 retiaculum
1644 4065 1763 4108 non
1818 4050 2044 4123 ingres-
2127 4059 2183 4112 et
2210 4054 2282 4112 de
2317 4052 2566 4111 sinistris
2612 4058 2750 4111 sunt
2782 4071 2795 4111 :
2842 4060 3124 4128 quotquot
3163 4060 3361 4112 autem
3391 4051 3638 4125 legimus
3681 4060 3844 4112 recta

343 4160 444 4202 sus
472 4161 628 4214 sum,
684 4144 785 4204 sed
838 4141 1124 4201 violenter
1176 4139 1846 4214 opertus.’Quapr0pter
1882 4155 2045 4199 occa-
2127 4143 2451 4201 intentione
2486 4141 2798 4212 dimisisse,
2844 4147 2996 4199 certa
3040 4156 3170 4214 spes
3203 4147 3297 4198 est
3332 4155 3428 4198 eos
3487 4139 3560 4198 de
3618 4147 3845 4199 aeterna

343 4233 505 4291 sione
534 4237 721 4303 nacta,
759 4231 989 4305 pondus
1033 4230 1281 4288 libenter
1324 4229 1528 4303 abjeci,
1561 4229 1716 4301 quod
1748 4229 2049 4288 ultroneus
2129 4248 2262 4291 cum
2288 4230 2514 4291 Christo
2558 4229 2823 4288 societate
2863 4228 3135 4304 gaudere.
3183 4228 3384 4304 Neque
3415 4228 3522 4286 hoc
3560 4227 3843 4299 dicimus,

344 4328 479 4379 ante
531 4336 649 4379 non
695 4319 869 4379 subii.
915 4319 986 4379 Et
1022 4319 1159 4393 quia
1214 4333 1316 4376 vos
1368 4316 1678 4392 apostolica
1733 4316 1916 4388 sedes,
1948 4332 2050 4374 vos
2131 4327 2198 4380 ut
2248 4320 2461 4394 passim
2505 4318 2692 4377 deseri
2744 4315 3135 4392 episcopatum
3176 4317 3361 4388 liceat,
3404 4316 3519 4375 nisi
3566 4316 3846 4377 videlicet

348 4408 610 4467 Romana
651 4408 787 4466 estis
814 4409 1089 4478 Ecclesia,
1122 4409 1194 4468 ad
1219 4405 2047 4482 deponendum'reddendum-
2130 4408 2191 4466 id
2221 4406 2346 4467 ﬁeri
2393 4406 2704 4465 necessitas
2729 4421 2942 4481 magna
2981 4405 3304 4480 compellat.
3358 4406 3674 4464 Enimvero
3706 4405 3849 4466 bea-

346 4490 465 4571 que
482 4496 636 4570 quod
665 4495 923 4570 bajulare
951 4497 1662 4570 nequiveram,integrum
1686 4495 1831 4553 mihi
1855 4497 2226 4609 visuthus
2273 4497 2539 4555 Valerius
2579 4497 2721 4555 dum
2758 4495 2869 4554 sibi
2928 4496 3193 4570 providet
3245 4510 3656 4565 successorem,
3718 4510 3853 4554 ma-

346 4593 427 4609 -..ι
458 4602 570 4609 ...ι-
607 4586 762 4609 -.ἵζ..-
795 4586 1067 4609 ιι.ι...ε,..-....
1102 4586 1356 4609 ι-..;.ι--....
1383 4604 1394 4609 -
1433 4585 1525 4609 -..Δ
1581 4601 1672 4609 Α..-
1731 4586 1921 4609 ..Αιεη-
1978 4586 2035 4609 ε..
2133 4602 2304 4609 .._-_._.
2351 4586 2726 4609 Δ--...--ι;..--...
2762 4584 3119 4609 τΪέ-..Α--..ηέ
3166 4584 3434 4609 ΠΑ-1,-;,....
3486 4584 3851 4609 ἓ...ι1υ...Α-ζ--ι

340 4593 429 4645 est
458 4602 577 4646 non
605 4586 766 4645 adire
794 4586 1072 4646 fabricam
1102 4586 1396 4660 lapidum;
1432 4585 1529 4643 sed
1578 4601 1674 4644 eos
1730 4586 1947 4660 potius,
1978 4586 2042 4645 in
2062 4584 2309 4661 “gnum
2337 4586 2730 4661 Augustinum
2762 4584 3123 4659 Hipponensi
3166 4584 3437 4644 Ecclesiae
3486 4584 3852 4645 inthronizat

287 4734 295 4738 _
338 4677 555 4751 quibus
586 4677 744 4749 viget
770 4672 963 4750 ipsius‘
984 4676 1259 4735 Ecclesiae
1285 4680 1729 4734 sacramentum.
1765 4673 1891 4735 Sub
1920 4691 2044 4749 per—
2126 4678 2465 4737 antistitem.
2511 4677 2774 4737 Lucidus
2801 4674 3149 4734 Ficoclensis
3191 4676 3496 4749 episcopus
3522 4673 3667 4732 dum
3695 4688 3847 4747 pro-

342 4766 637 4825 secutione
673 4766 889 4841 quippe
916 4765 1157 4825 Judaica
1209 4765 1546 4840 ubicunque
1583 4770 1746 4824 erant
1802 4767 2043 4839 apostoli
2124 4762 2418 4839 pinquum
2466 4763 2700 4823 sibimet
2747 4762 2973 4822 obitum
3030 4763 3340 4822 imminere
3392 4760 3706 4835 cognoscit,
3764 4761 3847 4820 ad

341 4854 466 4913 illic
501 4869 623 4939 esse
650 4854 948 4927 primitiva
983 4853 1281 4913 dicebatur
1318 4853 1592 4914 Ecclesia.
1654 4855 1825 4915 Nunc
1869 4855 2043 4914 etiam
2126 4855 2465 4916 ccenobialis
2512 4860 2744 4930 portum
2778 4854 3045 4939 convolat
3077 4854 3320 4926 ordinis,
3358 4870 3424 4929 ac
3466 4853 3850 4913 sacerdotalis

341 4960 477 5003 cum
514 4936 715 5009 Simon
743 4945 862 5016 ille,
894 4951 1232 5004 veternosus
1267 4945 1533 5004 videlicet
1560 4947 1854 5019 trapezita,
1895 4947 2044 5005 mal-
2125 4946 2341 5004 infulas
2392 4944 2691 5018 dignitatis
2740 4936 3099 5002 monachicis
3127 4949 3316 5003 mutat
3340 4943 3600 5009 induviis
3631 4963 3644 5001 :
3692 4950 3755 5001 et
3782 4952 3854 5002 ut

340 5032 462 5093 leos
489 5039 544 5092 et
574 5034 847 5095 incudem
874 5038 1119 5105 reparat,
1153 5048 1285 5111 cum
1313 5032 1635 5092 Romanam
1657 5036 1863 5096 urbem
1884 5035 2044 5096 velut
2125 5033 2526 5110 noverisquid
2557 5032 2668 5091 sibi
2700 5033 3000 5091 conversio
3024 5032 3161 5090 'ista
3194 5032 3525 5103 contulerit,
3557 5031 3707 5090 sicut
3737 5047 3854 5091 au-

339 5120 631 5180 olﬁcinam
662 5121 773 5179 sibi
805 5121 1278 5193 permonetarios
1308 5122 1594 5193 pestiferis
1641 5123 2043 5199 negotiationis
2127 5125 2378 5183 thentica
2424 5121 2672 5196 Registri
2710 5124 2949 5179 testatur
2976 5119 3237 5201 historia,
3266 5119 3375 5178 sub
3413 5119 3538 5193 ipso
3573 5119 3850 5191 migran-

338 5217 600 5283 usurpat,
634 5225 750 5284 quo
783 5225 881 5267 vos
913 5209 1112 5269 Petrus
1167 5209 1467 5269 vobiscum
1519 5213 1749 5287 fugiens
1788 5213 2042 5285 attrahit,
2125 5213 2199 5271 tis
2227 5212 2389 5283 obitu
2445 5209 2694 5285 Spiritus
2732 5209 2912 5268 sancti
2967 5208 3150 5281 gratia
3193 5207 3494 5267 laetissimo
3539 5207 3851 5268 relucebat

336 5298 458 5356 illic
487 5315 611 5359 esse
638 5299 961 5358 Romanam
985 5298 1300 5359 Ecclesiam
1325 5302 1599 5360 omnibus
1652 5302 2048 5361 indubitanter
2125 5302 2189 5362 in
2218 5302 2405 5362 vultu.
2440 5300 2549 5360 Cui
2579 5300 2859 5359 nimirum
2890 5306 2943 5358 et
2970 5306 3285 5371 antequam
3313 5304 3653 5368 moreretur,
3688 5298 3847 5359 bea-

335 5390 604 5448 ostendit.
644 5388 809 5449 Unde
848 5385 995 5444 443
1043 5404 1148 5465 ego
1201 5406 1335 5450 cum
1384 5391 1834 5450 ecclesiasticum
1882 5380 2046 5449 vobis
2127 5396 2220 5449 tus
2246 5387 2540 5464 apostolus
2568 5388 2829 5447 Andreas
2853 5386 3120 5462 apparuit
3152 5405 3167 5457 ;
3208 5393 3265 5445 et
3306 5402 3421 5461 qua
3448 5387 3589 5446 hora
3624 5386 3851 5462 migra.

335 5476 596 5548 regimen
626 5476 959 5536 renuntiare
986 5477 1263 5552 disposui,
1315 5494 1436 5538 non
1481 5478 1670 5537 erravi
1697 5498 1715 5550 ;
1767 5478 1905 5554 quia
1928 5478 2045 5538 Ro-
2128 5486 2296 5540 turus
2328 5486 2478 5539 esset
2500 5496 2578 5539 ex
2606 5493 2861 5554 corpore,
2887 5478 3198 5538 nuntiavit.

338 5577 550 5637 manas,
607 5581 741 5639 quae
794 5582 899 5627 vos
948 5568 1086 5628 estis
1145 5567 1440 5641 Ecclesiae,
1492 5568 1647 5645 quod
1701 5584 1875 5629 suum
1926 5573 2047 5630 erat
2205 5568 2356 5627 444
2386 5568 2540 5643 Quid
2578 5570 2812 5630 beatum
2842 5566 3222 5629 Adelbertum
3242 5571 3556 5643 martyrem
3586 5565 3793 5657 dicam
3818 5566 3854 5630 ἵ

402 5754 509 5819 (14)
541 5753 962 5812 Hildelmndum
983 5758 1034 5812 8.
1070 5760 1127 5814 ll.
1151 5760 1205 5813 E.
1236 5759 1446 5814 Archid.
1483 5760 1643 5816 tacite
1673 5761 1948 5828 intelligit.
2038 5837 2051 5856 ν
