4080 6194
15 415 18 418 _
75 341 166 400 iis

701 299 704 304 ’
789 335 1042 397 orasc.
1091 338 1209 396 xx.
1249 368 1320 380 —
1357 335 1843 396 APOLOGETIC.
1887 337 1976 396 OB
2017 337 2382 418 DIMISSUM
2421 333 2846 398 EPISCOPAT.

3457 331 3562 390 446

77 469 174 536 Qui
195 467 494 526 nimirum
524 465 800 539 quoniam
823 463 1220 548 Bohemiensis
1247 463 1518 522 Ecclesiae
1549 465 1840 537 postpo-A
1861 463 2016 522 unde
2039 467 2240 524 vivant
2271 488 2285 522 :
2345 471 2400 522 et
2425 464 2776 521 ditecesanos
2807 460 2976 517 etiam
3005 459 3270 528 deterret,
3303 463 3367 516 ut
3403 456 3559 515 deci-

71 557 180 612 suit
203 553 566 622 cathedram,
627 549 979 609 monachum
1033 550 1304 620 induens,
1364 551 1776 625 triumphalem

67 644 332 718 martyrii
371 639 584 700 meruit
617 639 880 697 invenire
921 654 1190 696 coronam
1221 639 1247 698 ?
1283 639 1468 714 thue
1496 657 1570 698 ex
1601 641 1775 698 indu-

69 735 200 792 stria
237 731 314 790 de
346 730 570 788 czeteris
617 727 840 798 sileam,
889 729 1127 802 quidam
1177 737 1410 788 sanctus
1463 733 1771 805 pmnitens,

67 822 230 894 cujus
259 836 358 876 me
385 819 454 876 ad
485 832 737 891 prazsens
765 817 1116 874 vocabulum
1157 817 1323 891 fugit,
1361 821 1480 894 jam
1507 829 1638 880 ante
1684 839 1774 881 se-

67 909 368 983 ptennium
401 908 521 965 fere
548 906 877 980 episcopatu
904 905 1161 978 dimisso,
1198 908 1426 966 tandem
1450 911 1652 982 angelo
1683 912 1775 967 vi-

70 1001 270 1057 sitante
311 995 664 1070 praecipitur.
723 1001 786 1052 ut
842 993 915 1051 ad
969 995 1358 1068 episcopatum
1399 998 1630 1068 redeat;
1674 1000 1774 1056 sed

71 1097 312 1158 recusat,
351 1087 538 1146 donec
563 1085 910 1143 admonente
938 1085 1138 1143 eodem
1187 1088 1414 1160 angelo,
1443 1088 1643 1148 beatus
1669 1089 1772 1148 ad—

69 1179 222 1237 venit
262 1179 376 1236 sub
423 1177 712 1235 celeritate
756 1175 1077 1249 Remigius.
1134 1175 1228 1234 Sic
1258 1177 1452 1251 itaque
1493 1195 1564 1236 ne
1610 1179 1776 1236 dece-

65 1268 182 1340 ptio
211 1263 496 1340 potuisset
524 1265 667 1320 forte
708 1262 1028 1336 subripere,
1059 1263 1230 1320 etiam
1263 1268 1386 1321 tuta
1435 1265 1774 1337 formidans,

65 1360 326 1416 humano
353 1356 522 1414 cessit
545 1355 806 1426 imperio,
841 1354 942 1428 qui
973 1353 1046 1412 ad
1078 1354 1408 1426 angelicum
1439 1357 1606 1428 prius
1645 1373 1774 1415 ora-

65 1449 266 1508 culum
291 1445 516 1520 rigidus
543 1445 716 1503 stetit.
1740 1507 1742 1509 ,

129 1539 456 1611 Episcopus
477 1537 651 1594 etiam
683 1535 780 1594 ille
822 1533 1178 1605 Sabinensis,
1204 1535 1307 1607 qui
1345 1534 1557 1593 solium
1584 1536 1774 1610 ponti-

65 1629 224 1687 ﬁcale
253 1627 536 1696 deseruit,
567 1633 620 1684 et
649 1625 921 1684 Farfense
959 1625 1399 1696 monasterium,
1451 1623 1776 1699 contempta

19 1716 402 1776 "sacerdotali
455 1714 749 1786 dignitate,
801 1713 1146 1782 construxit,
1203 1729 1381 1787 quam
1445 1713 1660 1772 nobilis
1710 1715 1772 1772 in

65 1803 288 1862 Christo
341 1803 432 1860 Vir
481 1801 657 1860 fuerit
703 1800 862 1858 testis
905 1805 992 1859 est
1041 1801 1281 1872 antiqua
1333 1801 1582 1871 traditio:
1636 1817 1830 1878 (ἰυθθΒ
1853 1813 1943 1870 vir
2001 1817 2273 1884 expertus
2338 1812 2549 1880 fuerat,
2619 1809 2825 1866 Petrus
2873 1805 3138 1864 videlicet
3218 1799 3556 1874 Apsarensis

65 1893 380 1952 sanctitatis
431 1893 556 1965 ejus
581 1889 834 1962 insignia
863 1889 1112 1947 celebrat
1141 1907 1154 1958 ;
1189 1891 1346 1948 testis
1379 1890 1654 1948 moderna
1679 1891 1772 1948 de-

63 1985 234 2055 votio,
285 1998 426 2058 quas
457 1982 628 2054 piam
682 1981 808 2054 ejus
865 1981 1204 2038 memoriam
1257 1981 1321 2038 in
1373 1981 1772 2039 benedictione

63 2077 408 2149 frequentat.
447 2072 658 2142 Quanti
689 2072 903 2130 scilicet
931 2079 985 2128 et
1015 2072 1174 2144 prius
1201 2079 1254 2130 et
1313 2073 1678 2145 postmodum
1707 2073 1766 2131 in

61 2163 252 2220 eadem
309 2161 446 2218 sede
493 2175 681 2232 usque
729 2158 800 2216 ad
829 2160 966 2217 vitae
996 2161 1312 2218 terminum
1357 2162 1766 2233 perdurat-unt,

61 2259 108 2307 et
149 2255 272 2306 tam
337 2263 644 2322 operosum
693 2247 948 2308 fructum
1007 2247 1124 2305 Deo
1177 2247 1512 2306 nullatenus
1559 2247 1767 2306 attule-

59 2345 208 2395 ΓΙΠΙῐ.

123 2427 242 2484 Nec
271 2433 354 2498 te,
382 2425 528 2484 felix
559 2426 784 2494 Bonite,
807 2430 1168 2499 praeteream,
1205 2426 1308 2500 qui
1339 2426 1448 2484 hac
1484 2425 1768 2484 duntaxat

55 2516 360 2574 occasione
385 2519 670 2588 percepta,
717 2515 994 2586 quoniam
1053 2515 1122 2572 de
1172 2529 1350 2572 manu
1400 2515 1568 2587 regis,
1633 2515 1764 2573 laici

57 2605 326 2664 videlicet
355 2603 629 2674 hominis,
663 2604 1024 2662 traditionem
1057 2605 1327 2664 Ecclesiae
1363 2611 1413 2663 te
1450 2605 1766 2678 suscepisse

57 2697 396 2768 contigerat,
429 2693 758 2752 cathedram
808 2697 1222 2768 contempsisti,
1267 2703 1437 2770 atque
1468 2697 1542 2754 ad
1577 2712 1765 2754 remo-

61 2785 210 2842 tioris
247 2786 398 2842 vita}
447 2785 762 2843 custodiam
819 2791 872 2843 te
909 2787 1176 2859 protinus
1231 2787 1546 2846 contulisti.
1594 2786 1764 2858 Quid,

63 2891 206 2949 rego,
239 2876 358 2933 iste
399 2875 628 2946 faceret,
679 2875 728 2933 si
783 2881 1084 2948 tormenta,
1138 2878 1354 2953 quibus
1402 2879 1582 2936 nostri
1633 2895 1766 2938 cru-

57 2965 284 3022 cientur
334 2963 610 3037 episcopi,
663 2972 721 3024 et
771 2967 894 3039 ipse
939 2965 1273 3040 perferret?
1312 2964 1374 3024 Si
1413 2973 1768 3025 scutatorum

55 3061 100 3111 et
144 3053 556 3112 lanceatorum
587 3061 804 3114 turmae
823 3063 948 3129 post
979 3056 1292 3130 equitantis
1333 3063 1489 3129 terga
1515 3057 1771 3115 conﬂue-

1859 569 1980 610 mas
2000 569 2110 612 non
2145 554 2488 628 persolvant.
2523 551 2650 612 Una
2669 549 2884 608 scilicet
2915 564 3003 605 res
3033 553 3090 604 et
3132 547 3250 604 illis
3271 545 3560 604 subtrahit

1856 641 2002 702 445
2031 648 2317 721 corporale
2348 643 2711 712 subsidium,
2765 647 2820 696 et
2874 639 3000 696 istis
3049 637 3376 711 periculum
3426 649 3560 708 pro-

1858 737 2014 796 videt
2071 739 2424 797 animarum.
2482 734 2646 804 Quod
2707 737 2890 788 totum
2947 728 3006 786 in
3071 726 3222 784 male
3295 725 3560 783 muniﬁci

1857 835 2026 902 caput
2055 829 2397 897 redundare,
2426 824 2578 885 nulli
2621 820 2867 880 dubium
2922 825 3043 887 est;
3081 816 3128 874 si
3179 822 3366 873 tamen
3421 830 3556 872 eum

1857 919 1924 976 ad
1973 921 2082 978 hoc
2134 920 2358 994 propria
2415 916 2638 974 vanitas
2691 914 2894 980 trahat,
2953 926 3066 967 non
3097 908 3404 966 necessitas
3453 922 3558 964 an-

1857 1007 2014 1082 tiqua
2079 1008 2397 1082 compellat.
2459 1008 2527 1064 Et
2589 1003 2825 1076 quidem
2896 999 3148 1072 plurima
3223 999 3578 1076 suppetunt,_

1855 1111 1988 1167 qum
2041 1085 2110 1154 de
2149 1095 2547 1169 episcoporum
2575 1087 2996 1161 multiplicibus
3048 1084 3330 1143 aerumnis
3381 1097 3557 1156 appo-

1861 1199 2080 1256 nerem,
2110 1185 2224 1244 nisi
2254 1199 2346 1241 me
2374 1179 2694 1256 epistolaris
2756 1175 3082 1249 compendii
3127 1171 3328 1260 regula
3359 1171 3558 1246 prohi-

1857 1275 2034 1332 beret.

1933 1365 2064 1434 Sed,
2123 1383 2156 1424 ο
2211 1365 2473 1424 facinus!
2508 1362 2650 1422 adeo
2710 1377 2802 1418 me
2855 1359 2975 1417 sola
3031 1356 3194 1414 sedes
3247 1354 3560 1428 apostolica

1859 1455 2094 1524 cruciat,
2131 1461 2196 1513 ut
2222 1454 2295 1513 ab
2327 1454 2418 1511 bis
2448 1452 2720 1511 omnibus
2759 1464 2852 1506 me
2905 1445 3164 1506 dicendis
3200 1449 3438 1502 avertat.
3489 1441 3556 1500 In

1857 1559 1970 1617 qua
2013 1544 2300 1602 nimirum
2356 1543 2507 1613 sede,
2557 1557 2690 1600 cum
2737 1538 3012 1597 admirari
3059 1536 3346 1595 soleamus
3393 1549 3557 1592 reve-

1857 1634 2052 1691 rendae
2080 1634 2392 1708 majestatis
2440 1631 2773 1694 antistitem,
2807 1643 2965 1686 nunc
2991 1623 3370 1697 despicabilis
3425 1631 3588 1695 per-‘

1857 1741 2014 1783 senm
2040 1724 2333 1782 cernimus
2368 1723 2710 1781 Mintionem
2741 1718 2873 1788 (15).
2915 1718 3058 1776 Haec
3083 1712 3432 1773 venerabilis
3457 1711 3557 1768 ille

1859 1902 2223 1976 ['Ausarensis
2249 1904 2334 1957 uti
2371 1905 2431 1956 in
2459 1917 2582 1970 sup.
2606 1915 2692 1970 op.
2738 1897 2900 1964 corn]
2941 1893 3280 1967 episcopus;
3311 1890 3413 1964 qui
3433 1889 3553 1963 epi-

1854 1999 2147 2065 scopatum
2177 1991 2416 2062 dimisit,
2467 1997 2521 2048 et
2576 1990 2646 2046 de
2707 1985 3044 2046 Sclavonico
3093 1997 3271 2056 regno
3330 1980 3558 2039 Italiam

1853 2083 2154 2155 navigans,
2187 2081 2475 2140 littoribus
2497 2078 2880 2138 Anconitanze
2920 2077 3080 2135 urbis
3108 2072 3400 2148 applicuit.
3445 2070 3556 2156 Hic

1853 2172 2019 2242 mihi,
2071 2171 2212 2228 dum
2241 2173 2414 2229 totius
2473 2170 2622 2228 circa
2651 2185 2712 2226 se
2769 2169 2932 2242 regni
2991 2167 3375 2226 reverentiam
3413 2179 3554 2221 con-

1849 2269 2088 2335 questus
2135 2267 2463 2332 exponeret,
2497 2276 2564 2317 ac
2602 2257 2860 2317 molesta)
2910 2254 3336 2330 inquietudinis
3389 2252 3556 2335 tzedia

1855 2323 2390 2417 numerarem-inter
2419 2355 2624 2404 caetera
2651 2361 2834 2404 unum
2865 2323 3080 2414 intulit,
3131 2345 3286 2418 quod
3319 2343 3421 2400 vos
3467 2323 3552 2400 ia-

1854 2449 1970 2498 tere
2009 2455 2126 2498 non
2179 2440 2381 2512 patior.
2443 2438 2710 2508 Quidam,
2763 2437 2967 2508 inquit,
3015 2436 3263 2507 degener
3317 2433 3555 2506 quidem

1849 2532 2126 2600 moribus,
2165 2530 2262 2588 sed
2299 2531 2588 2604 majorum
2620 2526 3166 2614 titulislinsignitus,
3213 2525 3301 2581 sui
3329 2523 3559 2596 generis

1849 2619 2342 2692 consanguineam
2391 2617 2632 2692 nuptiali
2672 2616 2782 2674 sibi
2807 2609 3026 2672 'fmdere
3064 2612 3372 2686 copulavit.
3405 2609 3555 2680 Quid

1848 2709 2061 2784 plura?
2091 2707 2420 2766 Prohibitus
2469 2705 2736 2780 perstitit,
2767 2701 3308 2796 excommunicatns
3354 2699 3552 2757 adhae-

1850 2801 1944 2870 sit,
1973 2807 2270 2873 totumque
2301 2797 2700 2857 ecclesiasticae
2745 2793 3010 2854 censurae
3063 2793 3340 2870 vigorem,
3369 2805 3554 2862 nuga-

1851 2905 1982 2948 rum
2022 2887 2336 2962 puerilium
2377 2886 2604 2944 fabulas
2651 2883 2966 2957 deputavit.-
2999 2879 3108 2938 Cui
3145 2886 3294 2938 certe
3346 2879 3456 2936 hoc
3484 2875 3556 2934 ad

1851 2980 2070 3038 divina;
2126 2976 2548 3048 indignationis
2593 2973 2876 3046 indicium
2929 2970 3190 3044 contigit,
3257 2973 3322 3026 ut
3379 2979 3556 3039 panes

1853 3069 1924 3126 de
1972 3065 2330 3139 nuptialibus
2377 3063 2593 3122 mensis
2649 3062 2710 3119 in
2759 3063 2975 3135 plateas
3011 3065 3144 3118 ante
3198 3071 3411 3115 canum
3459 3069 3558 3112 ora

55 3141 218 3238 ΥῨΠίῩ
249 3141 317 3200 Si
343 3157 480 3238 99m
509 3149 779 3217 umquam
803 3145 1036 3218 gentilis
1071 3143 1294 3204 ΙΠῙΠῑῘεΒ
1321 3146 1528 3203 ducem
1553 3146 1614 3203 in
1651 3160 1833 3233 DI‘O-C
1855 3157 2090 3232 projecti
2116 3155 2358 3214 minime
2388 3159 2780 3226 tangerentur.
2809 3151 3072 3223 Insuper,
3101 3164 3134 3206 ο
3165 3147 3380 3218 divinte
3429 3143 3556 3201 ani-

58 3232 248 3291 cinctn
279 3232 542 3306 positum
591 3235 796 3294 armati
847 3235 1106 3309 undique
1157 3235 1440 3309 manipuli
1486 3236 1762 3310 constipa-

1933 3245 2274 3303 idversionis
2325 3242 2586 3316 pavenda
2609 3239 2888 3298 severitas
2919 3243 2928 3296 l
2960 3237 3100 3296 dum
3149 3235 3371 3306 rigidus
3424 3238 3554 3302 stat,

59 3321 242 3380 rent?
277 3322 356 3380 Et
407 3337 581 3396 quem
631 3323 898 3383 decuerat
935 3329 1267 3382 reverenter
1317 3325 1584 3404 incedere
1637 3341 1772 3384 cum
1855 3334 1995 3392 dum
2020 3333 2318 3407 praeceptis
2361 3349 2421 3390 se
2470 3325 2917 3388 sacerdotalibus
2957 3339 3072 3381 non
3121 3322 3410 3391 humiliat,
3455 3319 3556 3394 qui

59 3411 232 3468 choro
265 3411 668 3482 psallentium,
692 3414 896 3472 audire
947 3421 1247 3488 cogeretur
1275 3415 1414 3474 hinc
1469 3415 1605 3472 inde
1641 3431 1773 3490 per-
1856 3422 2098 3496 vigilare
2129 3421 2359 3480 sibimet
2385 3420 2458 3478 ad
2496 3418 2740 3476 salutem
2784 3414 2989 3483 noluit,
3025 3412 3088 3470 in
3120 3411 3384 3470 cubiculo
3421 3410 3554 3468 dor-

57 3497 446 3570 strepeutium
503 3498 752 3560 tinnitus
793 3517 1085 3560 armorum
1119 3503 1144 3558 ?
1184 3500 1348 3559 Unde
1389 3501 1473 3573 ﬁt,
1509 3509 1576 3561 ut
1603 3501 1774 3560 modo
1859 3511 2135 3570 mientem
2163 3515 2396 3582 repente
2431 3508 2501 3566 de
2543 3502 2872 3564 cmlestibus
2922 3501 3152 3560 irruens
3201 3499 3402 3572 fulgur
3448 3513 3553 3554 ex-

57 3587 400 3659 pontiticem
443 3603 559 3644 non
613 3590 981 3660 comitentur,
1017 3598 1082 3649 nt
1127 3591 1372 3664 dignum
1424 3588 1528 3665 est,
1558 3593 1774 3652 diversi
1855 3599 2080 3656 stinxit.
2131 3597 2224 3656 Sic
2279 3596 2468 3654 divini
2529 3592 2744 3652 furoris
2801 3599 3074 3664 expertus
3124 3593 3208 3647 est
3257 3585 3556 3646 moriendo

59 3675 410 3733 (Ἰθΐίεονυω
479 3675 748 3748 ordines;
801 3679 900 3737 Sed
957 3685 1142 3738 castra
1187 3680 1397 3753 potiUS.
1457 3687 1513 3738 0t
1567 3681 1772 3738 armati
1857 3688 2221 3758 sententiam,
2249 3687 2350 3761 qui
2389 3684 2622 3744 vulneri
2669 3699 2772 3741 suo
2821 3681 2969 3740 dum
3011 3679 3233 3738 viveret
3279 3677 3555 3736 adhibere

61 3767 186 3822 telis
231 3765 611 3824 vibrantibus
655 3767 978 3838 bellatores.
1021 3768 1338 3827 Pensemus
1384 3770 1560 3828 etiam
1604 3770 1774 3844 quale
1857 3781 2276 3850 contempserat
2333 3773 2702 3832 medicinam.
2743 3771 2870 3829 Hoc
2909 3775 3105 3828 autem
3156 3766 3437 3830 diximus.
3492 3769 3557 3822 ut
3651 3827 3658 3834 .

57 3855 162 3913 hoc
183 3857 286 3926 sit,
319 3856 466 3930 quia
495 3857 620 3915 haec
643 3859 914 3918 nonnulli
941 3865 995 3916 et
1029 3860 1199 3918 inviti
1233 3861 1530 3934 perferunt
1557 3883 1570 3930 ;
1603 3867 1658 3918 et
1687 3867 1774 3917 ta-
1855 3881 2032 3940 quam
2062 3873 2274 3922 sanctae
2308 3861 2660 3922 auctoritatis
2688 3861 2779 3917 vir
2823 3858 2924 3916 ille
2955 3855 3145 3924 fuerit,
3182 3855 3284 3928 qui
3335 3854 3553 3926 episco-

57 3959 190 4002 men
231 3961 355 4014 eos,
387 3961 532 4019 quos
580 3946 847 4020 tolerant,
887 3950 1119 4022 praediis
1155 3966 1221 4008 ac
1247 3951 1616 4008 facultatibus
1665 3949 1774 4006 Ec-
1853 3961 2052 4028 patum
2085 3952 2354 4022 deseruit,
2392 3957 2866 4009 monstraremus.

53 4033 272 4106 ἀρείω,
316 4035 504 4094 velint
535 4037 744 4109 nolint,
786 4039 1017 4108 charius
1046 4047 1269 4099 emunt.
1314 4041 1580 4110 Quotidie
1610 4055 1773 4112 rega-
1930 4041 2042 4101 Sed
2070 4042 2210 4099 dum
2241 4042 2348 4099 ista
2377 4039 2804 4114 prosequimur.
2849 4035 2998 4094 illud
3028 4034 3200 4093 etiam
3227 4033 3395 4091 nobis
3416 4046 3554 4090 con-

55 4127 128 4180 les
155 4125 380 4198 epulae,
405 4125 664 4198 quotidie
692 4135 1018 4199 apparatus,
1051 4130 1307 4202 quotidie
1345 4130 1602 4203 nuptiale
1634 4145 1772 4188 con-
1855 4137 2162 4204 sequenter
2184 4129 2454 4198 occurrit,
2499 4127 2652 4201 quod
2690 4133 2744 4184 et
2770 4125 2892 4198 ipse
2919 4124 3087 4182 nobis
3137 4139 3342 4196 nuper,
3381 4137 3554 4186 vene-

55 4212 306 4280 vivium,
339 4221 398 4268 et
451 4213 608 4270 unde
661 4215 1000 4288 refrigerare
1052 4217 1372 4275 debuerant
1423 4218 1768 4290 indigentes,
1855 4219 2057 4277 rabilis
2105 4215 2526 4281 'Hildebrande,
2599 4213 2800 4273 dixisti
2843 4233 2854 4272 :
2930 4218 2984 4270 et
3047 4225 3386 4286 quanquam
3435 4224 3556 4268 non

55 4299 402 4358 rubentium
451 4301 782 4361 tabularum
830 4311 1090 4362 recreant
1133 4309 1464 4377 gestatores.
1517 4307 1588 4364 Et
1637 4321 1770 4364 cum
1853 4317 2198 4381 magnopere
2232 4305 2415 4379 hujus
2443 4303 2708 4362 videatur
2735 4317 2858 4360 esse
2889 4301 3126 4375 negotii,
3168 4299 3322 4374 quod
3361 4313 3554 4356 versa-

51 4389 362 4462 episoopus
391 4389 770 4464 dispensator,
812 4401 865 4451 et
893 4410 1130 4468 promus
1155 4395 1359 4452 debeat
1389 4409 1512 4454 esse
1549 4412 1768 4470 paupe-
1855 4403 1947 4454 tur
1974 4396 2038 4454 in
2063 4394 2364 4464 manibus,
2393 4401 2583 4451 tamen
2627 4393 2770 4449 dum
2822 4388 3253 4463 quomodolibet
3289 4389 3406 4446 hoc
3433 4387 3556 4460 api.-

51 4493 202 4546 rum,
241 4479 316 4538 ad
345 4495 555 4538 eorum
597 4497 856 4541 mensam
905 4484 1277 4543 aﬂiuentibus
1313 4486 1558 4556 deliciis,
1591 4488 2016 4556 alienincibus
2057 4485 2358 4553 tradimus,
2405 4501 2478 4542 ne
2507 4497 2718 4556 vorago
2766 4481 3034 4540 funditus
3085 4479 3396 4538 oblivionis
3453 4477 3555 4536 ab—
3649 4529 3652 4532 ί
3749 4521 3758 4530 .
3851 4511 3854 4518 -

1851 4576 2094 4642 sorbeat,
2136 4574 2305 4648 quasi
2333 4589 2456 4630 rem
2510 4572 2874 4643 ﬂuctivagam
2903 4567 3201 4643 paxillulis
3227 4567 3554 4640 alligamus.

1853 4665 1926 4722 Ut
1963 4663 2123 4721 enim
2155 4671 2206 4720 te
2241 4660 2504 4719 retulisse
2544 4657 2808 4727 memini,
2841 4657 2966 4714 haec
3017 4656 3140 4722 tibi,
3188 4661 3252 4712 ut
3296 4655 3556 4726 ejusdem

1851 4753 2028 4811 verba
2068 4765 2374 4825 ponamus,
2407 4746 2780 4806 Novariensis
2835 4743 3106 4802 Ecclesiae
3137 4742 3392 4800 narravit
3434 4741 3557 4812 epi-

1853 4857 2077 4916 scopus.
2111 4841 2279 4908 Cum,
2313 4839 2524 4911 inquit,
2559 4837 2620 4894 in
2646 4835 3095 4894 Teutonicorum
3137 4832 3396 4906 partibus
3427 4831 3554 4890 cui-

1851 4932 1982 4990 dam
2048 4930 2314 5004 episcopo
2361 4926 2662 4984 conviator
2713 4925 3058 4995 incederem,
3111 4929 3166 4980 et
3209 4921 3555 4980 imminente

1844 5021 2084 5097 jamjam
2131 5017 2456 5077 refectionis
2507 5017 2667 5086 hora,
2692 5015 2790 5073 ille
2837 5013 2978 5088 quid
3027 5013 3176 5072 mihi
3229 5011 3396 5087 quasi
3451 5010 3553 5068 de-

1849 5117 2044 5168 center
2091 5113 2402 5184 apponeret
2449 5123 2566 5165 non
2623 5105 2877 5174 haberet,
2957 5107 3202 5161 aestuare
3258 5100 3429 5174 coepit
3498 5104 3554 5156 et

51 4575 280 4624 ructant
311 4586 328 4637 ;
361 4583 500 4625 cum
555 4575 612 4626 et
670 4571 782 4642 illi,
839 4587 1086 4646 quorum
1142 4579 1227 4630 est
1267 4579 1379 4632 tota
1425 4575 1763 4650 substantia,

49 4655 254 4726 procul
283 4655 537 4730 exclusi,
573 4659 742 4718 famis
769 4661 968 4734 inopia
1005 4663 1430 4723 contabescant.

726 4837 970 4898 CAPUT
991 4839 1096 4898 ΙΙΙ.

289 4963 492 5019 Contra
519 4967 868 5022 ecclesiastici
882 4969 1090 5038 peculii
1118 4967 1535 5039 dilapidatores.

109 5102 286 5161 Inter
325 5104 528 5162 omnia
559 5119 726 5178 porro
767 5105 894 5164 haec
921 5107 1072 5165 mala
1103 5107 1251 5166 illu‘d
1284 5110 1527 5180 excedit,
1559 5117 1616 5169 et
1640 5111 1764 5170 dia-

39 5189 300 5250 mlicam
356 5193 780 5266 propemodum
845 5195 1076 5254 videtur
1131 5212 1366 5270 aequare
1417 5199 1762 5272 nequitiam,

35 5285 174 5356 quia
205 5282 456 5358 praediis
505 5283 568 5342 in
627 5285 898 5344 militiam
929 5287 1264 5362 proﬂigatis,
1299 5289 1575 5364 omnique
1637 5306 1765 5364 pos-

33 5372 306 5432 sessione
333 5379 646 5436 terrarum.
676 5373 918 5446 insuper
949 5375 1121 5434 etiam
1167 5383 1224 5434 et
1249 5375 1511 5448 decimm,
1545 5394 1611 5436 ac
1641 5377 1766 5452 ple-

1847 5199 2020 5258 anxie
2052 5213 2312 5272 quaerere
2341 5197 2498 5255 unde
2524 5195 2670 5254 mihi
2701 5201 2888 5268 posset
2942 5194 3006 5252 in
3055 5193 3264 5251 itinere
3315 5190 3555 5265 positus,

1848 5287 2180 5353 subvenire.
2209 5287 2472 5358 Cumque
2501 5285 2636 5344 hinc
2677 5281 3000 5356 indigentia
3031 5282 3356 5354 stringeret,
3391 5279 3558 5356 illinc

1848 5377 2098 5438 Charitas
2149 5375 2413 5433 animum
2479 5373 2760 5442 dilataret,
2811 5372 2873 5429 in
2923 5375 3077 5430 arcto
3141 5370 3360 5442 positus
3411 5369 3552 5444 quid

35 5459 480 5520 besadduntur
509 5461 572 5520 in
617 5462 967 5524 beneﬁcium
1021 5465 1416 5526 saecularibus.
1464 5468 1604 5539 Quae
1633 5485 1764 5542 pro-
1851 5481 2087 5542 prorsus
2113 5471 2306 5539 ageret
2335 5464 2832 5538 ignorabatgcum
2884 5477 3013 5520 ecce
3073 5467 3306 5534 repente
3355 5477 3549 5533 grues,

33 5549 178 5612 Iacto
233 5551 568 5610 liberalitas
612 5553 959 5636 inhonesta,
1013 5563 1068 5615 et
1118 5557 1516 5632 indigentlbus
1564 5559 1770 5620 adimit
1851 5565 1913 5618 ut
1943 5557 2192 5616 litteram
2229 5553 2482 5615 invicem
2531 5557 2914 5625 congruentes
2968 5549 3327 5622 exprimunt,
3383 5551 3552 5624 parili

89 5747 202 5814 (t5)
241 5745 550 5800 Cadaloum
582 5745 854 5811 intelligit.

4 5871 20 6063 ς
93 6015 100 6024 .
