4080 6194
538 327 644 387 447

994 328 1051 386 S.
1097 326 1320 385 PETRI
1360 324 1681 384 DAMIANI
1720 325 1877 385 OPP.
1922 326 2169 386 TOMUS
2210 325 2351 385 SEU
2392 328 2581 387 PARS
2624 328 2725 386 III.
2771 360 2836 370 --
2876 326 3267 388 OPUSCULA
3306 328 3563 388 VARIA.

2808 162 2825 190 Ι

3924 332 4015 408 448

536 454 685 511 serie
734 452 899 527 quasi
946 452 1175 508 diversa
1220 450 1495 522 utrinque
1549 451 1659 509 sub
1703 467 1819 509 uno
1865 452 2009 509 duce
2061 451 2605 525 castraAfratrique
2646 451 2923 515 laboranti
2975 452 3035 508 in
3086 449 3417 511 necessitate
3449 454 3751 511 succurrit.
3802 454 4013 516 Praece-

537 548 907 615 componunt,
973 557 1145 613 super
1194 542 1462 598 verticem
1526 541 1692 599 nobis
1746 544 2040 600 turmatim
2094 544 2238 601 voli-

537 639 654 689 tare
682 637 998 703 cmperunt.
1040 630 1206 687 Tunc
1240 630 1541 703 episcopus
1573 631 1631 686 in
1667 630 1890 688 fervore
1938 631 2071 689 fidei
2100 648 2237 689 con-

537 728 749 778 stanter
774 726 1017 789 erectus,
1046 721 1121 776 ait
1155 738 1166 775 :
1205 720 1465 791 Domine,
1501 720 1747 795 prmeipe
1778 736 1950 778 unam
1978 722 2044 777 de
2074 722 2236 792 grui-

535 809 644 866 bus
682 808 804 865 istis
833 808 902 864 ad
927 824 1029 865 nos
1059 809 1245 881 dejici.
1277 816 1337 865 ut
1376 826 1578 868 servus
1610 819 1745 868 tuus
1770 810 1840 867 de.
1885 810 2234 868 benedictio-

536 897 627 954 nis
656 903 769 953 tute
817 911 1059 954 munere
1110 899 1416 956 satisfaciat
1474 900 1758 957 cbaritati.
1810 898 1953 955 Mira
1992 899 2235 956 exaudi-

541 984 712 1042 tionis
736 984 953 1041 divinae
984 986 1245 1043 celeritas
1272 989 1282 1043 !
1318 988 1414 1045 vix
1453 989 1694 1045 verbum
1719 1004 1817 1045 ore
1855 988 2230 1067 depromitur,

544 1074 805 1147 protinus
827 1076 973 1135 446
1005 1093 1119 1134 non
1176 1078 1335 1152 parvi
1384 1078 1633 1150 corporis
1679 1095 1817 1151 grus
1860 1085 2006 1135 terra
2072 1086 2235 1135 tenus

535 1170 668 1220 ante
700 1181 799 1222 ora
849 1174 1040 1224 nostra
1092 1166 1477 1239 demergitur;
1524 1167 1718 1239 sicque
1751 1167 1909 1233 ﬁdes,
1964 1183 2097 1240 quae
2138 1183 2239 1240 per

536 1251 901 1312 dilectionem
934 1256 1296 1330 operabatur,
1328 1255 1616 1327 impletur.
1656 1254 1797 1312 Hzec
1826 1255 1926 1311 tibi
1969 1256 2237 1313 referenti

540 1343 815 1399 continuo
858 1350 1288 1417 percunctatus,
1319 1344 1410 1401 aio
1444 1363 1455 1401 :
1515 1343 1723 1401 Eratne
1760 1338 2072 1415 spiritu'alis
2140 1345 2237 1401 ille

537 1431 837 1505 episcopus
866 1432 892 1491 ?
919 1434 1026 1503 Tu,
1063 1442 1123 1491 ut
1150 1434 1361 1504 nescio,
1395 1449 1511 1508 quo
1536 1442 1699 1506 pacto
1745 1432 2043 1502 didiceras,
2077 1434 2236 1490 carni

535 1521 781 1591 propriae
812 1522 1005 1580 vivere
1058 1521 1375 1591 hominem,
1410 1521 1772 1595 respondisti,
1801 1529 1863 1578 ut
1889 1521 2107 1595 liquido
2138 1537 2237 1593 pa-

537 1612 669 1675 teat,
726 1623 842 1666 non
898 1610 1034 1667 vitae
1084 1610 1509 1677 rectitudinem,
1564 1610 1664 1667 sed
1745 1609 1916 1667 ﬁdem
1977 1609 2238 1667 cbaritati

538 1695 898 1768 conjunctam
936 1699 1084 1756 hanc.
1113 1699 1431 1757 obtinuisse
1462 1698 1753 1756 virtutem.

614 1785 903 1844 Addidisti
929 1788 1121 1851 etiam.
1153 1789 1288 1861 quia
1319 1788 1481 1846 beato
1535 1787 1725 1846 Leone
1756 1788 1855 1859 (16)
1908 1789 2058 1847 sedis
2100 1804 2238 1861 apo-

538 1873 753 1932 stolica)
793 1876 1040 1948 prazsule
1093 1879 1389 1947 referente,
1440 1893 1808 1951 cognoveras,
1840 1895 2009 1954 aeque
2030 1894 2236 1937 carna-

539 1960 611 2017 lis
640 1971 693 2019 et
722 1964 1162 2024 inconsideratae
1189 1967 1640 2025 conversationis
1672 1967 2002 2041 episcopum
2053 1967 2235 2025 exsti-

538 2050 691 2117 tisse,
720 2052 821 2124 qui
863 2060 1077 2111 tantam
1109 2063 1272 2113 extra
1322 2058 1593 2114 meritum
1632 2057 1876 2129 gratiam
1928 2072 1959 2112 a
1993 2056 2237 2116 Domino

535 2138 723 2196 fuerat
769 2150 1130 2211 consecutus,
1185 2151 1248 2201 ut
1302 2144 1539 2201 virtutes
1584 2159 1650 2201 ac
1700 2144 1863 2215 signa
1910 2144 2237 2218 frequenter

534 2228 897 2301 ostenderet;
960 2232 1111 2289 ultro
1161 2233 1332 2289 etiam
1403 2248 1534 2290 cum
1610 2249 1837 2305 magna)
1884 2234 2236 2292 auctoritatis

536 2316 778 2389 imperio
808 2334 880 2376 ex
908 2320 1155 2377 obsessis
1208 2321 1541 2394 corporibus
1604 2323 1895 2379 daemones
1937 2323 2232 2395 effugaret.

538 2404 695 2461 Inter
720 2420 851 2478 quae
869 2406 1146 2464 nimirum
1177 2410 1340 2481 signa
1360 2409 1662 2479 virtutum,
1687 2418 1741 2466 et
1763 2409 1908 2468 illud
1926 2410 2236 2483 aliquando

534 2493 792 2567 contigit,
852 2502 918 2550 ut
967 2498 1167 2554 eodem
1214 2506 1427 2557 sanctae
1478 2500 1773 2557 memorize
1831 2500 2023 2558 Leone
2086 2516 2235 2572 prae-

535 2590 715 2654 sente,
781 2584 1173 2646 dzemoniacus
1248 2589 1553 2658 astitisset;
1620 2605 1870 2663 cumque
1959 2591 2236 2663 praefatus

536 2672 837 2745 episcopus
866 2676 1143 2748 nequitiae
1196 2678 1465 2750 spiritum
1519 2677 1677 2735 abire
1728 2678 2083 2751 praeciperet,
2137 2678 2237 2737 ille

534 2769 726 2831 autem
756 2764 1105 2835 quibusdam
1140 2767 1331 2823 verbis
1360 2766 1673 2839 pervicacis
1702 2768 1988 2838 superbia:
2048 2769 2233 2825 resul-

536 2852 699 2919 taret,
728 2851 956 2909 tandem
1012 2870 1111 2925 per
1160 2870 1371 2911 nomen
1415 2854 1630 2913 Christi
1690 2855 2019 2913 terribiliter
2069 2858 2235 2931 adju-

532 2946 713 3005 ratus,
762 2941 929 2997 reniti
984 2946 1131 2999 ultra
1180 2958 1295 2999 non
1348 2944 1554 3017 potuit.
1615 2944 1875 3017 Cumque
1928 2946 2236 3019 caputmi-

535 3028 643 3083 seri
680 3028 930 3087 hominis
987 3031 1101 3089 huc
1154 3032 1410 3105 illucque
1475 3040 1821 3103 concuteret,
1883 3034 2116 3107 capillos
2176 3037 2234 3093 in

532 3116 718 3174 altum
748 3119 1010 3190 pavendo
1037 3121 1287 3192 quodam
1324 3122 1557 3181 horrore
1591 3122 1937 3195 subrigeret,
1973 3139 2036 3181 os
2068 3124 2233 3198 quasi

533 3205 604 3262 ad
633 3209 1019 3266 evomendum
1043 3212 1393 3285 quibusdam
1418 3213 1717 3271 conatibus
1764 3213 2028 3286 aperiret,
2098 3229 2233 3286 pro-

532 3294 687 3353 tinus
722 3312 781 3354 se
809 3298 1016 3370 objecit
1056 3301 1358 3374 episcopus
1392 3321 1402 3359 :
1450 3301 1846 3376 Nequaquam,
1880 3302 2092 3376 inquit,
2136 3318 2237 3375 per

529 3398 593 3439 os
617 3382 945 3452 egredieris.
979 3392 1041 3442 ut
1090 3387 1327 3459 niteris;
1362 3389 1603 3447 omnino
1658 3390 2027 3449 frustrabitur
2080 3392 2234 3465 quod

532 3471 774 3539 moliris,
840 3488 941 3545 per
965 3476 1272 3543 posteriora
1308 3484 1357 3533 te
1389 3478 1550 3535 exire
1576 3480 1845 3553 praecipio
1888 3499 1899 3537 :
1936 3495 2069 3537 nam
2119 3480 2236 3538 oris

531 3560 632 3616 tibi
657 3562 877 3618 aditum
920 3577 1029 3619 non
1068 3564 1352 3635 permitto.
1404 3566 1511 3622 Per
1561 3567 1818 3624 sordidos
1845 3567 2025 3639 igitur
2076 3583 2233 3625 mea-

530 3654 641 3715 tus,
690 3650 993 3707 immunde
1037 3651 1340 3721 habitator,
1394 3655 1679 3725 egredere,
1711 3662 1765 3712 et
1794 3656 1944 3713 fceda
1974 3662 2101 3729 post
2160 3665 2231 3728 te,

529 3736 821 3809 utdignus
844 3753 924 3805 es,
957 3739 1193 3811 vestigia
1218 3741 1574 3814 derelinque.
1628 3741 1741 3800 Vix
1774 3744 1947 3801 verba
1982 3746 2231 3817 comple-

530 3831 707 3894 verat,
740 3831 793 3882 et
831 3826 1104 3886 continuo
1138 3829 1533 3904 nequissimus
1590 3832 1827 3904 spiritus
1866 3832 2034 3892 ﬂuxu
2089 3850 2231 3892 ven-

530 3913 632 3971 tris
660 3914 876 3988 ejcctus
902 3922 1005 3974 est.

1199 4098 1442 4160 CAPUT
1472 4100 1568 4159 IV.

530 4235 789 4304 Episcopi
846 4236 1132 4305 cujusdam
1182 4240 1613 4296 misericordiam
1662 4244 1723 4297 in
1778 4260 2076 4315 pauperem
2134 4247 2231 4299 mi-

986 4330 1172 4384 raculo
1200 4332 1341 4385 Deus
1369 4336 1768 4389 remuneratur.

600 4466 766 4525 Alius
814 4468 952 4525 item
1000 4470 1318 4542 episcopus,
1368 4478 1433 4530 ut
1474 4478 1529 4530 et
1572 4473 1695 4545 ipse
1746 4474 1968 4545 dixisti,
2020 4476 2228 4550 oppido

531 4554 751 4627 sitiens,
797 4557 1001 4617 vinum
1060 4558 1171 4616 sibi
1212 4559 1401 4618 afferri
1458 4562 1749 4636 praecepit.
1791 4563 2052 4638 Cumque
2106 4566 2230 4638 pin-

529 4661 702 4704 cerua
729 4654 911 4706 totum
967 4649 1122 4723 quod
1151 4657 1271 4708 erat
1300 4650 1358 4708 in
1412 4651 1646 4709 vasculo
1702 4652 1967 4712 funditus
2012 4655 2231 4713 exhau-

525 4736 689 4795 sisset
714 4737 770 4794 in
805 4739 1095 4811 poculum,
1126 4745 1182 4797 et
1224 4739 1487 4814 episcopo
1538 4739 1855 4813 detulisset,
1906 4758 2033 4800 ecce
2081 4760 2228 4817 pau-

527 4841 629 4898 per
678 4827 1022 4899 importunis
1069 4827 1220 4885 illud
1279 4828 1389 4887 sibi
1439 4829 1561 4887 dari
1603 4830 1870 4903 precibus
1917 4832 2226 4904 flagitabat,

523 4914 738 4985 dicens,
769 4915 906 4988 quia
933 4933 1052 4989 pI‘ZB
1093 4916 1354 4975 ariditate
1388 4918 1565 4975 nimia
1613 4919 1725 4977 nisi
1773 4920 2011 4990 biberet,
2046 4921 2226 4979 comi-

526 5018 637 5060 nus
665 5003 1001 5077 exspiraret.
1032 5005 1273 5064 Econtra
1316 5008 1578 5066 minister
1628 5010 1931 5081 asserebat,
1964 5017 2017 5066 et
2046 5009 2131 5083 nil
2167 5024 2227 5066 se

530 5089 589 5150 in
624 5106 756 5149 vase
803 5093 1099 5151 residuum
1148 5094 1471 5169 reliquisse,
1522 5103 1577 5154 et
1619 5097 1677 5155 in
1727 5114 1794 5155 eo
1850 5098 1969 5155 loco
2021 5099 2224 5156 vinum

528 5178 685 5237 aliud
728 5180 963 5253 reperiri
998 5183 1335 5243 nullatenus
1375 5200 1557 5258 posse.
1597 5186 1664 5242 In
1713 5187 1803 5243 his
1842 5187 2016 5258 igitur
2060 5185 2224 5244 fortis

526 5268 825 5341 episcopus
868 5272 1151 5341 angustiis
1190 5273 1605 5346 deprehensus,
1637 5281 1691 5331 et
1723 5289 1855 5332 cum
1888 5276 2026 5333 hinc
2061 5275 2222 5333 vide-

528 5355 652 5413 licet
685 5358 837 5415 sitim
864 5360 1094 5419 difTerre
1127 5378 1239 5421 non
1273 5371 1479 5435 posset,
1507 5364 1667 5421 illinc
1696 5373 1887 5422 autem
1915 5382 1975 5423 se
2002 5365 2217 5434 bibere,

522 5442 638 5501 alio
684 5446 1061 5520 periclitante,
1110 5449 1355 5523 impium
1375 5452 1677 5525 judicaret,
1728 5453 1935 5512 avertit
1960 5470 2020 5512 se
2068 5470 2101 5512 a
2139 5470 2220 5528 se,

576 5722 680 5787 (16)
710 5724 878 5788 Hujus
908 5728 1145 5778 nominis
1170 5740 1329 5782 nono.

2244 4526 2294 4585 D

2322 540 2403 611 pit
2434 539 2610 611 igitur
2640 540 2872 613 pauperi
2927 540 3131 598 vinum
3172 540 3297 598 dari
3331 560 3344 611 ;
3380 542 3475 598 sed
3514 542 3633 613 jam
3682 558 3797 614 quo
3844 546 4015 616 magis

2320 642 2449 701 spes
2524 628 2755 685 bibendi
2827 631 3067 687 omnino
3134 630 3433 700 defecerat,
3479 644 3545 686 eo
3603 630 3728 687 sitis
3772 632 4010 705 episcopi

2320 715 2566 773 atrocius
2596 716 2886 774 seeviebat.
2920 716 3213 775 Mandavit
3255 719 3447 791 itaque
3492 717 3778 787 ministro,
3822 728 3889 777 ut
3935 723 4007 778 vi-

2320 805 2551 861 narium
2583 822 2684 861 vas
2716 805 3033 878 requireret
3059 824 3074 875 ;
3104 807 3150 862 si
3168 808 3309 863 forte
3334 805 3589 878 aliquam
3615 807 4010 866 consolationis

2318 893 2553 961 stillam,
2584 893 2674 950 vel
2724 896 3098 969 perexiguam
3134 896 3424 968 reperiret.
3460 894 3567 963 Qui
3593 895 3816 955 diutius
3846 899 4007 955 abne-

2318 1000 2479 1055 gans,
2537 984 2802 1057 nihilque
2853 1000 2912 1041 se
2964 1000 3283 1041 reservasse
3333 993 3659 1043 constanter
3700 986 4007 1057 afﬁrmans,

2318 1074 2545 1130 tandem
2581 1090 2693 1131 non
2744 1090 2841 1147 spe
2870 1081 3110 1139 erectus,
3144 1075 3241 1131 sed
3292 1074 3532 1147 imperio
3564 1076 3742 1148 magis
3784 1092 4007 1148 oppres-

2320 1178 2438 1232 sus,
2478 1163 2668 1235 paruit
2698 1181 2713 1232 ;
2743 1171 2796 1220 et
2840 1180 2958 1233 vas,
3004 1164 3156 1235 quod
3206 1178 3453 1221 vacuum
3506 1164 3833 1237 reliquerat,
3884 1166 4009 1223 vino

2318 1250 2581 1324 plenum,
2616 1251 2895 1308 nimirum
2926 1251 3263 1321 admiratus,
3296 1251 3536 1308 invenit.

2388 1351 2584 1409 Abbas
2613 1352 2870 1423 quidam,
2923 1358 2988 1408 ut
3034 1352 3177 1409 mihi
3211 1352 3450 1409 relatum
3493 1361 3595 1419 est,
3638 1354 3836 1411 suavis
3874 1352 4006 1406 447

2321 1438 2499 1497 edulii
2546 1440 3009 1512 concupiscentia
3055 1440 3279 1508 ductus,
3327 1442 3678 1513 naupredam
3724 1441 3838 1499 sibi
3871 1458 4004 1513 prte-

2321 1532 2467 1604 cepit
2493 1532 2733 1605 acquiri.
2764 1532 3025 1603 Cumque
3064 1532 3312 1590 ministri
3359 1533 3629 1603 dicerent,
3684 1536 3789 1593 hoc
3838 1552 4004 1609 genus

2320 1638 2387 1680 eo
2432 1621 2537 1679 loci
2582 1622 2811 1680 difficile
2858 1639 3022 1696 posse
3066 1623 3319 1693 reperiri,
3373 1624 3591 1681 exstitit
3642 1626 3742 1699 qui
3783 1626 4003 1693 diceret,

2322 1726 2499 1767 unam
2535 1718 2752 1769 tantum
2780 1713 2839 1769 in
2874 1711 3174 1769 venalibus
3206 1712 3555 1783 naupredam
3583 1713 3871 1771 sevidisse
3894 1728 4015 1785 pro:

2252 1799 2585 1871 Bpositam,
2630 1800 2791 1858 nullo
2840 1808 2998 1872 pacto
3032 1800 3231 1858 minus
3262 1815 3436 1873 quam
3486 1800 3691 1872 viginti
3741 1818 4004 1859 nummo-

2321 1903 2452 1944 rum
2508 1888 2875 1961 Papiensium
2928 1888 3128 1946 solidis
3180 1888 3570 1945 coemendam.
3620 1889 3800 1946 Jussit
3844 1890 4006 1947 abbas

2322 1976 2613 2033 numerari
2669 1978 2993 2049 pecuniam.
3052 1976 3380 2049 Coquorum
3457 1984 3650 2035 autem
3718 1978 4007 2051 diligentia

2321 2065 2674 2137 perfunctus,
2708 2074 2762 2123 et
2814 2066 2969 2124 laute
3013 2067 3280 2124 decoctus
3336 2067 3527 2125 abbati
3582 2068 3753 2141 piscis
3773 2071 4003 2143 apponi-

2321 2158 2460 2220 tur;
2493 2154 2589 2211 sed
2643 2162 2951 2229 antequam
3004 2162 3354 2227 tangeretur,
3387 2170 3516 2213 ecce
3546 2171 3759 2229 pauper
3815 2158 3884 2215 ad
3933 2159 4009 2231 ja-

2319 2256 2496 2299 nuam
2535 2242 2641 2299 hoc
2699 2242 3060 2316 potissimum
3124 2242 3235 2300 sibi
3284 2243 3407 2301 dari
3452 2243 3604 2316 quod
3644 2243 3837 2303 abbati
3877 2252 4011 2303 esset

2317 2330 2641 2403 appositum
2670 2331 2845 2389 anxie
2870 2330 3213 2402 postulabat.
3260 2330 3415 2397 Mox,
3448 2338 3509 2387 ut
3540 2340 3677 2401 erat,
3726 2334 4010 2404 integrum

2318 2419 2552 2492 piscem,
2586 2419 2731 2476 nihil
2768 2420 3040 2476 liazsitans
3078 2420 3169 2476 vir
3194 2420 3445 2485 Domini,
3480 2420 3651 2478 mittit
3680 2422 3748 2478 ad
3810 2439 4009 2495 paupe-

2319 2524 2458 2564 rem.
2503 2507 2666 2565 Illico
2719 2524 2953 2581 pauper,
3015 2510 3118 2583 qui
3176 2507 3477 2564 videbatur
3525 2526 3656 2568 cum
3683 2511 3807 2585 ipsa
3857 2530 4013 2586 paro-

2318 2596 2477 2669 pside
2503 2595 2671 2668 plena
2702 2596 2876 2669 pisce,
2922 2596 2983 2653 in
3036 2594 3286 2653 sublime
3314 2612 3373 2653 se
3426 2598 3680 2667 extulit;
3714 2607 3764 2656 et
3823 2601 4013 2658 librata

2319 2701 2515 2752 manu,
2568 2686 2726 2742 velut
2770 2685 3047 2742 exenium
3097 2693 3350 2758 portans,
3406 2686 3612 2744 ccelum
3665 2692 3891 2746 cunctis
3936 2692 4015 2747 vi-

2316 2775 2587 2833 dentibus
2616 2774 2956 2848 penetravit.
2995 2773 3154 2833 Unde
3187 2774 3405 2846 liquido
3428 2776 3855 2850 comprobatur,
3893 2780 4015 2853 quia

2319 2869 2471 2942 quod
2550 2867 2946 2937 indigentibus
3022 2867 3212 2936 datur,-
3281 2867 3397 2925 Deo
3468 2869 3905 2940 transmittitur,
3967 2880 4015 2927 et

2319 2958 2474 3031 quod
2520 2960 2581 3016 in
2632 2958 2765 3017 sinu
2810 2972 3129 3032 pauperum
3165 2957 3542 3023 occultemus,
3568 2958 3629 3015 in
3668 2958 3818 3017 coelo
3861 2976 4015 3033 repo-

2322 3047 2538 3105 nimus.

2392 3135 2541 3194 Illud
2573 3136 2763 3205 etiam,
2796 3135 2948 3210 quod
2984 3150 3142 3193 nunc
3193 3133 3479 3203 addimus,
3509 3150 3854 3209 quanquam
3909 3152 4013 3193 non

2321 3224 2393 3282 sit
2425 3224 2791 3293 miraculum,
2822 3224 2894 3283 ab
2948 3223 3328 3281 aedificatione
3368 3229 3580 3294 tamen,
3610 3226 3722 3283 cui
3771 3225 4014 3282 famula-

2318 3318 2411 3369 tur
2450 3328 2621 3369 omne
2670 3312 2825 3385 quod
2876 3312 3204 3382 scribimus,
3260 3326 3374 3368 non
3407 3319 3490 3369 est
3537 3312 3825 3371 alienum.
3884 3312 4013 3384 Epi-

2317 3414 2521 3473 scopus
2573 3400 2809 3475 quidam
2864 3400 3214 3474 naupredam
3242 3399 3352 3457 sibi
3403 3400 3590 3472 parari
3648 3407 4013 3475 praeceperat;

2317 3488 2420 3561 qui
2452 3488 2620 3562 paulo
2668 3494 2793 3561 post
2839 3490 2979 3546 dum
3032 3489 3181 3545 inter
3240 3489 3362 3559 ipsa
3395 3489 3709 3563 missarum
3739 3486 4011 3546 solemnia

2316 3577 2493 3634 sacris
2538 3576 2817 3635 altaribus
2877 3578 3116 3635 devotus
3168 3576 3472 3647 assisteret,
3513 3592 3643 3635 ecce
3709 3576 4011 3651 naupredae

2316 3665 2591 3723 memoria
2622 3665 2941 3723 illecebrosi
2972 3672 3178 3738 gustus
3208 3681 3343 3723 eum
3375 3666 3610 3723 tentavit
3635 3666 3871 3723 affectu.
3898 3664 4012 3729 Ille.

2316 3760 2381 3809 ut
2410 3758 2529 3810 erat
2580 3753 2828 3824 insignis
2869 3753 3072 3823 animi,
3105 3753 3238 3813 talia
3285 3768 3346 3811 se
3374 3753 3489 3825 pati
3516 3768 3681 3826 posse
3712 3754 3772 3810 in
3805 3751 4012 3821 obtuli:

2314 3842 2426 3899 bus
2482 3842 2710 3911 occulti,
2764 3848 2819 3899 et
2873 3842 3282 3915 omnipotentis
3360 3843 3703 3916 inspectoris
3767 3842 4012 3915 erubuit,

2314 3930 2675 4005 expletisque
2733 3944 3026 4004 regressus
3102 3928 3324 3999 ofﬁciis,
3408 3928 3746 3989 febreticum
3808 3920 4011 3987 animai

2313 4021 2529 4095 piscem
2560 4020 2795 4093 pauperi
2826 4018 3172 4076 tradendum
3220 4033 3343 4075 esse
3371 4018 3689 4077 mandavit.
3748 4019 3849 4078 Sic
3897 4031 4009 4090 pro-

2316 4110 2459 4168 fecto
2512 4108 2773 4168 canicula
2820 4107 3148 4179 voluptatis,
3193 4123 3328 4180 quae
3379 4108 3487 4166 sub
3514 4123 3717 4166 mensa
3744 4112 4010 4184 corporis,

2314 4208 2607 4274 utcunque
2650 4199 2926 4272 potuisset
2950 4200 3166 4263 vivere,
3197 4198 3268 4255 ad
3299 4205 3493 4274 sancta
3544 4207 3884 4259 sanctorum
3916 4202 4010 4271 ἰωή

2313 4268 2597 4364 pudenter
2622 4268 2972 4362 irrumpens,
3021 4287 3380 4362 pcenitentiaa
3404 4268 3563 4348 Iuste
3594 4298 3869 4359 mactata,
3903 4307 4010 4369 mes

2311 4377 2427 4434 ruit
2455 4376 2710 4434 interire.
3890 4442 3893 4447 Α

2383 4474 2606 4546 Pauper
2636 4473 2871 4545 quidam
2903 4471 3317 4544 paterfamilias
3329 4488 3512 4531 unum
3536 4473 3828 4533 duntaxat
3848 4489 4008 4532 num-

2313 4578 2475 4619 mum
2505 4563 2565 4619 in
2598 4562 2786 4619 loculo
2836 4561 3180 4636 possidebat,
3235 4578 3408 4634 quem
3440 4562 3509 4619 ad
3558 4562 3883 4620 emendum
3914 4560 4008 4618 alia

2310 4651 2469 4724 quid,
2503 4651 2655 4723 quod
2686 4666 2819 4709 cum
2847 4667 2996 4723 pane
3025 4650 3365 4721 comederet,
3422 4651 3755 4725 expendere
3813 4646 4008 4725 gestieﬁ

2310 4710 2425 4797 bat.
2460 4740 2722 4812 Cumque
2753 4739 2938 4797 siccus
2966 4746 3021 4797 et
3048 4740 3247 4799 aridus
3294 4756 3325 4797 a
3383 4738 3729 4798 lautioribus
3770 4710 4008 4801 alimeai

2316 4828 2407 4897 tis,
2436 4828 2544 4886 hoc
2581 4828 2683 4886 diu
2749 4829 3045 4899 negotium
3106 4830 3165 4887 in
3222 4835 3411 4887 mente
3453 4836 3727 4894 versaret,
3784 4829 4006 4887 interim

2309 4932 2525 4989 pauper
2551 4916 2808 4985 advenit,
2862 4918 3316 4975 misericordiam
3374 4915 3702 4990 postulavit.
3763 4916 3877 4975 Ille
3904 4918 4006 4973 hah

2309 5020 2442 5063 rens
2465 5006 2683 5073 animo,
2712 5006 2871 5063 velut
2916 5007 2977 5063 in
3007 5007 3259 5079 quodam
3290 5013 3410 5063 erat
3439 5004 3775 5063 meditullio
3807 5002 4006 5063 constit

2309 5099 2486 5151 tutus.
2538 5093 2681 5151 Nam
2737 5094 2785 5151 si
2848 5094 3028 5163 daret,
3087 5094 3246 5153 carni
3294 5094 3583 5152 metuebat
3629 5092 3919 5161 afﬂictae;
3974 5092 4006 5163 si

2308 5184 2596 5252 retineret,
2662 5186 2892 5258 culpam
2955 5184 3250 5243 incurrere
3313 5184 3654 5244 formidabat
3714 5184 4006 5258 denegata

2306 5275 2739 5335 misericordiae.
2817 5276 3072 5333 Tandem
3146 5274 3280 5335 vicit
3357 5275 3594 5348 spiritus
3649 5289 3917 5339 carnem,
3971 5280 4003 5329 et

2305 5363 2696 5435 evangelicam
2727 5363 2985 5421 imitatus
3038 5364 3298 5433 viduam,
3351 5363 3460 5423 sub
3505 5362 3787 5437 pauperis
3837 5361 4003 5436 specii

2306 5450 2457 5509 bono
2488 5449 2731 5510 debitori
2758 5450 2876 5510 Deo
2926 5468 3091 5510 suam
3149 5452 3367 5511 fenerat
3400 5452 3797 5527 quantitatem
3829 5456 4003 5527 (Marci

4002 5088 4005 5239 1
