4080 6194
61 337 148 392 449

765 328 1016 390 OPUSC.
1057 329 1182 388 XX.
1225 360 1296 374 —
1333 325 1820 390 APOLOGETIC.
1861 327 1954 386 OB
1993 327 2356 389 DIMISSUM
2395 326 2820 387 EPISGOPAT.

3437 325 3546 384 450

61 471 170 527 XII;
223 461 358 514 Luc.
405 443 562 526 xxx):
599 449 768 515 Redit
815 455 1079 526 domum,
1137 457 1323 529 panis,
1375 455 1474 530 qui
1519 454 2120 524 solebat,Aterranete
2163 471 2368 530 specus
2406 455 2650 512 latebras
2697 454 3028 528 aSportavit.
3089 451 3199 510 Sed
3247 453 3389 512 dum
3433 459 3541 511 tra-

57 546 376 618 apponitur.
433 545 657 618 Pauper
709 543 943 618 quidem
1005 559 1221 613 mensa,
1281 545 1380 604 sed
1445 545 1595 602 bona
1660 559 1758 617 spe

55 642 206 699 dives
263 647 386 698 erat
441 640 810 698 conscientia.
872 640 1160 700 Damnum
1219 641 1506 716 siquidem
1569 643 1759 700 carnis

53 731 451 804 compensabat
497 731 655 789 lucro
703 731 926 803 pietatis
966 750 980 799 ;
1027 747 1162 789 cum
1211 748 1338 790 ecce
1382 734 1473 790 vir
1521 733 1758 806 quidam

53 823 299 894 ignotus,
351 829 406 876 et
447 835 620 895 quem
676 826 842 876 antea
883 835 1183 894 nunquam
1227 821 1471 890 viderat,
1513 821 1759 879 festinus

51 917 102 966 et
145 911 364 968 anxius
401 910 604 983 ligatos
642 910 820 968 linteo
849 910 908 968 in
941 925 1118 969 manu
1158 911 1282 983 ejus
1339 911 1546 984 viginti
1577 911 1754 969 dena-

59 1002 278 1060 riorum
304 1001 516 1059 solidos
555 1001 768 1074 posuit,
795 1001 1106 1074 dicensque
1154 1001 1262 1058 sibi
1308 1017 1341 1058 a
1371 1001 1620 1080 Domino
1651 1017 1758 1060 suo

61 1091 283 1160 missos,
339 1099 614 1163 tanquam
659 1090 758 1163 qui
812 1092 886 1150 ab
925 1107 996 1150 eo
1042 1098 1490 1165 exspectaretur,
1539 1092 1755 1150 incun-

59 1185 276 1236 ctanter
302 1178 590 1236 abscessit.
627 1179 890 1252 Cumque
919 1178 1012 1236 hic
1039 1179 1314 1237 attonitus
1347 1178 1520 1236 vellet
1557 1177 1757 1251 inquis

59 1287 196 1341 rere,
229 1270 332 1329 ille
359 1270 657 1344 disparuit.

679 1449 702 1468 ³
729 1453 973 1514 CAPUT
1005 1454 1075 1513 V.

57 1590 353 1643 Damianus
398 1587 462 1642 ob
523 1587 701 1642 aetatis
752 1586 1082 1652 gravitatem
1145 1585 1486 1654 episcopatus
1546 1583 1755 1638 laba-res

103 1687 114 1698 ·
793 1675 1022 1742 refugit.

1843 543 2076 600 beretur
2110 543 2230 612 ille,
2278 542 2430 618 quod
2471 543 2660 600 solum
2691 548 2925 612 poterat,
2964 557 3052 597 me
3080 539 3318 612 ﬂagitat,
3351 541 3412 598 in
3448 557 3538 599 me

1841 635 2121 692 clamosas
2153 649 2319 690 voces
2361 631 2701 705 ingeminat,
2733 637 2796 688 ut
2826 631 2917 688 vel
2951 632 3074 703 ipse
3102 631 3211 689 sibi
3245 639 3541 706 promptus

1839 724 2067 797 adiutor
2105 738 2499 790 accurrerem;
2537 719 2630 777 vel
2661 720 2930 789 securim,
2964 737 3094 796 quae
3135 721 3194 778 in
3251 725 3391 782 meis
3421 731 3542 782 erat

1841 814 2136 884 manibus,
2185 813 2475 887 porrigere
2525 812 2876 870 festinarem.
2933 812 3052 884 Ego
3101 821 3292 872 autem
3335 815 3542 874 infelix

1839 915 1894 964 et
1951 912 2216 984 degener,
2275 908 2582 968 ultricibus
2639 906 2888 964 ﬂammis
2943 909 3252 979 obnoxius,
3310 917 3366 968 et
3417 911 3540 984 ipse

1837 1002 2029 1073 potius
2079 1019 2110 1060 a
2164 1003 2524 1075 serpentibus
2579 1002 2784 1060 merito
2835 999 3220 1068 devorandus,
3271 1016 3358 1058 vae
3397 1000 3543 1058 mihi

1841 1097 2145 1155 homicidae
2174 1098 2186 1154 !
2220 1097 2542 1156 contremui
2571 1118 2583 1164 ;
2618 1102 2673 1152 et
2717 1111 2850 1154 cum
2893 1094 3162 1153 manibus
3191 1101 3340 1153 esset
3365 1111 3545 1168 agen-

1840 1185 2003 1254 dum,
2053 1201 2223 1243 causa
2268 1185 2536 1253 dictante,
2587 1201 2702 1243 non
2751 1184 3016 1258 pedibus,
3051 1185 3246 1256 fugam
3295 1184 3540 1257 paravi;

1839 1273 2082 1348 ideoque
2110 1291 2142 1332 a
2171 1276 2558 1334 sacerdotibus
2589 1277 2644 1334 in
2647 1279 2919 1350 junctum
2948 1276 3094 1334 mihi
3127 1277 3235 1334 hoc
3264 1276 3540 1335 exsilium
3625 1307 3630 1314 -

1835 1363 2042 1436 patior,
2077 1381 2284 1439 meque
2331 1371 2396 1423 ut
2449 1381 2648 1424 revera
2697 1366 2900 1424 mortis
2933 1365 3093 1423 illius
3125 1371 3416 1425 auctorem
3448 1366 3541 1424 de-

1837 1451 1974 1510 ﬂere
1999 1453 2330 1527 compellor.

1906 1544 2046 1613 Quae
2125 1545 2406 1603 nimirum
2495 1549 2796 1619 gemenda;
2883 1549 3220 1608 calamitatis
3298 1548 3540 1606 historia

1835 1632 1914 1690 ita
1991 1639 2174 1690 totum
2247 1649 2344 1691 cor
2417 1649 2613 1692 meum
2711 1637 3028 1694 tremefacit
3111 1645 3166 1694 et
3247 1637 3542 1706 concutit.,
3627 1649 3632 1652 ‘

1835 1725 1901 1778 ut
1947 1721 2288 1779 immensam
2341 1723 2528 1780 cordis
2582 1725 2694 1782 mei
2753 1724 3166 1796 formidinem,
3249 1741 3354 1782 nec
3431 1732 3545 1796 sty-

117 1817 344 1875 Idcirco
398 1821 591 1874 autem
659 1815 896 1873 nomina
969 1813 1274 1873 hominum
1343 1830 1460 1873 non
1514 1809 1900 1887 appono,Blo
1975 1809 2213 1880 tradere,
2287 1827 2392 1868 nec
2471 1812 2694 1870 valeam
2769 1829 3035 1872 sermone
3091 1814 3363 1886 proferre.
3419 1812 3543 1872 Me-

56 1908 326 1980 quoniam
398 1905 537 1964 ordo
613 1911 857 1978 peractae
936 1905 1016 1962 rei
1084 1903 1312 1962 facilius
1375 1901 1521 1959 448
1593 1904 1760 1964 haesit

56 1995 244 2051 animo
279 2012 295 2060 ;
347 1993 584 2051 nomina
629 2009 787 2063 vero,
830 1992 987 2050 curis
1031 1992 1162 2049 aliis
1206 1991 1754 2062 intervenientibus,

59 2083 245 2150 lateor,
305 2083 604 2155 intercepit
649 2081 884 2139 oblivio.
937 2081 1053 2139 Nec
1097 2079 1442 2154 magnOpere
1485 2095 1758 2139 curamus

57 2169 230 2228 videri
285 2185 538 2244 aucupes
589 2171 916 2240 nominum,
975 2171 1293 2229 dummodo
1357 2186 1472 2228 non
1530 2171 1758 2228 excidat

56 2257 222 2314 series
271 2263 328 2313 et
373 2258 514 2316 ordo
549 2265 884 2330 gestorum;
919 2275 1252 2334 quanquam
1296 2265 1352 2316 et
1394 2259 1519 2316 haec
1555 2257 1757 2322 eadem

55 2353 224 2417 gesta,
275 2361 412 2416 qum
454 2347 780 2416 scribimus,
834 2349 971 2422 quia
1015 2350 1078 2407 in
1124 2350 1385 2407 transitu-
1409 2347 1610 2406 audire
1653 2364 1756 2406 nos

54 2436 307 2508 contigit,
377 2442 578 2494 utrum
649 2437 992 2495 inoffensam
1053 2437 1188 2494 ﬁdei
1237 2436 1449 2494 lineam
1503 2441 1752 2506 teneant,

55 2531 270 2583 certum
307 2541 406 2598 per
433 2527 630 2584 omnia
655 2543 770 2585 non
803 2526 1103 2584 habemus.
1145 2527 1228 2584 Ne
1257 2527 1436 2598 igitur
1481 2526 1606 2584 sine
1651 2540 1755 2582 no—

53 2617 310 2674 minibus
343 2616 562 2690 digesta
599 2619 850 2675 narratio
897 2633 1064 2675 nares
1105 2617 1416 2675 fastidiosis
1447 2617 1756 2676 lectoribus

53 2707 368 2775 contrahat,
420 2723 452 2762 a
509 2706 720 2765 talibus
773 2707 1010 2776 interim
1059 2707 1425 2779 supersedeo.
1483 2707 1554 2764 Et
1607 2713 1757 2763 certe

55 2793 342 2852 salubrius
389 2795 492 2865 est',
537 2803 601 2855 ut
647 2797 878 2855 omissis
921 2797 1217 2868 omnibus,
1255 2798 1328 2855 ad
1369 2813 1461 2856 me
1503 2796 1754 2867 redeam,

51 2899 130 2940 me
179 2884 454 2955 deﬂeam,
511 2901 602 2943 me
663 2886 884 2960 jugiter
952 2887 1095 2944 meis
1149 2887 1330 2944 oculis
1388 2893 1753 2959 anteponam.

49 2973 178 3032 Ecce
231 2975 398 3032 enim
447 2975 566 3048 jam
637 2977 790 3035 oculi
851 2975 1122 3050 caligant,
1179 2983 1234 3032 et
1287 2975 1454 3034 solito
1506 2975 1758 3048 amplius

45 3059 388 3132 phlegmatis
431 3061 702 3119 humores
751 3049 1070 3120 abundant.
1138 3064 1322 3136 Ruga;
1373 3063 1652 3126 subeunt.
1703 3049 1760 3119 et

1841 1899 1992 1957 ditor
2075 1900 2232 1958 enim
2303 1917 2472 1975 saepe,
2549 1919 2677 1961 ecce
2757 1904 2949 1982 homo,
3030 1912 3084 1962 et
3155 1903 3356 1975 bestia,
3427 1903 3544 1962 duo

1838 1990 2052 2061 pariter
2128 1990 2190 2046 in
2263 1991 2556 2064 spelunca.
2642 1991 2770 2050 Non
2853 1991 3132 2049 mediator
3209 1993 3542 2064 intervenit,

1839 2095 1958 2136 non
2037 2085 2260 2152 ereptor
2333 2081 2590 2152 accedit,
2665 2083 2918 2140 ferinum
2989 2097 3126 2139 sane
3195 2098 3292 2140 cor
3364 2083 3545 2156 pietas

1838 2165 1983 2222 449
2027 2183 2144 2225 non
2179 2169 2399 2228 emollit
2427 2189 2440 2240 ;
2475 2172 2798 2252 praesertim
2829 2187 2964 2229 cum
3002 2172 3217 2230 rabida;
3253 2171 3545 2230 voracitati

1839 2257 1948 2314 hoc
1979 2257 2151 2314 etiam
2187 2260 2608 2332 superadditur,
2643 2267 2707 2319 ut
2735 2262 2912 2320 illatae
2942 2263 3312 2322 contumeliae
3351 2262 3544 2335 gravis

1839 2347 1984 2406 ultio
2031 2357 2448 2422 compensetur.
2504 2351 2729 2421 Quaeso,
2771 2368 2902 2424 quae
2929 2353 3012 2410 rei
3042 2355 3221 2425 hujus
3251 2361 3386 2412 tunc
3414 2369 3546 2426 spe-‘-

1839 2436 1953 2495 cies
1980 2443 2116 2504 erat,
2146 2438 2264 2495 imo
2293 2454 2424 2512 quae
2455 2455 2616 2496 mens
2645 2441 2841 2498 miseri
2873 2441 3126 2498 hominis
3153 2457 3276 2499 esse
3305 2447 3542 2515 poterat,

1839 2541 1973 2584 cum
2013 2525 2204 2598 praeda
2241 2525 2423 2582 factus
2455 2533 2604 2584 esset
2643 2528 2790 2585 hosti
2831 2528 3024 2584 nescio
3063 2528 3322 2585 misereri
3353 2547 3370 2598 ;
3411 2543 3545 2586 cum

1838 2615 2119 2676 evadendi
2169 2631 2296 2687 spes
2345 2615 2506 2672 nulla
2546 2625 2888 2689 superesset,
2928 2616 3026 2674 sed
3066 2617 3254 2688 potius
3291 2616 3546 2674 cruentis

1840 2707 2112 2766 dentibus
2147 2706 2206 2763 in
2252 2721 2438 2763 escam
2474 2705 2729 2776 traditus,
2775 2707 3020 2766 ferinam
3052 2709 3314 2782 protinus
3347 2708 3545 2784 inglu-

1838 2797 1992 2854 viem
2024 2796 2303 2852 satiaret?
2330 2794 2523 2866 Hujus
2551 2810 2684 2866 ergo
2716 2795 3074 2854 formidolosi
3099 2812 3266 2854 casus
3296 2797 3543 2870 speciem

1837 2885 1900 2943 in
1956 2900 2084 2942 mea
2145 2899 2295 2954 saepe
2351 2889 2545 2940 mente
2600 2883 2868 2958 depingo,
2928 2900 3180 2958 moxque
3238 2883 3546 2944 draconem

1839 2974 2010 3032 illum
2055 2972 2230 3030 totius
2272 2972 2626 3031 crudelitatis
2665 2981 2980 3042 auctorem,
3031 2965 3321 3049 q'uomodo
3360 2974 3544 3048 rapiat

1839 3083 1904 3126 ac
1934 3067 2169 3123 devoret
2199 3065 2442 3136 animas,
2495 3066 2704 3138 pavida
2751 3067 3209 3125 consideratione
3243 3073 3542 3141 pertracto,

45 3147 306 3206 dentium
353 3149 586 3207 ruinam
623 3151 878 3223 gingivas
908 3152 1227 3211 minantur.
1269 3153 1451 3224 Caput
1479 3150 2008 3228 denique,(}illum
2067 3165 2216 3224 smpe
2278 3149 2632 3209 versiculum
2691 3159 2972 3224 repetens,
3036 3169 3208 3225 quem
3265 3152 3549 3225 Propheta

47 3239 186 3310 quod
235 3239 404 3296 canis
449 3241 725 3300 hactenus
753 3243 1148 3315 spargebatur,
1181 3243 1384 3315 cigneo
1407 3243 1528 3316 jam
1559 3242 1753 3300 albore

51 3327 332 3396 nivescit;
381 3343 498 3386 vox
545 3329 745 3398 raucit,
797 3331 984 3389 virtus
1026 3331 1257 3400 deficit;
1313 3339 1384 3397 et,
1443 3331 1558 3390 heu
1611 3331 1754 3404 proh

50 3412 248 3473 dolor!
296 3415 416 3474 sola
463 3417 526 3474 in
575 3433 668 3476 me
699 3419 980 3494 vitiorum
1029 3419 1194 3476 radix
1247 3420 1473 3494 ignorat
1523 3419 1756 3492 penitus

51 3509 427 3563 senectutem.
479 3497 794 3565 Enimvero
833 3507 1090 3582 quotidie
1135 3501 1377 3568 mortem
1425 3525 1544 3582 pra:
1577 3511 1758 3568 oculis

53 3597 234 3666 teneo,
286 3601 344 3652 et
393 3596 514 3668 jam
567 3597 844 3658 tribunali
891 3601 1173 3658 tremendi
1212 3600 1428 3674 judicis
1471 3599 1754 3674 quodam-

53 3683 217 3742 modo
253 3689 633 3756 praesentatus
663 3686 885 3744 assisto.
919 3687 1048 3745 Jam
1096 3685 1206 3744 sub
1247 3686 1498 3760 quadam
1548 3685 1757 3744 mentis

51 3771 464 3846 imaginatione
511 3775 768 3845 perversi
809 3773 1048 3847 spiritus
1098 3773 1244 3832 truci
1298 3773 1488 3840 vultu,
1538 3773 1756 3830 exhor-

53 3863 224 3919 renda
283 3861 470 3934 specie
521 3878 614 3920 me
660 3863 768 3921 sub
813 3869 1074 3920 extremo
1125 3863 1330 3935 spiritu
1384 3862 1756 3935 palpitantem

51 3947 386 4006 terribiliter
437 3950 744 4022 impetunt,
793 3952 915 4025 jam
963 3951 1142 4009 sancti
1185 3950 1376 4022 angeli
1426 3949 1644 4020 blandi,
1693 3966 1758 4008 ac

50 4039 222 4110 nivei,
257 4039 426 4113 quasi
457 4040 558 4113 qui
589 4040 971 4113 auxilienlur,
999 4041 1300 4118 accedunt.

116 4127 410 4200 Quiddam
453 4145 626 4202 porro
675 4146 792 4189 non
836 4133 1002 4204 longe
1034 4132 1275 4190 antehac
1305 4133 1568 4190 evenisse
1599 4147 1758 4189 com~

1836 3242 2141 3302 cantabat:
2181 3263 2202 3291 σι
2239 3239 2323 3298 Ne
2364 3241 2616 3314 quando,
2663 3240 2878 3315 inquit,
2934 3243 3118 3316 rapiat
3165 3249 3228 3300 ut
3277 3242 3365 3301 leo
3413 3243 3542 3300 ani-

1837 3349 1994 3392 mam
2033 3345 2258 3398 meam;
2311 3331 2454 3388 dum
2509 3347 2622 3388 non
2677 3339 2762 3389 est
2795 3332 2898 3404 qui
2931 3331 3194 3402 redimat,
3229 3347 3417 3406 neque
3444 3332 3546 3406 qui

1839 3421 2070 3479 salvum
2127 3421 2298 3477 faciat
2349 3423 2512 3490 (Psal.
2573 3420 2696 3492 vn).
2739 3445 2765 3470 ι»
2819 3419 2962 3478 Tam
3021 3421 3215 3479 brevis
3267 3421 3547 3494 scriptura

1839 3521 2016 3582 quam
2063 3506 2294 3579 longam
2337 3505 2686 3563 formidandi
2721 3505 3022 3564 materiam
3061 3507 3218 3564 sanis
3257 3506 3548 3565 mentibus

1837 3597 2054 3672 praebet
2083 3597 2094 3652 Ξ

1911 3683 2085 3742 Porro
2112 3689 2305 3742 autem
2333 3691 2386 3742 et
2413 3689 2546 3742 ante
2570 3701 2796 3744 annum
2842 3687 2903 3744 in
2941 3702 3057 3745 non
3106 3685 3427 3762 longinqua
3475 3685 3548 3746 ab

1837 3773 1946 3831 hac
1995 3775 2226 3846 regione
2278 3771 2413 3830 villa
2454 3773 2760 3845 contigisse
2807 3775 3036 3845 dicitur,
3095 3775 3250 3848 quod
3304 3775 3546 3848 quidam

1838 3861 2086 3936 agricola
2115 3860 2217 3917 vix
2246 3869 2586 3933 erumpente
2616 3861 2974 3934 crepusculo,
3009 3872 3234 3920 mature
3263 3869 3543 3932 surrexit,

1838 3950 2094 4009 enormis
2136 3949 2442 4006 draconem
2499 3951 2918 4024 magnitudinis
2973 3951 3132 4023 vidit,
3183 3961 3359 4026 quem
3405 3956 3546 4029 quia

1840 4037 2068 4110 lignum
2117 4037 2361 4110 putavit,
2412 4052 2551 4094 mox
2604 4054 2664 4095 se
2700 4054 2874 4111 super
2921 4054 3058 4096 eum
3103 4039 3172 4096 ad
3227 4041 3545 4100 sedendum

1840 4125 2005 4198 quasi
2053 4125 2115 4181 in
2171 4125 2328 4182 trabe
2375 4127 2712 4199 composuit.
2749 4126 3047 4186 Commota
3075 4129 3337 4203 protinus
3367 4129 3547 4188 bestia

53 4215 186 4286 peri,
241 4219 402 4290 quod
447 4219 588 4277 dum
639 4220 786 4278 mibi
840 4236 992 4293 saepe
1043 4228 1234 4280 movet
1287 4227 1556 4289 mentem,
1618 4221 1762 4278 solet
1843 4222 2014 4288 caput
2045 4215 2271 4285 attollit,
2309 4216 2607 4274 hominem
2639 4225 2878 4275 cruento
2917 4234 3014 4276 ore
3042 4219 3318 4291 pervadit,
3351 4220 3548 4294 sicque

54 4320 404 4380 exaggerare
439 4309 832 4368 formidinem.
882 4309 1130 4379 Quidam
1175 4326 1428 4383 namque
1476 4309 1763 4382 paenitens
1843 4307 2138 4364 viventem
2181 4305 2290 4363 sub
2335 4315 2626 4364 momento
2675 4307 2869 4365 rabida
2919 4309 3226 4368 voracitate
3256 4309 3544 4383 deglutiit,

55 4393 152 4450 sub
181 4395 494 4468 peregrino
537 4397 740 4456 habitu
771 4397 844 4460 in
887 4399 1099 4457 nostris
1125 4399 1384 4473 partibus
1413 4399 1714 4457 exsulabat
1745 4416 1758 4455 :

55 4482 146 4552 qui
193 4485 579 4558 perquisitus,
627 4502 762 4561 quae
799 4503 934 4546 eum
965 4487 1226 4546 exsiliari
1256 4488 1422 4562 culpa
1449 4487 1819 4584 compelle-D

57 4579 132 4628 ret
159 4593 172 4630 :
213 4575 368 4634 Cum
403 4578 752 4636 convicaneo
779 4595 929 4648 meo,
959 4579 1170 4653 inquit,
1199 4579 1270 4637 ad
1301 4579 1458 4650 ligna
1486 4579 1760 4638 caedenda

55 4663 386 4734 pergebam,
440 4671 497 4722 et
547 4681 676 4724 ecce
728 4667 962 4726 trabalis
1037 4667 1454 4741 magnitudinis
1523 4683 1759 4742 serpens

55 4747 284 4810 duobus
335 4753 600 4812 attollens
646 4771 953 4830 squamosa
991 4757 1138 4816 colla
1166 4755 1469 4830 capitibus,
1507 4756 1759 4814 sinuosis

57 4837 308 4898 ﬂexibus
345 4841 668 4914 obrepebat.
699 4843 808 4912 Qui
855 4859 960 4903 nos
993 4851 1059 4901 ut
1107 4859 1173 4901 eo
1212 4843 1575 4901 ambulantes
1603 4859 1762 4916 aspe-

59 4927 151 4996 xit,
184 4928 472 4988 continuo
501 4932 819 4990 scintillans
856 4932 1060 5002 oculis,
1115 4937 1172 4990 et
1218 4939 1494 5002 tanquam
1541 4931 1757 5004 linguis

56 5029 346 5074 exacuens
391 5033 492 5075 ora
531 5019 802 5093 trisulcis,
861 5021 924 5078 in
981 5037 1084 5079 nos
1129 5021 1410 5093 impetum
1448 5019 1600 5077 fecit.
1649 5017 1755 5077 Cui

55 5103 320 5172 protinus
351 5105 646 5164 conviator
671 5123 836 5166 meus
875 5108 1080 5166 librata
1119 5107 1325 5177 securi,
1366 5123 1556 5166 unum
1586 5114 1756 5181 caput

51 5189 316 5262 abscidit,
374 5208 626 5268 moxque
695 5197 1111 5254 ferramentum
1170 5211 1244 5253 ex
1305 5195 1432 5268 ejus
1489 5195 1756 5254 manibus

51 5279 272 5338 cecidit.
325 5279 602 5339 Protinus
653 5297 888 5356 serpens
930 5285 992 5342 in
1041 5283 1253 5342 furoris
1294 5283 1510 5342 rabiem
1561 5283 1758 5357 impla-

53 5371 318 5430 cabiliter
342 5372 634 5444 efferatus,
667 5374 730 5432 in
759 5375 1009 5434 sublime
1044 5391 1104 5433 se
1141 5374 1329 5448 erigit,
1377 5373 1530 5448 quod
1570 5375 1758 5432 solum

58 5467 412 5518 remanserat
481 5469 653 5537 caput
732 5463 980 5534 attollit,
1057 5473 1465 5537 auctoremque
1543 5463 1758 5538 proprii

59 5549 320 5606 vulneris
365 5551 662 5609 mordicus
703 5553 1124 5625 apprehendit;
1173 5569 1349 5628 quem
1391 5567 1528 5610 mox
1567 5559 1630 5609 ut
1673 5552 1760 5610 in-

57 5637 218 5708 vasit,
279 5637 532 5697 sinuosis
587 5655 724 5698 eum
792 5640 964 5714 spiris
1041 5641 1332 5716 implicuit
1379 5647 1435 5698 et
1489 5640 1756 5713 involvit,

58 5730 358 5802 totumque
405 5729 704 5790 hominem
751 5731 872 5790 suis
918 5731 1142 5792 viribus
1170 5731 1495 5805 vindicans,
1525 5730 1588 5788 in
1617 5729 1757 5790 sub-

1845 4401 1901 4453 et
1947 4401 2013 4453 ut
2059 4395 2228 4452 corda
2264 4404 2456 4453 nostra
2486 4397 2717 4468 gravior
2743 4398 2934 4456 adhuc
2958 4399 3208 4458 formido
3238 4401 3544 4473 concutiat,

1845 4491 2016 4558 atque
2046 4483 2116 4540 ad
2146 4486 2455 4543 metuenda
2485 4502 2660 4560 super
2687 4502 2789 4545 nos
2833 4489 3032 4547 divina
3056 4489 3273 4564 judicia
3301 4491 3548 4566 pervigil

1844 4587 1950 4629 nos
1997 4571 2324 4630 sollicitudo
2367 4575 2712 4647 compellat;
2750 4577 3094 4650 plerumque
3139 4579 3409 4638 videmus
3438 4581 3548 4639 lio-

1839 4660 2192 4720 nestioribus
2237 4676 2304 4717 ac
2340 4659 2495 4732 juste
2523 4661 2856 4719 viventibus
2887 4664 3026 4720 viris
3055 4663 3163 4722 ista
3192 4667 3543 4740 contingere,

1841 4767 1974 4810 cum
2021 4755 2254 4810 econtra
2294 4749 2549 4808 carnales
2603 4755 2658 4808 et
2707 4751 3072 4824 incompositi
3105 4755 3410 4814 videantur
3439 4757 3544 4814 ho-

1841 4841 2050 4909 mines,
2093 4845 2160 4898 ut
2197 4855 2369 4912 supra
2413 4839 2812 4908 meminimus,
2843 4841 3016 4898 etiam
3048 4843 3364 4904 virtutibus
3413 4861 3542 4905 cor-

1841 4947 2096 4989 ruscare.

1911 5021 2078 5090 Nam,
2111 5029 2174 5080 ut
2201 5013 2566 5081 non'diutius
2595 5023 2888 5093 immorer,
2926 5023 3160 5097 quidam
3205 5025 3278 5084 ab
3333 5025 3546 5086 Hiero-

1837 5109 2078 5184 solymis
2117 5108 2366 5179 rediens,
2418 5113 2524 5168 hoc
2573 5110 2684 5168 sibi
2731 5111 2969 5184 suisque
3011 5112 3318 5170 comitibus
3369 5114 3547 5171 conti-

1837 5197 1988 5272 gisse
2015 5197 2308 5269 narravit;
2358 5201 2495 5272 quia
2541 5215 2676 5258 cum
2719 5199 2943 5258 itineris
2971 5199 3164 5258 labore
3193 5200 3420 5270 defessi,
3451 5217 3544 5259 se-

1839 5303 1945 5346 cus
1997 5286 2150 5344 viam
2195 5295 2355 5345 nocte
2398 5288 2782 5362 quiescerent,
2831 5297 3060 5362 repente
3127 5290 3216 5348 leo
3265 5291 3546 5348 terribilis

1841 5373 2259 5432 dormientibus
2309 5375 2659 5446 supervenit.
2711 5374 3010 5446 Presbyter
3046 5383 3238 5433 autem
3272 5377 3384 5448 pia;
3419 5375 3546 5448 opi-

1841 5462 2056 5533 nionis,
2105 5469 2160 5519 et
2215 5463 2469 5521 honestas
2513 5465 2666 5532 vitae,
2714 5464 2817 5536 qui
2876 5463 3050 5522 etiam
3097 5473 3298 5538 quater
3344 5466 3466 5538 jam
3511 5478 3546 5522 a

1841 5551 2160 5610 Dominicze
2199 5551 2510 5625 sepulturae
2548 5551 2874 5608 visitationc
2913 5553 3180 5621 redierat,
3221 5553 3391 5612 sociis
3429 5569 3546 5612 un-

1840 5641 2016 5714 dique
2049 5641 2417 5698 circumlusis
2449 5641 2675 5697 medius
2713 5639 3060 5713 quiescebat.
3100 5642 3336 5700 Irruens
3371 5645 3548 5717 igitur

1839 5729 2115 5788 immanis
2134 5729 2336 5806 bestia,
2365 5731 2663 5788 neminem
2691 5745 2766 5786 ex
2793 5729 2886 5790 his
2908 5731 3010 5806 qui
3032 5732 3142 5790 sibi
3164 5732 3327 5807 prius
3344 5749 3546 5794 occur-
