4080 6194
149 255 260 314 453

868 249 1120 312 OPUSC.
1161 252 1286 310 XX.
1330 281 1395 294 —
1435 249 1922 312 APOLOGETIC.
1967 250 2058 310 OB
2095 247 2462 310 DIMISSUM
2499 243 2928 308 EPISGOPAT.

3551 246 3653 305 454

151 387 276 440 erat
329 377 674 446 Madelmus,
745 377 845 450 qui
903 377 1186 436 nimirum
1230 378 1398 452 juxta
1451 376 2192 458 monasteriumAlepores,
2235 375 2608 444 urbanitates,
2657 371 3003 438 dicacitates,
3039 369 3338 430 volumina
3378 371 3653 444 quaestio-

153 471 370 544 degens
409 467 470 524 in
501 465 732 534 cellula,
763 465 1046 535 inclusus,
1080 465 1202 523 sive
1229 466 1522 524 solitarius
1554 465 1867 523 dicebatur.

155 557 268 614 Hic
299 555 446 612 mihi
493 554 708 623 retulit,
752 555 888 626 quia
923 555 986 612 in
1027 561 1384 613 sacrosancto
1423 555 1678 626 paschali
1727 552 1870 612 Sab-

161 646 310 712 bato,
371 641 870 702 Resurrectionem
921 643 1279 716 praecedente
1339 643 1704 700 Dominicam
1739 687 1752 712 ,
1803 641 1868 699 in

159 732 433 798 Ecclesia,
485 746 660 804 quam
701 731 1070 810 frequentare.
1121 737 1519 800 consueverat,
1589 735 1868 804 quatuor-

159 823 348 880 decim
379 821 510 894 plus
551 821 746 879 minus
773 820 1065 894 lampades
1090 821 1412 890 adornavit,
1446 827 1500 878 et
1546 837 1697 895 aqua
1731 836 1869 892 sup-

159 911 350 984 posita
408 915 616 982 praeter
685 923 886 979 unam,
941 909 1220 966 omnibus
1267 907 1464 965 oleum
1521 907 1864 980 superfudit.

161 999 426 1072 Cumque
477 998 701 1054 caeteris
750 998 1105 1055 satisfactum
1177 1002 1346 1065 esset,
1408 995 1507 1054 sed
1569 995 1872 1054 deﬁciente

159 1086 311 1156 oleo,
355 1101 474 1144 una
501 1091 864 1156 remaneret;
922 1084 1124 1158 petivit
1155 1083 1228 1142 ab
1255 1083 1477 1152 abbate,
1535 1084 1634 1142 sed
1685 1085 1871 1158 impe-

161 1181 314 1233 trare
345 1189 460 1232 non
493 1174 697 1247 potuit.
725 1173 983 1232 Tandem
1007 1175 1070 1231 in
1103 1173 1216 1231 ﬁde
1245 1189 1364 1231 non
1393 1173 1690 1246 haesitans,
1723 1191 1874 1248 aqua

161 1261 818 1335 lampadem'implevit,
861 1261 1058 1320 lumen
1113 1261 1402 1333 adhibuit,
1460 1279 1592 1335 quze
1621 1262 1876 1334 profecto

161 1368 270 1425 per
291 1357 466 1409 totam
497 1357 724 1409 noctem
752 1367 888 1409 cum
921 1352 1142 1410 caateris
1173 1351 1560 1410 nihilominus
1589 1352 1871 1422 radiavit;

162 1446 222 1498 et
253 1455 388 1498 cum
435 1439 700 1498 naturale
749 1440 822 1498 sit
874 1455 1043 1515 aqua-3
1075 1446 1141 1498 ut
1171 1439 1366 1514 ignem
1397 1455 1623 1514 semper
1655 1442 1877 1500 exstin-

161 1535 330 1602 guat,
359 1525 458 1584 illa
487 1527 735 1585 fovebat.
796 1527 961 1586 Tunc
1010 1528 1187 1586 abbas
1250 1528 1566 1588 advocatus
1622 1529 1684 1588 in
1717 1531 1876 1588 testi-

163 1617 456 1688 monium,
489 1617 724 1690 signum
769 1615 1003 1674 virtutis
1051 1616 1371 1676 admiratus
1409 1619 1666 1692 expavit,
1723 1636 1876 1678 sese-

1955 482 2118 526 num.
2146 478 2464 538 omnesque
2495 463 2804 522 verborum
2833 459 3102 518 inanium
3129 465 3317 531 pestes
3341 458 3656 516 insolenter

1957 565 2290 632 erumpunt,
2325 571 2456 631 quae
2490 570 2614 624 nos,
2653 569 2770 610 non
2793 553 2915 626 jam
2961 551 3298 620 sacerdotes,
3337 551 3432 607 sed
3465 549 3656 622 potius

1950 655 2221 716 oratores,
2283 663 2348 706 ac
2391 648 2664 712 rhetores,
2721 643 2863 712 sive,
2921 640 3076 714 quod
3121 641 3500 698 inhonestum
3549 647 3654 708 est,
3715 675 3730 682 -

1951 753 2177 796 scurras
2207 736 2532 794 ostendunt.
2567 734 2700 791 Mox
2730 734 2907 802 enim,
2953 737 3020 789 ut
3067 731 3240 788 verba
3277 730 3656 800 conserimus,
3703 799 3724 814 κ

1953 825 2230 899 paulatim
2264 825 2531 900 quwdam
2571 821 2856 881 lenocinia
2903 836 3004 880 con
3019 820 3388 878 fabulationis
3419 821 3656 880 alterna)

1953 917 2296 989 subrepunt,
2349 931 2482 988 quae
2531 927 2764 971 omnem
2815 911 2998 969 animi
3037 912 3286 984 rigorem
3323 911 3660 978 indecenter

1952 1003 2274 1073 emolliant,
2313 1008 2368 1059 et
2396 1001 2713 1060 severitatis
2756 999 2936 1058 robur
2981 999 3040 1056 in
3085 1012 3394 1055 excussura
3449 998 3656 1068 risum,

1957 1099 2011 1149 et
2037 1089 2234 1165 turpia
2255 1093 2382 1162 joca
2407 1091 2744 1150 dissolvent.
2787 1087 2937 1146 Hinc
2966 1093 3068 1156 cst,
3106 1086 3258 1159 quod
3289 1101 3454 1142 mens
3493 1093 3659 1144 extra

1958 1199 2020 1240 se
2049 1198 2244 1255 sparsa
2291 1180 2688 1248 confunditur,
2738 1179 2888 1236 acies
2917 1177 3104 1236 cordis
3145 1175 3512 1242 obtunditur,
3547 1176 3654 1234 lux

1959 1271 2143 1330 divini
2191 1271 2406 1330 amoris
2451 1269 2862 1344 exstinguitur,
2897 1275 3080 1325 terror
3110 1268 3172 1324 in
3218 1265 3384 1326 alios.
3417 1271 3472 1324 et
3503 1282 3664 1324 reve-

1961 1361 2145 1420 rentia
2183 1359 2548 1420 sacerdotalis
2595 1359 2928 1426 amittitur;
2986 1363 3041 1415 et
3085 1358 3238 1432 quod
3279 1355 3662 1430 periculosius

1960 1459 2062 1521 est,
2095 1457 2242 1509 recte
2269 1450 2508 1509 vivendi
2537 1449 2708 1517 linea,
2741 1462 2872 1521 quae
2902 1447 3032 1506 aliis
3063 1449 3136 1506 ad
3163 1446 3502 1521 exemplum
3529 1461 3661 1517 pro-

1960 1541 2226 1615 ponenda
2252 1540 2458 1609 fuerat,
2489 1553 2606 1597 non
2644 1543 2888 1596 tenetur.
3371 1607 3380 1612 _
3653 1609 3656 1612 ἢ

2030 1631 2188 1700 Quod
2219 1631 2268 1688 si
2297 1646 2422 1696 nos,
2452 1629 2546 1686 vel
2572 1629 2811 1702 pudore,
2837 1627 2928 1684 vel
2955 1631 3114 1685 metu
3141 1627 3202 1684 in
3227 1625 3351 1684 haec
3373 1626 3668 1686 declinare

161 1722 286 1780 que
311 1707 509 1764 oleum
563 1721 680 1765 non
733 1705 958 1764 dedisse
1000 1705 1275 1764 confusus
1324 1707 1576 1766 erubuit.
1618 1707 1794 1766 Porro
1823 1713 1877 1765 et
1892 1717 2913 1792 Bcontemnimus,moxinhumani,
2939 1718 3109 1790 rigidi
3133 1725 3186 1776 et
3206 1733 3352 1793 quos
3375 1717 3664 1791 Hyrcano-9

159 1795 312 1854 alias
363 1794 642 1870 quasdam
699 1795 1016 1854 monachus
1073 1795 1173 1854 ille
1219 1795 1514 1856 dicebatur
1561 1797 1878 1856 ostendisse

163 1887 432 1944 virtutes.
469 1884 580 1944 Sed
605 1900 694 1943 vae
725 1884 812 1942 illi
847 1889 857 1942 ε
893 1884 1106 1944 clausis
1139 1885 1323 1945 oculis
1371 1903 1612 1946 securus
1641 1888 1874 1958 incedit,

161 1982 220 2034 et
243 1976 466 2034 versuti
501 1975 680 2034 hostis
714 1975 949 2048 laqueos
979 1989 1096 2032 non
1126 1975 1385 2034 attendit.
1432 1976 1578 2034 Nam
1619 1983 1878 2050 postmo-

163 2064 316 2122 dum
371 2063 464 2120 hic
492 2063 554 2120 in
601 2063 860 2122 luxuria:
889 2064 1224 2136 voraginem
1255 2066 1490 2137 corruit,
1535 2072 1590 2124 et
1627 2069 1726 2142 qui
1782 2084 1878 2125 ea-

165 2161 344 2210 tenus
371 2167 598 2224 magnze
624 2151 964 2209 reverentia:
993 2152 1260 2226 principi,
1291 2169 1358 2212 ac
1405 2155 1634 2214 civibus
1691 2157 1880 2214 fuerat

167 2241 425 2312 habitus,
457 2241 688 2314 publice
723 2241 902 2314 virgis
931 2255 1133 2311 caesus,
1171 2249 1226 2300 et
1248 2242 1356 2300 sub
1384 2243 1690 2303 inhonesto
1721 2244 1877 2303 ludi-

167 2331 305 2388 brio
344 2331 582 2403 turpiter
605 2329 882 2390 asseritur
907 2329 1266 2403 decalvatus,

738 2519 886 2578 452
917 2522 1162 2602 CAPUT
1189 2522 1318 2581 v11.

388 2645 651 2712 Quod-res
681 2649 755 2702 sit
783 2650 1022 2702 maxime
1041 2648 1219 2702 ardua
1248 2648 1378 2701 aliis
1407 2629 1658 2717 praesae.

235 2786 387 2844 Haec
432 2786 643 2845 idcirco
695 2787 966 2858 dixerim,
1001 2793 1065 2846 ut
1127 2786 1350 2860 liquido
1389 2791 1594 2860 pateat,
1628 2785 1765 2861 quia
1811 2784 1876 2842 in

157 2877 278 2934 hoc
307 2876 444 2935 vitae
483 2876 740 2934 mortalis
768 2877 971 2935 itinere
1000 2875 1397 2950 gradientibus
1429 2875 1633 2936 multis
1669 2889 1876 2948 suppo-

1965 1813 2268 1887 genuerint
2289 1813 2462 1884 tigres
2483 1809 2644 1868 saxei
2669 1809 3005 1880 judicamur
3033 1807 3213 1876 [PL1N.
3238 1805 3338 1864 lib.
3357 1819 3489 1877 VIII,
3521 1824 3569 1866 c.
3590 1808 3659 1880 ‘2).

1960 1901 2234 1974 Reprimo
2283 1900 2591 1958 calamum.
2647 1897 2814 1968 Nam,
2875 1903 2940 1955 ut
2998 1896 3280 1968 turpiores
3333 1899 3668 1954 attexantur

1961 1988 2212 2060 ineptire,
2263 1987 2481 2060 pudore
2507 1985 2838 2053 suffunder,
2881 1983 3150 2042 videlicet
3189 1989 3449 2052 venatus,
3481 1999 3664 2042 aucu-

1961 2077 2144 2154 pium,
2175 2077 2431 2135 alearum
2469 2075 2709 2149 insuper
2737 2073 2930 2144 furiae,
2965 2075 3050 2131 vel
3083 2074 3475 2142 scaccborum,
3529 2089 3666 2147 qua)

1961 2159 2241 2222 nimirum
2272 2165 2342 2222 de
2372 2171 2484 2222 toto
2507 2163 2742 2235 quidem
2771 2161 3060 2220 sacerdote
3085 2161 3363 2218 exhibent
3383 2160 3666 2233 mimum;
3693 2157 3696 2162 ’

1962 2253 2060 2310 sed
2092 2254 2378 2326 praecipue
2409 2253 2626 2322 oculos,
2663 2266 2894 2318 manus,
2927 2254 2982 2306 et
3016 2251 3303 2322 linguam,
3343 2250 3512 2322 quasi
3547 2251 3664 2308 'mi-
3738 2301 3740 2303 .

1960 2358 2124 2401 mum
2179 2359 2384 2402 verum
2452 2343 2628 2400 simul
2682 2341 2963 2408 efﬁciunt,
3017 2339 3214 2413 sicque
3279 2341 3558 2410 conditos,
3613 2347 3670 2400 et

1960 2433 2062 2507 qui
2095 2433 2333 2491 suavius
2379 2433 2622 2506 sapiant,
2665 2431 2822 2490 cibos
2853 2429 3188 2488 daemonum
3223 2429 3439 2487 mensis
3487 2445 3664 2504 appo-

1957 2517 2126 2580 nant.
2159 2517 2304 2575 453
2337 2519 2447 2578 Hic
2501 2519 2688 2592 plane,
2727 2518 2775 2576 si
2819 2515 2960 2598 quid
3016 2516 3163 2574 mihi
3221 2515 3292 2573 de
3347 2515 3666 2574 venerabili

1955 2609 2309 2667 Florentium
2338 2608 2490 2666 sedis
2512 2608 2775 2681 episcopo
2799 2605 3126 2680 contigerit,
3157 2605 3371 2676 recolo,
3399 2605 3666 2664 alienum

1959 2713 2082 2757 esse
2109 2697 2182 2756 ab
2211 2698 2591 2756 aedificatione
2623 2687 2744 2754 non
2764 2695 2953 2754 credo.
3105 2749 3108 2752 ,
3597 2739 3604 2748 .

2029 2786 2182 2845 Dum
2205 2786 2516 2859 aliquando
2547 2784 2656 2843 sibi
2697 2799 2882 2842 essem
2916 2797 3107 2840 comes
3146 2781 3390 2854 itineris,
3432 2797 3668 2855 vesper-

1959 2875 2153 2934 tinum
2183 2876 2414 2934 tandem
2472 2875 2786 2934 subeuntes
2811 2871 3150 2946 hospitium,
3191 2886 3295 2944 ego
3322 2887 3414 2930 me
3443 2873 3502 2930 in
3535 2889 3666 2946 pre-

156 2970 404 3023 nuntur
455 2963 703 3034 insidia},
763 2965 990 3023 diversa
1053 2963 1313 3022 occultus
1367 2965 1546 3021 hostis
1602 2963 1871 3022 scandala
1960 2964 2176 3038 sbyteri
2203 2965 2408 3023 cellam
2436 2965 2701 3038 semovi;
2743 2965 2792 3023 is
2838 2970 3035 3022 autem
3092 2963 3154 3020 in
3207 2963 3454 3036 spatiosa
3498 2964 3670 3022 domo

155 3051 442 3141 contegit,
473 3051 658 3111 multa
687 3051 930 3141 visceria
952 3053 1146 3141 struit,
1187 3051 1383 3141 plures
1434 3051 1670 3141 laqueos
1707 3057 1878 3141 atque
1904 3069 2097 3141 ccum
2130 3057 2580 3115 commeantium
2621 3057 2788 3115 turba
2835 3055 3063 3114 resedit.
3121 3053 3291 3112 Mane
3340 3061 3536 3113 autem
3579 3057 3668 3112 fa-

161 3137 495 3196 tendiculas
535 3137 744 3197 nostris
774 3138 1030 3213 quotidie
1056 3137 1349 3211 gressibus
1397 3137 1710 3212 anteponit.
1776 3137 1878 3196 Di-
1912 3137 2070 3214 wcto,
2133 3159 2167 3201 a
2225 3160 2354 3202 meo
2417 3144 2574 3202 mihi.
2621 3160 2867 3218 agasone
2921 3141 3312 3215 signiﬁcatum
3353 3149 3456 3210 est,
3511 3143 3664 3216 quod

157 3235 302 3287 cant
340 3244 470 3302 ergo
515 3229 684 3301 mihi,
715 3229 818 3306 qui
860 3229 1066 3288 volunt
1102 3229 1448 3302 episcopare,
1503 3228 1770 3302 plebibus
1829 3233 1880 3285 te
1947 3217 2272 3306 ’przedictus
2329 3235 2632 3308 episcopus
2668 3217 2821 3293 ludo
2895 3232 3195 3307 praefuerit
3273 3233 3662 3290 scacchorum.

159 3317 441 3392 regendis
490 3333 733 3392 expone.
789 3318 898 3377 Sed
956 3318 1060 3392 qui
1119 3317 1408 3390 meipsum
1464 3332 1690 3390 nequeo
1731 3317 1882 3375 inter
1962 3319 2125 3389 Quod
2179 3323 2430 3394 profecto
2483 3321 2746 3390 verbum,
2810 3321 2992 3378 velut‘
3039 3319 3262 3391 sagitta,
3323 3333 3418 3376 cor
3469 3333 3667 3376 meum

163 3415 248 3468 tot
279 3407 505 3483 gladios
565 3425 632 3466 ac
679 3409 792 3467 tela
845 3415 1184 3482 protegere;
1246 3423 1363 3481 quo
1415 3414 1577 3481 pacto
1629 3415 1684 3465 et
1733 3408 1880 3467 alios
1963 3409 2294 3468 acutissime
2317 3411 2582 3484 pupugit,
2633 3417 2687 3468 et
2717 3408 3132 3482 indignationis
3167 3407 3382 3466 vulnus
3425 3407 3666 3465 inﬂixit.

157 3514 410 3573 possum
460 3515 535 3556 ex
581 3499 846 3572 captiosis
899 3499 1206 3556 latentium
1259 3497 1607 3556 insidiarum
1657 3497 1880 3571 laqueis
1965 3498 2120 3558 Hora
2159 3507 2372 3570 autem,
2435 3515 2568 3576 quae.
2609 3501 2752 3558 mihi
2801 3499 3110 3557 videbatur
3162 3497 3358 3561 electa,
3417 3489 3668 3556 conveni

159 3583 870 3660 expedire?Deponenda
917 3591 1002 3644 est
1033 3600 1166 3658 ergo
1202 3584 1444 3654 sarcina,
1493 3601 1674 3658 quam
1710 3585 1878 3660 baju-
1962 3589 2282 3658 hominem,
2344 3595 2398 3648 e't
2447 3587 2658 3648 acriter
2711 3588 2976 3646 invehor.
3031 3586 3154 3644 Hoc
3197 3587 3408 3660 igitur"
3432 3587 3669 3646 initium

149 3671 280 3732 lare
313 3689 710 3748 nonpossum
744 3694 756 3732 :
801 3673 1130 3747 meliusque
1179 3677 1265 3730 est
1309 3672 1538 3746 pondus
1595 3673 1871 3746 abjicere,
1959 3679 2242 3739 sermonis
2271 3682 2572 3755 arripiens,
2603 3681 2694 3739 aio
2725 3705 2736 3738 :
2769 3678 2999 3746 Librata
3043 3694 3222 3736 manu
3251 3679 3445 3752 virgas
3474 3693 3669 3749 exero,

153 3776 344 3834 quam
393 3776 526 3818 Cum
555 3762 898 3820 detrimento
952 3759 1208 3826 Ποῐηίῐιίς
1262 3761 1429 3833 cuius
1459 3776 1592 3819 sum
1647 3777 1872 3832 servus.
1955 3771 2152 3844 plagas
2183 3771 2422 3842 infigere
2451 3787 2648 3845 quaero
2686 3769 2734 3828 si
2788 3770 2861 3827 sit
2895 3771 2994 3842 qui
3051 3775 3204 3840 terga
3254 3767 3542 3840 subjiciat.
3600 3767 3674 3824 Et

149 3848 364 3908 fractis
417 3849 739 3908 cervicibus
787 3850 1042 3907 interire.
1095 3848 1354 3907 Suﬁiciat
1391 3865 1550 3908 nunc
1599 3851 1666 3908 ad
1715 3852 1872 3909 testi-
1957 3856 2077 3928 ille,
2111 3857 2414 3924 inferatur,
2454 3856 2668 3930 inquit,
2713 3855 2910 3928 culpa,
2945 3869 3060 3912 non
3092 3847 3455 3911 recusabitur
3483 3857 3670 3926 pceni-
3723 3899 3730 3904 ς

151 3939 438 3997 monium
465 3939 572 3997 hoc
613 3940 804 3999 solum
831 3939 983 4006 beati
1018 3939 1386 4014 Hieronymi,
1417 3941 1590 4014 quod,
1625 3941 1874 4000 necdum
1959 3947 2152 4004 tentia.
2198 3948 2466 4018 Rectene,
2515 3947 2774 4021 inquam,
2833 3946 3034 4019 tuique
3065 3951 3184 4002 erat
3213 3944 3408 4014 oﬂicii,
3431 3960 3672 4018 vespere

147 4029 306 4088 hora
361 4035 660 4100 transacta,
717 4027 828 4088 sub
895 4029 1080 4088 oculis
1134 4029 1406 4089 habuisse
1463 4045 1556 4088 me
1608 4031 1869 4089 memini.
1956 4031 2019 4089 in
2059 4032 2428 4090 scacchorum
2481 4032 2730 4090 vanitate
2779 4028 3090 4098 colludere,
3155 4034 3208 4084 et
3260 4043 3500 4085 manum
3555 4027 3668 4088 Do-

145 4117 316 4176 Dum
368 4117 526 4174 enim
559 4117 628 4174 de
657 4117 836 4175 otioso
883 4115 1150 4175 Ecclesia:
1179 4125 1402 4190 pastore
1443 4122 1723 4184 tractaret,
1784 4117 1878 4175 ad-
1961 4119 2162 4177 minici
2203 4119 2455 4192 corporis
2485 4118 2818 4177 oblatricem
2846 4162 2859 4188 ,
2893 4116 3154 4188 linguam
3200 4115 3351 4173 inter
3379 4115 3566 4174 Deum
3617 4125 3676 4176 et

141 4207 344 4281 jecit:
397 4229 422 4258 (ε
456 4205 640 4276 Illico,
691 4205 900 4278 inquit,
949 4203 1308 4278 indignantis
1357 4205 1588 4263 Domini
1637 4220 1877 4278 respon-
1959 4210 2238 4284 populum
2295 4209 2709 4278 mediatricem,
2765 4207 3026 4281 sacrilegi
3077 4205 3318 4266 ludibrii
3388 4209 3670 4266 contami-

145 4297 330 4356 sione
385 4295 661 4352 ferietur:
721 4293 898 4353 Serve
961 4309 1234 4366 nequam,
1293 4309 1622 4374 quare‘non
1671 4293 1878 4352 dedisti
1960 4300 2195 4356 natione
2219 4299 2436 4356 fmdare
2466 4297 2494 4355 ?
2547 4297 2870 4378 Praesertim
2916 4311 3050 4355 cum
3089 4295 3364 4354 canonica
3403 4295 3672 4354 decernat

145 4384 468 4460 pecuniam
501 4383 574 4441 ad
627 4398 907 4452 mensam,
958 4389 1014 4439 εἴ
1057 4397 1161 4455 ego
1207 4383 1448 4440 Veniens
1498 4397 1632 4439 cum
1683 4383 2292 4462 HSUPiSnauctoritas,
2321 4397 2386 4449 ut
2412 4391 2687 4449 aleatores
2715 4389 2964 4462 epiSCOpi
3004 4387 3383 4460 deponantur.
3433 4387 3502 4446 Et
3528 4387 3670 4461 quid

143 4475 372 4550 utique
421 4474 746 4548 exegissem
786 4472 1002 4532 illam?
1035 4495 1062 4524 ι»
1119 4477 1264 4547 (Luc.
1314 4475 1464 4546 XIX.)
1504 4473 1666 4544 Quod
1721 4472 2186 4555 idem”prodest
2211 4479 2282 4546 ei,
2313 4495 2486 4552 quem
2515 4477 2819 4536 efﬁcaciter
2861 4474 3172 4533 auctoritas
3204 4475 3462 4546 damnat,
3497 4475 3671 4533 etiam

145 4565 363 4626 doctor
409 4565 678 4639 protinus
731 4579 1050 4638 exponens,
1084 4563 1184 4634 ait,
1238 4564 1297 4622 id
1358 4572 1460 4634 est,
1517 4565 1878 4638 deposuisses
1961 4570 2006 4628 si
2031 4567 2319 4641 judicium
2345 4568 2856 4644 extrinsecusnon
2887 4561 3174 4621 accedat?
3219 4562 3325 4620 Ille
3371 4571 3566 4620 autem
3594 4579 3669 4621 ex

143 4655 228 4714 ad
291 4654 473 4710 altare
527 4653 683 4727 quod
749 4653 897 4710 ferre
950 4668 1070 4711 non
1117 4659 1358 4726 poteras.
1412 4653 1568 4711 Dum
1618 4655 1774 4710 enim
1815 4659 1876 4709 tll
1961 4658 2290 4718 diversitate
2327 4657 2656 4726 nominum,
2709 4653 3061 4713 defensionis
3101 4651 3211 4709 sibi
3273 4653 3484 4710 faciens
3531 4669 3666 4710 scu-

149 4749 418 4822 ignavus
469 4747 788 4820 negotiator
833 4747 1140 4804 denarium
1173 4751 1351 4816 tenes,
1386 4746 1623 4805 alterius
1663 4747 1873 4818 locum,
1963 4753 2106 4814 tum,
2138 4746 2216 4802 ait
2255 4769 2266 4801 :
2306 4744 2465 4802 aliud
2521 4745 2824 4802 scacchum
2871 4755 3015 4810 esse,
3069 4738 3230 4796 aliud
3259 4739 3464 4796 aleam.
3497 4741 3670 4800 Aleas

147 4834 272 4912 qui
299 4836 610 4909 pecuniam
639 4834 933 4906 duplicare
977 4839 1214 4907 poterat,
1252 4833 1561 4906 occupasti.
1611 4833 1734 4892 Hoc
1773 4851 1878 4906 ego
1964 4851 2098 4910 ergo
2155 4833 2464 4892 auctoritas
2511 4833 2611 4890 illa
2665 4829 2980 4904 prohibuit,
3039 4829 3306 4886 scacchos
3381 4845 3519 4888 vero
3577 4837 3704 4888 ta-'

149 4923 354 4984 sancti
411 4923 523 4982 viri
581 4923 910 4992 consilium,
973 4923 1172 4994 fateor,
1223 4921 1764 4996 libenter_arripui;
1827 4929 1882 4981 et
1963 4923 2142 4982 cendo
2173 4921 2466 4981 concessit.
2499 4919 2589 4978 Ad
2613 4918 2766 4993 quod
2806 4931 2951 4992 ego:
3015 4915 3356 4986 Scacchum,
3405 4917 3675 4992 inquam,

145 5027 342 5083 onus,
385 5011 478 5070 cui
512 5011 887 5070 succumbere
920 5011 1326 5084 compellebar,
1358 5011 1559 5084 abieci.
1609 5011 1734 5070 Imo
1779 5027 1881 5086 pe-
1965 5013 2244 5086 scriptura
2281 5025 2398 5068 non
2421 5010 2618 5082 ponit;
2653 5009 2752 5066 sed
2803 5007 3115 5081 utriusque
3157 5005 3278 5063 ludi
3311 5020 3495 5078 genus
3527 5004 3668 5064 aleaa

147 5103 430 5172 cuniam,
497 5117 678 5178 quam
715 5101 1010 5176 duplicare
1060 5115 1174 5160 non
1226 5107 1503 5174 poteram,
1561 5101 1883 5174 negotiator
1965 5101 2200 5161 nomine
2230 5097 2685 5172 comprehendit.

143 5195 427 5272 ignavus
451 5195 524 5252 ad
553 5193 730 5251 altare
753 5191 1014 5265 deposui.
1951 5241 1956 5246 .
2041 5193 2393 5264 Quapropter
2442 5187 2583 5245 dum
2622 5185 2746 5244 alea
2799 5183 3161 5259 prohibetur,
3213 5191 3270 5242 et
3320 5183 3664 5244 nominatim

231 5282 402 5352 Fuit,
442 5283 556 5341 fuit
602 5283 761 5353 olim,
811 5281 909 5340 sed
953 5280 1075 5356 jam
1111 5279 1370 5354 elapsum
1403 5285 1486 5339 est
1529 5284 1773 5352 tempus,
1821 5283 1886 5336 ut
1925 5297 1932 5302 ·
1969 5279 2038 5338 de
2067 5280 2302 5336 scaccho
2324 5276 2473 5334 nihil
2497 5275 2726 5343 dicitur,
2760 5279 2979 5332 constat
3007 5273 3208 5347 procul
3239 5273 3416 5331 dubio
3447 5279 3668 5332 utrum-

145 5373 478 5440 modestiaa
505 5374 712 5448 pudor,
745 5372 1206 5432 mortiﬁcationis
1233 5372 1481 5446 insigne,
1519 5371 1692 5444 digna
1719 5387 1884 5428 seve-
1969 5385 2080 5442 que
2105 5383 2288 5442 genus
2317 5380 2435 5424 uno
2485 5361 2763 5422 vocabulo
2792 5363 3296 5436 comprehensum,
3327 5361 3506 5420 unius
3537 5379 3668 5421 sen-

137 5469 337 5536 ritas,
367 5471 422 5524 et
469 5465 836 5524 sacerdotalis
893 5463 1053 5538 genii
1105 5463 1293 5522 valeat
1343 5477 1582 5520 censura
1642 5459 1882 5518 servari.
1969 5457 2162 5515 tentias
2212 5453 2544 5514 auctoritate
2594 5452 2952 5509 damnatum.
2999 5451 3164 5508 Tunc
3213 5449 3331 5520 ille,
3391 5455 3455 5509 ut
3514 5451 3670 5510 mitis

139 5557 324 5618 Nam
353 5561 420 5614 ut
447 5569 544 5614 me
574 5553 764 5612 solum
811 5537 984 5626 digne
1020 5567 1348 5628 coarguam,
1377 5549 1583 5608 videtis
1607 5548 1718 5622 ipsi
1749 5549 1888 5623 quia
1967 5555 2052 5606 est
2074 5547 2275 5614 animi,
2308 5539 2647 5628 perspicacis
2670 5539 2927 5628 ingenii,
2945 5537 3184 5628 redditis
3215 5539 3535 5628 rationibus
3563 5541 3672 5599 hu-

135 5645 458 5724 protinus,
490 5650 556 5702 ut
582 5645 654 5702 ad
688 5659 786 5704 vos
813 5643 986 5702 venio
1026 5660 1046 5712 ;
1095 5626 1223 5702 ecce
1252 5639 1420 5712 sales,
1467 5653 1597 5696 ecce
1639 5636 1882 5710 facetiis,
1967 5637 2182 5696 militer
2210 5631 2519 5710 acquievit,
2551 5626 2780 5699 culpam
2807 5627 3139 5686 nullatenus
3166 5627 3488 5688 iterandam
3515 5635 3670 5688 certa
