4080 6194
340 282 471 369 45‘s
527 310 533 323 '
798 310 859 370 s.
904 309 1128 370 PETRI
1169 268 1495 409 DAMlANI
1534 308 1691 371 ore.
1735 309 1987 370 TOMUS
2027 309 2169 370 ssu
2208 308 2400 369 PARS
2440 309 2542 393 III.
2587 342 2653 352 —
2692 308 3082 370 OPUSCULA
3122 308 3379 371 VARIA.
3554 342 3557 351 -
3732 309 3838 369 456

338 434 759 509 pollicitatione
814 435 1115 519 opustituit
1145 480 1158 503 ,
1218 434 1448 509 injungi
1494 435 1603 494 sibi
1660 435 2167 509 pcenitentiamA-
2209 434 2375 507 Ecce,
2430 434 2812 507 dilectissimi,
2858 436 3003 493 dum
3050 435 3335 494 uberioris
3383 435 3545 495 vobis
3598 434 3840 508 alloquii

324 522 808 600 'postulavit.'Cui
854 534 990 582 mox
1021 523 1268 598 praecepi
1320 529 1387 581 ut
1414 530 1503 582 ter
1548 523 1888 597 psalterium
1938 538 2054 581 me—
2135 524 2311 583 verba
2368 526 2658 598 protraxi,
2719 524 3039 599 epistolaris
3086 525 3345 600 regulam
3399 525 3697 584 brevitatis
3752 525 3846 583 of-

343 612 579 671 ditando
632 618 1006 686 percurreret,
1066 627 1134 669 ac
1181 611 1485 670 duodecim
1520 628 1838 687 pauperum
1882 611 2051 685 pedes
2135 612 2318 671 fendi.
2355 611 2415 673 Si
2452 614 2584 688 quis
2620 613 2810 687 igitur
2837 629 2932 671 me
2984 611 3275 672 laciuiosaa
3311 613 3450 672 velit
3494 614 3844 688 prolixitatis

341 700 450 760 sub
476 698 709 758 totidem
759 699 1185 758 numismatum
1232 701 1559 774 erogatione
1598 714 1915 773 eorumque
1960 715 2044 757 re-
2129 716 2392 775 arguere,
2444 700 2653 774 arguat
2689 702 2881 775 potius
2940 701 3330 775 impatientem
3386 702 3602 761 silentii
3652 702 3844 761 chari—

337 788 625 848 creatione
670 787 904 846 lavaret.
938 786 1063 845 Hac
1104 786 1319 845 scilicet
1351 787 1569 846 ratione
1618 796 1929 861 perspecta,
1984 793 2049 846 ut
2131 798 2300 851 tatem
2335 810 2347 849 :
2389 805 2495 848 nec
2544 790 2789 864 ignoret,
2820 789 2959 864 quia
2998 789 3118 847 illic
3146 797 3231 848 est
3269 792 3557 849 succincta
3603 790 3847 865 prolixi-

266 936 275 943 ,
338 876 615 953 quoniam
646 876 773 934 haec
828 876 997 949 culpa
1048 891 1177 934 cum
1222 875 1493 934 manibus
1547 876 1935 949 potissimum,
1993 879 2048 933 et
2131 886 2234 951 tas,
2272 879 2373 939 ubi
2417 879 2499 937 sic
2535 878 2670 952 styli
2708 877 2995 937 currentis
3041 878 3283 951 scriptor
3327 880 3587 936 extendit
3622 873 3845 941 articu':

345 979 611 1026 sermone
639 965 1037 1031 committitur,
1066 963 1313 1023 lavando
1343 980 1663 1039 pauperum
1692 965 1884 1038 pedes,
1917 979 2050 1023 suas
2131 970 2277 1039 lum,
2336 976 2401 1028 ut
2454 977 2647 1027 tamen
2703 974 2885 1026 totum
2945 966 3101 1040 pleni
3144 967 3389 1040 pectoris
3437 984 3552 1026 non
3589 969 3845 1041 explicet

342 1055 535 1127 potius
563 1054 807 1129 aculpze
856 1050 1118 1123 contagio
1171 1067 1377 1110 manus
1407 1052 1667 1111 ablueret
1698 1072 1712 1111 :
1738 1060 1793 1111 et
1846 1052 2050 1125 impri-
2134 1064 2357 1117 votum.
2399 1055 2755 1130 Stephanum
2797 1070 3051 1132 quoque,
3094 1070 3270 1127 quem
3311 1056 3462 1115 inter
3515 1057 3730 1130 primos
3775 1057 3842 1114 in

347 1160 513 1204 mens
539 1144 746 1203 alienis
774 1140 1032 1214 vestigiis
1078 1154 1201 1211 ora,
1230 1158 1431 1216 pacem
1483 1143 1594 1201 sibi
1623 1158 1757 1202 cum
1786 1142 2052 1206 Domino.
2137 1155 2332 1205 mente
2369 1153 2663 1219 gestamus
2708 1144 2942 1214 amicos,
2994 1144 3055 1201 in
3107 1142 3363 1217 epistolas
3416 1146 3568 1203 calce
3622 1144 3844 1203 subne-

347 1248 521 1308 quem
553 1249 655 1307 per
687 1231 906 1292 flendos
955 1230 1115 1302 jocos
1145 1230 1477 1311 oﬂ‘enderat,
1532 1233 1886 1291 reformaret.
1936 1231 2058 1288 Hoc
2139 1236 2366 1299 ctimus,
2402 1241 2581 1307 utque
2630 1231 2900 1290 memoris
2955 1247 3068 1289 non
3111 1233 3187 1289 sit
3239 1230 3547 1291 immemor
3592 1233 3856 1291 obsecra-

349 1328 546 1383 autem
575 1321 860 1394 diximus,
888 1319 1154 1405 454.ut
1196 1337 1380 1396 quam
1425 1321 1824 1391 inhonestum,
1882 1335 2059 1395 quam
2138 1338 2291 1381 mus.
2326 1321 2429 1379 Ille
2464 1322 2739 1379 miserum
2782 1319 3015 1377 Petrum
3042 1319 3113 1376 de
3145 1317 3414 1377 manibus
3452 1326 3615 1378 eruat
3640 1319 3845 1377 Hilde-

353 1411 704 1477 absurdum,
758 1426 933 1485 quam
986 1413 1236 1487 denique
1288 1411 1509 1470 foedum
1543 1411 1635 1480 ,sit
1685 1410 1797 1469 hoc
1850 1410 1913 1487 in
1965 1425 2059 1467 sa-
2139 1409 2371 1478 brandi,
2393 1408 2459 1467 ad
2492 1408 2660 1483 cujus
2688 1406 2999 1481 imperium
3040 1420 3252 1478 magno
3283 1405 3449 1464 Petro
3495 1406 3679 1480 patuit
3723 1421 3850 1463 car-

293 1576 299 1582 .
352 1499 578 1558 cerdote
629 1497 953 1559 ludibrium
984 1544 998 1571 ,
1056 1516 1135 1558 ex
1187 1498 1428 1564 alterius
1487 1498 1888 1558 emendatione
1956 1512 2061 1555 no-
2142 1515 2238 1558 cer
2271 1497 2535 1557 Herodis.

271 1628 279 1643 .
354 1593 565 1647 scatur.

428 1677 732 1747 Przeterea,
759 1666 1139 1741 dilectissimi,
1172 1680 1237 1734 ut
1287 1676 1359 1733 ad
1389 1676 1447 1733 id
1501 1674 1734 1733 redeam
1791 1690 1895 1748 pro
1947 1689 2063 1750 quo

2839 1636 3177 1715 SCHOLIA.

350 1766 602 1827 scribere
627 1740 735 1824 ista
786 1763 1079 1838 proposui,
1130 1740 1306 1822 nolite
1356 1763 1503 1821 mihi
1557 1764 1629 1821 de
1678 1740 1884 1822 czetero
1940 1740 2063 1821 esse

2215 1745 2351 1798 Illud
2391 1746 2564 1799 etiam
2595 1758 2708 1797 non
2762 1744 3014 1797 dissimili
3063 1740 3305 1808 dignum'
3332 1745 3552 1797 videtur
3581 1757 3687 1795 esse
3735 1744 3849 1807 for-

2215 1817 2352 1869 Idine
2413 1816 2559 1869 quod
2604 1816 2853 1869 religioso
2901 1817 3137 1869 quodam
3212 1816 3419 1868 Pisans
3470 1814 3713 1869 dimcasis
3759 1814 3849 1867 αἱ»

351 1855 600 1925 molesti,
626 1861 692 1913 ut
719 1852 931 1927 quietis
957 1857 1211 1923 portum,
1264 1851 1327 1909 in
1379 1867 1554 1926 quem
1599 1867 1633 1907 a
1681 1850 1908 1910 Christo
1959 1866 2061 1924 per

354 1944 848 2019 vosgubernante
877 1940 1135 2014 relapsus
1168 1955 1321 2008 sum,
1363 1940 1644 2009 deseram,
1676 1947 1731 1999 et
1784 1956 2058 2012 spuman-

354 2038 442 2106 tes
471 2031 850 2106 procellarum
877 2026 1160 2096 cumulos,
1189 2028 1523 2101 confragosa
1553 2027 1872 2099 volumina,
1910 2027 2066 2101 Scyl-

356 2104 525 2180 laeam
538 2120 872 2195 voraginem
895 2117 1086 2175 denuo
1103 2116 1326 2175 sulcare
1341 2117 1683 2175 contendam
1704 2118 1836 2187 (17).
1855 2115 2063 2186 Quam-
2092 2140 2099 2153 ο

356 2210 447 2268 vis
474 2210 631 2268 enim
661 2218 766 2280 ego
797 2210 989 2276 miser,
1034 2214 1089 2268 et
1127 2203 1226 2264 ille
1271 2206 1345 2263 sit
1397 2212 1627 2264 sanctus
1656 2224 1670 2274 ;
1702 2205 1839 2279 quia
1875 2214 2065 2263 tamen

355 2313 462 2372 par
488 2297 635 2355 mihi
664 2297 1088 2370 quodammodo
1126 2310 1262 2354 cum
1313 2293 1582 2352 Samuele
1611 2293 1685 2351 sit
1713 2309 1885 2351 causa
1917 2298 2061 2363 (Reg.

360 2396 489 2470 viii,
550 2384 675 2455 16),
734 2401 849 2443 non
920 2384 1115 2458 dispar
1172 2386 1470 2470 promatur
1515 2396 1689 2470 super
1755 2387 2068 2470 utrumque

362 2468 664 2530 sententia.
699 2470 801 2529 Ille
830 2471 1120 2545 siquidem
1166 2469 1522 2543 principatus
1573 2469 1827 2527 deseruit
1875 2468 2067 2541 digni-

288 2624 295 2631 .
366 2565 559 2631 tatem,
590 2559 774 2618 David
820 2568 1012 2619 tamen
1047 2560 1220 2618 unxit
1266 2558 1325 2615 in
1374 2557 1713 2631 principem.
1757 2557 1874 2615 Nos
1894 2557 2069 2614 etiam

362 2648 435 2707 ad
463 2649 590 2723 ejus
636 2649 992 2722 exemplum,
1048 2645 1376 2722 apostolicze
1424 2646 1597 2713 sedis,
1646 2652 1878 2704 auctore
1930 2645 2066 2714 Deo.

364 2737 634 2810 cupimus
681 2737 1010 2808 pontificem
1043 2735 1331 2804 ordinare,
1364 2750 1431 2791 ac
1470 2732 1733 2806 protinus
1772 2750 1806 2791 a
1851 2732 2069 2807 prOprii

364 2825 732 2897 pontiﬁcatus
758 2838 888 2881 arce
919 2822 1201 2880 recedere.

431 3010 547 3075 (l7)-
570 3009 766 3061 Attudit
800 3009 869 3064 ad
892 3022 1091 3074 munus
1117 2974 1333 3062 eardin.
1361 3020 1446 3073 ep.
1483 3008 1590 3061 Oet.

1487 3187 1903 3197 σ--ι--φα--υμ-

1906 3188 1946 3196 ..-

2197 1817 2352 1869 idine
2413 1816 2559 1882 quod
2604 1816 2853 1880 religioso
2901 1817 3137 1881 quodam
3212 1816 3419 1868 Pisans
3470 1814 3713 1869 dimcasis
3759 1814 3854 1867 ab.

2234 1902 2277 1949 e,
2313 1893 2398 1940 etc
2470 1889 2525 1938 Id
2577 1888 2721 1952 quod
2774 1887 2875 1938 hoc
2923 1886 3041 1938 loco
3101 1890 3322 1938 sanctus
3374 1888 3664 1939 cardinalis
3712 1899 3849 1940 nar-

2142 1968 2223 2011 rat
2265 1959 2332 2010 de
2363 1960 2595 2022 quodam
2653 1958 2742 2009 Dei
2787 1970 2944 2009 servo
2991 1957 3219 2015 incluso,
3279 1958 3370 2022 qui
3426 1964 3478 2008 et
3528 1957 3855 2019 praeviderat

2145 2029 2474 2092 incendium,
2520 2041 2627 2094 quo
2672 2029 2727 2078 in
2787 2028 2925 2079 cella
2974 2040 3072 2079 sua
3104 2032 3329 2080 exustus
3362 2031 3462 2088 est,
3536 2027 3641 2080 hoc
3675 2028 3858 2091 ipsum

2143 2100 2275 2152 mihi
2327 2100 2542 2151 vitetur
2609 2098 2754 2164 quod

2144 2184 2230 2223 ex.
2255 2172 2414 2221 ressit
2467 2168 2682 2231 (Chron.
2732 2168 2764 2219 Ι.

2831 2099 3099 2150 Marianas
3187 2099 3374 2156 Scotus
3444 2099 3595 2151 hisce
3667 2096 3856 2149 verbis

2830 2181 2912 2228 ιιι,
2972 2172 3110 2219 aetat.
3166 2181 3241 2226 vr.
3295 2168 3394 2220 sub
3450 2182 3578 2221 ann.
3635 2167 3770 2227 1058i
3834 2180 3852 2217 :

2146 2262 2173 2286 κ
2214 2241 2550 2293 Rodelbruna
2605 2239 2798 2289 civitas
2861 2252 2983 2290 cum
3050 2238 3262 2290 duobus
3321 2239 3665 2291 monasteriis
3714 2238 3857 2289 feria

2145 2314 2300 2362 sexta
2366 2315 2509 2361 ante.
2565 2308 2768 2360 Palmas
2836 2309 2963 2371 igne
3024 2314 3482 2361 consumuntur.»
3546 2310 3603 2360 1n
3658 2320 3854 2359 mona-

2146 2383 2313 2432 sterio
2358 2385 2537 2431 autem
2582 2385 2696 2429 erat
2754 2377 3012 2431 Paternns
3063 2383 3327 2441 nomine,
3374 2380 3667 2431 monachus
3713 2380 3854 2430 Sco-

2145 2456 2255 2512 tus,
2330 2448 2621 2514 multisque
2671 2451 2829 2500 annis
2897 2450 3166 2511 inclusus,
3231 2453 3322 2514 qui
3409 2452 3573 2503 etiam
3629 2450 3853 2502 combu-

2150 2523 2382 2573 stionem
2452 2521 2866 2583 praenuntiabat,
2924 2523 2980 2572 in
3041 2533 3143 2572 sua
3217 2522 3375 2573 cella,
3414 2521 3660 2573 ambiens
3712 2532 3861 2571 man-

2150 2594 2371 2657 tyrinm,
2439 2591 2757 2643 combustus
2815 2597 2915 2643 est.
2972 2592 3120 2643 Feria
3168 2592 3407 2643 secunda
3463 2595 3581 2653 post
3638 2596 3862 2643 octavas

2155 2662 2382 2723 Pascbae,
2438 2662 2629 2713 exiens
2678 2661 2743 2713 de
2799 2662 3030 2720 Colonia,
3091 2675 3255 2714 causa
3295 2663 3563 2714 orationis
3604 2663 3862 2714 eumdem

2151 2732 2332 2851 loclum
2382 2732 2614 2791 visitavi,
2657 2731 2726 2783 ob
2777 2730 2917 2783 bona
2969 2745 3088 2797 quae
3135 2737 3424 2785 narrantur
3476 2734 3547 2785 de
3596 2737 3718 2797 eius
3775 2744 3889 2785 sea

2156 2814 2231 2851 nu
2256 2815 2368 2851 cro.

2156 2814 2368 2866 pulcro.

2505 2875 2594 2931 Sit
2644 2889 2835 2931 nomen
2872 2877 3093 2932 Domini
3138 2876 3489 2933 benedictum.

1105 3362 1959 3474 OPUSCULUM
2066 3362 2846 3501 VICESIMUM
2955 3362 3555 3503 PRIMUM-
3644 3292 3665 3321 ’

1155 3599 1158 3603 ~
1236 3566 1338 3627 DE
1397 3568 1603 3628 FUGA
1662 3567 2157 3629 DIGNITATUM
2204 3566 3001 3628 ECCLESIASTICARUM.

1910 3735 1983 3743 .-
1994 3735 2201 3742 —_.___.-
2208 3734 2320 3741 .-.-.

451 3857 895 3933 ΑῐὶρυῃΕΝτῠΜ.
932 3885 991 3895 -
1014 3854 1375 3933 Monachum
1407 3855 1738 3933 quemdam,
1771 3856 1923 3929 quod
1955 3857 2287 3933 abbatisse
2297 3857 2581 3933 dignitate
2615 3857 2950 3933 abdicasset,
2997 3866 3063 3919 ut
3104 3860 3445 3933 prudentem
3494 3860 3880 3933 vehementer

374 3925 738 3988 commendat
796 3945 809 3982 :

867 3925 1352 4012 gravissimasque
1388 3925 1714 4012 molestias,
1772 3925 1959 4012 curas,
2026 3925 2468 4012 sollicitudines,
2508 3930 2881 4012 ‘uegotiorum
2930 3925 3137 4012 moles,
3207 3937 3300 4012 et.
3314 3930 3610 4012 pericula,
3654 3932 3879 4001 quibus

372 4014 578 4074 eorum
608 3996 711 4072 qui
742 3997 1103 4074 monasteriis
1144 3996 1427 4074 praesunt,
1462 3998 1580 4055 vita
1624 3996 1827 4056 referta
1877 4007 1981 4074 est,
2013 4000 2095 4057 sic
2119 4001 2178 4074 ei
2208 4010 2341 4074 ante
2396 3996 2627 4058 oeulos"
2650 4002 2833 4074 ponit,
2882 4009 2946 4060 ut
2994 3996 3338 4074 huiusmodi
3375 3996 3685 4074 dignitates
3746 4018 3879 4074 non

376 4068 548 4143 modo
591 4068 707 4125 n'ou
759 4068 1279 4143 appeteudas,'sed
1331 4070 1501 4143 etiam
1555 4085 1734 4143 quam
1799 4069 2421 4143 maximeufugiendas
2468 4086 2613 4136 esse,
2651 4068 3126 4143 apertissime‘et
3190 4068 3488 4130 verissime
3538 4072 3873 4131 concludat.

380 4139 692 4215 Superesse
732 4139 919 4215 tamen
947 4139 1135 4197 eidem
1165 4139 1601 4215 monaclio‘non
1636 4140 1877 4215 minoris
1902 4141 2117 4215 negotii
2166 4139 2523 4215 protrinciam
2582 4139 2801 4211 scribit,
2852 4150 2919 4215 ut
2968 4144 3312 4202 tentationes
3367 4143 3479 4200 sibi
3531 4160 3565 4200 a
3605 4143 3881 4215 daemone

368 4209 722 4290 inﬂigendas
747 4209 890 4280 (qui,
923 4217 986 4267 ut
1033 4225 1171 4290 eum
1224 4210 1285 4290 in
1314 4209 1710 4290 pulcherrimi
1741 4211 1874 4267 facti

373 4281 567 4359 posset
608 4286 672 4359 _et
697 4295 985 4359 superare.
1015 4281 1487 4359 __Proindeni|lum
1520 4286 1737 4348 molet,
1788 4290 1853 4359 u_t

1963 4212 2326 4293 (enitentiam
2380 4212 2679 4293 adducat,_
2707 4214 2900 4293 omnia
2950 4221 3262 4293 cenaturus
3316 4220 3484 4293 esset)
3536 4214 3884 4293 propulsare

1942 4285 2140 4340 ertiter
2197 4299 2271 4359 se
2303 4285 2567 4357 accingat
2611 4285 2683 4343 ad
2738 4285 2921 4358 hostis
2964 4286 3213 4358 impetus
3265 4285 3661 4359 excipiendos,
3712 4301 3786 4344 ne
3826 4287 3883 4344 si

377 4350 576 4410 contra
604 4350 801 4408 fecerit
828 4351 890 4407 in
912 4350 1248 4409 ambitionis
1275 4351 1487 4409 ﬂuctus
1516 4367 1721 4409 rursus
1752 4352 1933 4411 relabi
1963 4369 2194 4413 necesse
2224 4354 2318 4412 Sit.

445 4527 670 4588 Domuo
707 4527 772 4587 B.
817 4526 1250 4602 religiosissima
1292 4527 1506 4599 abbati,
1562 4528 1793 4587 PETRUS
1826 4527 2338 4603 peccatoeraris,
2364 4544 2437 4586 ne
2489 4528 2702 4589 demus
2743 4530 2843 4589 Dei
2901 4530 3050 4590 bona
3097 4532 3458 4607 diriperent;
3496 4533 3635 4593 istos
3657 4539 3886 4605 autem,

371 4620 691 4678 monachus
715 4619 922 4677 debitae
940 4618 1235 4677 servitutis
1256 4618 1624 4693 obsequium.

448 4707 796 4769 Charissime
853 4708 1036 4781 Pater,
1092 4708 1296 4781 dignas
1351 4709 1570 4768 auctori
1623 4709 1911 4769 bonorum
1966 4710 2082 4769 Deo

370 4799 584 4872 gratias
635 4797 838 4869 refero,
891 4798 993 4873 qui
1049 4803 1100 4855 te
1155 4813 1256 4870 per
1317 4813 1490 4855 suum
1550 4797 1819 4870 spiritum
1888 4799 2083 4857 docuit

373 4885 696 4963 periculoso
750 4886 857 4945 hoc
894 4895 1146 4962 tempore
1190 4888 1410 4945 aridam
1460 4887 1679 4959 virgam
1707 4889 1898 4947 ’vanaa
1932 4904 2086 4962 prie-

375 4977 608 5037 lationis
663 4977 928 5049 abjicere,
960 4985 1013 5035 et
1062 4979 1131 5036 ad
1171 4979 1458 5051 privatam
1496 4978 1710 5037 animm
1751 4987 1865 5037 tuae
1892 4986 2086 5037 custo-

374 5067 536 5126 diam
557 5066 842 5139 expeditis
875 5065 1169 5139 gressibus
1198 5068 1485 5126 festinare.
1523 5068 1690 5127 Nunc
1740 5084 1875 5125 vero
1923 5084 2088 5127 meus

379 5151 557 5210 abbas
586 5166 712 5208 esse
740 5150 982 5224 coepisti,
1014 5167 1147 5209 cum
1198 5167 1444 5225 praeesse
1481 5151 1609 5209 aliis
1648 5151 1888 5209 desiisti.
1946 5152 2091 5211 Ecce

380 5241 453 5299 de
476 5241 619 5314 jugo
639 5238 976 5311 multigenaa
1005 5240 1297 5299 servitutis
1324 5247 1569 5314 ereptus,
1604 5239 1877 5313 ingenuas
1912 5239 2117 5298 liber-7

325 5394 333 5402 _
381 5329 483 5386 tati
544 5344 605 5386 es
652 5342 753 5400 per
793 5326 903 5383 Dei.
943 5326 1395 5386 misericordiam
1454 5327 1771 5387 restitutus.
1833 5328 2079 5389 Servum

378 5418 538 5476 enim
586 5426 641 5475 te
685 5414 1075 5488 saecularium,
1112 5432 1345 5475 servum
1373 5423 1428 5475 te
1455 5433 1578 5476 esse
1622 5433 1851 5475 necesse
1896 5418 2083 5476 fuerat

382 5507 554 5565 etiam
615 5506 1051 5566 monachorum.
1114 5505 1353 5567 Illorum
1412 5505 1722 5580 siquidem,
1772 5522 1846 5564 ne
1895 5522 2088 5565 mona-

384 5595 627 5653 sterium
659 5594 972 5665 laederent;
1001 5595 1246 5652 istorum
1300 5608 1454 5663 vero,
1488 5609 1561 5650 ne
1593 5594 1694 5652 tibi
1747 5596 2087 5669 conspiratas

381 5683 649 5747 factionis
674 5682 1015 5771 scandalum
1062 5689 1422 5756 generarent.
1478 5681 1617 5742 Illos
1673 5699 1880 5758 nempe
1930 5701 2088 5743 vere-

2164 4634 2238 4677 ne
2263 4620 2592 4679 domesticze
2619 4620 2919 4680 seditionis
2951 4623 3258 4682 adversum
3305 4630 3357 4682 te
3411 4623 3710 4683 machinas
3738 4642 3890 4684 con-

2163 4705 2481 4765 cinnarent.
2517 4707 2585 4765 Et
2617 4707 2759 4767 dum
2784 4725 2969 4768 unum
2989 4718 3160 4783 caput
3191 4717 3268 4769 tot
3297 4710 3552 4771 dominis
3580 4712 3884 4783 subditur,

2164 4794 2373 4853 infelix
2418 4796 2615 4854 anima
2662 4798 2966 4872 multiplici
3021 4797 3446 4873 quodammodo
3496 4802 3696 4858 catena
3744 4816 3888 4859 con-

2165 4883 2473 4957 stringitur
2538 4899 2613 4941 ne
2677 4883 2959 4944 Creatoris
3034 4885 3126 4944 sui
3176 4886 3418 4960 vestigia
3473 4893 3888 4962 prosequatur.

2169 4971 2289 5044 Dic,
2348 4971 2531 5057 Pater,
2582 4972 2695 5042 dic,
2763 4974 3027 5048 inquam,
3088 4973 3354 5033 videlicet
3417 4980 3482 5032 ut
3548 4983 3884 5050 expertus:

2168 5060 2300 5135 quis
2330 5068 2511 5134 potest
2538 5062 2647 5119 hoc
2692 5062 2878 5121 ferreo
2909 5062 3119 5121 saeculo
3146 5064 3561 5122 monasterium
3602 5065 3734 5123 sine
3784 5066 3887 5124 sui

2169 5153 2371 5225 capitis
2400 5152 2656 5225 periculo
2683 5155 2931 5225 regere?
2981 5153 3099 5212 imo
3154 5154 3287 5228 quis
3341 5162 3519 5228 potest
3573 5170 3707 5213 cum
3771 5155 3895 5213 ab-

2171 5236 2321 5308 bate,
2356 5232 2534 5296 simul
2587 5246 2641 5296 et
2692 5239 3042 5298 monachum
3100 5240 3445 5314 possidere?
3495 5240 3631 5299 Mox
3689 5241 3897 5312 enim,

2167 5333 2231 5386 ut
2261 5327 2392 5402 quis
2413 5328 2590 5387 abbas
2641 5329 2768 5387 ﬁeri
2807 5329 3029 5403 incipit,
3080 5330 3399 5389 monachus
3435 5346 3559 5388 esse
3614 5329 3892 5388 desistit:

2165 5422 2221 5474 et
2267 5419 2600 5491 quicunque
2671 5417 3031 5475 abbalizandi
3089 5418 3319 5477 culmen
3378 5417 3667 5490 efﬂagitat.
3726 5417 3895 5475 nihil

2169 5512 2256 5562 est
2301 5505 2482 5571 aliud,
2520 5504 2634 5563 nisi
2691 5507 2840 5580 quod
2900 5508 3252 5565 monachum
3300 5506 3463 5565 velut
3511 5505 3900 5579 importabile

2167 5595 2395 5667 pondus
2442 5596 2652 5670 quaerit
2708 5598 2973 5669 abjicere,
3033 5604 3088 5654 et
3143 5613 3215 5655 ne
3268 5605 3520 5672 apostata
3587 5596 3898 5670 videatur,

2169 5684 2278 5744 sub
2321 5687 2505 5746 fucato
2560 5704 2620 5746 se
2659 5688 2783 5747 vult
2820 5689 3008 5751 colore
3058 5690 3360 5763 regiminis
3395 5689 3657 5765 palliare.
3712 5687 3905 5749 Vide.
