4080 6194
255 275 360 334 457

1110 269 1362 330 OPUSG.
1404 268 1558 329 XXI.
1603 304 1666 313 —
1709 269 1802 328 DE
1848 265 2043 326 FUGA
2086 261 2558 325 DIGNITATUM
2598 263 2893 327 ECCLES.

3643 276 3748 338 458

260 400 391 456 licet
448 402 512 456 ut
567 398 744 470 possit
801 365 974 453 latere
1024 402 1339 468 peccatum,
1398 393 1748 467 praelationis
1804 389 2030 467 qum-A
2048 361 2188 462 quid
2219 391 2378 450 aliud
2408 392 2659 468 creditur
2689 407 2876 465 agere,
2912 393 3203 466 nisiquod
3238 396 3392 455 velut
3414 399 3535 471 jam
3565 400 3752 461 lassus

259 486 407 544 ritur
461 489 918 556 argumentum;
976 490 1032 540 et
1070 483 1275 556 vitiosa
1331 484 1477 541 cutis
1534 481 1831 554 pastoralis
1883 481 1970 538 of-

2055 479 2264 538 Cliristi
2294 481 2560 538 militiam
2591 489 2921 541 exsecratur
2953 484 3197 542 ulterius
3219 485 3511 557 bajulare?
3537 490 3753 548 etdum

261 575 376 632 ficii
433 573 853 646 superducitur,
917 578 982 630 ut
1037 589 1320 645 perversa:
1373 573 1582 630 mentis
1626 572 1793 644 plaga
1839 585 1968 627 cum
2049 568 2258 638 jugum
2301 568 2530 634 Christi,
2583 569 2736 641 quod
2785 571 2986 644 utique
3030 588 3208 629 suave
3252 580 3337 630 est
3375 579 3592 645 (Matth.
3646 580 3752 649 x1),

264 661 442 720 virosi
498 663 658 733 puris
714 661 994 719 fetoribus
1046 662 1381 720 occultetur.
1426 661 1649 730 Quibus
1691 659 1970 717 nimirum

261 758 390 824 apte
446 751 712 823 congruit
765 749 914 808 illud
963 751 1403 824 evangelicum:
1451 773 1470 800 α
1518 749 1621 807 Vae
1663 748 1846 816 vobis,
1880 749 1972 804 in-

265 839 412 912 quit,
445 838 581 910 quia
631 838 852 896 similes
905 837 1040 895 estis
1093 838 1368 911 sepulcris
1399 837 1694 906 dealbatis,
1727 853 1858 909 qua:
1887 837 1974 893 fo-

266 922 360 985 ris'
396 927 638 999 quidem
657 985 678 996 ε,
716 933 994 999 apparent
1070 926 1408 984 hominibus
1467 927 1760 998 speciosa;
1821 927 1976 982 intus

267 1023 461 1074 autem
493 1016 664 1088 plena
694 1022 828 1075 sunt
861 1014 1091 1074 ossibus
1121 1021 1504 1084 mortuorum,
1537 1020 1594 1072 et
1620 1014 1778 1072 omni
1809 1029 1974 1087 spur-

269 1106 400 1162 citia
434 1107 652 1175 (Matth.
686 1106 877 1177 xxni).
921 1126 949 1158 ι)

834 1285 1078 1344 CAPUT
1109 1285 1425 1346 PRIMUM.

415 1411 569 1478 Quod
614 1414 924 1465 animarum
961 1415 1225 1466 rectorum
1256 1411 1455 1464 misera
1481 1409 1554 1462 sit
1581 1407 1838 1463 conditio.

351 1551 691 1624 Praecipitur
737 1551 1018 1609 monacho
1055 1556 1121 1608 ut
1162 1549 1442 1606 moriatur
1470 1546 1710 1616 mundo,
1740 1546 1836 1605 sed
1866 1562 1985 1619 qua

277 1641 498 1698 ratione
534 1639 642 1696 hoc
689 1639 863 1696 abbas
918 1639 1213 1710 adimplet,
1273 1637 1375 1710 qui
1430 1643 1508 1694 tot
1561 1652 1833 1695 curarum
1887 1641 1984 1691 tu-

2058 661 2250 712 tenera
2279 656 2501 714 cervice
2535 664 2758 728 portare
2803 661 3093 727 detrectat,
3129 661 3199 717 ad
3249 663 3579 722 refectionis
3627 666 3757 739 ejus

2054 745 2389 814 convivium
2448 761 2562 803 non
2619 748 2850 820 aspirat.
2910 749 3050 818 Quae
3090 750 3368 809 nimirum
3403 754 3633 811 refectio
3663 755 3758 813 his

2054 836 2126 892 ab
2158 837 2281 909 ipso
2318 836 2582 916 Veritatis
2627 853 2724 895 ore
2776 840 3150 910 promittitur,
3183 841 3283 914 qui
3319 842 3428 900 sub
3478 844 3602 915 ejus
3640 843 3760 902 levi

2056 939 2229 981 onere
2255 941 2375 997 non
2428 925 2757 983 lassantur:
2801 948 2829 980 «
2867 926 3091 1000 Venite,
3142 930 3354 1005 inquit,
3405 933 3476 991 ad
3508 949 3620 1000 me,
3655 936 3760 1009 qui

2058 1013 2347 1084 laboratis,
2433 1021 2489 1072 et
2569 1017 2790 1074 onerati
2848 1017 3004 1088 estis,
3060 1024 3118 1076 et
3183 1035 3288 1092 ego
3342 1036 3444 1080 vos
3504 1022 3760 1081 reﬁciam

2061 1102 2262 1173 (Ibid).
2297 1125 2326 1158 ››

2135 1191 2420 1249 Cteterum
2446 1193 2547 1264 qui
2573 1200 2706 1251 ante
2737 1194 3074 1254 missionem
3105 1195 3353 1256 militare
3382 1198 3510 1257 vult
3537 1199 3762 1258 solvere

2063 1280 2386 1353 cingulum,
2422 1283 2492 1340 ad
2536 1299 2806 1356 supernae
2832 1285 3030 1358 patrias
3059 1302 3176 1345 non
3202 1295 3458 1347 meretur
3482 1277 3763 1365 attingere

2063 1369 2486 1443 municipatum
2514 1388 2529 1441 ;
2565 1378 2619 1428 et
2649 1372 2741 1430 cui
2768 1374 2958 1444 gravis
2984 1380 3066 1432 est
3095 1391 3310 1448 pugna,
3341 1366 3646 1451 nunquam
3674 1380 3763 1438 illi

2064 1459 2323 1517 victoriae
2367 1461 2570 1534 poterit
2604 1464 2905 1535 provenire
2929 1481 3156 1524 corona.
3189 1467 3295 1526 Ille
3322 1471 3629 1544 pracipue,
3660 1472 3762 1547 qui

2065 1554 2130 1606 ut
2158 1547 2410 1608 laborem
2459 1550 2685 1609 militiae
2713 1551 2914 1625 fugiat,
2946 1554 3016 1611 ad
3046 1554 3300 1626 ejusdem
3333 1560 3558 1618 militiae
3589 1562 3765 1620 duca-

2068 1647 2190 1698 tum
2219 1639 2513 1699 inhianter
2555 1641 2826 1712 anhelat;
2877 1644 3135 1719 dumque
3173 1647 3295 1705 dux
3328 1649 3462 1708 belli
3493 1655 3614 1709 esse
3655 1653 3766 1711 hu-

279 1729 563 1788 multibus
603 1728 908 1801 premitur,
945 1727 1414 1800 totnegotiorum
1453 1723 1822 1784 saecularium
1855 1731 2260 1798 per-Bmanis
2313 1729 2494 1789 oculis
2531 1732 2808 1801 cernitur,
2863 1733 2922 1791 in
2974 1742 3280 1809 conspectu
3309 1738 3519 1797 occulti
3569 1741 3770 1811 arbitri

281 1819 657 1894 plexionibus
707 1818 1060 1876 innodatur?
1101 1817 1206 1890 qui
1252 1817 1407 1875 diem
1454 1815 1768 1890 loquendo,
1799 1819 1855 1872 et
1899 1813 1988 1870 di-

280 1927 446 1969 versa
500 1909 792 1983 tractando
845 1910 1168 1973 continuat,
1218 1915 1444 1966 noctem
1495 1904 1856 1964 consiliando
1897 1904 1988 1960 di-

285 1999 532 2060 midiat?
565 1998 667 2070 qui
704 2013 838 2056 cum
886 1997 1016 2055 aliis
1065 1996 1352 2070 complere
1409 2011 1523 2052 non
1579 2001 1761 2062 curat,
1819 2000 1990 2067 atque

281 2095 352 2151 ad
407 2091 764 2164 explendum
813 2087 1013 2160 primae
1050 2087 1288 2158 synaxis
1325 2083 1602 2148 ofﬁcium,
1633 2083 1770 2140 solis
1799 2089 1989 2140 ortum

275 2196 506 2254 semper
535 2178 843 2250 anticipat:
886 2183 942 2232 et
993 2191 1129 2232 cum
1159 2181 1480 2232 conventus
1512 2172 1756 2230 fratrum
1808 2170 1988 2228 silen-

280 2272 427 2329 tium
457 2267 845 2327 communiter
887 2264 1078 2335 solvit,
1113 2263 1212 2321 ille
1247 2263 1396 2320 inter
1423 2277 1519 2320 eos
1544 2276 1868 2330 numquam
1899 2276 1989 2317 sa-

277 2358 460 2415 livam
515 2355 803 2427 virginem
853 2350 1076 2425 portat?
1139 2351 1255 2408 Nec
1301 2351 1374 2408 ad
1419 2349 1830 2422 proferendum
1871 2349 1991 2419 jam

278 2449 571 2506 cmlestem
629 2459 958 2504 sermonem
1023 2441 1232 2500 idonea
1281 2442 1530 2513 suppetit
1586 2438 1802 2510 lingua,
1857 2454 1989 2510 quae

281 2539 447 2611 prius
476 2542 562 2593 est
606 2541 720 2592 tam
754 2532 1002 2606 prolixis
1037 2539 1284 2591 terrena)
1315 2529 1624 2589 locutionis
1649 2526 1991 2599 ambagibus

282 2627 587 2685 dissoluta.

358 2718 536 2776 Porro
563 2731 700 2774 cum
727 2714 1046 2774 monachus
1069 2711 1344 2785 jubeatur
1371 2712 1434 2770 in
1454 2713 1564 2770 hoc
1597 2708 1817 2770 mundo
1843 2708 1994 2768 nihil

280 2813 574 2879 appetere,
609 2804 694 2861 nil
727 2819 959 2878 prorsus
988 2802 1246 2871 ambire;
1279 2801 1420 2875 quid
1471 2800 1542 2858 de
1571 2800 1851 2858 monacho
1899 2799 1994 2856 ille

279 2893 462 2951 abbas
500 2892 692 2959 habet,
744 2908 917 2964 quem
949 2891 1214 2949 videmus
1263 2890 1421 2948 velut
1465 2891 1686 2947 εθῐηεθὶε
1729 2895 1994 2946 eructan-

279 2991 400 3041 tem
465 2982 738 3051 ﬂammis,
807 2981 1069 3038 avaritiae
1140 2979 1360 3038 facibus
1411 2977 1558 3034 457
1616 2979 1992 3045 inardescere,

2072 1816 2378 1877 malelidus
2425 1819 2718 1893 transfuga
2763 1821 3074 1893 judicatur.
3134 1825 3306 1897 Fugit
3359 1828 3516 1885 enim
3551 1830 3670 1903 qui,
3703 1835 3770 1887 ut

2071 1923 2271 1966 revera
2299 1909 2596 1980 pugnandi
2627 1909 2812 1968 valeat
2837 1911 3017 1969 vitare
3047 1912 3394 1985 periculum,
3445 1916 3682 1974 simulat
3711 1934 3772 1975 se

2072 2002 2435 2073 antesignani
2473 2002 2598 2059 vice
2655 2003 3010 2076 specietenus
3063 2011 3288 2077 portare
3333 2007 3657 2065 vexillum:
3717 2013 3774 2064 et

2072 2091 2173 2162 qui
2227 2090 2379 2149 inter
2409 2097 2664 2150 catervas
2696 2092 2950 2149 militum
2982 2108 3098 2150 non
3127 2100 3344 2166 poterat
3375 2096 3479 2167 ire,
3512 2098 3603 2154 vel
3635 2098 3773 2156 ulti-

2074 2196 2206 2238 mus
2250 2181 2611 2253 principandi
2665 2179 2945 2239 desiderio
2969 2179 3088 2253 jam
3125 2181 3186 2238 in
3219 2184 3564 2255 praecedenti
3594 2200 3774 2244 cornu

2073 2266 2331 2323 cernitur
2363 2265 2710 2339 primipilus.
2753 2266 2960 2324 Infelix
2995 2283 3112 2324 non
3144 2267 3288 2324 illud
3319 2270 3389 2326 ad
3429 2271 3774 2329 memoriam

2073 2369 2374 2421 revocans,
2426 2353 2579 2425 quod
2618 2369 2720 2426 per
2744 2369 2808 2411 os
2836 2353 2900 2411 B.
2936 2353 3230 2411 Benedicti
3265 2355 3513 2429 Spiritus
3543 2366 3775 2417 sanctus

2075 2441 2406 2499 terribiliter
2461 2441 2670 2499 clamat
2723 2441 2805 2512 (B.
2871 2441 3090 2498 BENED.
3153 2447 3308 2514 Beg.,
3365 2461 3413 2502 c.
3469 2448 3551 2519 2):
3598 2471 3624 2498 «ι
3665 2447 3776 2517 Qui

2074 2529 2312 2601 suscipit
2358 2530 2584 2588 animas
2626 2529 2924 2601 regendas,
2983 2541 3259 2604 praeparet
3287 2550 3346 2590 se
3374 2535 3445 2592 ad
3495 2536 3777 2594 rationem

2075 2619 2450 2678 reddendam.
2487 2641 2514 2672 »
2558 2619 2628 2676 Et
2653 2619 2907 2678 iterum:
2953 2642 2980 2673 «
3019 2619 3191 2691 Sciat,
3240 2621 3450 2695 inquit,
3485 2624 3660 2682 abbas
3707 2625 3778 2684 de

2077 2707 2349 2767 omnibus
2373 2708 2609 2780 judiciis
2639 2709 2758 2767 suis
2788 2709 3124 2784 tequissimo
3148 2711 3330 2783 judici
3371 2711 3486 2770 Deo
3513 2730 3572 2771 se
3601 2713 3776 2773 ratio-

2077 2815 2213 2857 nem
2235 2798 2612 2857 redditurum.
2641 2822 2666 2850 ιι
2689 2798 2979 2868 Quietiam
2997 2799 3164 2857 alibi:
3191 2821 3218 2854 «
3244 2800 3779 2878 Sciatabbasculpa:

2077 2887 2320 2961 pastoris
2391 2887 2746 2958 incumbere,
2805 2885 3088 2961 quidquid
3149 2888 3344 2948 minus
3401 2889 3663 2951 utilitatis
3716 2895 3781 2952 in

2078 2974 2291 3032 ovibus
2337 2974 2749 3048 paterfamilias
2794 2975 3000 3049 poterit
3028 2974 3310 3036 invenire.
3340 2977 3452 3047 Qui
3487 2981 3644 3039 enim
3681 2983 3781 3056 ju-

278 3073 640 3147 praediorum
661 3071 909 3130 confinia
932 3070 1190 3140 dilatare,
1223 3069 1499 3141 pecunias
1527 3069 1664 3126 hinc
1693 3067 1830 3125 inde
1859 3081 1992 3124 cum
2014 3084 2059 3145 α
2082 3063 2196 3122 dex
2225 3063 2350 3122 ﬁeri
2388 3064 2515 3122 vult
2543 3065 2892 3135 animarum,
2920 3066 3102 3124 nescit
3129 3082 3305 3141 quam
3343 3069 3577 3143 durum,
3605 3088 3780 3147 quam

283 3169 442 3219 tanta
475 3162 751 3220 aviditate
777 3159 1068 3230 colligere,
1103 3158 1177 3215 ad
1205 3156 1394 3214 aliena
1440 3155 1835 3231 conquirenda
1866 3154 1997 3212 totis

281 3248 588 3306 desideriis
625 3247 942 3305 anhelare?
975 3246 1069 3305 cui
1109 3245 1393 3319 quidquid
1425 3253 1529 3313 est,
1563 3243 1714 3301 nihil
1751 3249 1854 3312 est,
1882 3241 1997 3300 nisi

283 3344 346 3394 et
371 3339 479 3395 boc
515 3338 803 3396 studuerit
843 3337 1110 3394 invenire
1151 3335 1304 3408 quod
1355 3335 1541 3402 deest;
1581 3335 1678 3391 cui
1709 3339 1996 3390 monaste-

285 3425 444 3484 rium
474 3426 540 3482 fit
582 3426 918 3497 hospitium,
951 3424 1231 3497 equinum
1273 3437 1408 3480 vero
1439 3423 1676 3480 dorsum
1705 3419 1997 3494 quotidia-

285 3531 432 3574 num
459 3521 544 3572 est
573 3513 1010 3578 habitaculum;
1067 3511 1431 3577 chirothecze,
1463 3510 1725 3578 calcaria,
1758 3510 1995 3578 scutica,

279 3601 666 3676 pidrisigulaa,
701 3607 756 3657 et
795 3599 844 3656 si
879 3615 1012 3673 qua}
1038 3599 1152 3655 alia
1183 3596 1478 3672 equitandi
1509 3604 1650 3654 sunt
1673 3595 1996 3665 ustensilia,

284 3706 594 3766 nunquam
611 3691 814 3766 ,otioso'
831 3689 943 3745 situ
969 3687 1221 3758 neglecta
1248 3692 1626 3752 marcescunt,
1652 3701 1783 3743 cum
1807 3701 1998 3743 sacer-

283 3780 499 3837 dotalia
524 3785 882 3846 ornamenta,
917 3777 1132 3852 quibus
1155 3776 1330 3833 sacris
1351 3775 1628 3834 altaribus
1649 3774 1991 3843 deservitur,

285 3885 440 3943 saepe
485 3885 518 3925 a
573 3869 742 3927 tineis
789 3875 1038 3926 comesta
1074 3865 1454 3939 reperiantur.
1484 3865 1626 3934 Quae
1664 3864 1820 3943 enim
1853 3865 1992 3933 fora,

2079 3151 2403 3210 districtum
2452 3160 2688 3225 cogatur
2737 3160 3066 3226 exspectare
3111 3155 3257 3212 458
3282 3157 3588 3234 judicium.
3642 3187 3662 3212 ι
3710 3162 3782 3220 Ut

2081 3241 2238 3297 enim
2294 3239 2588 3314 Scriptura
2639 3241 2812 3300 dicit:
2863 3266 2883 3294 α
2920 3244 3309 3304 Durissimum
3358 3247 3646 3320 judicium
3688 3250 3782 3308 bis

2081 3328 2183 3401 qui
2212 3336 2492 3401 przesunt,
2522 3331 2622 3389 ﬁet
2654 3334 2808 3404 (Sap.
2841 3338 2945 3402 v1).
2982 3356 3003 3384 ι

2742 3511 2984 3573 CAPUT
3031 3513 3109 3577 II.

2081 3639 2237 3706 Quod
2309 3641 2647 3713 praesidendi
2703 3659 2795 3699 ars
2865 3646 3033 3712 facile
3066 3616 3335 3709 'discz'tur,
3390 3644 3486 3700 sed
3545 3598 3777 3714 difﬁcile

2788 3738 3065 3807 impletur.

2153 3872 2348 3931 Unum
2393 3880 2586 3932 autem
2624 3875 2684 3932 in
2739 3875 2864 3933 istis
2916 3875 3163 3934 novellis
3222 3876 3526 3935 abbatibus
3587 3877 3774 3947 video,

285 3953 1610 4032 queetribunaliainVeniripossuntabbatibus
1632 3952 1842 4010 vacua?
1864 3967 1996 4025 quae
2079 3964 2233 4036 quod
2291 3963 2662 4022 vehementer
2724 3966 2998 4024 admiror,
3056 3966 3165 4034 Qui
3220 3967 3372 4024 enim
3428 3983 3527 4039 per
3580 3967 3778 4024 decem

285 4050 470 4119 curia,
502 4065 636 4122 qua?
662 4048 875 4107 ουῦίιίίὶ
901 4047 1232 4120 ΡΓῙΠΟῘΡΠΠΙ
1262 4045 1488 4103 ferratis
1511 4043 1784 4102 abbatum
1817 4041 1996 4114 Virgis
2079 4068 2279 4124 annos,
2311 4055 2403 4110 vel
2432 4070 2498 4112 eo
2533 4055 2784 4128 amplius
2810 4055 2918 4113 sub
2965 4055 3202 4114 alterius
3241 4056 3522 4128 regimine
3564 4057 3777 4113 consti-

285 4156 403 4199 non
434 4140 798 4212 aspiciuntur
825 4137 1068 4195 effossa?
1120 4135 1394 4194 Aulicum
1439 4135 1619 4192 limen
1647 4132 1861 4206 jugiter
1889 4134 1989 4190 ab-

2145 4151 2254 4213 tus,
2303 4160 2600 4220 nunquam
2635 4145 2703 4202 ad
2745 4147 2891 4204 hanc
2923 4141 3422 4220 potuitpervenire
3455 4147 3775 4218 scientiam,

286 4230 492 4287 batllm
526 4227 792 4299 "estigiis!
819 4225 1044 4292 terit-111‘»
1076 4233 1130 4283 et
1159 4240 1359 4284 90mm
1389 4223 1643 4297 querela?
1679 4222 1770 4280 νει
1803 4222 1995 4294 Iurgia
2078 4240 2144 4292 ut
2175 4234 2421 4306 perfecte
2453 4236 2766 4293 monachus
2810 4237 3098 4295 videretur
3125 4260 3137 4294 :
3173 4252 3329 4293 nunc
3357 4237 3480 4308 ipso
3509 4235 3621 4300 die,
3661 4250 3778 4309 quo

283 4316 621 4390 importune
670 4331 872 4388 regum
903 4313 1535 4386 δυνίδυείηὲξοτυῐιιὶιΐο
1570 4313 1692 4370 Non
1727 4311 1823 4368 903
1848 4311 1993 4367 eml‘
2079 4324 2140 4380 in
2203 4322 2536 4396 prtelatione
2605 4325 2989 4392 constituitur,
3041 4327 3117 4383 ita
3176 4325 3534 4398 praesidentis
3587 4325 3779 4382 induit

279 4407 450 4495 ἐξίωη
496 4413 680 4495 castra
731 4404 1096 4495 bellantium»
1166 4404 1264 4462 59d
1323 4403 1432 4461 δαῒ)
1485 4410 1792 4495 εθίῐυίῗξίτὲθ
1843 4400 2053 4495 PRCiSD
2079 4413 2344 4485 speciem,
2377 4413 2454 4470 ita
2480 4413 2830 4472 dominantis
2860 4416 3135 4489 exprimit
3164 4416 3537 4488 majestatem,
3569 4423 3776 4472 utnon

282 4494 493 4568 specie,
547 4493 698 4550 inter
744 4494 896 4566 ipsos
941 4494 1296 4566 galeatorum
1359 4508 1571 4551 cuneos
1619 4491 1886 4563 discerpi,
1940 4499 1989 4547 et

2144 4518 2262 4574 iper
2299 4501 2563 4570 electum,
2621 4503 2717 4568 sed
2769 4512 2972 4561 natum
3019 4504 3174 4561 dicas
3220 4503 3504 4560 abbatem.
3541 4503 3631 4559 Fit
3686 4518 3778 4560 re-

281 4581 592 4655 comprimi
642 4597 792 4654 saepe
839 4581 1034 4639 videas
1086 4581 1427 4640 cucullatos.
1487 4581 1597 4649 Qui
1651 4581 1777 4638 vult
1828 4595 1989 4638 nosse

2144 4598 2247 4647 nte
2292 4608 2526 4649 severus
2559 4592 2618 4648 in
2655 4591 2841 4654 vultu.
2893 4593 3239 4664 imperiosus
3268 4593 3330 4649 in
3363 4608 3518 4660 voce,
3551 4591 3620 4649 ad
3650 4608 3778 4650 cor-

282 4671 425 4746 quid
456 4682 649 4730 actum
681 4674 756 4730 sit
781 4674 928 4746 apud
965 4674 1188 4732 forense
1231 4673 1544 4745 negotium,
1578 4689 1695 4731 non
1733 4672 1994 4745 praetoria
2078 4678 2406 4751 ripiendum
2439 4695 2590 4747 acer,
2648 4680 2717 4736 ad
2765 4679 3142 4750 judicandum
3196 4686 3514 4751 promptus.
3571 4679 3698 4751 Ipse
3730 4680 3778 4737 si

276 4764 572 4836 judicum,
619 4763 718 4820 sed
751 4762 1069 4822 diversoria
1103 4765 1295 4837 potius
1341 4764 1632 4839 perquirat
1689 4763 1986 4830 abbatum;

282 4853 574 4927 quidquid
605 4853 664 4910 in
692 4855 902 4912 saeculo
946 4855 1157 4926 agitur,
1210 4855 1283 4912 ab
1321 4855 1403 4912 eis
1435 4854 1596 4910 velut
1629 4871 1662 4910 a
1706 4852 1994 4925 magistris

279 4943 654 5017 negotiorum
689 4945 1055 5002 saecularium
1108 4945 1455 5018 requiratur.
1491 4942 1598 5001 Sed
1629 4958 1758 5001 cum
1793 4943 1991 5000 Domi-

279 5046 396 5087 nus
427 5031 612 5088 dicat:
664 5055 684 5080 ι
727 5031 953 5102 Cavete,
991 5033 1198 5106 inquit,
1236 5048 1310 5090 ne
1342 5040 1655 5105 graventur
1693 5031 1862 5088 corda
1890 5048 1989 5088 ve-

2077 4768 2398 4838 oll'enderit,
2440 4769 2558 4838 jam
2591 4769 2831 4825 omnino
2866 4767 3266 4825 satisfactionis
3302 4768 3560 4839 ignarus,
3610 4768 3775 4825 dedi-

2076 4865 2284 4928 gnatur
2311 4857 2666 4924 accumbere,
2708 4855 2819 4912 nisi
2850 4855 2908 4912 in
2938 4862 3213 4928 octogona
3252 4856 3410 4925 sella,
3445 4848 3523 4913 ita
3552 4872 3777 4929 praepa-

2077 4953 2196 5003 rata
2225 4962 2290 5003 ac
2317 4945 2365 5003 si
2397 4944 2679 5002 senatoria
2716 4943 2936 5001 curulis
2976 4945 3034 5002 in
3079 4945 3258 5002 curia.
3295 4943 3402 5002 Pro
3426 4961 3546 5003 suae
3577 4947 3778 5003 volun-

2076 5034 2206 5090 tatis
2257 5033 2495 5090 arbitrio
2550 5033 2673 5089 haec
2719 5032 2973 5104 prmcipit
3030 5033 3174 5101 fieri,
3230 5033 3331 5089 illa
3377 5034 3776 5091 contestatorie

276 5126 402 5177 stra
453 5120 515 5176 in
573 5121 825 5193 crapula,
877 5128 932 5179 et
963 5123 1254 5191 ebrietate,
1298 5128 1353 5180 et
1381 5123 1536 5180 curis
1579 5123 1752 5195 hujus
1793 5121 1990 5180 saeculi
2072 5121 2380 5190 interdicit,
2435 5120 2590 5192 ligat,
2628 5117 2818 5184 solvit,
2866 5120 3149 5187 admovet,
3185 5128 3476 5179 removet:
3510 5127 3565 5177 et
3593 5121 3653 5178 in
3685 5122 3777 5179 his

274 5207 436 5277 (Luc.
470 5210 618 5281 xxx).
670 5234 687 5257 -
735 5209 804 5267 Et
831 5210 1083 5271 iterum:
1130 5234 1157 5265 α
1201 5212 1383 5270 Nemo
1413 5218 1594 5285 potest
1633 5211 1860 5268 duobus
1888 5211 1989 5269 do-

2072 5211 2344 5268 omnibus
2364 5223 2729 5283 nequaquam
2750 5225 2782 5265 a
2802 5209 2968 5267 nobis
2981 5209 3313 5282 junioribus
3338 5213 3400 5282 ff.
3427 5211 3769 5283 senioribus]

273 5296 464 5357 minis
519 5299 737 5358 servire
797 5304 1014 5374 (Matth.
1083 5316 1180 5371 VI;
1243 5306 1374 5359 Luc.
1426 5304 1568 5374 XVI).
1616 5324 1643 5354 η
1685 5302 1994 5374 Apostolus
2073 5299 2379 5358 consilium
2427 5297 2658 5372 quaerit;
2714 5298 2810 5355 sed
2842 5298 2949 5356 sibi
2978 5299 3088 5371 ipsi
3121 5299 3430 5370 sufﬁciens,
3462 5300 3621 5360 velut
3651 5317 3780 5373 pro-

271 5386 460 5448 etiam
515 5391 876 5450 concorditer
929 5393 1173 5451 clamat:
1223 5381 1470 5451 {Nemo
1539 5393 1795 5450 militans
1855 5393 1990 5462 Deo,

274 5478 548 5549 implicat
579 5494 640 5536 se
679 5481 1058 5540 saecularibus
1101 5482 1366 5555 negotiis,
1417 5489 1481 5540 ut
1533 5484 1584 5540 ei
1635 5483 1849 5554 placeat
1904 5480 1997 5538 cui

272 5578 353 5623 se
376 5563 640 5637 probavit
666 5569 742 5632 (II
773 5570 910 5624 Tim.
944 5571 1022 5640 11).
1067 5593 1091 5619 υ
1137 5569 1408 5643 Quisquis
1441 5576 1518 5627 tot
1550 5569 1790 5627 terrenis
1820 5569 1994 5626 actio-

274 5650 468 5711 nibus
506 5649 751 5725 plenum
781 5659 1114 5715 monasterii
1149 5659 1405 5732 regimen
1436 5658 1737 5718 ultroneus
1765 5657 1997 5732 appetit,
2042 5703 2052 5712 .

655 5769 911 5832 PATROL.
954 5772 1171 5834 CXLV.

2078 5390 2221 5462 prize
2275 5387 2573 5463 vetustatis
2620 5387 2753 5460 jura
2807 5387 3075 5461 disponit.
3132 5387 3364 5446 Devotis
3413 5390 3670 5464 quidem,
3724 5397 3779 5448 et

2081 5479 2326 5537 subditis
2377 5477 2680 5551 pollicetur
2753 5475 3017 5550 gratiam,
3077 5479 3533 5552 repugnantibus
3577 5487 3779 5541 autem

2079 5569 2370 5643 phalarica
2420 5565 2597 5638 spirat
2647 5564 3142 5624 animadversione
3172 5568 3524 5638 vindictam;
3585 5579 3648 5628 ut
3677 5587 3780 5644 po-

2085 5657 2198 5714 tius
2253 5655 2515 5714 videatur
2544 5653 2605 5711 in
2635 5652 3006 5727 praefectoriis
3058 5655 3307 5714 fascibus
3361 5672 3550 5730 agere,
3607 5675 3783 5733 quam

3369 5773 3432 5830 15
