4080 6194
272 251 377 313 459

735 249 790 310 s.
839 245 1057 310 PETRI
1095 238 1416 306 DAMIANI
1457 239 1615 304 ore.
1655 237 1905 303 TOMUS
1945 234 2086 300 seu
2129 237 2322 300 rans
2362 236 2463 304 III.
2507 274 2571 283 -
2613 238 3008 304 OPUSCULA'
3045 242 3300 305 VARIA.

268 381 663 441 ecclesiasticis
719 377 1067 436 humilitatis
1098 375 1285 432 cilicio
1331 374 1638 432 deservire.
1674 369 2025 429 NauseantA
2118 366 2311 424 Unum
2337 372 2442 439 est,
2472 369 2628 440 quod
2661 384 2835 441 super
2860 370 3062 427 abbate
3090 387 3197 428 suo
3229 373 3500 430 monachi
3528 373 3758 445 magni-

269 472 462 529 fauces
508 470 634 543 ejus
666 465 1000 540 communia
1028 464 1326 521 nobiscum
1355 462 1628 519 alimenta
1652 459 1958 534 percipere,

263 573 494 616 necesse
546 562 630 613 est
679 553 878 626 coquis
906 552 1074 626 plura
1102 557 1272 623 atque
1303 550 1530 607 diversa
1577 548 1681 606 uni
1732 547 1962 604 cuidam

265 645 454 702 ventri
481 644 673 701 edulia
703 655 1041 714 prmparare.
1093 637 1236 694 Nam
1265 652 1498 709 grossus
1543 635 1726 703 cibus,
1760 635 1858 706 qui
1888 649 1958 689 ex

262 734 560 794 communi
593 735 832 790 fratrum
883 730 1064 786 lebete
1109 728 1484 801 depromitur,
1537 724 1843 797 indignum
1872 721 1960 793 pi-

264 825 426 882 tuita:
506 820 706 889 teneri,
765 825 821 875 et
870 817 1262 875 delicatissimi
1318 815 1574 873 hominis
1647 811 1956 884 judicatu'r.

262 914 457 986 Nuper
484 901 746 984 egressus
795 907 1218 974 dormitorium,
1275 906 1566 979 quiescere
1594 918 1711 960 non
1756 904 1957 975 potest,

259 1002 374 1060 nisi
421 1005 703 1058 secretum
735 998 958 1064 habeat,
1009 1004 1066 1053 et
1094 988 1384 1068 singulare
1412 995 1766 1052 cubiculum.
1799 991 1960 1049 Licet

255 1089 626 1164 juveneulus‘,
660 1087 789 1143 licet
818 1085 1046 1143 validus
1073 1100 1327 1156 corpore,
1368 1083 1549 1140 nescit
1591 1080 1874 1150 incedere,
1907 1077 1956 1134 si

261 1179 408 1236 desit
436 1176 699 1245 baculus,
731 1190 845 1248 quo
875 1190 934 1230 se
962 1174 1163 1230 debeat
1192 1179 1528 1230 sustentare.

329 1265 398 1322 In
447 1265 538 1322 his
567 1265 782 1335 itaque,
821 1268 877 1318 et
904 1262 1034 1318 aliis
1082 1260 1345 1334 pluribus
1377 1275 1507 1332 qua:
1537 1256 1802 1331 persequi
1827 1255 1954 1313 lon-

257 1368 397 1427 gum
428 1360 532 1423 est,
565 1351 642 1409 ita
667 1350 856 1407 subito
886 1350 1156 1421 magister
1185 1347 1454 1408 efﬁcitur.
1483 1354 1546 1403 ut
1574 1346 1637 1403 in
1663 1350 1775 1402 tota
1806 1358 1953 1416 prae-

254 1439 480 1497 sidendi
527 1437 743 1511 regula,
796 1437 951 1495 velut
999 1436 1274 1509 antiquus
1303 1434 1539 1506 quidam
1587 1432 1772 1501 Pater,
1805 1430 1951 1487 nihil

253 1527 543 1584 offendere
593 1525 874 1582 videatur.
937 1521 1121 1592 Quam
1174 1523 1355 1592 docte,
1413 1535 1590 1595 quam
1645 1518 1953 1592 imperiose

253 1614 417 1673 novit
474 1618 696 1681 cuncta,
748 1610 906 1667 velut
958 1610 1206 1682 quadam
1255 1608 1564 1681 majestatis
1618 1607 1952 1664 auctoritate

2043 457 2321 530 pendunt,
2351 466 2405 515 et
2431 459 2680 517 summis
2712 462 3138 534 praeconiorum
3173 461 3448 520 laudibus
3487 462 3753 533 efferunt,

2045 545 2325 612 videlicet,
2375 546 2420 601 si
2447 546 2601 618 apud
2637 554 2897 620 potentes
2922 548 3119 606 saeculi
3151 549 3370 620 valeat;
3409 551 3456 607 si
3488 551 3754 621 nocendi,

2043 639 2098 689 et
2123 633 2436 704 adjuvandi
2469 634 2712 691 liberam
2764 633 3094 693 facultatem
3128 637 3329 694 habeat
3357 656 3372 706 ;
3426 638 3472 694 si
3502 638 3661 711 loqui
3692 639 3754 695 in

2047 720 2230 789 turba,
2279 728 2334 779 et
2378 723 2640 795 proprias
2669 739 2870 781 causas
2900 740 3068 798 agere
3101 742 3219 784 non
3248 727 3565 784 erubescat.
3602 727 3754 785 Hinc

2041 815 2125 865 est
2151 812 2303 881 quod
2334 812 2444 868 hoc
2474 819 2669 870 nostro
2700 819 2951 885 tempore
2982 816 3248 873 monachi
3293 816 3590 874 neminem
3639 816 3750 874 sibi

2043 911 2285 967 praeesse
2326 898 2547 962 volunt,
2585 899 2697 956 nisi
2742 906 2799 957 et
2837 902 3014 959 validi
3065 902 3318 975 corporis
3360 911 3574 962 statura
3615 920 3741 978 pro-

2040 997 2257 1052 cerum,
2307 992 2361 1040 et
2409 985 2580 1043 claris
2631 1002 2981 1058 proavorum
3016 989 3202 1047 titulis
3233 992 3600 1064 insignitum.
3652 993 3737 1052 Sit

2038 1067 2172 1126 licet
2222 1079 2470 1140 sanctus,
2516 1073 2588 1130 sit
2625 1074 2891 1133 omnium
2933 1082 3216 1137 virtutum
3268 1080 3454 1137 nitore
3505 1081 3734 1152 conspi-

2036 1172 2215 1228 cuus;
2271 1158 2387 1216 illis
2417 1165 2605 1218 tamen
2637 1169 2859 1222 naturae
2888 1166 3229 1224 muneribus
3276 1182 3494 1238 carens,
3527 1169 3574 1226 si
3623 1168 3738 1226 An-

2040 1246 2230 1304 tonius
2274 1247 2607 1318 deducatur,
2662 1265 2913 1308 consona
2951 1255 3216 1312 omnium
3269 1271 3408 1313 voce
3461 1256 3736 1329 indignus

2037 1333 2314 1394 electione
2366 1337 2712 1397 decernitur.
2754 1342 2917 1400 Adde
2947 1349 3140 1415 etiam,
3172 1347 3308 1418 quia
3362 1345 3592 1404 nullum
3625 1347 3734 1404 sibi

2035 1432 2311 1482 rectorem
2362 1427 2506 1498 dari,
2557 1429 2671 1487 nisi
2719 1431 2790 1488 de
2837 1433 3089 1506 propriae,
3125 1435 3580 1508 congregationis
3620 1452 3732 1494 nu-

2034 1526 2192 1571 mero
2222 1515 2557 1588 patiuntur;
2588 1517 2752 1590 alias,
2797 1521 2970 1578 etiam
2999 1523 3047 1578 si
3075 1524 3470 1596 prodigiorum
3499 1526 3732 1584 virtuti-

2033 1601 2142 1660 bus
2193 1604 2485 1677 enitescat,
2517 1607 2631 1665 illis
2659 1609 3069 1669 obsistentibus
3096 1613 3166 1670 ad
3196 1616 3558 1686 capessenda:
3584 1632 3734 1689 pree-

3654 245 3762 308 460
3835 249 3839 252 ’

255 1702 583 1774 praecipere,
639 1699 739 1773 qui
769 1697 1093 1755 diutissime
1121 1697 1386 1754 subditus
1432 1710 1733 1768 nunquam
1765 1694 2016 1770 sapuitB
2035 1691 2261 1751 lationis
2287 1693 2543 1754 ofﬁcium
2573 1713 2689 1756 non
2714 1700 2943 1773 aspirat.
2977 1701 3246 1761 Metuunt
3273 1704 3453 1774 enim,
3487 1721 3559 1763 ne
3587 1707 3732 1764 alios

252 1791 378 1850 suis
430 1788 875 1862 praeceptoribus
925 1787 1191 1844 obedire!
1253 1783 1606 1843 Praasidendi
1664 1781 1948 1870 siquidem
2032 1779 2141 1870 sibi
2191 1781 2502 1870 aliquando
2541 1786 2829 1857 praeferat;
2866 1798 3196 1861 pavescunt,
3225 1808 3296 1850 ne
3325 1793 3395 1850 de
3422 1803 3728 1852 consuetu-

251 1886 434 1936 artem
485 1877 792 1934 docibilem
842 1875 1112 1944 dixerim,
1165 1890 1298 1946 quae
1343 1881 1459 1932 tam
1489 1874 1653 1932 facile
1681 1867 1944 1939 discitur;
2030 1867 2186 1938 dine,
2220 1869 2280 1926 in
2310 1885 2425 1942 qua
2449 1873 2569 1944 jam
2600 1874 2900 1933 inveterati
2940 1887 3094 1949 sunt,
3128 1879 3232 1936 iste
3281 1880 3501 1954 aliquid
3530 1899 3728 1940 emen-

252 1977 316 2027 ut
343 1967 588 2041 quilibet
617 1966 789 2023 etiam
835 1965 907 2022 ad
935 1965 1048 2022 alia
1078 1981 1291 2034 vecors,
1328 1966 1474 2022 hanc
1502 1979 1640 2021 mox
1680 1969 1742 2020 ut
1789 1961 1940 2019 ince-

2029 1955 2166 2012 dare
2196 1966 2540 2029 praesumat;
2573 1976 2665 2030 ne,
2699 1963 2848 2036 quod
2882 1963 3050 2030 absit,
3085 1967 3583 2026 mortiﬁcationem
3623 1970 3728 2027 do-

251 2055 418 2128 perit,
470 2054 742 2127 magister
785 2053 849 2110 in
902 2069 969 2111 ea
1020 2052 1404 2126 peritissimus
1453 2050 1835 2129 approbetur:
1870 2055 1944 2118 et,
2029 2049 2170 2115 ceat,
2201 2061 2275 2104 ne
2321 2063 2469 2105 vana
2519 2051 2927 2122 superstitione
2977 2069 3072 2111 eos
3113 2055 3378 2128 jejunare
3405 2057 3721 2130 compellat,

249 2151 314 2201 ut
339 2143 553 2202 arctius
583 2150 861 2214 teneatur,
891 2158 1009 2200 non
1055 2141 1244 2200 solum
1291 2141 1380 2200 sui
1410 2140 1673 2199 notitiam
1702 2143 1946 2212 quanto-
2029 2149 2102 2191 ne
2138 2137 2558 2194 extremitatem
2590 2138 2808 2211 diligat,
2842 2156 2914 2198 ne
2946 2158 3096 2201 nova
3124 2145 3457 2217 praecipiat;
3508 2162 3581 2202 ne
3610 2162 3724 2215 eos,

247 2231 371 2288 eius
421 2235 666 2303 praestat,
724 2230 820 2287 sed
875 2231 1045 2287 etiam
1099 2229 1406 2288 obediendi
1435 2237 1636 2296 artem,
1669 2244 1798 2299 quae
1827 2243 1948 2285 ase
2027 2224 2181 2296 quod
2221 2225 2444 2283 cunctis
2492 2223 2912 2289 intolerabilius
2963 2239 3065 2296 est,
3113 2248 3146 2288 a
3192 2234 3422 2306 propria
3474 2235 3725 2294 fortassis

244 2319 471 2376 diversa
499 2324 602 2388 est,
642 2333 717 2374 ex
764 2317 989 2375 alumni
1042 2317 1132 2376 sui
1190 2317 1468 2375 memoria
1517 2331 1752 2390 prorsus
1801 2315 1942 2373 obli-
2028 2311 2323 2369 voluntate
2351 2324 2684 2387 compescat.
2721 2315 2814 2375 Sic
2853 2318 2935 2376 sic
2972 2319 3235 2378 videlicet
3266 2322 3489 2379 malunt
3527 2323 3597 2382 de
3634 2325 3722 2382 sui

245 2415 404 2464 terat.
462 2406 901 2479 Quamplurima
951 2405 1143 2479 itaque
1184 2405 1660 2464 monasteriorum
1712 2404 1946 2462 rectori-
2030 2403 2360 2476 quempiam
2415 2405 2570 2462 suini
2600 2406 2790 2479 gregis
2838 2409 3094 2467 custodia
3123 2410 3386 2483 dignum,
3417 2427 3590 2484 quam
3619 2430 3722 2472 ex-

244 2497 353 2554 bus
382 2495 709 2562 imminent,
741 2510 842 2567 per
871 2511 1004 2567 quae
1033 2494 1124 2551 vel
1169 2493 1528 2552 lenocinante
1575 2494 1700 2564 ipsa
1727 2493 1945 2550 immu-
2032 2489 2314 2549 trinsccus
2342 2493 2666 2551 venientem
2697 2494 2756 2551 in
2789 2496 2948 2553 omni
2985 2497 3266 2568 religiosae
3315 2499 3449 2558 vitae
3496 2509 3550 2558 et
3601 2519 3722 2560 san-

245 2583 441 2641 nitatis
503 2581 754 2651 licentia,
827 2591 1028 2654 sponte
1079 2590 1386 2640 corruunt:
1470 2581 1556 2640 vel
1632 2582 1945 2638 mundanas
2025 2581 2234 2640 ctitatis
2279 2583 2776 2640 consummatione
2804 2585 3139 2656 perfectum.
3168 2586 3292 2656 Ille,
3321 2587 3418 2645 ille
3442 2589 3718 2648 nimirum

239 2669 687 2746 perturbationis
740 2669 1074 2726 necessitate
1118 2669 1317 2740 coacti,
1365 2669 1539 2726 etiam
1569 2669 1827 2727 nolentes
1855 2669 1944 2726 of-
2025 2687 2180 2730 nunc
2228 2670 2402 2728 abbas
2440 2673 2756 2735 extollitur.
2806 2674 2905 2732 ille
2955 2675 3165 2748 dignus
3211 2679 3460 2751 percepti
3493 2681 3722 2738 honoris

238 2762 500 2820 tendunt.
2026 2761 2216 2818 infula
2257 2759 2574 2832 judicatur,
2629 2763 2728 2834 qui
2760 2764 2923 2820 novit
2975 2781 3242 2836 agrorum
3276 2767 3485 2826 fundos
3515 2777 3720 2827 exten-

312 2850 422 2908 Sed
453 2857 592 2916 esto,
623 2856 685 2906 ut
731 2861 828 2906 eos
873 2846 1039 2905 nulla
1071 2846 1439 2904 saecularium
1466 2845 1728 2904 molestia
1753 2846 1940 2921 feriat,
2025 2849 2179 2916 dere,
2224 2848 2428 2930 turrita
2479 2848 2783 2908 domorum
2841 2852 3096 2911 culmina
3150 2855 3446 2928 fabricare,
3498 2858 3720 2932 copiam

236 2938 426 2996 omnis
482 2937 739 3010 undique
791 2934 1071 2994 mundani
1115 2935 1325 2992 ﬂuctus
1375 2934 1622 3008 procella
1665 2935 1939 3008 quiescat,
2025 2944 2268 2994 terrenae
2299 2935 2583 2994 facultatis
2613 2939 2931 3012 acquirere,
2963 2942 3073 2998 sibi
3101 2944 3426 3002 commissis
3460 2961 3573 3004 non
3604 2953 3718 3005 tam

236 3026 368 3100 quis
420 3024 606 3083 valeat
655 3023 945 3080 intestinae
1000 3023 1298 3080 seditionis
1349 3023 1496 3080 mala
1554 3025 1825 3096 perferre,
1885 3026 2342 3121 etCnecessaria
2391 3017 2568 3100 quain
2617 3035 2671 3084 et
2724 3029 3014 3101 superﬂua
3061 3033 3407 3092 ministrare.
3447 3035 3621 3094 Porro
3671 3037 3719 3096 si

235 3114 355 3174 sola
406 3112 822 3170 monachorum
875 3110 1043 3168 taedia
1094 3112 1418 3168 sustinere?
1447 3110 1586 3180 Quis
1617 3120 1694 3169 tot
1723 3119 1778 3168 et
1821 3115 1938 3170 tam
1961 3110 2274 3172 “curando
2327 3113 2482 3174 talia.
2517 3116 2847 3175 animarum
2875 3134 3012 3176 cura
3041 3123 3431 3194 postponitur:
3486 3123 3714 3198 dicitur,

233 3202 408 3260 variis
440 3200 832 3258 voluntatibus
861 3196 1219 3287 satisfaciat?
1255 3197 1394 3268 Quis
1431 3199 1802 3274 semetipsum
1836 3217 1938 3274 per
2019 3203 2154 3276 quia
2185 3202 2335 3260 inter
2364 3203 2650 3277 pracipua
2677 3207 2857 3264 multa
2885 3207 3054 3280 bona,
3094 3210 3236 3270 levis
3260 3213 3529 3286 quaelibet
3551 3196 3719 3287 culpa

237 3300 350 3348 tam
399 3290 625 3347 diversa
698 3291 1018 3346 formarum
1072 3285 1218 3342 459
1288 3296 1541 3346 monstra
1594 3289 1936 3364 componat?
2021 3289 2461 3349 misericorditer
2499 3291 2858 3366 indulgetur.
2909 3295 3121 3356 Omnes
3150 3285 3437 3374 siquidem
3477 3285 3719 3375 possunt

233 3379 560 3436 Decernunt
599 3378 890 3451 siquidem
921 3391 1096 3435 suum
1125 3377 1500 3450 prmpositum
1527 3378 1733 3436 debere
1761 3379 1933 3451 spiri-
2016 3380 2228 3438 animae
2271 3396 2396 3438 suae
2425 3378 2570 3436 460
2615 3383 2846 3442 utilitati
2899 3388 3231 3446 consulere:
3284 3405 3400 3447 non
3446 3389 3716 3448 omnibus

236 3469 465 3526 tualiter
498 3467 712 3538 vivere,
752 3477 968 3539 cogunt
1007 3475 1194 3524 tamen
1239 3483 1338 3539 per
1369 3475 1555 3525 totum
1597 3468 1750 3525 diem
1799 3483 1935 3526 cau-
2020 3472 2220 3527 datum
2269 3477 2373 3539 est,
2422 3477 2537 3527 tam
2589 3472 2790 3541 ardua,
2849 3481 2967 3532 tam
3014 3479 3335 3535 necessaria
3394 3477 3713 3551 providere.

233 3575 429 3617 sarum
484 3559 855 3616 saecularium
900 3558 1145 3632 negotiis
1195 3558 1510 3628 insudare;
1561 3575 1632 3617 ne
1671 3559 1938 3617 videlicet
2017 3558 2208 3616 Facile
2235 3558 2394 3617 locus
2423 3559 2695 3619 tribuitur
2725 3561 2931 3631 veniae,
2966 3563 3065 3621 ubi
3098 3565 3203 3622 hoc
3244 3565 3462 3624 intuitu
3492 3565 3717 3623 minora

232 3651 610 3709 ecclesiastica
653 3649 803 3706 bona
833 3647 1159 3721 depereant,
1191 3663 1266 3705 ne
1315 3647 1557 3706 domum
1611 3650 1730 3722 Dei,
1781 3651 1936 3725 quod
2019 3649 2386 3725 negligimus,
2417 3657 2483 3707 ut
2515 3651 2585 3708 ad
2620 3652 2836 3725 majora
2872 3652 3186 3712 studiosius
3216 3654 3604 3728 accingamur.

230 3741 394 3810 absit,
453 3738 524 3795 ab
577 3737 992 3795 incolumitatis
1044 3752 1163 3794 sua:
1195 3743 1345 3794 statu
1387 3738 1675 3796 declinare
1706 3739 1934 3796 contin-
2086 3736 2247 3805 Quod
2273 3736 2323 3793 si
2349 3737 2526 3795 abbas
2556 3737 2629 3795 ab
2659 3739 3043 3798 exterioribus
3074 3748 3416 3815 temperans,
3441 3742 3716 3816 spiritua-

230 3838 349 3903 gat:
388 3835 441 3886 et
487 3827 843 3885 tolerabilius
873 3827 1087 3895 ferunt,
1136 3826 1185 3883 si
1215 3843 1318 3899 per
1349 3827 1572 3884 abbatis
1612 3827 1934 3885 absentiam
2015 3823 2169 3882 libus
2207 3840 2266 3881 se
2315 3825 2520 3884 studiis
2550 3826 2980 3900 mancipaverit,
3014 3831 3282 3902 gemitur,
3316 3831 3635 3906 suspiratur
3659 3840 3716 3890 et

231 3926 436 3977 cuncta
497 3917 778 3990 regularis
829 3915 1212 3974 institutionis
1269 3916 1571 3989 disciplina
1626 3917 1930 3988 dilabatur,
2014 3913 2423 3987 unusquisque
2476 3930 2550 3971 ex
2605 3915 2933 3974 domesticae
2982 3917 3268 3978 facultatis
3317 3920 3537 3994 jactura
3575 3938 3713 3980 con-

232 4024 406 4082 quam
455 4016 515 4064 ut
554 4005 949 4064 ecclesiastica:
979 4003 1244 4061 utilitatis
1270 4004 1640 4062 commodum
1691 4004 1931 4078 dispen-
2014 4002 2296 4074 αυθπὶωικ
2333 4003 2493 4072 Εοοθν
2543 4004 2835 4078 ingnium,
2885 4007 3091 4065 domus
3140 4018 3335 4067 sancta
3381 4011 3712 4082 (ἰθεῐωὶιιιτ.

232 4099 325 4155 dia
376 4098 640 4170 patiatur.
691 4093 751 4152 Si
783 4093 1253 4167 delinquentium
1305 4093 1445 4151 vitia
1493 4093 1767 4152 districta
1803 4094 1928 4152 ani-
2013 4090 2296 4170 possessio
2348 4099 2539 4149 nostra
2585 4093 2894 4165 minuitur,
2949 4104 3002 4153 et
3060 4113 3160 4170 per
3199 4099 3375 4158 unius
3428 4102 3714 4160 incuriam

233 4185 654 4246 madversionis
701 4180 918 4256 judicio
961 4183 1213 4253 corrigit,
1255 4182 1511 4255 impius;
1561 4182 1611 4239 si
1657 4185 1806 4240 circa
1835 4199 1932 4241 eos
2017 4182 2094 4233 tot
2123 4177 2381 4235 virorum
2409 4179 2708 4236 commoda
2758 4179 2829 4236 ad
2874 4182 3124 4240 nihilum
3177 4187 3533 4260 rediguntur.
3589 4187 3715 4245 Fiat

234 4277 532 4336 remissius
579 4274 715 4346 agit,
763 4273 882 4329 zelo
919 4271 1020 4328 Dei
1045 4272 1294 4330 creditur
1323 4271 1580 4340 alienus;
1637 4273 1682 4327 si
1715 4273 1929 4329 silentii
2014 4263 2397 4333 ratiocinium,
2433 4281 2715 4342 ponamus
2739 4266 3045 4340 calculum,
3079 4280 3377 4350 postquam
3408 4274 3507 4332 ille
3540 4290 3714 4348 super

231 4383 290 4423 se
336 4363 650 4435 aliquando
689 4375 930 4417 censura
977 4359 1336 4430 constringit,
1367 4356 1597 4428 dicitur,
1631 4359 1766 4431 quia
1795 4375 1990 4436 cum“
2014 4368 2118 4408 n08
2147 4353 2401 4410 infausto
2429 4354 2684 4426 auspicio
2721 4355 2817 4427 jus
2846 4355 3101 4430 indignae
3146 4363 3433 4433 potestatis
3461 4363 3710 4436 accepit;

232 4413 814 4525 pastorjobmutescit,
868 4461 1099 4518 gregem
1135 4446 1306 4519 lupus
1351 4447 1593 4505 invadit.
1647 4447 1825 4508 Paulo
1857 4451 1930 4508 li-

2015 4449 2174 4512 quot,
2230 4449 2284 4498 et
2335 4441 2531 4514 qualia
2579 4452 2914 4502 ornamenta
2962 4413 3234 4506 Ecclesiae
3269 4413 3711 4522 superaddidrit‘;

233 4541 428 4599 berius
471 4538 690 4610 loquar.
726 4535 850 4604 Qua
880 4536 1065 4592 fronte
1094 4534 1222 4592 aliis
1251 4536 1419 4617 silere
1466 4539 1776 4611 prmeipiat,
1828 4558 1931 4599 cu-

227 4635 324 4702 jus
375 4629 607 4701 garrula
655 4627 858 4697 lingua
906 4625 1183 4684 continua
1232 4627 1572 4686 verbositate
1612 4629 1930 4689 deelamat?

234 4718 376 4777 Cum
403 4717 648 4790 jejunat,
702 4715 888 4773 laudis
919 4715 1195 4772 humana:
1230 4716 1481 4773 favorem
1532 4726 1756 4790 captare
1786 4720 1928 4777 dici-

235 4818 366 4878 tur;
415 4822 546 4866 cum
595 4804 863 4875 comedit,
908 4819 1012 4861 suo
1051 4811 1227 4876 pater,
1256 4803 1446 4862 alieno
1477 4807 1661 4863 ventri
1691 4823 1812 4866 esse
1842 4809 1929 4866 vi-

237 4898 412 4952 tricus
467 4892 823 4966 perhibetur.
881 4891 1143 4949 Lautiori
1192 4899 1345 4948 veste
1377 4900 1687 4959 contectus,
1725 4912 1930 4953 vanam

236 4985 472 5058 gloriam
526 4998 818 5057 quaerere;
866 4981 1224 5038 extremitate
1267 4991 1320 5039 et
1360 4983 1576 5041 vilitate
1609 4993 1926 5052 contentus,

236 5081 417 5135 fertur
465 5073 876 5135 monasterium
908 5073 1231 5145 deturpare.
1281 5073 1710 5132 Praedicationis
1741 5091 1928 5134 sermo

233 5167 280 5223 si
311 5165 370 5221 in
402 5164 638 5236 longum
671 5161 1039 5234 protrahitur,
1091 5160 1449 5231 conspuitur,
1497 5161 1821 5220 fastiditur:
1863 5170 1932 5220 .et

236 5254 418 5324 magis
445 5268 717 5311 somnum
749 5251 959 5308 dicitur
984 5265 1309 5323 provocare,
1348 5267 1525 5323 quam
1561 5253 1930 5311 aedificationi

233 5362 397 5418 posse
418 5359 753 5416 congruere.
785 5340 846 5399 Si
874 5349 1063 5397 autem
1089 5339 1301 5399 locutio
1331 5339 1520 5399 brevis
1539 5342 1666 5412 tiat;
1688 5343 1839 5416 quod
1861 5344 1922 5401 in

2014 4532 2161 4601 Quot
2209 4532 2554 4604 praediorum
2601 4547 2831 4591 mansos
2880 4537 3230 4609 acquisivit?
3286 4540 3396 4598 Ubi
3459 4541 3711 4614 denique

2014 4620 2391 4692 possessionis
2441 4627 2650 4678 nostra:
2702 4622 2978 4682 terminos
3023 4627 3374 4700 ampliavit?
3435 4628 3610 4686 Plane
3661 4628 3711 4687 si

2014 4727 2102 4769 res
2156 4705 2460 4784 diligenter
2501 4711 2836 4785 inquiritur,
2875 4714 3032 4773 locus
3061 4717 3151 4774 hic
3179 4732 3282 4777 suo
3314 4727 3565 4793 tempore
3592 4736 3713 4779 non

2013 4804 2182 4862 modo
2232 4820 2346 4862 non
2380 4810 2603 4870 auctus,
2637 4800 2734 4856 sed
2781 4802 2840 4858 in
2873 4805 3074 4862 multis
3107 4807 3293 4879 potius
3317 4808 3571 4865 cernitur
3596 4808 3710 4862 im-

2015 4890 2296 4948 minutus.
2331 4889 2437 4946 His
2465 4887 2660 4959 itaque
2702 4897 2758 4945 et
2804 4891 3138 4965 hujusmodi
3186 4893 3574 4951 calamitatum
3605 4892 3710 4949 sti-

2013 4981 2188 5038 mulis
2216 4981 2449 5037 abbates
2495 4997 2646 5054 saepe
2683 4981 2944 5054 perculsi,
2992 4989 3048 5039 et
3096 4983 3480 5054 subjectorum
3539 4980 3710 5039 mali-

2015 5068 2094 5125 tia
2170 5069 2518 5139 conturbati,
2592 5088 2697 5129 nec
2769 5070 3023 5144 quietam
3117 5069 3434 5142 praevalent
3526 5069 3707 5127 vitam

2012 5175 2204 5230 agere,
2245 5175 2348 5216 nec
2398 5159 2690 5218 lucrandis
2715 5159 3044 5227 animabus,
3090 5167 3260 5231 prout
3308 5173 3508 5216 eorum
3535 5157 3711 5215 dictat

2011 5249 2287 5319 oﬂicium,
2319 5250 2618 5309 desudare.
2672 5251 2780 5309 Sed
2809 5252 2951 5308 dum
2983 5266 3087 5308 nos
3135 5249 3267 5308 talia
3319 5248 3707 5324 quorumdam

2011 5339 2306 5407 abbatum,
2338 5340 2459 5396 sive
2502 5341 2918 5399 monachorum
2969 5339 3347 5413 pravitatibus
3389 5339 3704 5412 loquimur,

234 5448 359 5498 suo.
397 5431 692 5503 inquiunt,
720 5446 834 5488 non
863 5429 1084 5486 studuit
1114 5444 1247 5486 vase
1271 5430 1598 5500 recondere,
1628 5446 1742 5488 non
1777 5432 1926 5490 valet
2008 5444 2176 5487 nemo
2208 5445 2313 5487 nos
2341 5430 2516 5488 simul
2587 5447 2720 5489 cum
2787 5431 2871 5489 eis
2940 5431 3114 5488 etiam
3176 5429 3472 5502 religiosos
3532 5435 3707 5501 atque

232 5519 364 5576 aliis
408 5519 748 5592 propinare;
785 5527 840 5575 et
870 5518 1018 5587 fons,
1049 5517 1150 5590 qui
1197 5517 1257 5574 in
1307 5517 1516 5575 occulti
1565 5528 1786 5578 meatus
1833 5520 1926 5580 sui
2007 5519 2275 5577 honestos
2303 5534 2534 5592 carpere
2562 5519 2901 5592 suspicetur.
2934 5517 3153 5591 Quippe
3189 5533 3437 5591 quorum
3464 5515 3707 5589 vestigia

229 5607 396 5666 venis
438 5607 661 5676 arescit,
697 5607 903 5663 uberes
958 5605 1112 5662 rivos
1137 5621 1237 5678 per
1281 5606 1504 5666 ﬁstulas
1524 5621 1639 5666 non
1659 5608 1919 5668 effundit.
2008 5609 2308 5669 humiliter
2358 5609 2684 5670 osculantes
2731 5607 3153 5682 amplectimur,
3205 5615 3261 5667 et
3289 5607 3352 5668 in
3406 5606 3491 5667 eis
3535 5605 3705 5666 Chri-
