4080 6194
330 416 430 483 461

1182 400 1433 473 OPUSC.
1475 407 1628 468 XXI.
1673 440 1737 450 —-
1777 402 1873 463 DE
1909 392 2110 461 FUGA
2149 392 2621 461 DIGNITATUM
2650 389 2958 471 ,ECCLES.

3706 397 3815 466 462

333 556 504 615 stum,
537 530 711 619 prout
737 538 979 613 dignum
1004 545 1108 610 est,
1141 535 1466 594 adoramus.
1501 531 1635 590 Illos
1664 527 2098 619 etiarn-ip‘sosA
2121 533 2209 583 tus
2252 525 2528 603 oﬂicium,
2578 526 2750 584 tantis
2783 525 3165 583 tentationum
3214 524 3487 585 ﬂuctibus
3514 533 3765 587 aestuant
3796 548 3808 585 :

338 608 702 710 nequaquam
780 608 961 687 livido
1016 608 1383 685 detractionis
1428 621 1594 680 dente
1653 608 2028 684 corrodimus,

2115 622 2181 673 ut
2214 615 2630 673 violentissima
2652 630 2850 689 pugna
2877 630 2937 672 se
2972 630 3170 687 capere
3196 615 3257 672 in
3284 631 3487 684 eorum
3513 617 3683 676 corde
3710 619 3814 677 vix

333 703 442 782 sed.
472 703 672 781 eorum
726 718 918 793 potius
970 716 1223 774 fraterna
1278 709 1669 784 compassione
1721 705 2034 780 plectendis
2114 704 2310 776 possit.
2347 704 2681 793 Proponunt
2721 718 2975 778 namque
3004 703 3111 760 sibi
3141 704 3381 775 maligni
3404 705 3641 779 spiritus
3670 722 3816 780 qua-

335 812 592 870 moribus
644 807 1060 873 condolemus;
1119 802 1220 878 qui
1272 800 1554 859 nimirum
1597 812 1696 870 per
1743 793 2035 853 dissolutae

333 898 783 960 conversationis
808 894 1116 957 incuriam,
1144 907 1259 948 non
1288 889 1477 947 solum
1500 885 1669 944 nobis
1697 882 2036 942 scandalum

332 995 633 1063 generant,
663 986 763 1045 sed
802 983 942 1057 ipsis
968 980 1142 1039 etiam
1172 976 1548 1040 saecularibus
1585 970 1946 1038 detrahendi,
1983 974 2038 1024 et

333 1055 654 1137 detestandi
730 1055 959 1133 sacrum
1019 1070 1304 1137 ordinem,
1364 1063 1664 1123 materiam
1747 1055 2037 1118 submini-

330 1171 532 1225 strant.
556 1164 563 1169 ’

400 1253 778 1325 Quapropter,
838 1232 1252 1311 dilectissime,‘
1307 1241 1445 1299 satis
1522 1235 1908 1325 laudabiliter,
1980 1233 2037 1288 et

334 1320 653 1418 prudenter
680 1335 867 1409 egisti,
900 1333 1167 1393 videlicet
1215 1335 1281 1389 ut
1318 1320 1621 1387 infecundi
1648 1322 1862 1382 laboris
1906 1334 2036 1393 gra-

337 1408 641 1489 vissimum
684 1422 923 1501 pondus
972 1421 1264 1493 abjiceres,
1315 1423 1369 1474 et
1417 1414 1679 1485 levigatis
1716 1408 2040 1469 cervicibus

337 1519 403 1576 ad
430 1497 741 1576 fructuosae
772 1510 984 1586 quietis
1010 1508 1193 1567 otium
1224 1503 1579 1565 convolares.
1615 1500 1739 1557 Hoc
1766 1497 2039 1586 tibicen-

338 1606 535 1664 silium
580 1618 695 1661 non
748 1583 879 1659 caro
932 1596 1020 1656 vel
1082 1593 1319 1666 sanguis
1373 1588 1654 1656 attribuit,
1688 1585 1786 1643 sed
1842 1583 2041 1641 divina

337 1696 528 1768 potius
591 1688 882 1748 miseratio
938 1684 1162 1744 cmlitus
1208 1678 1531 1753 inspiravit.
1562 1671 2043 1759 Quandoquidem

2117 793 2193 851 lia
2224 802 2279 852 et
2319 784 2489 867 quam
2523 793 2872 866 multiplicia
2898 793 3226 851 animarum
3263 794 3422 854 lucra
3453 797 3566 856 Deo
3595 799 3815 870 potuis-

2118 890 2244 947 sent
2277 884 2593 957 acquirere,
2631 883 2679 951 si
2718 882 3003 955 patienter
3049 883 3111 940 in
3143 899 3230 952 eo,
3271 900 3387 959 quo
3434 887 3684 957 fuerant,
3712 904 3816 947 vo-

2118 971 2361 1029 luissent
2400 972 2599 1030 ordine
2651 987 3003 1044 permanere.
3056 972 3238 1040 Quam
3287 973 3482 1046 plures
3511 975 3690 1045 enim,
3722 976 3818 1034 in-

2119 1059 2346 1133 quiunt,
2380 1076 2452 1117 ex
2476 1058 2740 1118 saeculari
2769 1059 2972 1116 habitu
3002 1058 3072 1116 ad
3103 1061 3437 1120 servitutem
3478 1063 3689 1121 Christi
3723 1072 3819 1122 tua

2120 1150 2517 1206 exhortatione
2544 1154 2972 1217 concurrerent,
3012 1149 3124 1222 ipsi
3149 1149 3324 1207 etiam
3343 1151 3446 1224 qui
3476 1151 3658 1211 relicti
3682 1160 3819 1212 sunt

2120 1237 2283 1294 facile
2333 1251 2394 1293 se
2444 1252 2477 1293 a
2532 1236 2656 1293 suis
2708 1236 3091 1308 pravitatibus
3131 1238 3483 1296 cohiberent.
3537 1240 3647 1299 Sed
3692 1242 3821 1301 hac

2124 1326 2269 1383 bona
2302 1326 2518 1399 vagitus
2559 1325 2818 1396 abstulit,
2868 1326 3081 1385 vitium
3127 1328 3518 1391 instabilitatis
3547 1331 3815 1391 exclusit.

2123 1413 2419 1487 Numquid
2451 1414 2555 1472 tibi
2585 1415 2691 1472 soli
2718 1420 2890 1473 natus
2917 1431 2998 1486 es,
3033 1423 3099 1474 ut
3128 1417 3357 1476 nullum
3384 1419 3454 1477 de
3483 1427 3535 1478 te
3564 1422 3815 1493 proximi

2126 1504 2210 1561 tui
2239 1502 2505 1560 solatium
2556 1503 2856 1572 sentiant;
2904 1504 3051 1562 nulli
3083 1520 3156 1562 ex
3197 1511 3269 1575 te,
3303 1507 3461 1564 velut
3509 1524 3582 1566 ex
3637 1511 3821 1572 sterili

2121 1592 2323 1649 arbore
2350 1592 2563 1663 (Matth.
2596 1595 2745 1660 XXI),
2779 1607 2845 1649 ac
2879 1607 2983 1664 per
3020 1593 3126 1651 hoc
3168 1593 3402 1665 ignibus
3435 1597 3641 1669 debita,
3692 1601 3818 1659 fru-

2123 1690 2248 1741 ctus
2271 1678 2619 1755 erumpant?
2652 1680 2870 1740 Servus
2898 1681 3014 1750 ille,
3047 1684 3148 1755 qui
3174 1672 3241 1742 ‘in
3273 1672 3504 1745 sudario
3537 1689 3818 1748 talentum

340 1798 498 1840 nunc
527 1784 707 1845 vacat:
737 1783 792 1834 θῖ
821 1776 889 1832 de
916 1772 1145 1848 Propria
1170 1769 1355 1828 salute
1375 1784 1439 1841 [31‘
1441 1764 1710 1856 ορθηξίρτ
1710 1763 1729 1822 ί
1754 1763 1878 1856 ﬁeri
1904 1774 2045 1856 ειμξᾶ
2127 1770 2305 1829 herile
2348 1769 2601 1842 reposuit
2630 1774 2780 1838 (Luc.
2818 1772 2963 1842 XIX),
2998 1771 3274 1830 districta;
3302 1775 3820 1835 animadversionis

340 1868 676 1935 sollicitum,
712 1870 767 1920 et
795 1863 865 1920 de
894 1867 972 1918 tot
997 1860 1329 1917 animarum
1372 1871 1489 1914 non
1522 1851 1810 1912 reddenda
1844 1849 2041 1907 multi-

2173 1858 2469 1949 zntentiam
2503 1873 2617 1915 non
2649 1860 2851 1927 evasit,
2884 1864 2940 1916 et
2970 1874 3042 1916 ex
3072 1876 3138 1918 eo
3167 1860 3436 1921 incautus
3464 1862 3527 1920 in
3578 1863 3820 1921 damna-

343 1957 477 2031 plici
506 1953 726 2012 ratione
756 1964 1047 2042 securum.
1085 1941 1827 2042 δῖεξιηιμιὶῐθιῐιεςηἰῃιριξὶξιῐιὶΔ
1854 1941 2041 1994 veter-
2126 1945 2298 2006 tionis
2325 1945 2653 2019 periculum
2683 1946 2906 2017 cecidit,
2943 1946 3098 2004 unde
3130 1950 3295 2021 quasi
3322 1956 3524 2008 cautus
3551 1951 3661 2009 sibi
3691 1967 3824 2025 pro-

256 2083 269 2091 ι
346 2026 519 2101 nosus
546 2040 789 2099 humani
825 2036 1053 2110 generis
1080 2032 1379 2100 inimicus,
1420 2029 1521 2103 qui
1555 2026 1714 2084 mille
1748 2031 1896 2083 artes
1938 2036 2041 2078 no-

2173 2035 2320 2127 idere
2364 2033 2754 2127 putavitAlii
2802 2032 3008 2092 dedisti
3055 2036 3375 2094 mercedem
3408 2044 3587 2108 tuam,
3634 2041 3824 2113 proje-

348 2084 519 2101 ..νεαρ
546 2084 789 2099 ............
825 2084 1053 2110 ,ουκ-μυ,
1082 2084 1379 2100 --η-.-πη
1428 2084 1520 2103 τῇ
2139 2084 2318 2093 ..η-ν
2408 2084 2605 2091 -------
2638 2084 2754 2091 -----
2806 2084 3008 2092 αμα--
3058 2084 3375 2094 "mm"..-
3408 2084 3563 2096 -υιηη

344 2130 511 2190 condi
536 2133 762 2209 movet,
817 2131 1042 2183 mentes
1072 2135 1373 2209 servorum
1402 2117 1503 2209 Ιᾷβὶ
1535 2111 1762 2209 ρυίεεξῖθ
1792 2127 1911 2170 1100
1942 2109 2043 2167 de-
2124 2123 2251 2181 cisti
2286 2138 2319 2180 a
2353 2084 2405 2179 te
2441 2126 2735 2195 perpetua
2766 2123 3251 2183 remunerationis
3298 2084 3822 2199 acquiretidaennia-

342 2219 502 2290 sinit,
534 2206 591 2275 et
631 2215 806 2274 illatis
849 2211 1094 2270 diversis
1144 2205 1556 2267 tentationihus
1594 2202 1888 2277 quiescere
1926 2212 2041 2255 non
2126 2212 2349 2270 teriam.

2199 2307 2355 2365 Inter
2411 2307 2538 2364 haec
2587 2307 2760 2365 etiam
2810 2307 2882 2365 ad
2941 2309 3280 2368 memoriam
3331 2319 3600 2370 revocant
3652 2314 3829 2387 hujus

2130 2396 2337 2453 mundi
2367 2395 2538 2466 bona,
2570 2395 2785 2469 quibus
2813 2402 3093 2454 eratante
3124 2397 3499 2457 circumﬂuus
3535 2418 3549 2468 ;
3580 2416 3830 2472 exaggea

2132 2483 2637 2557 rant-paupertatis
2681 2483 2957 2555 inopiam,
3002 2484 3062 2541 in
3094 2499 3207 2558 qua
3235 2501 3391 2543 nunc
3440 2488 3696 2545 cernitur
3734 2490 3867 2545 in--

2134 2572 2376 2630 feliciter
2405 2570 2748 2629 constitutus
2780 2589 2793 2640 ;
2824 2578 2898 2642 et,
2931 2576 2997 2630 ut
3037 2587 3273 2631 murum
3303 2576 3514 2632 mentis
3550 2574 3835 2648 impactus

2135 2660 2466 2719 tentationis
2520 2659 2668 2717 aries
2729 2660 2921 2718 acrius
2978 2661 3163 2731 feriat,
3223 2660 3471 2720 additur.
3542 2663 3838 2737 Perpende

2135 2765 2288 2823 ergo,
2330 2754 2547 2820 quanto
2594 2746 2802 2805 melius
2857 2748 2930 2805 sit
2984 2763 3118 2806 cum
3175 2747 3290 2807 Deo
3340 2750 3617 2811 omnibus.
3663 2752 3839 2810 etiam

344 2286 622 2380 permittit
653 2322 668 2374 ;
703 2292 937 2377 expedit
982 2306 1033 2357 te
1062 2304 1218 2355 tanto
1246 2292 1551 2353 sollicitius
1581 2290 1731 2347 circa
1753 2286 2046 2360 propriam
2097 2305 2104 2313 '

344 2395 663 2455 custodiam
715 2374 976 2464 vigilare,
1031 2392 1246 2461 quanto
1298 2383 1428 2441 licet
1472 2381 1545 2439 ab
1595 2374 2047 2450 alienm.provi-

344 2486 528 2545 sionis
572 2497 711 2541 cura
756 2461 1045 2538 desistere.
1108 2475 1327 2534 Locum
1371 2470 1585 2545 quippe
1633 2465 1889 2537 mutasti,
1952 2461 2050 2521 sed

346 2590 464 2633 non
525 2573 789 2629 hostem:
856 2554 936 2624 et.
974 2577 1323 2638 quocunque
1378 2574 1599 2634 pergas,
1667 2551 2053 2627 corruptionis

296 2732 300 2745 η
352 2673 469 2723 tute
518 2669 729 2732 tecum,
785 2658 950 2728 velis,
1006 2655 1172 2723 nolis,
1230 2650 1513 2710 sarcinam
1547 2654 1779 2722 portas;
1817 2661 1891 2703 ex
1939 2658 2054 2717 qua

347 2766 582 2811 necesse
613 2753 697 2807 est
735 2748 947 2820 spinas.
981 2751 1036 2804 et
1086 2743 1328 2802 tribulos
1359 2740 1711 2798 incessanter
1737 2746 2050 2805 emergere,

350 2842 413 2899 in
472 2832 716 2931 quibus_
736 2834 1124 2931 θΧεῐίΓΡθΠάξε
1184 2830 1476 2931 expediat.
1509 2832 1562 2885 te
1622 2820 2056 2931 i‘nfatigflbil‘iffr
2139 2820 2550 2910 temporalibus
2574 2835 2739 2893 bonis
2766 2835 3020 2905 aﬂluere,
3051 2851 3229 2909 quam
3255 2846 3450 2896 contra
3472 2839 3659 2898 Deum
3679 2839 3842 2898 omni

356 2941 646 2987 exercere.
676 2925 896 2983 Desunt
931 2921 1219 3020 homines,“
1247 2918 1347 3020 QP}
1379 2914 1481 2973 tibi
1511 2912 1917 3020 majChin‘ellmf
2141 2909 2399 2985 subsidio
2441 2925 2866 2983 sustentatorize
2892 2920 3039 2979 462
3078 2928 3433 2985 necessitatis
3462 2943 3630 3001 egere
3658 2948 3670 2987 ε
3704 2927 3843 3002 quia

354 3028 606 3089 gnarum
661 3026 895 3070 suarum
946 3009 1179 3083 sagittas
1205 3006 1507 3079 inﬂigere;
1544 3002 1755 3060 adsunt
1788 2996 2049 3056 invisibi-

354 3104 369 3112 -
471 3103 483 3112 .
538 3102 549 3112 .
622 3101 633 3112 ι
675 3102 687 3112 .
830 3101 840 3111 ο
914 3099 930 3112 «ι
1196 3102 1207 3112 .
1321 3110 1324 3112 λ
1382 3110 1409 3112 ,_
1434 3111 1441 3112 ,
1467 3108 1592 3112 --ᾼμ
1626 3089 1887 3112 Δ--;ηηηι
1912 3086 2028 3112 ειη-Α

2173 3018 2327 3075 leum
2383 3029 2495 3112 non
2546 3012 2812 3087 timuisti,
2864 3013 3226 3088 temetipsum
3274 2992 3594 3090 dejiciendo
3641 3023 3695 3075 et
3720 2992 3843 3074 -de-

349 3104 441 3163 les
466 3101 714 3173 inimici,
743 3101 843 3175 qui
864 3099 1172 3158 adversum
1193 3102 1246 3154 te
1276 3076 1599 3167 numquam
1621 3089 1888 3147 desinant
1911 3086 2049 3143 fero-

2173 3103 2521 3202 tonestando,
2599 3109 2985 3172 contemnere,
3059 3076 3308 3175 propriis
3341 3076 3560 3163 'saltem
3638 3105 3846 3165 usibus

356 3192 500 3249 citer
528 3190 819 3247 dimicare.
856 3187 949 3245 Illi
992 3200 1129 3243 sane
1164 3189 1423 3257 poterant
1473 3187 1662 3237 tecum
1693 3183 1892 3248 sopitis
1920 3188 2049 3246 que-

421 3279 463 3289 ..
550 3280 571 3289 -
639 3277 694 3289 α..
966 3272 1021 3289 αι·
1070 3272 1129 3289 .-,
1158 3287 1205 3289 μγ
1286 3268 1535 3289 ,μμΑΑμξ
1574 3285 1585 3289 -
1648 3266 1737 3289 ε..ιε
1795 3262 2049 3289 κλμ-...ξηρή

2173 3191 2438 3289 [ξξὺξιριτείε⁸
2468 3188 2805 3289 temporalia
2839 3191 3015 3263 hujus
3043 3189 3177 3249 vitze
3204 3186 3504 3264 stipendia'
3518 3208 3840 3266 procurare.

358 3279 497 3338 relis
544 3277 699 3335 facili
757 3272 1220 3333 Γθεοηείιίᾶῐίοηθ
1277 3268 1540 3342 componi
1574 3285 1588 3335 ;
1617 3266 1742 3356 ᾔίεῖί
1777 3264 2317 3356 ᾈΠςὲςίιέξηνΜοᾶο
2365 3280 2538 3336 etiam
2592 3278 2770 3336 falsus
2821 3293 2985 3335 amor
3037 3292 3238 3336 eorum
3291 3264 3556 3351 fratrum,
3596 3296 3847 3356 quorum

358 3367 708 3442 quandoque
744 3327 1154 3436 homini—pace
1183 3327 1489 3431 composita
1524 3327 1811 3414 foederari.
1844 3351 1936 3410 Illi
1961 3328 2049 3444 ad-

2173 3370 2379 3455 levotoh
2417 3369 2602 3424 fuerat
2662 3381 2806 3423 usus
2846 3365 3141 3439 obsequio.
3190 3367 3427 3426 latenter
3468 3327 3846 3438 immittitur;

360 3414 707 3442 Tuum“..-
1018 3414 1147 3436 ,ηρ
2147 3414 2347 3426 ww...
2419 3414 2602 3424 ...-...-
2666 3414 2803 3423 ,ην
2849 3414 2979 3423 νην
3029 3414 3141 3430 ων.
3190 3414 3416 3426 mw..."
3470 3414 3790 3428 ...............

359 3457 694 3552 versumUte
725 3450 1157 3552 nulla-norunt,
1204 3444 1320 3503 nisi
1348 3434 2064 3552 enteLrioraMEfEi:
2150 3455 2317 3513 modo
2345 3453 2493 3511 livor
2522 3454 2584 3511 in
2613 3469 2710 3511 eos
2736 3452 2835 3525 qui
2864 3414 3150 3512 adversati
3179 3455 3417 3514 fuerunt
3442 3471 3557 3514 non
3589 3414 3851 3516 modicus

358 3556 525 3615 pere;
551 3539 644 3598 isti
672 3538 899 3611 inipsis
918 3538 1260 3595 mentistuw
1284 3528 2063 3618 ωωηίδυείηῖβίθέεθνίυῐξῖν
2149 3546 2452 3605 excitatur.
2488 3542 2631 3602 Istos
2679 3541 2849 3612 dolet,
2892 3542 3033 3615 quia
3079 3558 3139 3602 se
3176 3550 3614 3617 conquerantur
3658 3546 3732 3604 ab
3760 3562 3850 3618 eo,

360 3612 506 3685 2161
541 3630 598 3687 in
634 3629 755 3703 ipsa
784 3630 869 3686 tui
912 3627 1155 3702 pectoris
1198 3624 1339 3682 urbe
1382 3619 1720 3692 conﬂigunt.
1771 3613 1860 3684 Et,
1893 3620 1955 3670 ut
1992 3612 2069 3668 ita

360 3710 692 3792 congressio
738 3715 1113 3790 periculosior
1160 3711 1437 3775 videatur,
1480 3707 1540 3764 in
1578 3705 1701 3778 ipsa
1749 3716 1925 3761 carne
1973 3706 2071 3759 tua

363 3807 634 3883 quaedam
662 3806 825 3882 quasi
871 3805 1120 3880 perfidos
1152 3801 1254 3858 tibi
1282 3795 1703 3857 commilitones
1736 3792 2068 3861 inveniunt,

361 3878 513 3970 quos
557 3895 617 3951 in
662 3878 1040 3967 augmentum
1079 3905 1202 3948 suae
1245 3884 1420 3962 partis
1462 3882 1803 3942 adsciscunt.
1852 3880 1921 3937 In
1958 3878 2072 3936 tuis

363 3967 588 4041 laribus
615 3982 779 4050 vivit,
832 3980 989 4040 unde
1045 3977 1307 4038 hostibus
1360 3974 1473 4032 tuis
1526 3972 1703 4030 robur
1758 3967 2067 4035 accrescit;

365 4078 428 4130 et
454 4073 732 4130 vitiorum
756 4075 1035 4138 monstra,
1063 4082 1196 4124 cum
1230 4063 1602 4122 inimicorum
1631 4059 1937 4117 adversum
1970 4071 2072 4114 nos

364 4169 682 4241 spirituum
722 4166 868 4224 bella
911 4168 1289 4237 consurgunt,
1334 4160 1453 4219 illis
1486 4156 1715 4241 sociata,
1743 4154 2074 4227 constipatis

362 4270 478 4314 nos
506 4256 706 4314 cuneis
734 4254 983 4313 feraliter
1010 4228 1297 4325 premunt.
1702 4228 1715 4241 ’

976 4499 981 4503 ,
1036 4433 1278 4499 CAPUT
1316 4431 1419 4494 III.

364 4581 580 4648 Quibus
626 4579 840 4635 artibus
873 4577 1079 4632 dmon
1123 4574 1404 4644 impugnet
1441 4584 1526 4624 eos
1567 4568 1665 4638 qui
1705 4581 1762 4620 se
1808 4580 1843 4618 a
1883 4563 2140 4636 prela-1)

969 4668 1108 4722 turis
1134 4663 1481 4718 abdicarunt.

456 4805 631 4870 Stude
682 4823 837 4887 ergo,
878 4805 1267 4873 dilectissime,
1299 4818 1401 4877 per
1444 4806 1653 4857 sanctae
1704 4792 2082 4856 conversatio-

2150 3635 2214 3692 in
2268 3648 2443 3708 quem
2502 3637 2900 3706 speraverant,
2966 3632 3311 3689 remansisse
3362 3632 3668 3704 deceptos;
3724 3634 3853 3693 illos

2151 3728 2365 3791 autem,
2419 3721 2555 3795 quia
2593 3736 2653 3778 se
2716 3718 3040 3793 gloriantur
3085 3720 3154 3777 de
3210 3736 3332 3780 suae
3384 3723 3853 3796 praesumptionis

2152 3809 2487 3868 excessibus
2524 3808 2862 3880 impunitos.
2911 3807 3053 3865 Istos
3094 3815 3256 3883 putat
3290 3810 3381 3867 de.
3406 3826 3511 3870 sua
3538 3812 3853 3884 dejectione

2152 3899 2462 3966 tabescere,
2490 3895 2621 3954 illos
2651 3896 2810 3954 velut
2838 3896 3105 3954 inimicos
3147 3897 3268 3955 suis
3296 3897 3523 3957 caSibus
3551 3898 3847 3958 insultare.

2153 3988 2298 4065 Istos
2326 3986 2594 4060 opinatur
2622 4002 2655 4043 a
2704 3986 2826 4042 suis
2866 3984 3096 4043 tumulis
3124 3986 3445 4059 comprimi,
3494 3987 3626 4044 illos
3652 3993 3855 4045 moeret

2153 4076 2215 4133 in
2266 4074 2553 4149 superbiae
2586 4073 2857 4132 cornibus
2884 4082 3215 4146 arroganter
3242 4074 3461 4132 extolli.
3496 4073 3636 4132 Haec
3662 4083 3718 4132 et
3741 4072 3850 4133 alia

2158 4165 2341 4224 multa
2371 4163 2783 4238 cogitationum
2813 4164 3211 4237 phantasmata
3240 4163 3583 4238 nequissimi
3612 4165 3853 4237 spiritus

2140 4255 2434 4352 ‘humanis
2461 4253 2754 4311 mentibus
2784 4252 3075 4325 ingerunt,
3123 4252 3212 4309 his
3260 4253 3539 4310 nimirum
3568 4269 3701 4326 quze
3751 4270 3855 4322 ne-

2158 4360 2450 4420 quaquam
2490 4359 2549 4401 se
2578 4342 2709 4399 forti
2760 4340 3174 4415 prospectionis
3220 4340 3474 4399 custodia
3506 4341 3855 4401 circumclu-

2160 4434 2324 4493 dunt.
2358 4431 2507 4490 Hinc
2529 4435 2613 4488 est
2638 4428 2788 4503 quod
2816 4430 3127 4488 nonnullos
3146 4431 3438 4490 cernimus
3460 4433 3859 4506 praepositum

2160 4538 2293 4581 cum
2329 4535 2537 4591 magno
2570 4519 2728 4590 prius
2757 4516 2981 4576 fervore
3010 4518 3280 4577 desedere
3316 4520 3649 4594 [decedere],
3703 4526 3857 4594 post-

2162 4610 2399 4667 modum
2430 4622 2563 4667 vero
2606 4605 2675 4663 ad
2710 4606 2978 4664 eumdem
3018 4605 3300 4664 vomitum
3343 4607 3692 4679 importuna:
3732 4623 3857 4664 am-

2160 4698 2397 4761 bitionis
2442 4693 2716 4753 instantia
2749 4692 3016 4752 festinare
3050 4713 3062 4763 ;
3116 4701 3171 4752 et
3210 4695 3621 4766 multiplicium
3676 4700 3856 4751 tenta-

2162 4788 2387 4846 tionum
2413 4783 2609 4865 vallati
2633 4783 2933 4853 densitate,
2966 4782 3055 4840 vel
3079 4783 3149 4840 ad
3178 4783 3484 4856 concupita
3516 4782 3855 4855 deveniunt,

371 4899 476 4958 nis
503 4886 839 4957 instantiam
862 4895 1033 4972 sicin
1064 4870 1351 4952 anteriora
1379 4890 1740 4955 contendere,
1775 4894 1838 4944 ut
1866 4876 2082 4941 nesciat
2158 4875 2255 4934 vel
2314 4891 2345 4931 a
2399 4872 2577 4931 sancti
2634 4870 2823 4943 operis
2871 4887 2984 4943 quo
3034 4871 3462 4932 incandueruut
3509 4873 3732 4931 fervore
3776 4879 3858 4932 te-

372 5000 548 5045 mens
574 4993 669 5044 tua
704 4993 828 5060 post
852 4993 1074 5058 tergum
1112 4982 1310 5040 oculos
1355 4994 1641 5038 revocare.
1672 4975 1825 5034 Illud
1854 4978 2077 5047 aposto-

372 5080 562 5136 licum
606 5092 830 5149 semper
884 5075 945 5133 in
997 5073 1274 5132 memoria
1332 5078 1609 5137 teneatur,
1659 5081 1777 5140 quo
1821 5064 2077 5123 dicitur:

2161 4967 2422 5039 pescunt.

2237 5061 2325 5119 Tu
2372 5064 2584 5128 autem,
2624 5055 3011 5125 dilectissime,
3059 5058 3227 5131 juxta
3276 5060 3642 5136 prudentiam
3700 5066 3858 5118 tuam

379 5193 405 5221 α
448 5168 590 5237 Quae
624 5173 771 5224 retro
798 5166 1029 5234 oblitus,
1060 5165 1119 5221 in
1149 5179 1235 5229 ea,
1264 5176 1397 5235 quas
1440 5157 1726 5216 anteriora
1775 5162 1931 5224 sunt,
1978 5169 2083 5211 ex-
2158 5151 2449 5239 lvirtutum
2503 5145 2678 5206 armis
2731 5146 2889 5205 fortis
2941 5148 3226 5220 prmliator
3293 5149 3610 5222 accingere,
3665 5155 3861 5206 contra

379 5259 630 5319 tendens
658 5272 769 5327 me,
815 5272 1029 5331 sequor
1060 5254 1129 5312 ad
1169 5253 1433 5311 bravium
1474 5264 1740 5322 supernae
1772 5243 2088 5303 vocationis
2158 5235 2351 5297 hostis
2379 5236 2591 5295 versuti
2624 5235 2865 5294 insidias
2890 5251 3115 5309 semper
3144 5235 3203 5294 in
3231 5236 3349 5295 acie
3379 5245 3608 5309 paratus
3639 5235 3860 5305 assiste,

381 5322 795 5421 (Philipp,111),
831 5372 858 5397 ι»
895 5322 1023 5406 Sint
1043 5347 1209 5418 pedes
1258 5347 1359 5407 tui,
1406 5341 1554 5399 sicut
1600 5355 1702 5412 per
1736 5335 2090 5395 Ezechielem
2172 5343 2398 5421 vanam.
2424 5325 2610 5421 hujus
2648 5323 2853 5382 mundi
2882 5323 3122 5395 gloriam
3168 5322 3412 5398 despice,
3463 5330 3707 5382 terrenae
3738 5325 3867 5384 feli-

378 5411 461 5498 de
491 5411 665 5496 sacris
688 5411 1298 5501 animalibus’dicitur,
1335 5458 1361 5480 οι
1383 5432 1548 5504 pedes
1572 5411 1707 5484 recti
1731 5428 1942 5495 (Ezech.
1972 5431 2043 5491 1):
2063 5448 2089 5474 η
2174 5416 2360 5473 Citati?!
2387 5413 2777 5472 blandimenta
2806 5417 3126 5482 contemne:
3157 5412 3441 5486 αυὶᾱίιιιίᾱ
3463 5411 3523 5468 in
3549 5413 3758 5471 53301110
3777 5429 3872 5472 al"

380 5525 674 5596 nimirum
703 5526 807 5599 qui
832 5526 914 5612 sic
938 5522 1211 5581 noverint
1240 5526 1553 5593 angustum
1583 5517 1709 5583 iter,
1741 5512 1891 5587 quod
1919 5510 2094 5571 semel

385 5620 691 5689 arreptum
744 5621 846 5683 est,
874 5602 1147 5687 ‘carpere,
1186 5618 1253 5668 ut
1279 5608 1351 5666 ad
1402 5622 1529 5664 eam
1579 5618 1710 5678 qua;
1759 5602 1958 5660 relicta
1994 5603 2096 5666 est,

386 5702 751 5774 retrogradis
790 5700 1080 5774 gressibus
1107 5698 1494 5770 dedignentur
1523 5709 1582 5752 se
1617 5690 1980 5750 latitudinem
2007 5702 2101 5745 re-

385 5801 691 5865 torquere.
733 5789 1025 5851 Nonnulli
1041 5789 1200 5847 enim
1238 5792 1367 5860 post
1407 5781 1733 5856 depositum
1763 5778 1858 5838 sui
1894 5775 2107 5850 priora-

2181 5504 2342 5571 ridet,
2378 5511 2649 5578 tanquam
2682 5498 3075 5558 luditicatoriae
3115 5497 3541 5570 imaginationis
3581 5502 3875 5561 somnium

2182 5594 2408 5666 deputa,
2440 5591 2508 5647 ad
2535 5603 2735 5647 verum
2765 5588 2928 5645 illam
2962 5585 3205 5663 ccelestis
3234 5586 3433 5659 patriae
3460 5585 3876 5648 beatitudinem

2184 5698 2281 5742 cor
2310 5687 2566 5739 erectum
2605 5677 2733 5736 totis
2763 5676 3084 5735 visceribus
3131 5676 3470 5736 inardescat.
3504 5678 3649 5738 Cum
3680 5696 3874 5754 pugna

2186 5771 2408 5842 crescit,
2440 5784 2568 5829 cum
2612 5766 2993 5825 tentatiouum
3042 5766 3313 5839 strepitus
3339 5768 3579 5840 ingruit,
3621 5771 3881 5842 protinus
