4080 6194
209 369 314 428 463
665 367 724 428 s.
769 365 989 426 PETRI
1028 365 1350 426 DAMIANI
1389 319 1544 426 dep.
1588 363 1837 426 TOMUS
1879 365 2020 427 seu
2061 364 2251 429 PARS
2290 364 2392 427 III.
2436 402 2502 412 —
2541 368 2930 430 OPUSCULA
2969 365 3222 430 VARIA.
3586 370 3685 432 464

216 495 289 553 ad
327 495 485 552 hunc
537 497 762 566 portum
800 508 968 550 mens
1016 491 1148 549 laeta
1181 491 1490 563 confugiat,
1532 497 1588 548 et
1639 491 1800 549 velut
1845 489 2171 565 inAeligis,
2205 507 2338 550 cum
2367 508 2433 551 eo
2461 493 2636 552 simul
2678 493 3103 552 immortalibus
3133 495 3355 554 divitiis
3388 497 3450 554 in
3484 495 3688 554 aeterni

215 583 462 658 quadam
515 581 855 638 munitionis
903 595 1032 638 arce
1102 579 1512 637 delectabiliter
1563 579 1901 653 requiescat,
1987 577 2150 649 regni
2202 579 2385 652 gloria
2426 580 2788 653 perfruaris;
2824 588 2878 638 et
2911 581 3063 640 inter
3115 581 3324 640 electos
3371 582 3606 640 abbates
3637 587 3689 640 te

207 679 270 731 ut
318 673 416 730 fiat
461 670 615 744 quod
664 687 766 743 per
818 670 1176 727 Psalmislam
1231 669 1480 726 dicitur:
1517 689 1543 721 «
1576 668 1904 726 Abscondes
1938 728 1943 732 _
1979 666 2176 739 jubeat
2224 663 2286 726 in
2341 671 2758 726 resurrectione
2796 669 3087 738 constitui,
3139 686 3240 744 pro
3293 671 3458 743 cujus
3492 686 3688 729 amore

207 779 304 822 eos
338 763 396 819 in
428 760 622 819 abdito
667 758 859 816 vultus
891 758 971 816 tui
1001 774 1037 837 _a
1085 757 1518 815 conturbatione
1571 756 1900 824 hominum,
1986 755 2046 812 in
2083 756 2186 813 hac
2241 757 2358 815 vita
2414 756 2483 814 de
2531 759 2804 816 abbatum
2838 762 2890 815 te
2935 759 3136 816 ordine
3184 745 3459 833 dejecisti.
3515 758 3680 829 Ecce,

207 859 439 927 protege
495 866 590 907 eos
665 848 723 905 in
786 846 1152 905 tabernaculo
1212 855 1307 905 tuo
1357 864 1387 904 a
1460 843 1903 904 contradictione
1987 844 2352 904 dilectissime
2394 845 2576 916 Pater,
2613 848 2826 905 amoris
2856 845 2937 904 tui
2989 846 3296 906 dulcedine
3324 855 3682 920 provocatus,

205 941 540 1012 linguarum
573 941 738 1008 (Psal.
775 940 946 1009 xxx).
985 957 1012 990 »
1050 936 1342 1008 Proposita
1371 935 1549 1007 igitur
1587 934 1757 991 inerti
1786 941 1902 990 tor-
1983 934 2123 992 dum
2175 933 2342 1007 plura
2375 934 2475 992 tibi
2528 935 2779 995 scribere
2816 934 3031 1004 studui,
3094 935 3414 1007 epistolaris
3445 936 3683 994 modum

205 1031 359 1104 poris
389 1029 639 1101 ignavia,
677 1027 942 1085 omnium
997 1027 1280 1084 virtutum
1333 1024 1541 1084 studiis
1590 1024 1901 1097 prudenter
1979 1023 2278 1084 brevitatis
2327 1025 2587 1094 excessi;
2642 1023 2738 1083 sed
2799 1041 2934 1097 rogo
2991 1026 3438 1098 omnipotentem
3485 1025 3683 1084 Domi-

202 1117 463 1191 invigila,
505 1117 562 1173 in
595 1131 661 1174 eo
706 1117 860 1188 quod
906 1114 1124 1187 coepisti
1155 1111 1530 1170 immobiliter
1573 1126 1891 1184 persevera.
1980 1126 2142 1183 num,
2193 1119 2340 1172 utet
2385 1114 2511 1170 hinc
2553 1112 2657 1170 tibi
2692 1111 2904 1171 rustica
2936 1119 2990 1172 et
3041 1113 3307 1186 imperita
3344 1115 3517 1174 verba
3549 1133 3683 1191 pro-

201 1207 318 1264 Nec
370 1206 787 1264 monasterium
841 1203 1149 1277 reliquisse
1198 1203 1488 1274 poeniteat,
1546 1199 1643 1258 sed
1683 1215 1808 1257 sero
1845 1203 1897 1254 te
1982 1198 2199 1271 iiciant,
2230 1207 2285 1258 et
2314 1201 2376 1258 in
2427 1215 2630 1258 eorum
2675 1201 3198 1274 recompensatione
3241 1207 3337 1261 tua
3385 1217 3488 1276 pro
3515 1219 3683 1264 servo

197 1296 389 1368 potius
434 1304 832 1366 experrectum
869 1292 1217 1350 conscientia
1253 1289 1650 1364 reprehendat,
1696 1294 1896 1363 quatee
1982 1294 2080 1347 tuo
2110 1303 2271 1346 orare
2303 1288 2573 1347 sanctitas
2600 1304 2715 1347 non
2745 1287 2997 1346 desistat.

197 1400 312 1443 nus
343 1383 444 1457 qui
477 1399 634 1441 nunc
663 1397 882 1456 pauper
909 1396 1032 1438 esse
1073 1395 1210 1438 cum
1241 1378 1465 1437 Christo
1513 1376 1898 1450 temporaliter
2371 1377 2457 1432 Sit
2478 1392 2667 1432 nomen
2688 1379 2906 1432 Domini
2932 1378 3282 1436 benedictum.

430 1735 754 1858 4³³4⁸4
839 1751 1673 1865 OPUSCULUM
1764 1683 2552 1861 VICESIMUM.
2631 1750 3425 1864 SECUNDUM.

634 1977 947 2038 CONTRA
990 1972 1361 2036 CLERICOS
1404 1970 1756 2046 AULICOS,
1803 1969 1908 2031 UT
1950 1969 2053 2030 AD
2097 1965 2566 2032 D'IGNITATES
2614 1972 3220 2038 PROVEHANTUR.

187 2360 638 2416 ARGUMENTUM.
673 2388 730 2399 —
772 2354 1078 2413 Invehitur
1103 2352 1164 2410 in
1196 2351 1429 2432 clericos
1456 2349 1584 2432 qui,
1612 2354 1675 2408 ut
1702 2348 2058 2424 episcopatus
2089 2349 2200 2408 sibi
2225 2349 2452 2477 possint
2473 2356 2530 2433 et
2552 2352 2856 2434 dignitates
2881 2354 3288 2416 ecclesiasticas
3315 2372 3666 2432 comparare,

264 2427 631 2477 saecularium
666 2426 994 2477 m'inciniim
1025 2441 1085 2477 se
1116 2423 1422 2477 famulam]
1455 2421 1746 2477 addicunt.
1791 2421 1964 2477 Docet
1995 2428 2186 2477 autem
2219 2438 2238 2477 1
2269 2422 2348 2477 los
2374 2437 2487 2477 non
2515 2425 2725 2477 ldCll‘CO
2750 2425 2822 2477 ab
2844 2425 3082 2477 infando
3124 2427 3398 2477 Simnnim.
3427 2430 3666 2477 crimina

263 2427 633 2487 saecularium
666 2426 994 2500 principum
1025 2441 1085 2482 se
1116 2422 1422 2500 famulatui
1455 2421 1755 2500 addicunt."
1791 2421 1964 2500 Docet
1995 2428 2186 2479 autem
2219 2421 2348 2500 ﬂlos
2374 2437 2488 2500 non
2515 2421 2725 2482 idcirco
2750 2425 2822 2481 ab
2844 2425 3082 2500 infando
3124 2427 3398 2488 Simoniae
3427 2421 3668 2489 clriminé

257 2500 559 2574 immunes
596 2493 738 2574 esse,
778 2493 935 2574 quod
961 2496 1204 2574 pecunia
1251 2494 1321 2574 ad
1355 2509 1449 2551 eas
1481 2493 1745 2573 scelestas
1773 2493 2090 2574 emptiones
2132 2493 2516 2574 conficiendas
2558 2501 2674 2552 non
2705 2502 2966 2574 utantur,
2999 2497 3115 2574 imo
3140 2500 3328 2574 multo
3381 2501 3562 2574 magis
3599 2517 3665 2574 ea

260 2571 429 2644 culpa
462 2563 734 2626 irretitos
761 2563 1134 2644 tenerifquia
1187 2565 1402 2644 scilicet
1439 2564 1674 2644 seipsos,
1706 2563 1856 2641 quod
1874 2563 2080 2644 majus
2108 2569 2211 2644 est,
2246 2563 2526 2644 vendunt,
2558 2573 2632 2644 ut_
2659 2563 3404 2644 sacerdotiaadipiscantur.
3441 2563 3664 2644 Princi-

260 2633 1060 2714 pibusquoquecavendum
1102 2654 1223 2714 esse
1259 2636 1357 2699 ait.
1409 2651 1484 2692 ne
1520 2633 1658 2714 dum
1684 2633 2079 2714 Ai‘mprob‘iset
2109 2634 2426 2714 ﬂagitiosis
2477 2633 2814 2714 hominibus
2863 2633 3244 2714 Ecclesiarum
3273 2643 3661 2714 gubernacula
3767 2672 3782 2688 ι

259 2702 648 2780 ἐοωωὶῑίυηὶ,
684 2709 872 2768 aliena
913 2715 1137 2782 peccata
1165 2708 1228 2764 in
1265 2723 1324 2764 se
1355 2706 1700 2764 transferant
1729 2722 1742 2773 ;
1791 2702 1944 2778 Quod
1969 2702 2235 2777 pluribus
2263 2713 2590 2780 exaggerat,
2642 2708 2959 2783 multisque
2988 2702 3308 2771 rationibus
3338 2715 3655 2774 confirmat.

242 2909 466 2967 Domno
486 2905 806 2964 BONIFACIO
837 2899 1318 2961 reverendissimo
1339 2900 1620 2975 episcopo,
1647 2898 1936 2958 PETnUSB
1955 2896 2116 2970 regni
2174 2898 2460 2957 oriundus
2507 2898 2578 2958 ad
2609 2902 2782 2975 regia
2824 2901 3117 2978 dignitatis
3160 2907 3380 2981 apicem
3429 2923 3656 2982 promo-

166 3005 438 3072 peccator
454 2996 771 3055 monachus
799 2994 1155 3052 servitutem.
1955 2992 2143 3059 vetur,
2177 2989 2225 3046 si
2271 2989 2521 3064 denique
2548 3007 2622 3050 ex
2647 2992 2902 3067 ejusdem
2937 2995 3104 3054 fundi
3134 2997 3341 3058 accolis
3369 2998 3656 3075 quispiam

243 3087 530 3146 Admonet
585 3085 674 3144 vir
733 3084 1014 3157 Sapiens:
1062 3105 1082 3134 α
1122 3081 1266 3141 Cum
1319 3086 1597 3154 emptore,
1658 3078 1878 3163 inquit,
1954 3076 2016 3134 in
2067 3079 2247 3136 rurali
2281 3079 2634 3140 villicatione
2687 3085 3090 3158 praeponitur;
3149 3104 3263 3163 quo
3316 3096 3481 3163 pacto
3535 3090 3656 3150 sola

176 3182 374 3236 tracta
407 3174 476 3233 de
529 3171 882 3241 venditione,
937 3187 1069 3229 cum
1145 3169 1271 3227 viro
1313 3169 1493 3227 livido
1548 3167 1619 3225 de
1669 3160 1880 3239 gratiis
1952 3164 2164 3222 Christi
2192 3167 2447 3248 Ecclesia
2474 3177 2748 3230 extraneo
2773 3173 2866 3231 vel
2908 3174 3103 3247 ignoto
3142 3160 3379 3244 cuilibet
3407 3178 3651 3251 homini,

164 3267 422 3342 agendis,
467 3280 601 3322 cum
637 3260 815 3335 impio
848 3260 918 3318 de
947 3252 1174 3332 pietate,
1213 3273 1346 3316 cum
1376 3257 1614 3314 honesto
1645 3255 1715 3313 de
1759 3255 1864 3313 ho-
1952 3260 2228 3328 tanquam
2278 3257 2406 3319 vile.
2448 3259 2760 3331 stabulum,
2813 3265 3254 3325 committetur?
3310 3265 3370 3326 Si
3429 3272 3652 3327 terrena

167 3365 384 3417 nestate
419 3358 610 3424 (Eccli.
657 3353 914 3424 xxxvn).
959 3374 979 3401 ι
1015 3349 1236 3420 Quibus
1266 3347 1441 3405 etiam
1470 3353 1601 3403 ante
1629 3344 1864 3419 praemi-
1955 3359 2208 3419 quaeque
2235 3363 2338 3419 per
2366 3363 2502 3406 suos
2532 3348 2872 3408 domesticos
2920 3352 3326 3426 disponuntur,
3365 3357 3652 3430 quomodo

160 3456 352 3507 serat:
394 3470 414 3497 ι
451 3447 596 3504 Cum
637 3444 762 3502 viro
799 3441 1065 3514 religioso
1115 3444 1289 3496 tracta
1334 3437 1404 3494 de
1460 3435 1776 3504 sanctitate,
1811 3441 1866 3491 et
1950 3440 2145 3491 sancta
2197 3433 2472 3505 Ecclesia,
2531 3453 2665 3511 quae
2719 3446 3008 3512 sceptrum
3059 3443 3224 3515 regni
3273 3450 3327 3501 et
3382 3444 3515 3504 aula
3568 3450 3655 3503 est

160 3553 292 3595 cum
345 3535 499 3608 justo
535 3533 605 3589 de
633 3529 854 3605 Iustitia
883 3528 1077 3601 (Ibid).
1110 3550 1133 3574 ι
1182 3524 1262 3583 De
1292 3522 1683 3582 sacerdotibus
1728 3537 1864 3593 ergo
1948 3520 2195 3578 caelestis
2243 3521 2496 3595 imperii,
2549 3525 2755 3597 spretis
2781 3528 3046 3600 propriis,
3093 3527 3156 3588 in
3187 3536 3413 3590 exteros
3465 3537 3652 3591 trans-

157 3626 307 3686 nulli
343 3623 758 3697 congruentius
806 3635 995 3677 sermo
1033 3617 1302 3690 dirigitur
1339 3631 1514 3689 quam
1561 3613 1858 3672 sacerdoti.
1947 3608 2179 3667 fertur?
2209 3609 2622 3686 Undecumque
2651 3620 2841 3672 tamen
2869 3617 2959 3686 sit,
2989 3617 3038 3674 si
3068 3617 3140 3675 ab
3164 3618 3306 3691 ipsis
3330 3620 3541 3692 quibus
3566 3626 3652 3679 est

157 3716 302 3774 Cum
341 3696 557 3786 itaque,
590 3707 938 3767 venerabilis
977 3712 1152 3779 pater,
1188 3703 1257 3760 de
1291 3702 1584 3760 modernis
1638 3700 1861 3774 episco—
1945 3696 2370 3770 prze'ponendus
2401 3700 2654 3774 eligitur,
2689 3718 2806 3761 non
2833 3701 3143 3770 extraneus
3187 3707 3501 3779 judicatur.

153 3807 272 3903 Ρίὲ.
301 3802 446 3861 mihi
500 3799 770 3898 p‘irp‘m
826 3795 1186 3903 (ῗῖἓβξίθθθηίί
1241 3791 1397 3903 ΨΜ.
1442 3789 1861 3903 ίὲίὲἷῗῗῗῗῗξῖῗῗ
2505 3841 2749 3902 CAPUT
2781 3844 2961 3903 PRIM

475 3846 1400 3962 llitvo-iiiiu‘liiurd-tiui“lion-oras
1442 3846 1860 3935 ecclesiasticos
2025 3951 2060 3962 Ἄ
2156 3950 2170 3962 ⁷
2241 3952 2251 3962 ⁸
2294 3952 2304 3962 .
2395 3950 2410 3962 ῃ
2505 3846 2749 3962 ΕᾼΡΠΤ
2781 3846 3094 3962 ΒξΜΠΜῘ

156 3982 357 4043 ἒΕῐῙὶὲίὸ
404 3950 712 4054 vaporibus
742 3972 1082 4033 wstuantius
1111 3969 1396 4037 ambiunt,
1437 3967 1497 4024 in
1539 3964 1765 4024 clientel

2016 3951 2092 4003 De
2120 3950 2330 4005 clericis
2357 3950 2608 4022 obsequio
2633 3956 2976 4010 sazcularium
2998 3958 3313 4030 principum
3350 3957 3569 4015 deditis.

157 4052 493 4149 potentium
554 4075 826 4139 tanquam
883 4077 1076 4120 servos
1136 4077 1198 4119 se
1251 4059 1538 4118 dedititios
1595 4057 1859 4149 obscaene
2016 4052 2126 4113 Sed
2157 4054 2292 4149 quis
2332 4055 2475 4113 ferat
2516 4055 2604 4149 illi
2645 4058 3027 4149 ecclesiastica;
3045 4060 3175 4132 jure
3207 4062 3507 4135 committi,
3539 4061 3642 4136 qui

164 4143 560 4222 substernunt.
622 4153 1016 4212 Ecclesiastica
1069 4151 1281 4224 quippe
1335 4150 1652 4218 deserunt,
1717 4147 1858 4204 dum
1940 4148 2020 4208 ut,
2055 4143 2352 4201 ecclesiam
2409 4145 2791 4218 nanciscatur,
2832 4147 3130 4206 ecclesiam
3167 4150 3404 4221 deserit,
3438 4161 3492 4209 et
3540 4151 3640 4209 de-

157 4252 438 4313 Ecclesias
487 4243 900 4318 concupiscunt
932 4259 946 4310 ;
977 4246 1032 4297 et
1074 4245 1139 4297 ut
1168 4237 1533 4312 tyrannidem
1578 4231 2213 4315 arripiantcdignatur
2245 4235 2592 4307 obsequium
2647 4235 2966 4309 dependere
2996 4239 3264 4312 propriae,
3315 4247 3380 4298 ut
3405 4240 3518 4299 sibi
3546 4256 3640 4299 re-

154 4357 328 4416 super
377 4337 550 4404 cives,
603 4339 667 4391 ut
716 4332 794 4388 ita
823 4329 1096 4396 dixerim,
1142 4326 1525 4399 dedignantur
1552 4340 1675 4381 esse
1724 4340 1862 4385 con-
1947 4327 2140 4396 gimen
2171 4334 2393 4398 arroget
2423 4327 2645 4416 alienae.
2673 4329 2699 4384 ?
2725 4327 3008 4386 Praeterea
3057 4345 3191 4389 cum
3221 4331 3291 4388 de
3321 4332 3443 4391 viro
3485 4333 3639 4406 justo

151 4415 309 4494 cives
343 4453 354 4486 :
412 4424 682 4489 militiam
711 4421 964 4493 fugiunt,
1013 4425 1077 4475 ut
1110 4417 1394 4474 militibus
1433 4417 1856 4488 praeferantur;
1946 4416 2219 4488 propheta
2269 4415 2566 4489 perhibeat
2598 4435 2610 4474 :
2645 4440 2670 4467 α
2698 4417 2844 4486 Quia
2888 4420 3107 4478 excutit
3153 4436 3360 4493 manus
3391 4437 3522 4480 suas
3565 4421 3640 4480 ab

151 4534 208 4586 et
238 4525 375 4582 dum
408 4533 526 4575 non
556 4513 902 4571 erubescunt
933 4508 1144 4582 templo
1174 4508 1276 4566 Dei
1308 4514 1530 4565 mutare
1558 4509 1854 4581 palatium,
1941 4505 2102 4562 omni
2135 4521 2376 4564 munere
2406 4508 2528 4578 (Isa.
2578 4514 2821 4578 xxxiii);
2855 4529 2882 4560 »
2918 4510 3050 4582 quis
3079 4526 3214 4568 eum
3245 4528 3278 4568 α
3327 4527 3639 4571 munerum

154 4616 224 4673 de
280 4607 557 4681 religione
613 4602 887 4662 canonica
936 4600 998 4658 in
1047 4599 1310 4657 ordinem
1346 4605 1643 4657 transeunt
1680 4599 1765 4657 lai.

2026 4595 2126 4650 leat
2185 4595 2548 4681 praestatione
2605 4595 2929 4667 defendere,
2996 4597 3098 4671 qui
3161 4603 3217 4655 et
3269 4588 3637 4673 semetipsum

158 4718 308 4762 rum.
345 4680 643 4755 Virtutum
670 4709 830 4750 arma
854 4691 1168 4764 deponunt,
1201 4688 1556 4762 procinctum
1585 4687 1769 4762 spirits

2028 4696 2151 4737 sna:
2208 4680 2500 4739 servitutis
2551 4681 2792 4755 imperio
2845 4683 3072 4754 dedere,
3125 4691 3180 4741 et
3239 4685 3301 4743 in
3344 4686 3639 4746 diuturnae

159 4789 387 4851 militia:
423 4787 714 4848 deserunt,
770 4788 954 4839 castra
989 4779 1398 4852 transfugiunt,
1449 4777 1696 4837 militare
1734 4782 1858 4838 cin-
1942 4772 2329 4844 expeditionis
2383 4773 2671 4847 impensas
2730 4775 3026 4833 facultates
3081 4791 3215 4835 suas
3271 4779 3640 4838 convincitur

157 4879 365 4954 gulum
421 4875 674 4932 solvunt.
711 4869 1104 4940 Dedignantur
1153 4885 1283 4927 cum
1320 4867 1540 4926 caeteris
1592 4867 1858 4942 stipendii
1942 4861 2298 4954 profligare?
2344 4862 2679 4954 Prophetica
2729 4865 2899 4939 plane
2945 4866 3370 4954 illalsententia
3415 4870 3499 4928 sic
3534 4887 3637 4928 ex-

161 4950 448 5041 percipere
499 4960 856 5028 donativum,
899 4958 971 5014 ad
1015 4957 1192 5015 solius
1241 4958 1515 5014 anhelant
1561 4955 1860 5040 dictatura:
1942 4950 2196 5024 ponitur,
2233 4957 2295 5009 ut
2336 4950 2442 5010 tria
2470 4953 2734 5012 dicantur
2760 4970 2884 5012 esse
2917 4970 3230 5014 munerum
3267 4950 3497 5030 genera,
3528 4959 3640 5017 sci-

162 5054 249 5111 vel
280 5048 508 5124 imperii
547 5047 949 5121 principatum.
992 5044 1100 5114 Qui
1138 5043 1418 5101 nimirum
1448 5042 1590 5102 dum
1620 5060 1734 5101 non
1762 5059 1862 5117 per
1945 5041 2075 5099 licet
2103 5057 2320 5099 munus
2345 5059 2378 5099 a
2409 5059 2608 5115 manu,
2650 5060 2865 5103 munus
2899 5044 2972 5102 ab
3016 5045 3312 5118 obsequio,
3365 5061 3579 5106 munus
3607 5063 3643 5105 a

162 5140 433 5198 Ecclesiae
492 5134 900 5208 ingrediuntur
973 5131 1201 5200 ostium,
1267 5130 1364 5190 sed
1437 5147 1536 5204 per
1589 5134 1864 5190 sazculare
1946 5129 2144 5203 lingua
2176 5130 2309 5200 (18).
2344 5129 2410 5188 Et
2438 5148 2651 5191 munus
2679 5132 2913 5208 quidem
2944 5149 2977 5191 a
3008 5150 3187 5192 manu
3211 5136 3478 5209 pecunia,
3511 5153 3641 5196 mu-

165 5226 467 5301 posticum,
502 5240 617 5282 non
665 5229 916 5296 pastores
961 5222 1180 5290 ovium,
1224 5221 1320 5278 sed
1355 5222 1510 5280 fures
1538 5228 1592 5278 et
1619 5220 1865 5279 latrones
1949 5236 2059 5277 nus
2090 5219 2160 5277 ab
2211 5218 2488 5295 obsequio
2537 5221 2862 5281 obedientia
2897 5220 3291 5299 subjectionis,
3351 5241 3564 5286 munus
3611 5241 3646 5284 a

165 5317 310 5372 tiunt
339 5333 350 5371 :
393 5312 646 5371 Veritate
695 5311 1056 5385 perhibente,
1089 5325 1220 5383 quas
1269 5309 1347 5367 ait
1378 5333 1390 5367 :
1435 5336 1453 5358 ι
1479 5309 1588 5378 Qui
1621 5325 1735 5367 non
1772 5309 1863 5367 in-
1947 5309 2144 5381 lingua
2175 5310 2336 5367 favor
2365 5312 2782 5370 assentationis.

169 5410 278 5461 trat
307 5419 409 5476 per
437 5403 650 5461 ostium
685 5402 746 5458 in
779 5400 930 5459 ovile
957 5400 1177 5469 ovium,
1215 5398 1315 5456 ille
1341 5399 1435 5456 fur
1467 5405 1570 5469 est,
1620 5407 1672 5458 et
1720 5399 1862 5458 latro
2023 5396 2170 5453 465
2203 5396 2315 5460 Sed
2359 5401 2406 5459 si
2460 5402 2566 5462 rite
2614 5385 3222 5467 considerentur'haec
3265 5405 3372 5469 tria
3436 5425 3642 5468 mune-

166 5495 344 5561 (Joan.
378 5495 462 5559 Χ).
504 5515 524 5540 ιι
564 5491 745 5547 Porro
795 5488 843 5545 si
902 5505 1019 5548 non
1050 5504 1123 5546 ex
1153 5485 1362 5559 aliena,
1415 5487 1514 5544 sed
1543 5503 1619 5545 ex
1663 5488 1860 5546 eadem
1944 5501 2075 5546 rum
2109 5504 2336 5560 genera,
2369 5489 2430 5548 in
2455 5508 2522 5550 eo
2552 5493 2704 5565 quod
2733 5494 2988 5552 medium
3004 5497 3256 5569 ponitur,
3280 5504 3335 5556 et
3365 5499 3642 5573 primum,

165 5580 375 5641 militia
410 5580 664 5638 militum
701 5579 967 5638 tribunus
997 5577 1249 5651 eligitur,
1280 5576 1330 5636 si
1356 5575 1568 5650 saepius
1604 5577 1861 5650 ejusdem
1945 5575 2124 5634 simul
2163 5583 2219 5634 et
2267 5578 2501 5638 tertium
2556 5579 2901 5642 continetur.
2960 5581 3026 5641 In
3058 5585 3382 5645 obedientia
3428 5585 3646 5662 quippe

230 5770 333 5833 (18)
358 5773 427 5823 De
451 5769 535 5821 bis
559 5770 716 5822 etiam
743 5768 970 5831 epistola
997 5771 1012 5820 ι
1047 5767 1160 5820 libri
1191 5780 1250 5820 ιι.
