4080 6194
463 312 566 369 4ϋῦ

1358 310 1607 372 orusc.
1651 311 1833 372 XXII.
1877 342 1945 356 -
1984 310 2280 371 CONTRA
2319 267 2678 371 CLERICOS
2717 309 3056 372 AULICOS.

3845 301 3949 361 466

461 431 856 508 subjectionis,
906 438 962 492 et
1011 449 1232 494 munus
1279 449 1313 491 a
1341 450 1540 507 manu,
1589 435 1743 510 quod
1791 434 2447 510 est.pecunia,Acunias
2502 436 2821 494 necessario
2866 435 3196 509 prodigunt,
3238 438 3295 493 et
3339 431 3646 492 deliniticis
3677 434 3946 506 patronos

460 531 518 585 et
543 539 761 582 munus
787 540 821 581 a
850 523 1072 596 lingua;
1109 525 1263 598 quod
1307 535 1390 584 est
1424 527 1588 585 favor
1623 527 1992 600 adulationis,
2026 525 2164 586 sub-

460 615 766 686 sequenter
807 612 1155 685 agnoscitur.
1192 613 1334 684 Quis
1363 615 1521 672 enim
1558 614 1926 674 manifestius
1962 633 2166 690 appro-

459 700 631 759 batur
660 715 761 773 pro
794 701 1180 773 adipiscendis
1197 702 1518 761 honoribus
1544 710 1812 776 praestare
1839 706 2163 778 pecuniam,

461 806 638 865 quam
665 791 716 848 is
731 791 833 864 qui
868 798 946 848 tot
984 808 1270 864 expensas
1300 792 1514 850 utendo
1541 793 1848 865 vehiculis,
1875 800 1951 852 tot
1984 794 2164 852 facul-

407 943 413 950 ε
463 885 648 946 tatam
693 895 955 938 summas
1004 881 1064 938 in
1116 881 1457 940 accurandis
1508 882 1885 955 pretiosarum
1920 883 2167 941 vestium

461 968 711 1044 prodigit
733 968 1088 1027 ornamentis
1113 967 1142 1026 ?
1194 969 1388 1042 quue
1417 975 1646 1044 superat
1675 986 1807 1028 eum
1843 971 1943 1044 qui
1994 985 2168 1044 pecu-

464 1059 624 1118 niam
681 1058 857 1117 semel
917 1060 1212 1136 appendit,
1289 1060 1428 1133 quia
1495 1075 1609 1118 non
1694 1066 2000 1119 contentus
2074 1076 2168 1118 so-

462 1149 761 1208 lummodo
792 1149 1090 1207 facultates
1117 1149 1465 1222 expendere,
1510 1150 1881 1224 semetipsum
1937 1167 2169 1234 quoque

463 1255 582 1298 non
645 1240 869 1300 dubitat
923 1246 1198 1313 tanquam
1249 1254 1484 1298 servum
1523 1238 1756 1298 domino
1796 1239 2167 1298 venditit’ium

464 1331 592 1404 subj
600 1345 796 1396 ngare.

532 1421 658 1479 Jam
693 1436 828 1480 vero
855 1419 986 1496 quis
1025 1418 1279 1492 ambigat
1305 1433 1461 1489 eum,
1503 1433 1638 1476 cum
1697 1417 1866 1477 datur
1921 1418 2163 1488 occasio,

462 1510 879 1570 favorabilibns
937 1509 1242 1568 dominum
1290 1523 1465 1567 suum
1532 1506 1726 1565 verbis
1777 1507 2053 1576 oblinere,
2102 1513 2166 1566 ut

462 1615 597 1660 eum
627 1599 839 1657 blanda
883 1591 1061 1673 pcesit
1109 1597 1439 1656 adulatione
1482 1597 1733 1658 mulcere
1758 1597 1785 1653 ‘?
1813 1595 2002 1670 thue
2039 1596 2164 1667 ejus

460 1689 723 1747 animum
779 1687 982 1762 capiat,
1025 1687 1179 1761 quod
1232 1685 1344 1743 sibi
1399 1686 1583 1760 magis
1626 1684 1862 1760 placeat,
1918 1682 2162 1742 callidas

2249 538 2383 582 suos
2409 523 2839 582 adulationibus
2859 525 3080 595 lingere
3103 540 3220 582 non
3242 522 3538 580 omittunt.
3564 519 3944 593 Nequaquam

2249 629 2381 685 ergo
2410 611 2658 670 ditﬁtean
2671 619 2761 670 tur
2789 627 2849 668 se
2872 611 3096 670 dedisse
3142 611 3470 685 pecuniam,
3501 608 3603 684 qui
3655 606 3946 681 praelatio-

2251 703 2343 761 nis
2370 703 2686 760 ambitione
2736 702 3095 776 principibus
3126 701 3407 759 exhibent
3453 698 3798 758 clientelam.
3835 695 3948 766 Qui

2251 791 2534 849 nimirum
2596 791 3005 849 dominationis
3060 790 3343 849 desiderio
3399 788 3706 858 serviunt;
3766 790 3822 844 et
3886 793 3950 843 ut

2249 879 2468 937 divitiis
2492 879 2749 948 atlluant,
2791 895 2922 936 cum
2956 878 3322 938 facultatibus
3349 878 3488 946 suis,
3521 883 3577 934 et
3613 874 3948 948 semetipsos

2249 968 2603 1041 eXpendunt.
2658 967 3078 1036 Humiliantur,
3136 975 3201 1024 ut
3268 966 3632 1038 postmodum
3709 965 3950 1036 impune

2249 1056 2602 1130 superbiant,
2644 1070 2703 1112 se
2739 1055 3109 1128 pedissequos
3142 1055 3442 1126 exhibent,
3478 1060 3542 1112 ut
3579 1052 3945 1128 pneecedant;

2250 1143 2544 1203 laboribus
2591 1150 2936 1214 atteruntur,
2974 1153 3039 1202 ut
3079 1135 3414 1216 gaudeant;
3453 1141 3790 1215 aﬂliguntur
3829 1142 3948 1198 ino-

2249 1232 2359 1306 pia,
2394 1238 2459 1288 nt
2488 1231 2762 1306 nuptialis
2809 1232 2991 1290 edulii
3035 1231 3310 1289 continua
3345 1232 3708 1304 postmodum
3746 1227 3943 1302 epula-

2250 1319 2404 1377 tione
2423 1326 2784 1391 turgescant;
2813 1320 3038 1379 etvelut
3061 1319 3345 1394 proposita
3372 1317 3698 1376 venalitatis
3727 1330 3947 1388 mensa,

2250 1409 2565 1468 fenerando
2609 1410 2929 1482 servitium,
2977 1416 3305 1468 mercantur
3357 1406 3687 1482 imperium.
3731 1407 3946 1464 Amant

2249 1500 2406 1558 enim
2439 1499 2655 1573 primos
2681 1499 2972 1557 recubitus
3000 1499 3062 1556 in
3090 1499 3292 1568 caenis,
3320 1503 3374 1555 et
3403 1497 3616 1570 primas
3645 1494 3944 1555 cathedras

2246 1587 2304 1644 in
2334 1589 2660 1661 synagogis,
2691 1595 2746 1644 et
2775 1588 3149 1646 salutationes
3178 1589 3238 1646 in
3272 1588 3414 1658 foro,
3445 1595 3502 1645 et
3528 1586 3713 1648 vocari
3736 1584 3808 1643 ab
3838 1585 3944 1643 ho-

2245 1676 2502 1734 minibus
2529 1676 2691 1734 rabbi
2718 1678 2936 1748 (Matth.
2967 1678 3167 1758 XXIII).

462 1779 792 1838 οδεθτνδίοΐ
811 1776 1092 1852 θΧΡῙοΓίιεο
1141 1775 1338 1835 oculis
1383 1775 1591 1848 ἓῙίεείῖ,
1641 1775 1898 1849 ἕθδίίῢυδ
1939 1772 2224 1852 munitm
2317 1783 2464 1842 Dent
2493 1783 2594 1841 alii
2639 1763 2997 1842 insensibili§
3048 1781 3263 1842 metalli
3311 1796 3623 1852 summam,
3668 1779 3949 1850 trutinenl

462 1867 829 1926 festivitatem
884 1865 1072 1924 sereni
1101 1865 1289 1922 cordis
1326 1880 1424 1942 ore
1477 1863 1797 1937 praetendit.
1834 1863 2050 1921 Pendet
2093 1863 2164 1921 ad

461 1964 694 2029 nutum,
722 1963 787 2016 ut
815 1957 897 2016 sic
924 1955 1108 2014 herile
1135 1960 1504 2028 praeceptum,
1543 1961 1815 2028 tanquam
1835 1969 1936 2028 per
1965 1953 2164 2028 Sibyl-

459 2049 652 2108 linum
681 2065 744 2107 os
789 2046 994 2106 Phcebi
1022 2046 1384 2120 praestoletur
1414 2043 1736 2103 oraculum.
1783 2043 1874 2101 Ire
1904 2042 2164 2115 jubetur,

462 2138 686 2207 evolat;
733 2141 883 2194 stare
930 2134 1285 2208 praecipitur,
1357 2133 1580 2192 silicem
1647 2137 2033 2206 repraesentat.
2105 2131 2167 2191 Si

461 2227 735 2285 dominus
768 2226 968 2292 fervet,
997 2223 1106 2281 iste
1139 2222 1304 2281 sudat
1328 2240 1344 2292 ;
1378 2221 1425 2279 si
1455 2221 1555 2279 ille
1585 2226 1814 2291 aestum,
1845 2221 1940 2278 hic
1961 2236 2167 2278 canma

462 2315 858 2390 conqueritur.
897 2315 973 2373 At
1020 2313 1069 2372 si
1121 2313 1211 2372 vel
1269 2312 1471 2372 leviter
1520 2311 1744 2385 frigeat,
1784 2312 1880 2370 hic
1936 2327 2167 2370 necesse

422 2411 544 2483 .est
572 2404 937 2464 tremefactus
991 2400 1311 2461 visceribus
1349 2401 1723 2475 obtorpescat.
1756 2400 1818 2461 Si
1876 2400 1976 2460 ille
2031 2401 2164 2460 dor-

457 2494 603 2552 mire
649 2484 797 2561 vult,
829 2492 926 2550 hic
961 2490 1312 2554 accidiatur;
1353 2490 1401 2547 si
1443 2495 1602 2547 satur
1651 2497 1753 2558 est,
1805 2489 1900 2546 hic
1941 2495 2165 2549 ructare

456 2578 842 2655 compellitur.
895 2580 1106 2654 Sicque
1164 2594 1282 2636 non
1337 2593 1481 2636 suus
1538 2577 1621 2658 nil
1671 2577 1830 2644 aliud
1882 2576 2159 2650 loquitur,

457 2669 570 2728 nisi
598 2669 753 2744 quod
781 2667 869 2726 illi
898 2668 1120 2742 placere
1148 2666 1494 2739 suspicatur.
1519 2664 1682 2724 Sicut
1713 2665 1782 2724 de
1809 2665 2161 2741 quibusdam

456 2771 571 2814 non
622 2753 1006 2813 dissimilibus
1051 2756 1153 2827 per
1190 2750 1400 2809 Isaiam
1450 2750 1698 2809 dicitur:
1732 2776 1758 2800 «
1810 2750 1918 2820 Qui
1960 2752 2161 2810 dicunt

457 2845 810 2914 videntibus,
841 2843 1046 2902 nolite
1098 2842 1318 2910 videre,
1373 2847 1428 2899 et
1481 2833 1916 2914 aspicientibus,
1985 2841 2160 2900 nolite

454 2935 706 3009 aspicere
737 2933 907 2992 nobis
954 2949 1019 2992 ea
1049 2948 1186 3006 qua:
1218 2937 1366 2990 recta
1403 2934 1580 2988 sunt:
1635 2929 1944 3004 loquimini
1994 2931 2161 2989 nobis

454 3025 758 3100 placentia,
788 3024 976 3084 videte
1004 3024 1172 3083 nobis
1209 3038 1450 3089 errores,
1483 3023 1704 3080 auferte
1751 3038 1782 3079 a
1836 3039 1928 3080 me
1980 3023 2158 3096 viam,

2249 1871 2447 1931 solida:
2485 1871 2747 1944 pecuniae
2777 1873 3174 1951 quantitatem,
3220 1877 3601 1929 numerentur
3638 1885 3778 1939 aera,
3809 1883 3948 1926 vasa

2248 1962 2640 2036 ponderentur
2667 1960 3012 2034 anaglypha.
3048 1960 3212 2031 Dent,
3234 1959 3616 2034 inquam,alii
3641 1973 3940 2025 nummos;

2248 2049 2345 2109 isti
2395 2054 2533 2109 dant
2585 2049 2834 2124 pretium
2888 2050 3243 2123 semetipsos.
3289 2049 3501 2106 Annon
3556 2054 3642 2106 est
3690 2048 3940 2121 pretium

2250 2139 2516 2199 sedulum
2541 2137 2912 2211 subjectionis
2940 2136 3286 2212 obsequium
3315 2135 3342 2194 ?
3371 2135 3515 2194 Nam
3565 2141 3628 2195 ut
3672 2136 3744 2194 de
3771 2134 3943 2208 spiri-

2250 2228 2346 2285 tali
2395 2232 2802 2286 convertamur
2853 2226 2923 2283 ad
2976 2224 3204 2284 carnale
3257 2225 3613 2299 conjugium,
3670 2225 3942 2300 nunquid

2246 2315 2441 2384 Jacob,
2487 2313 2587 2389 qui
2639 2314 2929 2372 vicennali
2981 2329 3081 2388 pro
3129 2313 3415 2373 uxoribus
3461 2321 3628 2372 zetate
3677 2313 3940 2382 servivit,

2246 2404 2527 2462 dicendus
2556 2408 2640 2461 est
2667 2402 2916 2476 pretium
2966 2419 3080 2461 non
3129 2403 3374 2474 dedisse,
3407 2403 3546 2474 quia
3599 2404 3796 2462 Laban
3851 2419 3944 2463 so-

2245 2509 2373 2552 cero
2401 2509 2506 2550 suo
2534 2491 2838 2564 pecuniam
2878 2507 2994 2550 non
3039 2491 3357 2565 appendit?
3413 2491 3522 2550 Sed
3571 2491 3730 2563 audi,
3784 2491 3942 2551 Scri-

2245 2587 2412 2654 ptura
2441 2586 2601 2649 teste,
2631 2581 2770 2653 quid
2803 2579 2930 2650 ejus
2958 2587 3218 2655 utraeque
3243 2586 3670 2652 conquerantur
3695 2595 3938 2638 uxores:

2247 2691 2274 2724 α
2305 2668 2604 2742 Nunquid,
2638 2668 2931 2742 inquiunt,
2963 2668 3242 2726 habemus
3279 2668 3499 2726 residui
3532 2669 3850 2742 quidquam
3881 2669 3943 2727 in

2244 2757 2633 2829 facultatibus,
2665 2767 2719 2817 et
2757 2758 2818 2816 in
2847 2759 3178 2838 haareditate
3204 2760 3414 2818 domus
3438 2760 3617 2833 patris
3643 2759 3826 2819 nostri
3855 2759 3882 2818 ?
3919 2784 3942 2811 ι

2244 2862 2501 2920 moxque
2551 2846 2824 2919 subjicit:
2865 2871 2886 2898 ι
2916 2845 3122 2905 Nonne
3171 2847 3336 2920 quasi
3364 2847 3609 2908 .alienas
3657 2851 3946 2923 reputavit

2243 2951 2369 3005 nos,
2428 2943 2481 2993 et
2546 2936 2826 3006 vendidit,
2906 2935 3269 3009 comeditque
3346 2937 3597 3009 pretium
3674 2945 3939 2998 nostrum

2245 3025 2395 3096 (Gen.
2437 3025 2610 3095 XXXI)
2640 3024 2666 3081 ?
2698 3049 2724 3072 »
2758 3041 2893 3084 cum
2930 3025 3180 3098 profecto
3208 3025 3381 3084 Jacob
3415 3026 3637 3084 nullam
3666 3042 3767 3100 pro
3794 3042 3938 3086 uxo-

454 3115 737 3175 declinate
780 3130 813 3172 a
841 3130 930 3172 me
959 3115 1244 3184 semitam,
1291 3117 1471 3170 cesset
1508 3127 1542 3168 a
1573 3112 1716 3195 facie
1760 3129 1889 3171 mea
1928 3113 2407 3204 sanctuscribus
2459 3111 2762 3187 pecuniam
2809 3113 3050 3185 dederit,
3100 3114 3228 3175 nisi
3265 3115 3549 3174 duntaxat
3576 3116 3716 3190 quia
3758 3116 3938 3174 soceri

454 3205 773 3276 Israel(Isa.
791 3207 965 3272 XXX).
1003 3224 1029 3256 »
1060 3203 1129 3260 Et
1156 3204 1262 3260 hoc
1284 3202 1390 3259 iste
1412 3202 1580 3260 modo
1595 3201 1765 3272 juxta
1797 3201 2159 3260 Psalmistam
2192 3201 2446 3273 "pecora
2495 3201 2823 3260 custodivit.
2885 3201 3154 3277 Dumque
3220 3203 3372 3274 apud
3456 3219 3591 3260 eum
3665 3202 3940 3276 opilionis

455 3293 592 3352 dum
625 3291 818 3348 oleum
848 3290 996 3347 male
1027 3289 1381 3346 blandientis
1403 3288 1806 3346 assentationis
1827 3295 2155 3360 exaggerat,
2241 3289 2428 3346 officio
2480 3288 2768 3360 fungitur,
2825 3291 3114 3360 geminam
3166 3290 3420 3348 ﬁliarum
3496 3291 3622 3364 ejus
3670 3291 3933 3364 copulam

453 3387 704 3439 mentem
739 3379 919 3449 illius,
975 3393 1110 3452 quae
1160 3381 1331 3450 caput
1380 3381 1463 3434 est
1513 3375 1896 3447 cogitationis,
1937 3376 2157 3449 impin-
2241 3381 2616 3450 promeretur.
2672 3377 2775 3436 Vis
2817 3377 3010 3452 itaque
3038 3378 3285 3450 pretium
3327 3395 3401 3436 ex
3429 3394 3528 3436 ore
3555 3379 3730 3438 Jacob
3758 3380 3942 3453 ipsius

453 3475 606 3543 gnat.
644 3491 666 3520 ι
738 3466 965 3536 Oleum,
1015 3465 1226 3538 inquit,
1276 3463 1586 3538 peceatOris
1655 3480 1772 3522 non
1834 3464 2158 3537 impinguet
2240 3461 2489 3522 audire?
2527 3487 2546 3512 ι
2598 3464 2722 3536 Die,
2781 3466 2989 3542 inquit,
3053 3473 3362 3540 noctuque,
3419 3473 3565 3526 aestu
3617 3469 3828 3526 urebar
3884 3475 3939 3526 et

453 3564 622 3630 caput
689 3572 888 3614 meum
960 3557 1126 3628 (Psal.
1205 3555 1358 3626 CXL).
1419 3577 1439 3606 ι)
1526 3554 1595 3612 Et
1673 3551 1945 3613 Salomon
2027 3556 2148 3614 ait:
2233 3553 2699 3628 gelu;fugiebat
2728 3570 2968 3613 somnus
2990 3556 3063 3614 ab
3107 3555 3292 3615 oculis
3335 3557 3644 3627 meis;sic
3681 3574 3795 3630 .per
3844 3558 3942 3635 vi-ﬂ

457 3671 486 3701 ε
512 3648 623 3706 Fili
666 3648 764 3715 mi,
799 3646 846 3704 si
876 3652 928 3704 te
968 3645 1304 3703 lactaverint
1347 3651 1690 3716 peccatores,
1717 3661 1789 3702 ne
1823 3645 2154 3719 acquiescas
2233 3645 2379 3720 ginti
2407 3658 2589 3702 annos
2634 3643 2846 3702 servivi
2900 3643 3003 3702 tibi
3049 3645 3108 3702 in
3141 3646 3310 3704 domo
3361 3654 3458 3704 tua
3510 3649 3718 3718 (Ibid).
3749 3672 3775 3699 η
3829 3650 3939 3708 Da-

451 3737 532 3796 eis
568 3738 744 3811 (Prov.
789 3739 902 3809 1).»
955 3735 1284 3794 Peccatores
1339 3735 1553 3792 etenim
1597 3733 1828 3806 lactant,
1874 3751 2006 3794 cum
2061 3738 2154 3796 vel
2237 3733 2333 3793 vid
2363 3748 2594 3808 quoque
2624 3748 2739 3791 non
2764 3733 2922 3791 aliud
2953 3732 3114 3792 Sauli
3162 3750 3262 3807 pro
3292 3734 3410 3793 filia
3457 3737 3708 3809 pretium
3758 3738 3933 3808 dedit,

449 3825 828 3900 perpetranda
867 3824 1018 3882 mala
1056 3824 1468 3882 blandimentis
1498 3824 1777 3896 inferunt,
1835 3825 1925 3883 vel
1954 3842 2154 3900 perpe-
2239 3823 2351 3882 nisi
2395 3824 2532 3898 quia
2586 3825 2870 3882 duntaxat
2923 3823 3048 3896 ejus
3097 3824 3364 3881 militiam
3419 3825 3716 3897 bajulavit.
3774 3825 3937 3885 Unde

455 3919 593 3970 trata
623 3913 894 3971 laudibus
922 3913 1229 3971 extollunt.
1265 3975 1270 3978 ,
2237 3913 2419 3972 leviro
2450 3929 2554 3972 suo
2583 3912 2843 3971 Isboseth
2873 3928 2974 3986 per
2998 3913 3236 3970 nuntios
3264 3912 3402 3970 dicit
3433 3931 3443 3968 :
3483 3935 3510 3965 «
3559 3913 3754 3971 Redde
3780 3930 3932 3973 uxo-

523 3999 747 4070 Quibus
802 4001 1088 4059 nimirum
1142 3999 1458 4075 Scriptura)
1503 3999 1847 4060 testimoniis
1894 4008 2156 4076 patenter
2236 4019 2358 4061 rem
2409 4019 2596 4061 meam
2646 4000 2876 4071 Mirhol,
2933 4016 3106 4072 quam
3167 3999 3444 4073 despondi
3500 4000 3642 4057 mihi
3701 4011 3933 4061 centum

453 4088 792 4160 ostenditur,
833 4087 970 4162 quia
1000 4087 1266 4162 quisquis
1314 4088 1606 4174 adulatur,
1647 4088 1916 4163 generale
1948 4106 2151 4164 pecca-
2235 4091 2531 4166 praeputiis
2563 4089 2916 4148 Philisthiim
2944 4092 3020 4157 (II
3047 4091 3176 4157 Reg.
3211 4092 3317 4156 III).
3352 4110 3380 4141 »
3432 4087 3670 4147 Laboris
3717 4089 3934 4166 quippe

455 4178 594 4236 toris
627 4193 839 4236 nomen
887 4194 989 4252 per
1029 4178 1275 4237 auxesin
1307 4173 1629 4252 specialiter
1677 4186 2051 4251 promeretur.
2084 4181 2155 4239 Et
2237 4182 2332 4241 sui
2367 4179 2667 4240 victoriam
2713 4179 2902 4239 dotem
2951 4179 3205 4252 deputat,
3245 4193 3421 4252 quam
3475 4187 3530 4238 et
3587 4179 3723 4238 Saul
3775 4180 3934 4238 velut

451 4281 583 4324 cum
621 4265 922 4324 Psalmista
950 4266 1099 4324 dicat
1141 4285 1153 4324 :
1196 4265 1342 4336 Quia
1390 4291 1416 4315 α
1460 4266 1731 4325 laudatur
1778 4275 2040 4340 peccator
2090 4271 2153 4328 in
2235 4275 2548 4348 quamdam
2599 4271 2903 4344 pecuniam
2977 4268 3327 4343 sponsalium
3386 4270 3508 4327 vice
3587 4276 3928 4344 susceperat.

450 4354 750 4413 desideriis
801 4355 1014 4413 animai
1075 4371 1198 4414 sua
1260 4359 1422 4429 (Psal.
1477 4361 1582 4424 xl;
1623 4381 1644 4404 ι
1707 4363 1762 4414 et
1801 4357 1902 4428 qui
1953 4360 2155 4434 iniqua
2239 4364 2351 4434 Sic,
2393 4362 2600 4437 inquit,
2630 4359 2941 4435 loquimini
2984 4358 3054 4416 ad
3094 4357 3274 4416 David
3311 4379 3322 4416 :
3359 4382 3379 4410 α
3426 4359 3549 4416 Νοη
3605 4360 3777 4418 habet
3830 4375 3932 4417 ne-

446 4445 611 4518 gerit,
645 4444 1039 4514 benedicitur;
1091 4451 1145 4503 et
1179 4445 1230 4502 is
1279 4446 1382 4518 qui
1433 4445 1648 4516 laudat,
1691 4454 1744 4506 et
1794 4449 1899 4523 qui
1949 4459 2388 4524 spontencesse
2437 4467 2541 4510 rex
2587 4449 2896 4524 sponsalia,
2931 4447 3046 4506 nisi
3094 4453 3318 4507 tantum
3367 4456 3601 4507 centum
3649 4448 3932 4522 praeputia

447 4533 734 4606 laudatur,
793 4549 912 4594 non
965 4532 1177 4608 dispari
1231 4538 1422 4593 reatus
1471 4534 1820 4609 obligatione
1865 4540 2150 4599 constrin-
2167 4532 2216 4558 ”
2235 4541 2739 4612 Philisthinorum,
2762 4545 2823 4597 ut
2849 4539 2950 4598 ﬁat
2980 4539 3124 4598 ultio
3152 4539 3222 4597 de
3248 4538 3502 4597 inimicis
3528 4539 3680 4612 regis
3709 4543 3785 4610 (II
3798 4543 3930 4610 Reg.

447 4621 621 4694 gitur.
2231 4638 2339 4703 III).

2307 4729 2467 4790 Sicut
2496 4746 2631 4804 ergo
2670 4730 2864 4788 Laban
2906 4728 3051 4788 tilias
3097 4727 3378 4800 vendidit,
3430 4727 3796 4802 pretiumque
3845 4743 3936 4790 co-

2235 4819 2434 4889 medit,
2494 4834 2612 4876 non
2650 4819 2788 4892 quia
2839 4816 3158 4874 recondidit
3208 4815 3470 4890 peCunize
3521 4815 3768 4888 lucrum,
3830 4821 3932 4880 sed

732 4905 897 4977 ,νη
920 4905 1164 4915 "mm"
1199 4905 1481 4916 """'""
1509 4905 1859 4922 """W'm"
2233 4905 2373 4980 quia
2424 4905 2726 4963 laboriosae
2780 4905 3075 4964 servitutis
3125 4905 3374 4979 percepit
3425 4905 3824 4980 impendium;
3879 4916 3935 4967 et

519 4982 645 5041 Hoc
670 4997 805 5056 ergo
831 4998 1015 5056 genus
1042 4983 1300 5043 muneris
1325 4984 1546 5043 caeteris
1578 4985 1919 5044 muneribus
1967 4991 2021 5046 et
2050 4986 2152 5044 de-
2233 4993 2380 5052 sicut
2412 4991 2548 5052 Saul
2577 5000 2847 5066 nupturas
2878 4992 3014 5052 ﬁliae
3054 5009 3173 5052 non
3219 4993 3367 5063 auri,
3397 4994 3488 5052 vel
3533 4995 3754 5068 argenti
3782 4996 3933 5056 dona
3992 5039 4005 5048 .

450 5072 629 5159 terius
652 5076 737 5159 est
773 5069 845 5159 ad
892 5071 1265 5159 peccandum,
1303 5079 1356 5129 et
1401 5070 1637 5143 gravius
1697 5071 1766 5128 ad
1818 5071 2148 5144 persolven-
2238 5081 2531 5156 quaesivit,
2561 5081 2660 5139 sed
2712 5081 2966 5141 laborem
3009 5081 3167 5153 belli,
3219 5082 3312 5140 vel
3350 5082 3577 5156 insigne
3627 5084 3931 5159 triumphi,

449 5158 612 5217 dum.
654 5156 940 5228 Quoniam
969 5157 1070 5216 illa
1098 5165 1340 5234 utraque
1370 5160 1492 5216 sine
1534 5159 1642 5218 isto
1690 5167 1932 5234 possunt
1991 5161 2158 5221 facile
2239 5170 2364 5229 vice
2395 5169 2544 5230 dotis
2571 5171 2831 5245 accepit:
2865 5171 2945 5229 sic
2975 5170 3072 5229 ille
3115 5173 3436 5230 necessario
3488 5171 3756 5230 Ecclesiae
3787 5156 3933 5232 ven-

451 5248 713 5322 reperiri,
750 5248 857 5307 hoc
919 5253 1115 5307 autem
1170 5249 1296 5307 sine
1351 5249 1578 5308 duobus
1631 5249 1745 5309 illis
1780 5250 1870 5308 vel
1917 5252 2014 5311 vix
2063 5252 2150 5310 vel
2239 5259 2391 5317 ditor
2419 5273 2542 5316 esse
2570 5258 2954 5330 convincitur,
3002 5259 3105 5334 qui
3156 5259 3530 5332 subjectionis
3586 5260 3930 5336 obsequium

448 5353 751 5412 nunquam
777 5339 925 5397 Valet
952 5338 1200 5412 impleri.
1245 5338 1391 5398 Nam
1429 5340 1825 5400 venditoribus
1870 5341 2154 5400 Ecclesia-
2237 5349 2308 5406 de
2339 5347 2488 5406 male
2517 5355 2738 5422 sperata
2762 5348 2884 5420 ejus
2914 5349 3217 5422 largitione
3247 5359 3556 5407 mereatur.
3593 5348 3666 5408 Et
3721 5367 3855 5410 cum
3883 5352 3934 5411 is

451 5443 601 5514 rum.
627 5427 677 5485 si
701 5427 860 5485 avari
890 5435 1042 5496 sunt,
1082 5427 1292 5486 sufﬁcit
1321 5429 1563 5502 pecunia
1592 5446 1727 5489 cum
1769 5432 2150 5512 appenditur:
2238 5437 2338 5512 qui
2381 5437 2630 5510 pretium
2677 5437 2910 5510 accepit,
2950 5447 3237 5495 asseratur
3282 5437 3596 5497 Ecclesiam
3637 5441 3884 5501 vendere
3915 5462 3930 5514 ;

450 5511 798 5608 8_i_g_101'iOS_i_.
857 5515 1014 5575 801118
1057 5516 1408 5608 δάυιᾶῐὶοξὶὶἓ
1455 5517 1615 5608 faYOI‘
1675 5518 1988 5594 aliquando
2029 5520 2154 5608 Victa
2237 5527 2344 5585 iste
2401 5529 2815 5600 congruentius
2867 5528 3076 5587 dicitur
3137 5528 3469 5602 venditare;
3527 5531 3664 5608 quia
3731 5511 3937 5593 venale

626 5604 793 5678 pretii
832 5613 1253 5681 compensatur.
1303 5606 1411 5677 Qui
1463 5605 1608 5666 vero.
1647 5623 1706 5666 se
1754 5609 1959 5667 mundi
1993 5606 2153 5682 prin-
2235 5616 2668 5688 commercium,
2718 5615 2871 5692 quod
2929 5616 3030 5676 ille
3065 5618 3236 5676 semel
3300 5618 3449 5688 iniit,
3505 5601 3600 5679 hic
3652 5620 3842 5694 longa,
3875 5630 3939 5680 ut

443 5693 677 5768 cipibus
719 5709 822 5770 pro
869 5696 1270 5756 nanciscendis
1313 5697 1628 5758 honoribus
1671 5700 1921 5771 tradunt,
1977 5707 2030 5758 et
2059 5714 2154 5775 pe-
2234 5701 2315 5760 ita
2357 5701 2578 5778 loquar,
2628 5719 2694 5762 ac
2728 5705 3004 5765 diuturna
3058 5708 3442 5782 negotiatione
3483 5693 3782 5783 protraxit.
3840 5709 3935 5780 Et,

1123 4744 1367 4804 CAPUT
1399 4745 1474 4804 II.

640 4867 642 4869 ’
746 4859 900 4926 Quod
919 4859 1167 4915 adulatio
1196 4861 1254 4915 in
1275 4861 1484 4916 clericis
1509 4861 1586 4916 sit
1603 4862 1859 4922 simonia.
