4080 6194
113 261 219 320 467

567 260 626 320 S.
669 257 891 319 PETRI
934 258 1252 321 DAMIANI
1291 258 1447 319 OPP.
1490 259 1738 321 TOMUS
1784 256 1924 325 SEU
1965 251 2158 315 PARS
2197 249 2300 309 III.
2346 279 2409 289 —
2446 240 2834 306 OPUSCULA
2872 234 3139 297 VARIA.

2252 81 2279 91 -ι

3490 219 3598 283 468

115 384 327 445 infelix
362 384 624 457 clericus,
683 392 823 462 quot
866 387 1099 447 servitia
1127 395 1274 453 467
1322 390 1528 448 fucatae
1572 354 2013 455 humili-Alega
2050 375 2358 438 venalitate
2415 372 2720 462 mercatur.
2755 359 3356 462 46§.Yerum'tamen
3385 348 3600 462 infit-tt:

119 476 250 533 tatis
294 475 583 543 exhibuit,
642 476 809 551 quasi
864 484 943 535 tot
986 479 1369 550 pecuniarum
1405 495 1664 538 summas
1715 494 1816 552 ap-

114 563 332 638 pendit.
365 563 475 634 Qui
504 564 784 622 nimirum
816 566 1300 625 assentationibus
1355 568 1489 625 suis
1518 568 1662 625 dum
1712 584 1815 627 au-

116 659 361 723 cupatur
394 667 607 709 nomen
653 651 920 724 episcopi,
956 651 1178 710 larvam
1228 653 1416 711 induit
1446 654 1700 728 parasiti.
1753 660 1819 712 Et

115 739 259 798 dum
292 739 468 812 spirat
515 738 829 796 ambitione
880 740 1230 813 pontificem,
1260 742 1550 801 scenicum
1579 744 1816 801 exhibet

119 826 494 897 histrionem;
534 834 704 899 atque
730 826 858 886 ideo
887 828 979 886 hic
1011 844 1127 887 non
1160 831 1428 904 simplex,
1493 834 1588 890 sed
1622 834 1812 892 omni-

118 935 266 994 gena
303 919 583 977 dicendus
618 927 703 977 est
739 919 1122 993 Simoniacus,
1191 925 1325 996 quia
1372 926 1651 1000 quidquid
1707 935 1809 997 est,

117 1025 223 1083 per
257 1009 410 1083 quod
458 1008 711 1067 Ecclesia
745 1011 927 1087 vendi,
966 1013 1171 1085 potuit,
1200 1014 1294 1072 hic
1339 1015 1547 1089 triplici
1601 1015 1817 1075 venali-

118 1104 230 1155 tate
258 1097 565 1156 commisit.
598 1098 717 1155 Nec
750 1098 1031 1170 glorietur
1064 1102 1282 1159 metalli
1308 1118 1379 1165 se
1428 1118 1544 1162 non
1594 1103 1819 1161 dedisse

117 1185 448 1261 pecuniam,
507 1190 628 1262 qui,
682 1190 834 1263 quod
891 1191 1199 1262 pretiosius
1280 1194 1547 1264 habebat,
1607 1202 1815 1252 semet-

121 1275 316 1348 ipsum
355 1275 615 1334 venalem
648 1277 926 1350 praabuit:
971 1280 1071 1353 qui
1104 1282 1406 1354 naufragio
1450 1298 1510 1342 se
1541 1287 1657 1340 tam
1688 1282 1819 1340 duri

121 1362 669 1436 laborisimmersit,
703 1366 843 1424 etin
893 1367 1070 1440 hujus
1118 1370 1503 1443 expeditionis
1553 1376 1822 1443 sumptus

123 1450 393 1508 nonnihil
431 1466 505 1508 ex
534 1453 778 1526 propriis
820 1454 1184 1514 facultatibus
1201 1440 1549 1530 profligavit.

196 1539 506 1611 Ponamus,
566 1544 731 1601 verbi
787 1545 987 1617 gratia.
1045 1546 1192 1604 duos
1247 1546 1483 1605 clericos
1558 1554 1825 1606 centenas

2038 467 2269 527 sceleris
2315 459 2735 541 turpitudinem
2783 448 3009 527 palliat,’
3060 446 3199 521 quia
3226 443 3380 541 sub
3407 438 3597 541 colore

1897 559 2186 620 fidelitatis
2244 527 2639 613 ecclesiastica;
2695 544 3020 616 municipes
3074 553 3177 612 per
3216 527 3599 611 jurisjurandi

1898 651 2249 709 sacramenta
2304 643 2633 708 confirmat;
2690 651 2823 694 cum
2872 645 3044 689 nemo
3103 625 3352 713 deterius
3400 620 3598 713 Eccle-

1898 708 2044 799 siam
2090 737 2275 803 laedat,
2311 747 2486 807 quam
2515 728 2691 786 iidem
2733 724 2845 797 ipsi
2874 719 3039 779 infidi
3070 708 3287 784 fideles,
3339 710 3444 783 qui
3472 708 3599 780 ejus

1898 831 2147 903 diripere
2171 806 2467 894 facultates
2498 807 2803 883 anhelant;
2838 826 2975 869 cum
3011 806 3134 903 illis
3175 817 3335 903 ergo.
3360 810 3600 903 munera

1899 892 2118 985 tribhit,
2152 931 2285 975 cum
2314 892 2423 972 sub
2454 908 2688 967 nomine
2735 903 2893 987 velut
2922 895 3193 958 Ecclesia:
3231 892 3340 950 sibi
3368 892 3600 987 potissi:

1902 1022 2062 1064 mum
2087 973 2282 1078 jurare
2325 995 2637 1070 compellit,
2692 973 2809 1051 non
2869 986 3138 1047 Ecclesizn
3193 973 3603 1078 consulitust

1900 1063 2010 1153 sibi
2039 1063 2231 1167 quiete
2257 1063 2585 1164 possidendi
2625 1063 2902 1141 culminis
2949 1076 3172 1167 aditum
3208 1068 3427 1145 pandit.
3466 1063 3603 1123 Sive

1899 1196 2034 1254 ergo
2059 1164 2194 1238 ante
2221 1175 2703 1236 consecrationem
2748 1168 2874 1235 hoc,
2937 1164 3060 1254 sive
3110 1166 3417 1254 postquam
3462 1166 3601 1211 con-

1901 1246 2154 1330 secratus
2182 1274 2283 1337 est,
2334 1265 2522 1332 faciat,
2576 1258 2745 1319 valde
2792 1254 2902 1313 sibi
2954 1246 3277 1337 timendum
3325 1252 3440 1337 est,
3482 1255 3603 1299 non

1902 1373 2005 1432 pro
2034 1331 2304 1415 Ec‘clesiae
2336 1331 2603 1415 utilitate,
2645 1345 2745 1404 sed
2789 1357 2903 1432 pro
2925 1331 3602 1432 sua_potius,conﬁrma-

1906 1427 2079 1517 tione,
2127 1443 2271 1504 sacri
2317 1440 2427 1500 loci
2483 1439 2634 1497 bona
2694 1431 2990 1505 dilapidat,
3041 1427 3103 1484 in
3155 1427 3491 1517 voraginem
3543 1430 3604 1473 se

1911 1508 2253 1594 Simo'niacae
2295 1532 2598 1597 haereseos,
2622 1523 2765 1581 dum
2814 1516 3015 1578 extolli
3052 1518 3314 1581 conatur,
3365 1508 3601 1597 immer-

122 1641 508 1687 nummorum
536 1628 714 1689 libras
753 1593 873 1688 nbn
922 1631 1137 1705 dispari
1175 1633 1400 1705 peculio
1447 1635 1823 1708 possidentes,
1908 1612 2051 1699 gat:
2109 1629 2164 1679 et
2213 1620 2349 1678 hinc
2398 1612 2715 1708 PBPPiCiOS?
2765 1621 2959 1707 θοῖίλῐη
3022 1600 3259 1708 amnis,
3310 1593 3607 1708 omne???

122 1728 375 1788 quorum
437 1716 580 1774 alter
618 1718 840 1776 curiam
899 1681 1051 1791 regis
1132 1681 1314 1791 adeat,
1368 1681 1699 1797 sedsimque
1762 1681 2157 1803 iiIBZorruat,
2207 1706 2365 1767 unde
2399 1720 2459 1762 se
2500 1702 2651 1760 inter
2682 1697 2953 1756 homines
2996 1694 3326 1803 agrogantler
3368 1681 3605 1803 exaltat.

124 1805 386 1878 proprios
414 1821 579 1875 usus,
610 1808 849 1881 quodin
880 1776 1116 1869 sudario
1168 1776 1322 1880 latet,
1359 1776 1657 1882 insumaI;
1686 1776 1887 1870 alter”
1911 1776 2071 1864 Sicut
2094 1776 2371 1872 scriptum
2396 1801 2481 1854 est
2510 1813 2522 1851 :
2551 1818 2577 1841 κ
2610 1788 2872 1864 Dejecisti
2911 1799 3006 1843 eos
3037 1781 3179 1839 dum
3219 1776 3611 1836 allevarentur

123 1907 258 1950 cum
285 1892 462 1951 Jacob
486 1894 545 1951 in
580 1895 964 1956 tabernaculis
1016 1904 1259 1967 maneat,
1297 1915 1403 1958 nec
1451 1901 1668 1958 alutam
1712 1916 1826 1958 aere
1906 1895 2080 1965 (Psat.
2116 1892 2323 1957 LXXII).
2360 1908 2387 1936 ιι
2970 1898 2981 1902 ’
3121 1966 3126 1967 ί
3272 1957 3282 1967 .
3389 1954 3400 1963 .
3485 1956 3496 1967 .
3541 1951 3551 1960 .

127 1987 451 2053 turgentem
497 1982 695 2041 follere
768 1984 1088 2058 compellat.
1132 1956 1395 2062 IUtr'iqueﬁ
1460 1956 1829 2061 postmodum

1982 1982 2092 2041 Sed
2136 1987 2192 2037 et
2219 1956 2329 2036 hOc
2379 1968 2843 2062 praetereundum
2888 1977 3004 2021 nou
3050 1966 3155 2060 est,
3186 1957 3324 2055 quia
3358 1956 3606 2062 sicjit'isn,

129 2084 250 2128 uno
277 2070 371 2127 die
400 2087 504 2130 sua
541 2073 751 2146 cuique
806 2074 1103 2147 delegetur
1133 2039 1387 2137 Ecclesia
1423 2039 1523 2137 :2t
1552 2078 1649 2137 hic
1702 2078 1828 2152 qui-

1961 2074 2011 2132 ui
2041 2066 2341 2143 regiminis
2358 2039 2579 2138 apicem
2609 2057 2830 2117 invitus
2855 2050 3206 2124 assequitur,
3235 2046 3297 2152 ‘si
3322 2041 3461 2118 quid
3488 2039 3612 2152 illic

129 2158 262 2216 dem
301 2160 484 2237 totum
514 2176 615 2231 ms,
643 2164 797 2236 quod
828 2179 1101 2223 crumena
1133 2167 1415 2239 servabat,
1473 2168 1537 2226 in
1594 2128 1829 2243 sacrile-
1909 2128 2202 2237 asperuum,
2239 2156 2288 2214 si
2331 2151 2471 2229 quid
2524 2150 2773 2222 patiatur
2814 2144 3141 2243 adversum,
3166 2136 3259 2243 lad-
3308 2128 3611 2192 cumulum

128 2249 210 2322 gii
237 2251 488 2323 pretium
517 2253 783 2312 funestus
831 2256 1149 2328 negotiator
1190 2258 1492 2326 effundat;
1522 2258 1666 2316 alter
1696 2273 1832 2317 vero

130 2341 268 2413 quia
306 2342 548 2401 servivit
590 2344 647 2401 in
702 2345 883 2416 curia,
919 2346 1003 2404 nil
1042 2348 1268 2406 noviter
1325 2349 1558 2418 tribuat,
1614 2350 1712 2407 sed
1759 2349 1831 2407 ad

128 2433 565 2507 percipiendum
594 2434 863 2495 Ecclesiae
890 2437 1211 2497 villicatum
1244 2447 1519 2512 tanquam
1544 2440 1830 2511 gratuitus

131 2529 414 2581 mercator
438 2524 687 2582 accedat.
720 2524 861 2595 Quis
896 2517 1122 2594 horum,
1158 2541 1379 2598 quaeso,
1405 2528 1642 2585 charius
1692 2527 1833 2585 emit

133 2612 451 2672 Ecclesiam
488 2615 514 2671 ?
543 2614 840 2688 Numquid
869 2632 988 2674 non
1012 2614 1133 2685 ille,
1162 2605 1268 2691 qui
1304 2617 1432 2674 licet
1478 2624 1717 2690 patrono
1748 2618 1831 2676 nil

133 2704 373 2773 dederit,
406 2709 486 2762 tot
520 2705 805 2764 (erumnis
834 2710 887 2762 et
938 2705 1235 2763 laboribus
1278 2721 1509 2779 pressus
1548 2705 1831 2780 quidquid

136 2792 400 2861 habebat,
458 2793 521 2850 in
578 2801 690 2850 tam
744 2794 939 2865 gravis
997 2800 1051 2851 et
1104 2793 1401 2851 diuturnae
1457 2792 1839 2866 expeditionis

139 2886 406 2954 sumptus
450 2880 770 2953 expendit;
814 2887 871 2939 et
907 2881 1015 2940 iste
1069 2880 1270 2950 vilius,
1320 2880 1421 2954 qui
1474 2881 1598 2940 sine
1648 2880 1841 2940 labore

140 2988 309 3031 suam
339 2972 625 3031 venditori
652 2973 1343 3046 pecuniamnumeravit?
1367 2973 1512 3031 Nam
1538 2973 1841 3047 perspicua

1912 2225 2021 2315 sibi
2052 2225 2314 2325 provenit
2338 2225 2677 2303 meritorum
2711 2256 2722 2294 :
2760 2242 2816 2292 et
2852 2248 2974 2325 pro‘
3000 2225 3394 2325 tribulatione,
3437 2232 3613 2294 quam

1913 2318 2131 2411 tolerat,
2187 2352 2303 2395 non
2360 2333 2655 2391 incasSum
2704 2318 3111 2382 exsultationis
3171 2320 3612 2411 aeternae‘prze-

1914 2397 2334 2503 vsperat.
2373 2420 2468 2479 Sic
2495 2418 2614 2486 ille,
2656 2413 2757 2503 qui
2797 2411 3096 2503 ultroneus
3120 2401 3320 2503 ambit,
3355 2397 3445 2455 vel
3498 2397 3614 2503 im:

1910 2492 2195 2593 portunus
2242 2509 2546 2583 ingeritur,
2613 2501 2718 2559 vix
2761 2513 2864 2573 pro
2915 2492 3287 2593 adversitale,‘
3317 2493 3615 2593 quam-an

1913 2576 2198 2679 regimine
2222 2576 2452 2672 patitur,
2481 2590 2791 2666 prmmium
2820 2589 3224 2657 consequetur.
3258 2576 3346 2635 Ad
3400 2589 3479 2679 sie.
3506 2576 3615 2627 ita-

1914 2662 2029 2772 infe
2052 2692 2207 2769 quod
2227 2662 2449 2763 patitur
2482 2662 2689 2742 referat
2716 2698 2732 2749 ;
2781 2677 3009 2751 sibique
3040 2687 3233 2772 omne,
3286 2664 3435 2772 quod
3467 2662 3617 2772 laps:

1921 2749 2416 2852 raturrascribat.
2460 2771 2730 2832 Labores,
2782 2749 2933 2839 quos.
2978 2761 3243 2843 sustinet,
3302 2749 3619 2852 honoribus

1924 2840 2335 2946 recoinpenset,
2368 2867 2736 2934 fructumque
2782 2856 3045 2946 laborum
3070 2840 3279 2946 potius
3321 2845 3381 2941 in
3423 2840 3623 2946 adepta

1924 2932 2203 3038 dignitate
2247 2932 2572 3019 constituat,
2606 2932 2780 3023 quam
2811 2943 2882 3001 de
2917 2939 3095 3000 futuri
3146 2932 3424 3038 muneris.
3454 2932 3621 3038 retri-

139 3061 284 3119 ratio
316 3061 639 3133 persuadet,
654 3027 810 3134 rquia
848 3062 1034 3135 pluris
1065 3062 1206 3120 emit
1236 3027 1569 3129 Ecclesiam:
1606 3027 1706 3135 quri
1736 3027 2164 3148 suacbtitione
2212 3052 2544 3125 praesumat,
2598 3040 2845 3148 Dominjo
2892 3037 2970 3111 ,de
3010 3027 3565 3148 talibusuattesta‘frl'te

140 3149 337 3209 omnia
369 3164 503 3208 cum
534 3112 826 3209 laboribus
850 3112 1097 3223 lperdidit
1126 3167 1141 3219 ;
1171 3165 1346 3224 quam
1377 3149 1447 3221 is,
1479 3112 1580 3224 qui
1609 3112 1844 3224 quietus
1863 3112 1906 3148 υ
1930 3170 1960 3204 ε(
1994 3147 2139 3216 Quia
2207 3112 2545 3211 receperunt
2602 3128 2924 3224 mercedem
2968 3138 3133 3184 suam
3174 3119 3405 3224 “(Matthi-

143 3240 200 3297 et
227 3237 447 3296 otiosus
472 3238 733 3310 praefixae.
762 3236 1097 3310 quantitatis
1128 3246 1288 3310 pacta
1314 3235 1609 3311 persolvit.

218 3325 394 3384 Porro
433 3341 566 3385 cum
607 3334 663 3384 et
717 3325 1045 3385 forensibus
1094 3326 1320 3399 legibus
1368 3330 1608 3385 cautum
1659 3328 1751 3396 sit,
1782 3333 1847 3386 ut

146 3411 383 3469 curialis
406 3412 653 3486 quisque
709 3412 969 3471 funditus
1011 3417 1273 3470 arceatur
1314 3428 1348 3470 a
1382 3412 1536 3471 clero
1552 3430 1583 3489 ;,
1640 3413 1746 3470 iste
1777 3414 1851 3471 de

147 3500 402 3560 Ecclesia
462 3502 734 3574 migravit
793 3501 866 3559 ad
922 3500 1162 3559 curiam.
1214 3506 1304 3567 Et,
1360 3502 1474 3561 heu
1528 3503 1854 3577 prodigiosa

151 3587 426 3645 vesanial
464 3593 526 3646 ut
552 3588 887 3660 praeferatur
918 3586 1164 3657 clericis,
1194 3589 1297 3660 qui
1339 3589 1410 3645 de
1462 3589 1671 3648 clerico
1727 3588 1851 3647 etii-

150 3678 302 3736 citur
338 3678 575 3736 curialis
604 3697 616 3735 :
650 3678 834 3736 factus
863 3683 948 3735 est
996 3694 1200 3736 servus
1229 3680 1455 3748 mundi,
1501 3687 1565 3738 ut
1611 3681 1711 3751 jus
1739 3679 1853 3738 Do-

152 3768 322 3836 mini,
364 3768 483 3825 imo
519 3767 849 3825 cathedram
887 3766 1233 3840 pestilentiae
1271 3775 1541 3843 ursurpet
1590 3769 1651 3827 in
1682 3768 1853 3827 domo

155 3860 281 3919 Dei.
313 3859 423 3932 Qui
457 3859 505 3916 si
546 3859 721 3917 semel
772 3859 1174 3918 investituram
1227 3861 1296 3917 de
1336 3876 1515 3919 manu
1568 3861 1855 3935 largitoris

155 3946 458 4021 acceperit,
486 3945 578 4005 vel
618 3946 876 4021 quolibet
910 3962 1143 4020 prorsus
1169 3947 1404 4021 ingenio
1441 3946 1673 4005 culmen
1714 3948 1858 4021 regi-

161 4036 338 4095 minis
374 4035 614 4110 adeptus
638 4035 981 4104 ascenderit,
1033 4052 1173 4094 mox
1204 4043 1268 4094 ut
1313 4035 1423 4094 sibi
1479 4037 1728 4095 fautores
1765 4037 1856 4097 in-

60 4206 63 4209 η
165 4128 377 4202 veniat,
407 4126 565 4200 larga
595 4127 665 4186 de
708 4127 1075 4187 facultatibus
1117 4125 1390 4187 Ecclesiae
1430 4125 1581 4185 dona
1623 4127 1859 4203 dispen-

158 4223 263 4278 83L

818 4330 1061 4391 C‘APUT
1098 4332 1204 4392 III.

516 4456 592 4509 De
620 4454 864 4525 episcopo
894 4452 1130 4523 quodam
1158 4453 1501 4533 Bononiensi.

237 4577 456 4639 Nostris
508 4583 657 4636 certe
714 4576 1067 4650 temporibus
1146 4575 1522 4634 Bononiensis
1592 4574 1861 4634 Ecclesiae

165 4670 403 4744 quidam
440 4666 709 4742 praesedit
746 4665 1066 4741 episcopus,
1114 4682 1181 4724 eo
1238 4664 1452 4724 scilicet
1501 4666 1690 4734 modo,
1746 4681 1862 4738 quo

162 4760 445 4828 diximus,
473 4756 710 4816 curialis
742 4781 754 4814 :
787 4755 887 4830 qui
935 4753 1211 4813 nimirum
1250 4764 1551 4830 postquam
1588 4753 1864 4813 latissima

163 4845 531 4917 ecclesiastici
578 4845 731 4919 juris
802 4842 1018 4918 praedia
1073 4843 1135 4901 in
1224 4842 1506 4901 suburbio
1557 4844 1865 4902 constituta

163 4937 448 5008 distraxit,
501 4936 915 5009 subsequenter
975 4933 1285 4992 obmutuit.
1345 4932 1556 5010 Sicque
1603 4932 1717 4990 fere
1764 4947 1867 5006 per

166 5026 533 5101 septennium
580 5024 761 5082 donec
807 5021 1058 5090 advixit,
1093 5022 1442 5094 paralyticus
1494 5026 1551 5078 et
1612 5018 1866 5089 elinguis

162 5116 441 5188 elanguit.
478 5116 644 5175 ‘Juste
672 5112 906 5182 scilicet,
936 5125 1183 5183 superno
1229 5110 1598 5183 dispensante
1624 5107 1862 5181 judicio,

163 5213 229 5265 ut
264 5207 369 5280 qui
392 5205 652 5277 linguam
684 5219 848 5263 suam
880 5202 1087 5260 fecerat
1118 5198 1330 5272 negotii
1360 5197 1551 5259 feralis
1581 5188 1862 5271 interpre-

164 5301 299 5359 tem,
330 5308 465 5353 cum
491 5296 615 5368 ipsa
642 5288 1136 5367 quoque'prorsus
1179 5289 1463 5351 amitteret
1520 5287 1693 5346 totius
1742 5286 1863 5345 elo-

164 5385 293 5459 quii
332 5384 682 5443 facultatem.
741 5382 993 5453 Quilibet
1044 5379 1240 5454 itaque
1285 5376 1521 5438 curialis
1565 5378 1865 5450 episcopus

162 5476 270 5534 hos
320 5473 661 5531 muneribus
697 5471 949 5537 attrahit,
991 5468 1107 5526 illis
1160 5467 1435 5526 beneficia
1484 5465 1682 5523 latiora
1727 5477 1866 5521 con-

162 5565 349 5635 cedit;
380 5563 462 5622 sic
489 5580 525 5620 a
549 5562 765 5636 quibus
794 5575 908 5618 non
949 5566 1067 5616 erat
1111 5557 1345 5625 electus,
1396 5555 1628 5626 eligitur
1658 5577 1670 5622 ;
1715 5560 1770 5609 et
1800 5559 1867 5610 ut

163 5654 271 5714 sibi
301 5654 374 5713 de
404 5653 641 5712 Simone
670 5650 818 5708 nihil
853 5651 1015 5721 desit,
1057 5648 1243 5723 ipsam
1293 5646 1633 5707 electionem
1690 5642 1868 5701 sacri-

1869 4438 1921 4498 D

1926 3200 2075 3298 Na'In
2102 3233 2210 3291 sibi
2238 3200 2362 3305 ipse
2391 3223 2689 3291 conscivit,
2746 3217 2899 3277 unde
2932 3229 3100 3272 mens
3137 3213 3262 3285 ejus
3290 3215 3368 3266 tot
3397 3200 3626 3305 casibus

1928 3295 2203 3392 concussa
2237 3295 2581 3382 succumbit.
2612 3314 2924 3372 Enimvero
2959 3307 3059 3381 qui
3111 3304 3182 3361 ad
3236 3295 3627 3392 ministerium

1933 3427 2176 3479 terrente
2230 3405 2674 3485 dispensationis
2725 3406 2952 3459 coactus
3002 3392 3343 3485 attrahitur,
3372 3402 3506 3485 cum
3566 3397 3627 3485 in

1902 3475 2402 3565 'exsecutionibiis
2430 3494 2556 3566 ejus
2581 3490 2821 3548 adversa
2879 3481 3173 3557 pertulerit
3206 3497 3220 3549 ;
3273 3477 3486 3566 laboris
3537 3475 3626 3531 sui

1934 3572 2171 3669 prmmio
2200 3602 2317 3645 non
2345 3564 2576 3642 carebit.
2620 3581 2691 3636 At
2717 3577 2765 3669 si
2796 3566 3345 3669 villicatusupretio,
3379 3564 3472 3664 vel
3500 3576 3635 3653 pre-ir

1936 3653 2100 3743 cibus
2129 3676 2439 3742 obtinetur,
2479 3664 2765 3728 erubescit
2791 3677 2893 3736 pro
2943 3656 3240 3717 laboribus
3301 3653 3629 3743 suishcom-

1938 3741 2175 3830 modum
2208 3758 2599 3823 retributionis
2633 3755 2884 3827 exigere,
2931 3751 3035 3824 qui
3081 3763 3142 3807 se
3172 3741 3469 3804 laborandi
3519 3755 3635 3798 ma-

1939 3861 2139 3921 teriam
2174 3852 2442 3913 meminit
2493 3843 2839 3921 importunis
2875 3837 3268 3900 anxietatibus
3302 3831 3631 3892 extorsisse.

2010 3950 2151 4007 Haec
2184 3945 2379 4018 itaque
2412 3938 2692 4005 diximus,
2722 3938 2786 3994 ut
2814 3928 3069 4018 nonsibi
3097 3924 3418 4018 glorientur
3444 3921 3632 4018 Simo-

1940 4006 2165 4098 niacam
2189 4006 2381 4091 deesse
2397 4025 2786 4092 venalitatem,
2809 4017 2914 4093 qui
2933 4006 3636 4098 famulandoprincipibus

1943 4094 2382 4187 ecclesiasticam
2419 4113 2609 4188 adepti
2641 4115 2779 4168 sunt
2810 4105 3169 4179 dignitatem.
3228 4095 3343 4154 Nec
3381 4094 3493 4153 sibi
3543 4109 3634 4150 re-

1943 4215 2138 4293 gulam
2204 4207 2469 4284 gratuitaa
2525 4196 2899 4293 promotionis
2959 4189 3517 4293 applaudanthcum
3576 4201 3637 4242 se

1946 4276 2275 4371 redemisse,
2331 4294 2487 4373 quod
2539 4288 2882 4368 possidetur,
2945 4282 3110 4342 duris
3167 4276 3462 4338 laboribus
3519 4290 3634 4333 non

1944 4395 2234 4469 ignorant.

2611 4489 2854 4552 CAPUT
2880 4485 2980 4545 IV.

1943 4624 2096 4695 Quod
2117 4624 2343 4694 peccata.
2371 4612 2611 4687 episcopi
2646 4624 2753 4664 non
2781 4607 2922 4659 recte
2948 4600 3192 4657 ordinati
3231 4599 3289 4651 in
3316 4595 3641 4666 promotoris

2532 4704 2696 4773 caput
2719 4694 3042 4752 redundent.

2021 4832 2387 4907 Principibus
2418 4840 2673 4901 quoque,
2725 4827 2782 4881 et
2824 4813 3183 4907 quibuslibet
3214 4804 3641 4889 ordinatoribus

1946 4905 2318 4988 ecclesiarum
2362 4927 2727 4986 summOpere
2792 4905 3116 4967 cavendum
3183 4906 3302 4989 est,
3353 4911 3426 4989 ne
3484 4908 3642 4989 sacra

1947 4966 2318 4988 ευωυυωωι..
2362 4966 2722 4986 ,μη-,τω
2805 4966 2813 4967 ,
3276 4966 3284 4969 _

1947 5016 2091 5083 loca,
2127 5025 2242 5069 non
2280 5003 2635 5065 considerato
2682 4995 2882 5055 divino
2925 4989 3166 5083 judicio,
3209 4985 3310 5044 sed
3348 4966 3642 5083 pi‘onarbi-

1950 5068 2154 5161 iEiB'el
2191 5097 2264 5155 ab
2288 5093 2544 5159 libitum,
2597 5083 2907 5160 praebeant,
2943 5093 3017 5136 ne
3051 5075 3122 5134 ad
3158 5087 3324 5131 suam
3350 5068 3643 5128 confusio-

1947 5204 2080 5248 nem
2121 5184 2340 5243 divinze
2372 5178 2515 5252 legis
2543 5174 2830 5241 ordinem,
2862 5180 3155 5227 sacrorum
3190 5173 3492 5252 canonum
3528 5161 3645 5212 sta-

2100 5245 2477 5334 confundant.
2532 5265 2678 5324 Nam
2722 5255 2989 5335 quisquis
3030 5250 3341 5335 Ecclesiam
3393 5245 3497 5304 Dei
3530 5256 3645 5342 non

1946 5364 2309 5441 regulariter,
2339 5358 2435 5417 sed
2464 5350 2851 5447 poteptialiter
2875 5345 3121 5415 ordinat,
3167 5342 3229 5399 in
3257 5340 3648 5447 promoveatis

1946 5424 2119 5533 caput
2148 5424 2344 5514 omnia
2394 5424 2724 5518 illius,'qui
2771 5441 3067 5533 promotus
3114 5440 3218 5533 est,
3247 5427 3400 5533 mala
3429 5424 3644 5533 redi‘iln-

2149 5512 2314 5606 IInde
2341 5512 2679 5616 praedicator
2702 5512 2967 5604 egregius
2989 5538 3126 5582 cum
3154 5519 3399 5577 dixisset
3430 5534 3442 5574 :
3478 5539 3505 5563 κ
3534 5512 3652 5616 Ma-

1949 5607 2065 5702 nus
2124 5638 2237 5697 cito
2294 5607 2518 5693 nemini
2573 5619 2918 5701 imposueris
2969 5619 3015 5694 (Ι
3044 5616 3184 5673 Tim.
3215 5616 3279 5680 V)
3313 5630 3328 5681 ;
3362 5631 3384 5658 ι
3441 5607 3650 5682 praasto
