4080 6194
331 344 440 404 469

330 470 643 544 subjunxit
698 495 711 530 :

1229 351 1478 412 OPUSC.
1521 357 1704 417 XXII.
1745 391 1813 404 -—-
1852 362 2146 427 CONTRA
2185 362 2541 426 CLERICOS
2583 361 2918 423 AULIGOS.

778 495 798 523 ⁶¹
855 472 1544 564 Νθθκσοωῐηυηίοθνθτίε
1596 487 1838 557 Peccatis
1897 493 2104 554 469A
2124 492 2330 552 vinum
2357 507 2574 560 meum,
2607 489 2760 564 quod
2808 488 3059 547 laetificat
3093 486 3275 545 Deum
3333 489 3390 544 et
3440 462 3730 549 homines,
3759 485 3815 540 et

3716 356 3821 416 470

325 560 534 620 alienis
592 563 812 655 (Ιόίά.)ἶ
851 583 878 614 ››
935 563 1162 624 Alienis
1222 569 1434 643 quippe
1481 576 1724 645 peccatis
1776 591 2039 637 commu-
2119 580 2271 638 inter
2310 581 2466 655 ligna
2500 560 2703 638 caetera
2755 574 3132 652 promoveri?
3184 598 3204 625 ι
3263 573 3484 632 Deinde
3518 571 3813 645 Scriptura

323 651 519 708 nicare
548 651 930 722 convincitur,
961 656 1226 728 quisquis
1259 659 1588 733 indignum,
1623 669 1677 721 et
1704 665 2036 739 improbum

323 744 496 814 atque
523 740 654 797 ideo
684 742 961 816 cupidum
988 745 1060 802 ad
1095 748 1353 819 regimen
1388 753 1700 823 provehere
1729 771 1841 813 non
1872 774 2033 816 vere-

325 833 438 886 tur.
477 829 546 886 Et
581 846 718 888 cum
768 832 1020 892 Ecclesia
1057 835 1266 895 Christi
1309 855 1422 898 non
1471 843 1690 902 habens
1720 847 2028 919 maculam,

324 936 517 1008 neque
538 938 763 994 rugam,
788 925 1023 998 reproba
1047 929 1351 999 cujuslibet
1378 932 1737 994 ordinatione
1765 937 2028 1008 foedatur,

323 1003 388 1063 in
431 1007 752 1067 ordinantis
793 1012 1048 1070 animam
1097 1016 1286 1074 omnis
1332 1017 1433 1076 illa
1487 1020 1782 1094 lethiferm,
1833 1003 2030 1082 conta;

321 1096 511 1171 gionis
541 1099 698 1172 lepra
728 1104 1179 1165 transfunditur.

399 1185 796 1250 Romanorum
843 1209 1051 1266 nempe
1090 1198 1260 1256 tradit
1300 1199 1534 1259 historia
1579 1201 1836 1298 (PAULgs
1887 1205 2026 1264 ΒΙΑ-

328 1287 462 1335 CON.
501 1284 646 1340 Hist.
681 1287 834 1343 Rom.
867 1288 943 1341 ad
971 1291 1202 1361 Eutrop.
1238 1289 1339 1348 lib.
1373 1305 1432 1363 II,
1469 1294 1528 1353 in
1578 1284 1840 1371 princip.)
1890 1299 2028 1370 quia

326 1371 652 1462 petentibus
702 1373 902 1434 Gothis
942 1384 1006 1434 ut
1056 1379 1139 1436 eis
1186 1380 1492 1454 imperator
1542 1386 1753 1446 Valens
1808 1390 2026 1462 episco-

325 1469 427 1527 pos
463 1458 796 1533 destinaret,
845 1467 1141 1540 aquibus
1170 1469 1511 1532 Christianae
1539 1475 1671 1534 fidei
1700 1458 2027 1535 rudimenta

325 1547 726 1638 susciperent;
773 1553 874 1611 ille
936 1556 1192 1616 doctores
1239 1559 1308 1617 ad
1361 1577 1456 1619 eos
1501 1580 1616 1622 non
1655 1567 2026 1638 orthodoxos,

2117 670 2551 743 subjungit:.a
2607 668 3010 742 Dixeruntque
3064 665 3261 722 omnia
3314 660 3460 717 470
3526 661 3683 735 ligna
3739 658 3811 716 ad

2116 759 2470 820 rhamnum:
2533 757 2698 826 Veni,
2745 763 2800 814 et
2842 756 3061 828 impera
3111 752 3298 811 nobis.
3352 750 3464 820 Qui
3517 747 3811 822 respondit

2112 848 2197 906 eis
2229 868 2242 905 :
2275 848 2336 906 Si
2366 835 2496 906 vere
2526 863 2718 919 regem
2768 862 2858 902 me
2906 845 3069 902 vobis
3102 840 3470 910 constituitis,
3506 839 3720 908 venite,
3753 840 3810 892 et

2111 937 2220 994 sub
2248 936 2454 994 umbra
2487 950 2612 992 mea
2644 933 2985 1008 requiescite
3025 933 3224 1002 (Ibid).
3259 950 3287 981 »

2185 1009 2452 1098 Longum
2484 1030 2586 1091 est,
2620 1025 2668 1082 si
2696 1025 2958 1082 dicamus
3004 1022 3334 1081 Gedeonem
3367 1025 3567 1091 typum
3609 1020 3805 1072 tenere

2114 1117 2424 1176 Salvatoris
2475 1119 2673 1185 (Judic.
2725 1121 2875 1185 VIII),
2916 1131 3018 1188 per
3062 1112 3344 1186 plurimas
3383 1110 3511 1181 ejus
3567 1118 3800 1170 uxores,

2110 1207 2364 1266 diversas
2387 1207 2591 1264 debere
2625 1207 2885 1264 nationes
2916 1203 3180 1276 intelligi,
3214 1217 3347 1278 quae
3373 1199 3482 1257 sibi
3515 1197 3804 1256 eohaasere
3833 1279 3836 1286 ‘

2108 1310 2209 1368 per
2238 1298 2428 1356 fidem.
2461 1298 2571 1356 ‘Per
2607 1297 2968 1372 septuaginta
2998 1295 3167 1359 filios,
3204 1293 3440 1351 totidem
3469 1289 3804 1379 linguarum

2108 1384 2368 1456 populos.
2425 1384 2533 1442 Per
2592 1370 2996 1450 concubinam,
3060 1380 3444 1455 Synagogam.
3479 1376 3607 1432 ’Per
3658 1370 3801 1429 Abi-

2110 1471 2351 1543 melech,
2382 1473 2806 1541 antichristum,
2829 1471 2930 1547 qui
2951 1470 3270 1544 Synagogae
3298 1466 3456 1523 filius
3486 1463 3609 1520 erit.
3639 1457 3804 1518 Unde

2109 1564 2165 1615 et
2225 1559 2284 1616 in
2342 1561 2682 1634 Apocalypsi
2732 1561 2826 1620 his
2859 1561 2962 1634 qui
3019 1557 3294 1618 credituri
3335 1563 3491 1624 sunt,
3548 1550 3802 1609 dicitur:

322 1635 420 1693 sed
450 1638 650 1697 Ariani
682 1641 965 1713 dogmatis
996 1646 1170 1714 misit,
1203 1650 1523 1725 rudemque
1559 1654 1860 1728 populum,
1897 1635 2028 1729 qui;
2113 1667 2143 1700 ι(
2179 1647 2291 1717 Qui
2321 1651 2523 1708 dicunt
2552 1667 2611 1708 se
2640 1651 2870 1709 Judaaos
2919 1663 3063 1720 esse,
3092 1654 3150 1737 e_t
3186 1663 3301 1737 non
3334 1651 3490 1737 sunt,
3520 1644 3618 1702 sed
3667 1644 3804 1737 sunt

321 1721 796 1814 busuinvolutus
847 1740 986 1803 erat,
1044 1737 1356 1809 erroribus,
1412 1721 1748 1813 implicavit.
1807 1721 1938 1814 Sed,
1992 1761 2027 1804 ο
2109 1749 2397 1808 synagoga
2429 1736 2657 1796 Satanze
2703 1738 2888 1808 (Apoc.
2915 1738 2990 1807 n).
3033 1759 3055 1785 ι
3109 1734 3177 1791 Et
3228 1733 3375 1791 sicut
3418 1731 3517 1790 ille
3565 1727 3805 1803 peremit

319 1811 766 1889 praedicandam,
812 1834 1060 1895 vereque
1102 1824 1453 1884 laudabilem
1501 1811 1686 1887 divini
1735 1811 2465 1903 examinisBseptuaginta
2496 1828 2738 1896 fratres;
2795 1829 2878 1886 sic
2925 1829 3031 1886 iste
3083 1833 3494 1916 persecuturus
3538 1828 3626 1916 est
3676 1835 3802 1916 om-

317 1903 691 1972 WUitalem!
755 1907 901 1967 Nam
966 1926 1100 1969 cum
1157 1912 1327 1973 Gothi
1375 1917 1496 1989 jam
1546 1918 1618 1976 ab
1671 1918 2024 1980 Hunnorum
2107 1931 2229 1979 nes,
2261 1931 2393 1988 quae
2441 1915 2552 1972 sibi
2597 1930 2713 1972 non
2767 1913 3142 1983 consentient,
3201 1913 3484 1971 nationes.
3536 1907 3806 1982 His,‘iu-

315 1989 651 2059 agminibus
679 2009 753 2051 ex
774 1997 1036 2070 antiquis
1065 2000 1299 2059 sedibus
1327 2003 1574 2061 fuissent
1607 2005 1890 2065 violenter
1914 2009 2022 2081 eje-
2104 2019 2298 2075 quam,
2349 2003 2598 2072 omissiS,
2631 2019 2765 2078 quae
2804 2002 3082 2075 longioris
3135 2000 3268 2076 styli
3313 1999 3584 2057 videntur
3629 2009 3805 2094 Egere

227 2098 230 2101 ·
314 2077 408 2147 cti,
441 2086 498 2136 et
534 2081 677 2139 citra
703 2083 1065 2158 Danubium,
1105 2089 1254 2147 intra
1285 2090 1576 2149 Romanos
1610 2093 1828 2152 scilicet
1854 2077 2020 2164 fines,
2105 2099 2366 2161 tractatu,
2398 2092 2462 2150 in
2484 2077 2770 2164 quantum
2791 2094 3007 2166 patitur
3036 2091 3338 2165 epistolare
3368 2084 3801 2183 compendium.

317 2181 350 2222 a
391 2165 632 2227 Valente
677 2171 803 2230 sine
850 2173 972 2231 ulla
1015 2175 1250 2234 foederis
1293 2180 1556 2252 pactione
1605 2181 1858 2255 benigne
1889 2199 2019 2241 sus-
2105 2181 2185 2240 ita
2220 2182 2502 2239 duntaxat
2527 2188 2727 2254 ereptae
2759 2165 3134 2254 disputationi
3158 2190 3478 2272 congruere
3514 2173 3801 2272 videatur,

313 2257 456 2328 cepti
484 2275 498 2328 ;
553 2258 756 2320 divino
789 2268 976 2322 tamen
1020 2265 1242 2338 judicio
1274 2271 1636 2340 postmodum
1671 2278 1868 2330 contra
1911 2273 2022 2330 Va-
2105 2270 2351 2344 prolixa:
2386 2270 2643 2328 bistorize
2673 2271 2918 2343 figuram
2948 2268 3239 2326 succincte
3262 2262 3730 2340 perstringimus.

311 2344 528 2404 lentem
581 2349 643 2406 in
712 2367 872 2410 arma
934 2363 1313 2427 consurgunt,
1394 2357 1636 2433 ejusque
1698 2363 2020 2420 exercitum
2173 2359 2322 2430 Quid
2371 2377 2507 2433 ergo
2568 2355 2669 2433 per
2718 2360 2983 2428 Joathan,
3043 2358 3147 2432 qui
3196 2358 3606 2429 interpretatur
3664 2366 3800 2408 oon-

309 2437 593 2494 acerrima
620 2440 775 2497 caede
800 2449 1190 2514 prosternunt.
1233 2445 1460 2514 Quibus
1511 2450 1757 2522 cognitis
1810 2451 2020 2520 Valens
2101 2457 2440 2514 summatus,
2483 2450 2605 2507 sive
2637 2449 2939 2522 perfectus,
2993 2447 3104 2505 nisi
3155 2451 3419 2540 sanctum
3466 2449 3532 2540 et
3570 2443 3802 2540 dflellin

308 2541 575 2600 egressus
604 2531 935 2604 Antiochia,
965 2541 1160 2592 contra
1193 2534 1408 2593 Gothos
1446 2537 1791 2597 innumeris‘
1832 2541 2017 2598 valla-
2099 2540 2429 2613 quempiam
2453 2540 2879 2612 praedicatorem
2911 2537 3186 2595 debemus
3220 2535 3476 2606 accipere
3505 2531 3534 2589 ?
3565 2531 3696 2629 ⁸Ηὶε

312 2623 406 2675 tus
447 2618 803 2691 agminibus,
856 2627 1156 2694 properat:
1208 2639 1333 2680 sera
1387 2625 1596 2682 ductus
1653 2625 2014 2700 paenitentia,
2099 2635 2352 2686 montem
2391 2626 2639 2685 Garizim
2688 2627 2943 2685 ascendit
2991 2632 3046 2684 et
3093 2639 3232 2683 voce
3275 2637 3486 2694 magna
3532 2619 3803 2678 clamavit

314 2714 543 2765 sanctos
573 2723 834 2784 quosque
873 2713 1127 2769 revocari
1165 2712 1236 2770 de
1273 2712 1497 2771 exsiliis
1543 2715 1822 2788 imperat;
1877 2732 2016 2775 mox
2100 2718 2274 2786 (Deut.
2309 2717 2523 2784 XXVII).
2563 2715 2731 2774 Prius
2775 2715 3050 2786 ascendit,
3099 2721 3156 2771 et
3184 2711 3548 2785 postmodum
3583 2707 3800 2764 clama-

317 2802 507 2854 tamen
535 2799 842 2858 committit
875 2808 931 2859 et
978 2803 1185 2875 perdit.
1228 2803 1373 2860 Nam
1409 2804 1478 2861 ad
1528 2806 1779 2878 primum
1813 2808 2015 2865 Gotho—
2097 2803 2199 2891 vit.
2242 2804 2390 2891 Ante
2418 2804 2811 2891 consurgit‘in
2841 2810 3117 2891 montem,
3148 2806 3203 2858 et
3232 2799 3526 2891 sic_elevat
3576 2811 3797 2891 vocem.

310 2901 444 2943 rum
476 2887 751 2960 impetum
784 2891 1175 2950 Romanorum
1206 2892 1469 2967 equitum
1499 2894 1650 2951 acies
1671 2896 2013 2966 perturban-
2100 2887 2244 2958 Quia
2274 2889 2385 2946 nisi
2410 2889 2993 2985 ‘doctormvirtutum_
3017 2888 3178 2985 prius
3235 2885 3466 2985 culmen
3519 2883 3798 2985 ascendit.

307 2982 427 3048 tur,
456 2979 814 3054 nudatosque
860 2982 1079 3068 pedites
1106 2983 1400 3042 deserunt.
1431 2983 1541 3052 Qui
1591 2999 1726 3042 mox
1758 2987 2015 3058 equitatu
2098 2978 2350 3036 inaniter
2377 2978 2603 3074 clamat.
2638 2977 2799 3037 Sicut
2829 2994 2930 3074 per
2968 2975 3498 3074 Isaiam_dicitur‘:'
3528 2994 3548 3023 α
3612 2971 3800 3074 Super

305 3066 562 3124 hostium
615 3068 780 3140 septi,
829 3063 900 3126 ac
931 3071 1270 3143 sagittarum
1305 3070 1560 3128 nubibus
1602 3069 1817 3141 obruti,
1870 3073 2015 3131 dum
2097 3074 2354 3126 montem
2392 3068 2690 3132 excelsum
2720 3068 2963 3126 ascende
2991 3074 3076 3138 tu,
3109 3067 3213 3141 (Illi
3241 3063 3598 3161 θνίὶῐξξ-ξθῖίῑαε
3626 3061 3794 3161 δξρηε

310 3154 424 3210 huc
466 3155 718 3228 illucque
763 3157 925 3215 velut
957 3165 1215 3216 amentes
1258 3158 1504 3230 palando
1539 3157 1875 3229 diffugiunt,
1909 3157 2288 3252 ho-Cexalta
2319 3157 2380 3214 in
2421 3157 2758 3252 fortitudine
2806 3172 3004 3252 voc_em
3047 3162 3234 3252 tuam,
3287 3155 3388 3229 qui
3436 3153 3802 3252 evangelizas

311 3241 546 3299 stilibus
590 3243 796 3314 gladiis
843 3244 1105 3302 funditus
1158 3245 1569 3316 perimuntur;
1611 3246 1732 3319 ipse
1779 3241 2415 3338 quoquevJerusalem
2467 3248 2609 3338 (im.-
2661 3248 2774 3338 xL).
2816 3271 2841 3294 ιι
2895 3247 3002 3304 Per
3040 3244 3286 3338 Garizim
3354 3249 3546 3300 autem
3600 3247 3795 3338 sancta

314 3330 624 3403 imperator
664 3334 864 3406 sagitta
905 3335 1217 3403 sauciatus,
1267 3350 1415 3408 equo
1459 3334 1775 3406 delabitur;
1810 3337 1872 3394 in
1924 3339 2010 3394 vi-
2093 3334 2430 3405 designatur
2484 3333 2754 3402 Ecclesia,
2820 3350 2953 3407 quae
3035 3340 3131 3426 est
3177 3332 3463 3426 virtutum
3525 3330 3793 3426 omnium

313 3419 594 3478 lissimam
629 3429 889 3494 tegetem,
923 3423 1108 3480 milite
1145 3431 1418 3494 gestante,
1460 3425 1717 3484 defertur
1749 3445 1762 3496 ;
1813 3428 2012 3501 sicque
2093 3423 2304 3485 schola,
2346 3428 2401 3479 et
2430 3422 3044 3518 cmlestium-seg-etum
3075 3421 3330 3518 ubertate
3385 3419 3652 3518 fecunda.
3684 3417 3794 3518 ilic

311 3509 855 3581 supervenientibus
897 3511 1117 3578 Gothis,
1183 3511 1417 3583 ignibus
1467 3516 1734 3573 atrociter
1780 3530 2010 3573 concre-
2093 3521 2178 3571 est
2209 3513 2366 3570 enim
2394 3527 2582 3582 mons,
2618 3512 2717 3588 qui
2750 3511 2954 3569 dandis
3007 3526 3106 3584 per
3150 3509 3386 3584 Moysen
3440 3509 3791 3567 benedictio-

307 3605 519 3654 matur.
551 3597 714 3655 Justo
745 3599 955 3674 quippe
985 3598 1087 3656 Dei
1108 3599 1327 3671 judicio
1356 3601 1427 3659 ab
1471 3603 1690 3662 eisdem
1741 3620 2009 3662 consum-
2089 3603 2264 3661 nibus
2293 3603 2601 3674 deputatus
2634 3611 2716 3659 est
2750 3626 2762 3660 :
2807 3609 2862 3660 et
2899 3601 3148 3659 Ecclesia
3183 3616 3348 3658 mons
3378 3599 3794 3658 benedictionis

297 3692 436 3758 ptus
487 3695 571 3744 est
624 3688 858 3746 flamma
908 3687 1199 3756 vindictae,
1260 3706 1404 3762 quos
1459 3691 1580 3765 ipse
1653 3697 2008 3766 percusserat
2087 3698 2188 3760 est,
2231 3693 2398 3764 cujus
2429 3690 2566 3748 filiis
2596 3707 2696 3764 per
2727 3689 3342 3786 apostolumdicitur:
3388 3711 3408 3740 ι
3439 3689 3503 3746 1n
3530 3689 3638 3786 hoc
3689 3703 3788 3786 vo-

294 3774 435 3846 igne
514 3777 786 3850 perfidia.
846 3778 960 3846 Sic,
1031 3777 1204 3852 juxta
1279 3778 1594 3852 Scripturae
1638 3783 2001 3854 sententiam,
2086 3780 2196 3838 cati
2225 3780 2381 3848 estis,
2441 3787 2504 3838 ut
2555 3781 3018 3840 benedictionem
3067 3779 3400 3837 haereditate
3451 3777 3790 3851 possideatis

291 3877 560 3934 egressus
595 3872 679 3922 est
719 3865 871 3936 ignis
907 3866 978 3923 de
1024 3867 1380 3936 rhamno,,et
1423 3869 1719 3928 devoravit
1765 3869 1999 3929 cedrum
2087 3873 2139 3937 (Ι
2183 3873 2326 3927 Petr.
2374 3873 2479 3938 III).
2525 3892 2553 3920 η
2614 3871 2777 3928 Hanc
2842 3871 3235 3928 bsereditatem
3288 3885 3321 3925 a
3376 3867 3552 3925 vidua
3607 3874 3790 3924 matre

294 3952 506 4012 Libani
537 3957 738 4022 (ludio.
773 3961 880 4025 Ix).
1779 3991 1803 4004 ρ
2082 3957 2465 4029 suscepimus,
2494 3972 2596 4028 pro
2626 3973 2740 4030 qua
2771 3959 2862 4016 vir
2890 3958 3015 4030 ejus
3045 3957 3190 4015 mori
3248 3955 3518 4027 dignatus
3545 3961 3660 4026 est;
3717 3957 3787 4013 de

370 4040 478 4100 Sed
507 4051 562 4101 et
592 4060 690 4116 per
725 4047 831 4103 hoc
854 4047 1207 4120 exemplum,
1234 4049 1388 4122 quod
1423 4064 1581 4107 nunc
1612 4050 1682 4108 de
1706 4048 1999 4122 Scriptura
2080 4061 2197 4118 qua
2221 4052 2275 4103 et
2312 4061 2413 4118 per
2443 4045 2802 4104 Psalmizlam
2839 4045 3052 4103 dicitur
3086 4061 3097 4094 :
3150 4067 3175 4097 ι.
3210 4044 3459 4102 Viduam
3505 4044 3631 4116 ejus
3681 4042 3784 4100 be-

289 4131 621 4205 posuimus,
651 4133 799 4192 illud
827 4134 1002 4192 etiam
1051 4151 1166 4193 non
1207 4136 1686 4196 inconvenienter
1725 4138 1991 4207 occurrit,
2079 4137 2349 4203 nedicens
2416 4136 2747 4193 benedicam
2813 4140 2982 4205 (Psal.
3039 4140 3278 4203 CXXXI).
3331 4161 3356 4182 »
3411 4135 3480 4192 Et
3531 4149 3785 4208 congrue

286 4221 449 4293 quod
480 4221 696 4280 ibidem
722 4224 784 4280 in
818 4223 966 4283 libro
993 4224 1266 4283 Judicum
1296 4227 1544 4299 positum
1588 4243 1993 4287 memoramus.
2082 4223 2348 4291 Garizim.
2387 4225 2487 4298 qui
2518 4224 2927 4297 interpretatur
2970 4227 3190 4287 divisio,
3230 4223 3318 4280 vel
3369 4225 3600 4288 advena,
3648 4237 3784 4280 san-

287 4307 438 4365 Nam
469 4309 610 4366 dum
643 4311 748 4368 hoc
782 4312 965 4370 ferreo
991 4312 1221 4382 saeculo,
1245 4319 1299 4370 et
1325 4313 1365 4370 ii
1398 4314 1501 4388 qui
1530 4314 1810 4387 regimine
1836 4315 1996 4388 digni
2079 4324 2226 4400 ctam
2260 4317 2466 4388 figurat
2495 4314 2806 4373 Ecclesiam
2840 4333 2852 4382 ;
2890 4314 3166 4389 quoniam
3210 4313 3462 4371 Ecclesia
3494 4314 3778 4386 gentium,

284 4405 452 4469 sunt,
498 4401 724 4493 fugian’t
766 4422 780 4473 ;
817 4411 871 4462 et
914 4404 1020 4473 illi,
1055 4405 1153 4477 qui
1187 4403 1391 4462 merito
1445 4407 1784 4479 reprobandi
1837 4410 1994 4477 sunt,
2077 4421 2211 4478 quae
2235 4404 2398 4499 prius
2424 4402 2644 4499 exstitit
2673 4402 2937 4499 funditus
2959 4418 2992 4459 a
3023 4402 3124 4459 Dei
3160 4401 3278 4499 lege
3306 4401 3512 4470 divisa,
3549 4401 3612 4499 in
3656 4400 3782 4478 pri:

280 4489 674 4547 irreverenter
704 4489 1024 4561 accedant;
1070 4493 1174 4550 hoc
1217 4492 1308 4564 agi
1362 4493 1596 4552 videtur
1637 4510 1739 4567 per
1794 4508 2173 4588 opera-“ma
2214 4492 2511 4551 vocatione
2552 4491 2692 4588 facta
2743 4500 2828 4549 est
2871 4491 3114 4588 advena,
3152 4491 3391 4588 jamque
3434 4505 3535 4588 per
3587 4489 3778 4588 incre-

281 4575 785 4649 tioniseﬂ‘ectum,
817 4580 969 4656 quod
997 4580 1119 4638 illic
1147 4579 1359 4653 legitur
1407 4599 1504 4654 per
1539 4583 1832 4657 allegoriae
1864 4575 2054 4658 my-”
2079 4589 2340 4642 mentum
2373 4581 2777 4674 gratiae-facta
2819 4587 2904 4638 est
2952 4579 3193 4674 omnino
3241 4579 3569 4674 domestica.
3620 4579 3778 4674 unde

279 4667 548 4725 sterium.
582 4668 680 4724 Ait
705 4668 864 4725 enim
909 4669 1096 4738 :Quia
1130 4693 1155 4720 (ι
1191 4671 1345 4728 stetit
1380 4671 1624 4730 Joathan
1675 4673 1736 4729 in
1784 4674 1995 4732 vertice
2072 4672 2192 4746 jam
2235 4670 2477 4725 firmiter
2511 4667 2794 4734 radicatis,
2838 4673 2891 4721 et
2931 4665 3086 4722 velut
3137 4665 3197 4720 in
3250 4665 3394 4722 urbe
3446 4665 3777 4738 compositis

279 4756 501 4812 montis
549 4756 822 4829 Garizim,
888 4758 1223 4834 elevataque
1251 4777 1388 4818 voce
1407 4762 1677 4818 clamavit
1714 4781 1727 4817 :
1782 4763 1994 4820 Audite
2078 4759 2296 4818 Paulus
2320 4759 2400 4815 ait
2434 4781 2446 4814 :
2496 4780 2518 4807 ι
2566 4755 2694 4813 Jam
2715 4770 2841 4854 non
2877 4755 3014 4812 estis
3052 4754 3326 4854 hospites,
3368 4762 3424 4812 et
3473 4756 3715 4854 advean
3759 4774 3772 4854 ξ

276 4859 395 4912 me,
441 4843 858 4917 viri'Sichem,
917 4848 994 4905 ita
1043 4855 1108 4906 ut
1159 4849 1357 4923 audiat
1409 4866 1510 4908 vos
1548 4851 1746 4908 Deus:
1794 4851 1994 4910 Ierunt
2076 4849 2175 4908 sed
2268 4847 2406 4906 estis
2476 4847 2632 4904 cives
2713 4845 3089 4913 Sanctorum,
3164 4850 3220 4902 et
3294 4845 3593 4903 domestici
3669 4846 3774 4904 Dei

275 4933 460 5004 ligna,
515 4940 581 4991 ut
636 4942 922 5010 ungerent
974 4953 1147 5010 super
1199 4955 1259 4997 se
1322 4955 1536 5012 regem,
1597 4939 1989 5013 dixeruntque
2073 4939 2411 5010 (Ephes.ll)-
2445 4959 2472 4983 ’ν

273 5022 453 5080 olivae
484 5041 495 5080 :
526 5023 751 5097 Impera
781 5027 966 5084 nobis.
1001 5027 1144 5098 Quae
1177 5029 1498 5104 respondit:
1533 5030 1828 5105 Numquid
1854 5047 1986 5104 pos-

272 5127 410 5169 sum
435 5111 693 5170 deserere
709 5114 1123 5187 pinguedinem
1145 5112 1358 5189 tneam,
1377 5135 1548 5192 quam
1568 5127 1621 5178 et
1640 5120 1721 5178 dii
1743 5127 1986 5179 utuntur

269 5205 332 5255 et
374 5198 662 5270 homines;
721 5209 776 5258 et
831 5203 1050 5272 venire,
1085 5212 1148 5262 ut
1193 5205 1344 5263 inter
1392 5206 1547 5278 ligna
1595 5206 1982 5280 promovear?

269 5284 680 5359 Dixeruhtque
709 5289 864 5362 ligna
903 5291 973 5346 ad
1005 5292 1268 5350 arborem
1313 5293 1486 5351 ficum
1517 5318 1528 5351 :
1587 5294 1755 5366 Veni,
1789 5303 1843 5352 et
1881 5311 1983 5352 su-

266 5391 379 5449 per
404 5392 508 5433 nos
538 5393 780 5449 regnum
809 5380 1019 5453 accipe.
1054 5380 1197 5450 Quae
1223 5383 1512 5456 respondit
1533 5384 1614 5442 eis
1640 5404 1652 5444 :
1678 5383 1979 5458 Numquid

263 5481 507 5539 possum
582 5468 953 5528 dulcedinem
1025 5486 1212 5530 meam
1279 5473 1580 5542 deserere,
1649 5475 1980 5549 fructusque

263 5553 668 5612 suavissimos.
693 5564 749 5613 et
776 5557 879 5629 ire,
916 5565 979 5616 ut
1015 5558 1163 5615 inter
1191 5567 1396 5618 caetera
1427 5561 1583 5640 ligna
1607 5559 1981 5636 promovear?

263 5643 492 5702 Locuta
536 5652 672 5703 sunt
719 5664 951 5723 quoque
1009 5649 1163 5724 ligna
1224 5657 1279 5709 et
1330 5651 1402 5709 ad
1450 5651 1626 5709 vitem
1666 5670 1680 5711 :
1715 5651 1884 5721 Veni,
1925 5658 1981 5708 et

258 5733 490 5807 impera
522 5735 713 5796 nobis.
736 5735 878 5807 Quae
908 5739 1200 5814 respondit
1230 5763 1241 5797 :
1279 5739 1428 5799 Num
1460 5755 1697 5814 possum
1715 5741 1978 5800 deserere

2145 5026 2253 5085 Sed
2291 5031 2356 5084 ut
2383 5024 2712 5082 omittentes
2749 5022 3022 5097 plurima,
3054 5023 3208 5099 quod
3259 5024 3617 5097 propositum
3662 5030 3768 5095 est,

2067 5113 2442 5174 transiliendo
2487 5112 2746 5172 celeriter
2797 5128 3219 5184 percurramus,
3257 5113 3408 5184 ligna
3439 5113 3603 5171 silvae
3634 5121 3771 5172 sunt

2065 5205 2330 5265 homines
2359 5204 2519 5273 vani,
2565 5211 2620 5261 et
2657 5203 3028 5272 infructuosi,
3067 5219 3133 5262 ac
3181 5203 3433 5260 ﬂammis
3462 5203 3769 5263 ultricibus

2062 5295 2267 5352 merito
2291 5309 2417 5351 suae
2442 5292 2757 5351 sterilitatis
2785 5293 3024 5349 obnoxii
3058 5316 3070 5348 :
3110 5316 3135 5341 «
3171 5291 3372 5349 Omnis
3392 5291 3548 5350 enim
3573 5294 3762 5363 arbor,

2062 5399 2196 5457 quae
2251 5398 2371 5441 non
2429 5383 2564 5440 facit
2620 5382 2870 5440 fructum
2921 5380 3164 5451 bonum,
3217 5381 3536 5452 excidetur,
3594 5391 3649 5442 et
3705 5383 3765 5440 in

2063 5474 2258 5547 ignem
2289 5473 2544 5530 mittetur
2584 5475 2804 5541 (Matth.
2841 5475 2946 5538 III).
2984 5494 3003 5522 ι
3037 5469 3149 5538 Qui
3190 5488 3324 5529 vero
3385 5487 3488 5544 per
3522 5472 3765 5544 olivam,-

2061 5580 2193 5638 quae
2220 5571 2274 5621 et
2306 5563 2543 5638 signum
2572 5563 2727 5636 pacis
2771 5561 3040 5632 ostendit,
3065 5561 3302 5634 oleique
3342 5562 3758 5636 pinguedinem

2061 5651 2271 5720 fundit,
2333 5651 2448 5709 nisi
2507 5649 2595 5708 illi
2638 5650 3038 5721 designantur,
3111 5649 3212 5723 qui
3261 5649 3511 5723 Spiritus
3577 5650 3758 5708 sancti

2058 5737 2409 5814 pinguedine
2449 5736 2694 5796 delibuti
2741 5735 3189 5808 evangelizaudo
3232 5751 3452 5809 pacem,
3506 5734 3758 5794 reconci-
