4080 6194
222 322 319 381 473

956 313 1208 376 OPUSC.
1250 311 1461 373 XXIII.
1503 344 1573 357 —
1612 311 1706 371 DE
1744 312 2175 379 BREVITATE
2214 309 2414 370 VITIE
2454 308 2563 368 PP.
2604 308 2754 380 RR;
2795 306 2958 381 ETC.

3595 299 3699 361 474

218 458 425 520 quare;
474 455 798 515 congruum
844 437 1107 514 judicavi
1159 436 1370 494 exenio
1421 435 1745 494 litterarum
1794 434 1983 507 tibLA
1996 437 2093 515 jus
2148 437 2344 520 stirpe
2375 435 2645 506 dignatus
2681 439 2765 491 est
2809 433 3149 507 propagari;
3210 431 3354 491 alter
3407 432 3699 520 quinqua-

218 547 326 608 quo
357 528 623 588 videlicet
652 528 803 586 dono
826 528 1204 602 potissimum
1238 524 1557 591 delectaris,
1596 540 1915 583 occurrere.

222 620 324 680 Sed
356 627 410 677 et
442 633 599 687 mox,
634 625 699 676 ut
747 617 819 675 ad
847 632 946 674 vos
976 614 1225 689 impiger
1247 613 1356 671 iter
1405 613 1741 686 arriperem,
1796 612 1920 670 dul-

223 709 292 767 cis
326 709 480 764 fama
508 706 771 780 percivit.
802 705 977 764 Jacob
1005 703 1317 778 siquidem,
1351 702 1422 761 de
1478 718 1591 775 quo
1623 700 1919 774 Scriptura

219 799 368 870 dicit,
399 800 539 872 quia
574 821 595 847 ι
627 796 875 870 simplex
908 794 1205 853 habitabat
1231 793 1289 851 in
1348 791 1735 850 tabernaculis
1765 793 1915 865 (Gen.

220 896 386 959 XXV),
423 912 445 939 ι
480 887 692 945 idcirco
727 884 973 944 terrenis
1002 883 1348 957 placandum
1378 897 1499 939 esse
1530 882 1762 939 fratrem
1788 896 1919 939 mu-

220 977 455 1036 neribus
478 975 669 1045 duxit,
697 973 836 1047 quia
881 972 1001 1030 sola
1027 970 1311 1029 duntaxat
1345 986 1475 1028 eum
1506 969 1746 1041 diligere
1803 976 1918 1026 ter-

219 1081 350 1124 rena
376 1064 666 1137 cognovit.
700 1062 820 1134 Ego
880 1074 1137 1135 quoque,
1188 1058 1293 1131 qui
1343 1073 1482 1116 cum
1538 1055 1715 1117 Jacob
1761 1056 1917 1114 domi

220 1155 550 1228 simpliciter
590 1151 867 1220 babitavi,
896 1150 1035 1223 quia
1064 1148 1168 1206 tibi
1210 1149 1341 1222 plus
1377 1147 1920 1222 spiritualia,quam

220 1245 468 1316 carnalia
500 1257 749 1317 quasque
773 1240 998 1315 placere
1027 1256 1144 1297 non
1190 1239 1444 1311 ambigo,
1500 1236 1787 1311 spirituali
1832 1237 1920 1296 fa-

221 1333 359 1392 ciem
423 1340 584 1391 tuam
650 1346 894 1390 munere
949 1328 1173 1401 placare
1225 1328 1525 1387 contendo.
1577 1325 1919 1399 Quanquam

220 1435 344 1478 cum
373 1418 556 1477 David
586 1419 807 1497 fugeret
848 1433 883 1473 a
918 1416 1061 1475 facie
1088 1416 1362 1486 Absalon,
1402 1414 1584 1487 magis
1633 1412 1747 1471 sibi
1796 1427 1922 1485 pro-

218 1509 387 1567 fuerit
439 1507 654 1566 Cbusai
715 1505 1017 1565 Arachites
1081 1506 1183 1580 qui
1240 1506 1302 1568 in
1358 1503 1679 1563 Jerusalem
1724 1501 1912 1586 rediit,

219 1614 385 1674 quam
420 1599 611 1669 Etbai,
643 1598 745 1672 qui
783 1596 1047 1654 videlicet
1085 1612 1119 1654 a
1170 1596 1426 1670 fugiente
1471 1593 1652 1653 David
1700 1592 1916 1652 indivi-

219 1687 363 1746 duus
389 1686 601 1745 assecla
630 1702 748 1744 non
787 1684 1021 1743 recessit
1060 1688 1139 1753 (II
1156 1689 1287 1754 Reg.
1329 1686 1452 1758 XV).
1497 1684 1658 1743 Idem
1686 1696 1918 1758 quoque

2001 527 2160 599 ginta
2199 518 2345 597 sex,‘
2377 525 2521 583 alter
2571 524 2950 598 quadraginta
3000 539 3287 583 annorum
3315 518 3606 582 curricula
3638 525 3699 580 in

2000 616 2178 689 regali
2217 615 2444 687 fastigio
2473 616 2798 673 ﬂoruerunt
2840 634 2852 673 :
2886 621 3011 688 post
3047 618 3214 687 quos,
3243 620 3299 671 et
3336 611 3439 671 alii
3486 611 3697 671 videli-

2000 713 2087 763 cet
2113 705 2416 778 utriusque
2451 704 2616 776 regni
2659 704 2967 776 principes,
3021 703 3128 761 etsi
3174 701 3527 772 minuscule,
3581 716 3699 759 non

2003 803 2191 853 tamen
2221 795 2294 852 ad
2334 794 2517 853 instar
2543 794 2939 852 Romanorum
2964 790 3322 866 pontiﬁcum,
3356 790 3701 849 brevissima

2000 890 2391 956 regnaverunt
2433 891 2757 957 temporum
2809 884 3147 957 quantitate.
3205 883 3294 941 Ad
3332 881 3487 956 quod
3531 880 3701 939 facile

2000 973 2428 1048 respondetur;
2494 974 2632 1049 quia
2679 990 2814 1033 cum
2872 989 3030 1032 unus
3082 974 3243 1031 omni
3299 971 3517 1030 mundo
3554 985 3703 1044 papa

1999 1061 2323 1136 praesideat,
2359 1077 2519 1136 reges
2556 1069 2747 1121 autem
2790 1060 3072 1137 plurimos
3120 1062 3185 1119 in
3231 1059 3368 1120 orbe
3420 1056 3702 1117 terrarum

2002 1166 2106 1209 sua
2160 1152 2441 1228 cujusque
2491 1152 2653 1223 regni
2700 1159 2849 1209 meta
2907 1149 3228 1223 concludat,
3275 1149 3413 1224 quia
3457 1145 3704 1223 quilibet

2002 1238 2311 1314 imperator
2360 1240 2429 1298 ad
2480 1255 2641 1314 papae
2684 1239 2926 1313 vestigia
2987 1238 3221 1307 corruit,
3267 1245 3546 1312 tanquam
3593 1250 3698 1294 rex

2002 1344 2227 1403 regum,
2260 1335 2313 1387 et
2343 1328 2606 1412 princeps
2656 1329 3088 1403 imperatorum,
3147 1331 3384 1386 cunctos
3421 1325 3485 1384 in
3524 1339 3696 1382 carne

2005 1419 2267 1479 viventes
2300 1420 2519 1477 honore
2566 1434 2632 1476 ac
2677 1419 2957 1491 dignitate
2986 1416 3284 1490 praecellit.
3335 1415 3499 1475 Unde
3550 1430 3700 1491 quo-

2004 1509 2145 1567 libet
2198 1524 2331 1581 rege
2376 1508 2666 1576 defuncto,
2726 1505 3228 1569 administratione
3274 1504 3400 1578 ejus
3457 1519 3702 1576 regnum

2004 1600 2426 1669 tantummodo,
2478 1598 2572 1657 cui
2628 1602 2890 1670 praeerat,
2944 1595 3322 1666 destituitur;
3356 1608 3520 1653 .cum
3564 1607 3702 1653 vero

2005 1688 2157 1747 sedis
2209 1688 2536 1762 apostolicae
2582 1686 2848 1761 pontifex
2892 1686 3160 1755 moritur,
3209 1681 3521 1742 universus
3574 1688 3703 1740 tan-

221 1776 397 1835 David
426 1777 614 1848 legem
642 1775 939 1833 constituit
986 1772 1065 1831 in’
1101 1773 1297 1843 ISI‘BEI,
1342 1781 1407 1832 ut
1444 1788 1613 1847 aequa
1666 1772 1737 1830 sit
1789 1787 2181 1856 paI‘SBquam
2210 1778 2508 1837 communi
2557 1783 2717 1850 patre
2741 1775 3000 1834 mundus
3055 1773 3311 1832 orbatur.
3350 1771 3504 1841 Quid
3541 1771 3701 1829 enim

222 1864 611 1923 descendentis
642 1864 713 1922 ad
758 1862 1050 1936 prvelium,
1106 1866 1160 1919 et
1217 1861 1570 1919 remanentis
1615 1862 1688 1918 ad
1744 1861 1920 1920 sarci-

221 1970 318 2013 nas
382 1956 432 2025 (Ι
471 1958 602 2023 Reg.
658 1956 858 2023 xxx):
912 1958 969 2010 et
1009 1951 1301 2025 potentius
1330 1950 1486 2024 juvit
1538 1949 1922 2009 Israeliticum

221 2043 493 2118 populum
542 2043 768 2118 Moyses
805 2042 868 2100 in
901 2040 1278 2114 Bbaphidim,
1310 2041 1451 2098 dum
1498 2040 1659 2099 velut
1707 2041 1922 2100 otiosus

222 2140 417 2204 oraret,
473 2150 649 2207 quam
701 2133 899 2202 Josue,
956 2131 1086 2189 licet
1131 2131 1494 2190 irruentibus
1561 2131 1918 2204 Amalecitis,

224 2226 549 2284 terribiliter
585 2232 842 2282 armatus
884 2230 1224 2281 occurreret.
1261 2222 1426 2292 Quod
1456 2212 1759 2297 perspicue
1785 2240 1919 2298 per-

223 2312 372 2370 hibet
400 2311 716 2386 Scriptura,
745 2325 877 2369 cum
905 2309 1043 2367 dicit
1078 2332 1091 2367 :
1134 2332 1155 2358 α
1198 2308 1343 2379 Quia
1386 2325 1519 2367 cum
1552 2310 1764 2370 levaret
1794 2326 1918 2369 ma-

224 2417 325 2460 nus
352 2396 603 2477 Moyses,
648 2399 918 2461 vincebat
959 2398 1184 2469 Israel;
1235 2399 1326 2458 sin
1378 2407 1575 2459 autem
1612 2399 1919 2474 paululum

223 2491 548 2558 remisisset,
579 2490 884 2564 superabat
908 2488 1208 2548 Amalech.
1242 2511 1264 2539 ι
1299 2487 1409 2547 Sed
1441 2488 1673 2548 nullum
1701 2505 1921 2548 munus

222 2580 487 2654 cuiquam
513 2574 937 2655 congruentius
954 2578 1146 2647 datur,
1179 2593 1355 2656 quam
1402 2578 1487 2652 id,
1535 2578 1691 2653 quod
1729 2568 1813 2637 ab
1853 2591 1920 2635 eo

224 2666 361 2739 ipso,
394 2666 491 2727 cui
528 2666 716 2740 datur,
738 2664 1014 2743 exigitur.
1840 2666 1843 2669 “

778 2841 1023 2905 CAPUT
1049 2841 1368 2903 PRIMUM.

404 2971 511 3027 Cur
529 2928 1234 3044 Romanomrripontz’ﬁcum
1263 2968 1382 3022 vita
1412 2966 1589 3022 brevis
1614 2970 1710 3024 sit.

2003 1870 2198 1928 Africa
2226 1870 2297 1927 de
2324 1868 2559 1941 regibus
2584 1867 2760 1935 Asiae,
2788 1872 2886 1924 aut
2914 1863 3053 1939 quid
3108 1862 3401 1936 Ethiopia
3423 1864 3494 1921 de
3542 1862 3702 1937 prin-

2004 1959 2230 2034 cipibus
2254 1960 2429 2018 sentit
2461 1958 2808 2033 Hesperizn‘?
2854 1956 3022 2025 Nam,
3055 1953 3178 2011 sive
3207 1953 3547 2023 moriantur,
3581 1952 3704 2011 sive

2001 2048 2223 2120 vivant,
2259 2049 2397 2124 quia
2425 2048 2685 2125 procula
2715 2063 2777 2107 se
2826 2045 3031 2105 remoti
3059 2050 3220 2116 Sunt,
3262 2048 3575 2116 utrumque
3604 2042 3702 2101 in—

2002 2138 2336 2198 differenter
2365 2139 2653 2212 ignorant.

2073 2226 2174 2284 Est
2234 2234 2290 2284 et
2336 2226 2515 2296 aliud,
2568 2240 2702 2285 cum
2765 2240 2922 2283 mors
2984 2224 3295 2298 cujuslibet
3354 2222 3507 2297 regis
3583 2236 3702 2281 non

1999 2329 2348 2388 magnopere
2376 2314 2453 2391 sit
2478 2314 2711 2385 terrori;
2736 2313 3020 2389 quoniam
3046 2314 3351 2373 saeculares
3389 2311 3700 2387 principes,

2001 2405 2105 2480 qui
2129 2405 2314 2463 turbis
2341 2404 2713 2479 popularibus
2761 2410 3041 2478 praesunt,
3097 2421 3250 2479 saepe
3284 2403 3493 2478 gladiis
3539 2403 3698 2476 peri-

2002 2500 2264 2553 muntur.
2297 2494 2466 2567 Nam,
2498 2500 2565 2554 ut
2590 2495 2663 2553 de
2691 2494 2896 2554 multis
2924 2510 3138 2568 paucos
3169 2493 3497 2562 adhibeam,
3528 2492 3700 2553 Caius

2002 2582 2301 2656 Claudius,
2352 2584 2522 2655 Nero,
2574 2583 2774 2653 Galba,
2826 2584 2992 2655 Otho,
3021 2584 3314 2655 Vitellius,
3355 2598 3558 2642 omnes
3601 2580 3699 2641 isti

1999 2673 2371 2751 imperatores
2400 2691 2500 2749 per
2527 2674 2866 2734 continuam
2925 2681 3060 2735 sunt
3115 2673 3324 2734 seriem
3378 2689 3533 2734 unus
3576 2679 3705 2750 post

1999 2765 2247 2824 alterum
2275 2765 2607 2839 principati,
2640 2770 2695 2824 et
2722 2771 2961 2838 excepto
2986 2764 3245 2834 Claudio,
3300 2764 3494 2823 cuncti
3541 2770 3696 2835 sunt,

1999 2854 2093 2913 vel
2130 2853 2273 2927 suis,
2310 2853 2403 2913 vel
2438 2854 2751 2914 hostilibus
2799 2854 3010 2928 gladiis
3040 2854 3392 2928 interempti.
3442 2853 3701 2912 Postmo-

1999 2944 2144 3002 dum
2171 2924 2421 3017 quoque,
2454 2943 2604 3003 sicut
2646 2924 2909 3003 Romana
2960 2944 3131 3003 tradit
3178 2924 3440 3015 historia,
3491 2924 3708 3002 Macri:
3782 2946 3783 2949 ‘

2001 3049 2135 3104 nus,
2167 3032 2523 3104 Antoninus,
2566 3032 2915 3103 Alexander,
2987 3033 3300 3106 Maximus,
3353 3033 3699 3103 Gordianus,

293 3108 624 3210 ᾼῘῘίΙᾎΙὶὶΠάο
667 3115 837 3210 wife:
887 3110 935 3167 Si
966 3109 1074 3168 Γίῖθ
1118 3115 1309 3210 ίξὲξιθοτ
1338 3125 1371 3166 ἃ
1410 3125 1503 3167 me
1548 3108 1984 3210 BOIIiCiteul‘e-G
2005 3124 2231 3192 Decius,
2261 3122 2483 3192 Gallus,
2513 3122 2903 3185 Volusianus:
2942 3140 3147 3184 omnes
3179 3124 3240 3183 hi
3285 3124 3540 3183 seriatim
3567 3125 3705 3184 sibi-

224 3199 500 3273 quisistis,
527 3216 662 3274 quae
691 3200 832 3258 mihi
879 3215 1049 3259 causa
1095 3198 1412 3270 videretur,
1454 3214 1561 3257 cur
1602 3198 1955 3274 apostolicae‘

224 3286 370 3346 sedis
434 3289 674 3347 antistes
730 3302 1039 3363 nunquam
1094 3286 1315 3346 diutius
1388 3286 1565 3359 vivat,
1622 3288 1720 3346 sed
1773 3289 1925 3347 intra

226 3376 395 3436 breve
446 3377 732 3452 temporis
782 3376 1028 3451 spatium
1079 3376 1235 3434 diem
1289 3372 1514 3437 claudat
1572 3384 1920 3447 extremum,

226 3464 359 3522 adeo
384 3462 457 3524 ut'
475 3473 601 3540 post
627 3465 691 3523 Β.
722 3465 954 3524 Petrum
1004 3464 1349 3539 apostolum,
1380 3464 1482 3538 qui
1512 3480 1613 3539 per
1664 3464 1926 3539 quinque

226 3553 444 3612 circiter
464 3570 754 3631 annorum
784 3554 966 3614 lustra
1012 3546 1300 3629 praesedit,
1338 3569 1513 3613 nemo
1558 3554 1922 3629 postmodum

226 3642 616 3705 Romanorum
676 3640 1017 3721 pontiﬁcum
1098 3645 1205 3703 hoc
1282 3646 1533 3719 spatium
1582 3647 1925 3720 prensulatus

227 3732 537 3806 aequaverit
569 3751 584 3803 ;
619 3733 913 3792 modernis
947 3733 1064 3792 imo
1105 3734 1459 3808 temporibus
1500 3730 1603 3795 vix
1634 3736 1923 3812 quispiam

225 3819 281 3878 in
299 3821 586 3894 praedictas
610 3822 761 3881 sedis
791 3823 1022 3881 culmen
1082 3824 1350 3883 evehitur
1372 3824 1475 3898 qui
1524 3832 1736 3883 metam
1773 3841 1919 3899 qua-

226 3917 367 3985 tuor,
402 3913 491 3973 vel
525 3921 592 3973 ut
620 3915 892 3984 multum,
921 3914 1185 3989 quinque
1217 3913 1581 3975 transcendat
1607 3930 1916 3974 annorum.

226 4000 389 4093 Quod
435 4004 957 4065 considerantibus
1003 4004 1359 4079 prodigialis,
1430 4011 1495 4066 ut
1549 4006 1630 4065 ita
1694 4006 1919 4081 loquar,

225 4098 415 4166 stupor
445 4094 729 4167 oboritur,
763 4096 1043 4170 quoniam
1078 4096 1207 4155 hinc
1243 4096 1499 4156 breviter
1544 4098 1780 4158 vivendi
1815 4114 1920 4156 ne-

224 4183 470 4253 cessitas,
521 4192 811 4258 quantum
863 4184 937 4244 ad
993 4192 1250 4245 nostram
1302 4185 1585 4255 notitiam,
1642 4186 1705 4244 in
1762 4185 1923 4245 nulla

225 4269 330 4327 alia
354 4272 530 4331 totius
560 4272 717 4332 orbis
748 4272 1002 4331 Ecclesia
1042 4274 1342 4348 reperitur.
1379 4272 1490 4333 Sed
1530 4274 1593 4332 in
1636 4281 1923 4348 quantum

225 4361 559 4422 mortalibus
607 4363 826 4426 divina)
879 4364 1331 4437 dispensationis
1397 4364 1687 4423 revelatur
1759 4380 1924 4423 arca-

2006 3219 2124 3272 met
2188 3226 2288 3286 per
2339 3211 2687 3271 continuum
2755 3211 3017 3273 ordinem
3076 3211 3463 3284 succedentes,
3513 3212 3704 3284 gladio

2008 3301 2349 3370 trucidante,
2381 3298 2651 3372 prostrati
2704 3303 2858 3355 sunt.
2912 3297 3229 3356 Szeculares
3287 3310 3422 3370 ergo
3484 3297 3713 3377 princig

2007 3407 2126 3465 pes,
2157 3390 2296 3466 quia
2323 3389 2570 3447 diversae
2629 3386 2830 3445 mortis
2875 3386 3104 3445 casibus
3159 3390 3562 3460 exponuntur,
3608 3401 3705 3444 cor

2006 3479 2373 3539 audientium
2397 3477 2561 3536 exitu
2590 3492 2703 3535 non
2717 3478 3019 3547 atteritur;
3049 3492 3211 3550 papas
3240 3492 3379 3535 vero
3404 3477 3543 3542 vita,
3567 3475 3708 3553 quia

2005 3569 2127 3630 sola
2155 3568 2441 3629 naturalis
2491 3567 2687 3626 obitus
2714 3567 2839 3641 lege
2884 3565 3271 3638 concluditur,
3318 3567 3447 3641 ejus
3484 3582 3553 3626 ex
3598 3567 3709 3624 hac

2005 3662 2123 3719 vita
2173 3659 2452 3720 transitus
2503 3658 2629 3717 sine
2679 3658 2842 3729 gravi
2918 3650 3232 3718 formidine
3280 3673 3399 3718 non
3451 3657 3703 3717 auditur.

2008 3752 2206 3823 Porro,
2264 3752 2407 3825 quia
2440 3750 2652 3809 terreni
2690 3750 2983 3823 principes
3032 3750 3192 3825 regni
3227 3750 3321 3809 sui
3347 3749 3616 3824 quisque,
3646 3753 3710 3805 ut

2005 3840 2224 3898 dictum
2261 3845 2366 3910 est,
2394 3837 2683 3896 limitibus
2707 3837 3111 3907 includuntur,
3145 3854 3318 3897 causa
3348 3854 3465 3896 non
3492 3842 3578 3895 est
3605 3852 3709 3894 cur

2001 3945 2103 4004 per
2130 3929 2350 3987 alienas
2391 3926 2599 3986 mundi
2631 3926 2957 3999 provincias
3008 3943 3211 3986 eorum
3240 3927 3435 3986 obitus
3486 3919 3705 3984 diffun-

2002 4021 2212 4090 datur;
2254 4035 2396 4093 papa
2421 4034 2579 4090 vero,
2614 4017 2753 4091 quia
2784 4018 2942 4077 solus
2979 4024 3064 4076 est
3111 4019 3379 4079 omnium
3421 4017 3704 4075 Ecclesia-

2002 4126 2135 4171 rum
2177 4108 2527 4168 universalis
2562 4106 2885 4181 episcopus,
2917 4122 3052 4168 cum
3079 4106 3208 4166 luce
3236 4107 3519 4180 privatur,
3549 4121 3708 4166 mors

2003 4199 2129 4273 ejus
2153 4212 2253 4273 per
2272 4196 2463 4271 ampla
2492 4201 2779 4255 terrarum
2807 4211 2985 4268 regna
3037 4195 3405 4255 diffunditur.
3455 4196 3527 4253 Et
3555 4195 3705 4254 sicut

2006 4288 2112 4359 sol,
2167 4286 2306 4362 quia
2356 4285 2517 4344 solus
2568 4285 2739 4357 lucet,
2788 4285 2839 4343 si
2887 4284 3153 4359 eclipsim
3207 4285 3351 4344 forte
3401 4284 3704 4356 sustineat,

2003 4387 2233 4453 praesto,
2273 4379 2499 4436 necesse
2548 4384 2633 4435 est
2658 4383 2723 4435 ut
2773 4376 3036 4436 tenebras
3089 4383 3237 4435 totus
3269 4376 3492 4451 ubique
3542 4391 3707 4434 mun-

226 4451 646 4567 nu‘m,avidetur
677 4453 859 4567 DODIE,
882 4453 1020 4529 quia
1051 4453 1401 4553 IdCil‘COdIOC
1676 4453 1985 4567 C(EIBSIISD
2006 4444 2116 4526 Ejus
2146 4444 2449 4536 iugum-at;
2492 4465 2576 4524 sic
2627 4482 2773 4540 papa
2829 4481 2961 4525 cum
3017 4482 3093 4524 ex
3146 4466 3255 4525 hac
3473 4464 3704 4533 recedit,

226 4536 356 4596 ordo
385 4538 659 4613 disponit,
701 4550 763 4601 ut
802 4542 1060 4601 humano
1088 4542 1286 4615 generi
1331 4551 1550 4602 metum
1602 4545 1804 4604 mortis
1829 4545 1920 4603 in-

227 4624 450 4697 cutiat;
500 4633 557 4684 et
594 4644 771 4704 quam
824 4630 1192 4705 despicienda
1260 4630 1335 4688 sit
1400 4631 1731 4704 temporalis
1786 4632 1922 4690 vitae

226 4709 420 4782 gloria,
450 4716 511 4773 in
540 4716 664 4792 ipso
702 4719 902 4791 gloriae
942 4719 1270 4794 principatu
1319 4720 1615 4780 eVidenter
1641 4710 1921 4795 ostendat,

226 4808 504 4871 quatenus
556 4803 701 4862 dum
761 4806 1090 4880 praecipuus
1145 4807 1454 4892 hominum
1512 4816 1629 4867 tam
1689 4809 1925 4882 angusti

226 4892 493 4963 temporis
524 4896 897 4969 ‘compendio
940 4897 1207 4967 moritur,
1261 4898 1628 4975 tremefactus
1674 4902 1922 4975 quisque

226 4977 291 5034 ad
329 4964 705 5052 praestolandi
749 4984 842 5043 sui
880 4986 1074 5045 obitus
1102 4964 1423 5046 custodiam
1475 4964 1843 5061 provocetur,
1866 4995 1922 5047 et

225 5067 387 5127 arbor
426 5071 672 5130 humani
709 5075 956 5151 generis,
995 5077 1139 5136 dum
1187 5093 1462 5137 cacumen
1527 5093 1592 5136 ac
1646 5081 1921 5138 verticem

224 5171 389 5216 suum
432 5167 546 5219 tam
592 5158 756 5221 facile
806 5166 1101 5225 corruisse
1170 5167 1512 5238 considerat,
1580 5173 1731 5227 statu
1781 5185 1920 5228 con-

225 5261 381 5344 cussa
410 5251 762 5327 formidinis,
794 5254 853 5312 in
883 5257 1008 5316 suis
1039 5257 1300 5334 undique
1332 5258 1677 5333 ramusculis
1701 5267 1920 5320 contre-

227 5343 437 5397 miscat.
482 5372 489 5385 ο
1538 5352 1545 5361 ·

295 5423 438 5481 4³75
492 5427 606 5488 Sed
646 5430 937 5506 quispiam
978 5436 1231 5495 fortassis
1275 5436 1528 5509 objiciat,
1569 5454 1676 5498 cur
1713 5447 1768 5496 et
1826 5456 1917 5499 re-

220 5512 385 5584 gibus
429 5516 555 5576 baec
603 5519 803 5579 eadem
853 5521 1090 5581 vivendi
1139 5522 1389 5581 brevitas
1443 5539 1559 5584 non
1614 5525 1923 5585 occurrat?

223 5599 365 5661 Nam
392 5612 447 5663 et
472 5604 821 5670 Octavianus
874 5614 1198 5687 Augustus,
1247 5628 1365 5687 quo
1410 5612 1752 5689 imperante,
1792 5614 1921 5675 Sal-

224 5697 377 5751 vator
398 5697 605 5783 mundi
643 5699 715 5760 de
757 5699 998 5779 Virgine
1024 5702 1206 5777 nasci,
1239 5710 1293 5763 et
1336 5702 1521 5765 David
1569 5721 1677 5769 rex
1705 5708 1776 5769 de
1814 5722 1922 5768 cu-

2005 4556 2179 4628 illico,
2211 4555 2351 4630 quia
2377 4571 2533 4615 unus
2560 4554 2622 4613 in
2654 4554 2872 4614 mundo
2898 4560 3001 4624 est,
3029 4553 3350 4630 longinqua
3392 4568 3705 4627 regnorum

2005 4644 2189 4720 spatia
2238 4646 2449 4704 mortis.
2494 4643 2623 4715 ejus
2674 4644 2829 4701 fama
2880 4643 3206 4717 percurrit;
3245 4647 3301 4701 et
3351 4656 3711 4716 consequens

2005 4740 2111 4803 est,
2142 4739 2207 4791 ut
2252 4747 2397 4806 quos
2460 4736 2578 4790 tam
2633 4731 2922 4801 sublimis,
2975 4729 3405 4803 singularisque
3448 4743 3708 4803 persona:

2005 4835 2174 4880 casus
2207 4820 2495 4889 obturbat,
2526 4819 2774 4892 proprias
2832 4833 3063 4898 quoque
3116 4817 3434 4878 vocationis
3480 4812 3720 4875 exitum

2004 4907 2349 4968 tremefactis
2393 4906 2715 4965 visceribus
2764 4913 3174 4981 expavescant.
3210 4905 3320 4966 Ubi
3362 4905 3704 4981 notandum,

2003 5015 2181 5075 quam
2207 4997 2349 5057 velit
2375 4997 2742 5070 omnipotens
2766 4997 2922 5058 Deus
2948 4997 3196 5059 Romani
3211 4997 3501 5074 pontiﬁcis
3526 4998 3705 5056 vitam

2003 5087 2340 5149 hominibus
2401 5088 2464 5145 in
2529 5086 2911 5148 aadiﬁcatione
2961 5090 3253 5164 prodesse,
3300 5089 3466 5163 cujus
3531 5086 3704 5146 etiam

2004 5186 2248 5240 mortem
2281 5177 2536 5236 decrevit
2569 5178 2740 5238 saluti
2775 5180 3038 5256 gentium
3095 5180 3449 5242 ministrare.
3480 5178 3708 5249 Quanto

2001 5269 2194 5330 studio
2225 5268 2391 5326 debet
2418 5266 2599 5327 lucris
2646 5268 3001 5338 animarum,
3055 5270 3200 5329 dum
3255 5267 3497 5340 advivit,
3559 5266 3708 5327 insi-

2002 5366 2171 5431 stere,
2224 5357 2392 5431 cujus
2446 5358 2621 5417 etiam
2670 5374 2826 5419 mors
2875 5359 3214 5431 providetur
3260 5358 3334 5416 ad
3382 5355 3704 5419 Creatorem

2005 5464 2178 5509 suum
2209 5445 2436 5506 animas
2473 5446 2782 5506 hominum
2811 5462 3096 5515 revocare,
3131 5453 3199 5506 ut
3223 5447 3368 5507 dum
3394 5463 3455 5506 se
3484 5453 3702 5522 patrem

2004 5530 2162 5588 orbis
2197 5548 2322 5592 esse
2346 5532 2494 5591 476
2528 5536 2871 5607 considerat,
2927 5537 3001 5597 ab
3031 5538 3380 5600 inculcanda
3429 5544 3512 5603 tot
3568 5539 3707 5607 ﬁliis

2005 5620 2337 5683 haereditate
2366 5624 2586 5684 desidia
2624 5641 2741 5687 non
2772 5632 3068 5701 torpesoat.
