4080 6194
308 328 416 388 l175

973 493 1216 553 CAPUT
1243 493 1320 554 ΙΙ.

486 605 865 664 Ρνωάἰοαηιαν
889 605 1091 662 divina
1125 605 1385 660 bonitatis
1407 609 1458 660 et
1485 603 1838 674 beneﬁcentia

1036 711 1279 750 munera.

384 812 493 869 Hic
554 812 694 869 libet
749 811 930 869 aciem
991 811 1202 868 mentis
1260 808 1552 882 paulisper
1625 808 1901 876 attollere,
1958 812 2014 863 et

314 909 529 974 quanta
568 900 852 959 divinitus
884 901 1109 959 homini
1136 898 1318 972 gratia
1357 903 1730 971 prmrogetur,
1769 895 2019 954 breviter

313 990 622 1062 indagare;
655 991 750 1048 cui
785 991 1064 1048 nimirum
1106 1005 1203 1062 per
1227 987 1414 1045 divini
1469 989 1726 1046 muneris
1777 987 2013 1045 institu-

315 1077 525 1134 tionem
577 1077 862 1136 elementa
908 1084 1112 1136 cuncta
1171 1075 1523 1146 deserviunt,
1575 1082 1629 1132 et
1678 1090 1794 1132 non
1847 1074 2017 1131 modo

311 1163 525 1221 C(elum
551 1171 606 1221 et
639 1171 802 1232 terra,
837 1179 934 1221 aer
961 1171 1015 1220 et
1068 1178 1239 1237 aqua,
1282 1162 1380 1218 sed
1411 1168 1466 1219 et
1521 1178 1770 1236 quaeque
1821 1163 1885 1219 in
1932 1161 2017 1219 eis

309 1259 466 1322 sunt,
500 1252 561 1309 in
603 1253 878 1309 humanae
918 1250 1183 1309 utilitatis
1226 1250 1723 1308 administratione
1772 1265 2014 1308 concur-

312 1348 467 1398 runt.
491 1341 695 1400 Primo
727 1341 963 1415 quidem
1019 1341 1129 1398 sibi
1190 1341 1541 1398 famulantur
1603 1347 1848 1411 quatuor
1897 1339 2015 1396 ele-

314 1438 526 1501 menta,
559 1447 691 1504 quin
721 1433 1002 1501 diximus,
1039 1431 1175 1506 quia
1219 1447 1294 1488 ex
1350 1431 1434 1487 eis
1493 1436 1753 1500 constat;
1808 1428 2017 1486 deinde

313 1521 451 1592 quia
480 1520 762 1594 quiquid
795 1521 1026 1587 habent,
1064 1519 1150 1576 illi
1179 1520 1543 1577 extrinsecus
1583 1518 2014 1577 administrant.

315 1607 382 1664 In
412 1609 658 1666 humore
697 1607 910 1682 quippe
966 1615 1131 1665 terrae
1175 1607 1342 1664 radix
1394 1607 1704 1664 herbarum
1748 1614 1803 1663 et
1848 1607 2016 1663 arbo-

314 1713 448 1754 rum
473 1693 757 1768 coalescit,
791 1713 934 1770 quas
992 1697 1358 1770 postmodum
1395 1696 1457 1754 in
1508 1711 1651 1753 usus
1710 1695 2018 1753 hominum

765 324 824 385 S.
867 323 1088 386 PETRI
1128 323 1450 384 DAMIANI
1490 322 1647 381 OPP.
1689 321 1940 383 TOMUS
1984 319 2124 382 SEU
2165 315 2357 377 PARS
2397 315 2496 373 III.
2543 345 2606 354 —
2648 308 3036 370 OPUSCULA
3077 304 3337 364 VARIA.

2019 442 2176 512 Aiit,
2209 440 2400 515 magni
2445 437 2714 496 draconis
2751 448 2972 501 carnes,
3010 433 3175 509 fame.
3206 431 3398 489 fauces
3429 429 3794 497 obdulcante,

3689 301 3796 360 476

2095 530 2360 598 comedit,
2389 532 2453 586 ut
2511 527 2686 585 etiam
2733 524 2904 596 juxta
2956 520 3208 578 litteram
3265 517 3415 576 illud
3473 517 3797 574 Psalmistaa

2095 623 2360 681 videatur
2411 617 2686 692 impleri:
2732 639 2753 665 ι
2782 613 2870 672 Tu
2928 610 3262 682 confregisti
3313 612 3484 682 caput
3534 605 3798 665 draconis

2095 710 2309 783 magni,
2339 716 2395 766 et
2425 707 2632 765 dedisti
2684 720 2817 764 eum
2867 703 2928 761 in
2983 716 3171 760 escam
3222 699 3430 774 populo
3460 697 3798 772 [Ethiopum

2102 804 2264 875 (Psal.
2295 801 2522 870 LXXIII).
2562 823 2582 849 ι

2745 917 2988 977 CAPUT
3029 916 3132 974 III.

2412 1042 2730 1111 Temporum
2761 1037 3054 1090 varietates
3082 1033 3484 1088 describuntur.

2172 1156 2282 1217 Sed
2303 1143 2441 1216 'cum
2471 1156 2625 1213 Deus
2653 1152 3020 1224 omnipotens
3043 1147 3267 1207 homini
3296 1152 3499 1205 cuncta
3522 1144 3797 1203 subdide-

2101 1246 2195 1318 rlt,
2247 1247 2355 1303 hoc
2402 1245 2584 1302 etiam
2623 1257 2739 1299 non
2785 1239 2980 1297 minus
3021 1237 3285 1294 mirabile
3326 1240 3430 1305 est,
3477 1233 3628 1305 quod
3675 1233 3801 1306 ipsa

2097 1350 2328 1411 quoque
2355 1333 2466 1391 sibi
2495 1339 2750 1403 tempora
2779 1334 2896 1386 tam
2941 1326 3182 1402 pulchra
3211 1323 3562 1398 qualitatum
3609 1322 3799 1380 varie-

2099 1431 2211 1484 tate
2245 1424 2590 1496 distinguit:
2625 1419 2912 1489 videlicet,
2971 1424 3036 1475 ut
3087 1415 3251 1490 prius
3306 1413 3590 1472 brumalis
3639 1411 3803 1483 algor

2101 1515 2323 1572 semina
2351 1510 2746 1572 commendata
2787 1501 3386 1565 novalibus‘occultat
3417 1519 3432 1570 ;
3464 1499 3670 1558 deinde
3697 1514 3803 1555 ve-

2102 1601 2181 1660 ris
2207 1601 2516 1659 clementia
2571 1594 2920 1668 multiplices
2975 1592 3306 1665 germinum
3338 1589 3487 1647 fetus
3515 1586 3806 1645 mundum

2100 1689 2384 1764 parturire
2430 1685 2773 1760 compellat;
2829 1698 2966 1740 mox
3016 1681 3288 1738 aestivum
3334 1693 3539 1750 cauma
3587 1682 3806 1748 segetes

317 1787 390 1842 ad
443 1763 1069 1846 naturalis'mensuraa
1114 1785 1518 1844 celsitudinem
1581 1785 1839 1857 porrigit.
1893 1783 2334 1864 IpsaBtorreat;
2377 1784 2661 1849 postremo
2692 1770 2966 1846 pluvialis
3022 1774 3346 1862 autumnus
3383 1773 3438 1822 et
3464 1763 3807 1864 palmitibus

317 1891 546 1948 quoque
573 1876 812 1949 agrestis
852 1877 1027 1934 herba
1057 1877 1114 1934 in
1144 1891 1313 1954 carne
1351 1874 1698 1932 animalium
1732 1873 2015 1942 vertitur;

314 1965 663 2022 animalium
711 1981 848 2023 vero
885 1965 1158 2023 carnibus
1218 1965 1528 2022 hominum
1585 1965 1801 2022 viscera
1848 1978 2019 2034 vege-

315 2060 531 2114 tantur.
564 2055 860 2136 Animalia
889 2072 1120 2130 quoque
1145 2057 1272 2128 ipsa
1300 2055 1438 2113 dum
1497 2055 1724 2124 vivunt,
1772 2051 2021 2110 diversis

311 2144 591 2201 humanae
617 2145 915 2202 servitutis
953 2145 1302 2217 deputantur
1341 2142 1634 2215 obsequiis
1665 2162 1677 2200 :
1715 2142 2017 2213 nimirum,

313 2237 377 2289 ut
414 2230 528 2288 alia
556 2247 678 2289 sese
728 2232 1122 2290 insidentibus
1165 2230 1506 2304 vehiculum
1537 2230 1828 2302 praebeant
1861 2249 1874 2298 ;
1911 2227 2027 2285 alia

316 2321 814 2393 commendandis,
856 2321 1329 2396 proferendisque
1371 2319 1694 2377 seminibus
1725 2333 1864 2375 arva
1891 2331 2024 2390 pro-

316 2408 584 2466 scindant
615 2429 627 2478 ;
663 2410 776 2467 alia
807 2411 972 2468 nobis
1003 2427 1119 2469 non
1149 2410 1318 2468 modo
1377 2409 1542 2467 lactis
1590 2408 1884 2480 proﬂuant
1926 2423 2022 2465 co-

317 2499 494 2571 piam,
550 2500 649 2557 sed
701 2507 756 2558 et
807 2500 968 2558 velut
1021 2499 1370 2572 evangelicae
1418 2499 1670 2570 subjecta
1722 2496 2020 2565 doctrinae,

311 2588 456 2646 duas
495 2589 719 2647 tunicas
771 2588 1033 2647 dividant
1090 2591 1242 2654 (Luc.
1276 2592 1382 2659 Ill),
1443 2586 1584 2646 dum
1639 2601 1700 2643 se
1748 2584 2018 2658 pellibus,

315 2692 423 2734 nos
459 2677 776 2736 velleribus
805 2682 1028 2749 tegunt.
1064 2677 1172 2735 Sed
1221 2677 1358 2749 quia
1389 2690 1493 2733 nos
1523 2675 1584 2732 in
1611 2675 1860 2748 singulis
1910 2673 2021 2729 im-

320 2763 532 2821 morari
559 2777 676 2819 non
725 2762 866 2818 sinit
901 2763 1206 2833 epistolare
1257 2762 1690 2833 compendium,
1740 2776 1872 2833 quae
1921 2760 2024 2815 vix

319 2861 510 2927 posset
535 2851 709 2908 etiam
766 2851 1067 2922 prolixitas
1117 2866 1459 2909 enumerare
1509 2849 1813 2918 librorum,
1861 2847 2024 2905 sutIi-

319 2939 431 2995 ciat
471 2938 637 2995 nobis
665 2937 859 2995 brevis
887 2937 991 2995 illa
1021 2937 1339 2996 Psalmistte
1387 2936 1700 3004 conclusio,
1734 2951 1850 3007 qua
1878 2934 2023 2991 dici-

324 3036 418 3084 tur
459 3050 470 3083 :
510 3050 533 3076 «
563 3024 768 3084 Omnia
794 3026 1086 3100 subjecisli
1141 3026 1249 3084 sub
1279 3025 1522 3099 pedibus
1569 3023 1715 3096 ejus,
1775 3039 1932 3093 oves,
1971 3028 2026 3079 et

323 3115 496 3170 boves
535 3112 854 3182 universas,
900 3113 1138 3186 insuper
1183 3120 1238 3169 et
1292 3127 1504 3185 pecora
1564 3109 1752 3183 campi
1790 3128 1804 3180 ;
1854 3107 2022 3167 volu-

316 3221 438 3262 cres
467 3203 618 3275 cceli,
649 3209 704 3261 et
731 3204 914 3278 pisces
946 3203 1141 3272 maris,
1175 3201 1278 3277 qui
1336 3201 1736 3276 perambulant
1787 3198 2022 3257 semitas

318 3302 494 3360 maris
533 3304 696 3374 (Psal.
746 3307 894 3371 VIII).
936 3324 957 3352 ι

394 3393 461 3451 Et
487 3393 596 3450 hoc
620 3400 705 3450 est
731 3393 882 3449 inter
935 3396 1139 3448 caatera
1187 3388 1352 3448 valde
1402 3385 1686 3460 mirabile,
1744 3386 2025 3460 quoniam

315 3482 386 3539 ab
418 3482 690 3540 humanm
719 3480 1094 3554 subjectionis
1125 3478 1389 3551 imperio,
1432 3493 1538 3535 nec
1594 3478 1817 3534 volatus
1867 3490 2022 3546 aves,

316 3590 422 3632 nec
467 3573 740 3632 fortitudo
792 3571 1007 3657 leopes,
1085 3585 1189 3627 nec
1251 3569 1521 3627 velocitas
1570 3567 1828 3639 tigrides,
1919 3580 2025 3622 nec

321 3661 674 3735 proceritatis
697 3655 1011 3718 enormitas
1042 3658 1210 3731 eripit
1235 3657 1584 3729 elephantes.
1637 3655 1820 3714 Leoni
1857 3655 2029 3727 plane

322 3759 513 3812 tantus
543 3754 692 3810 inest
720 3758 920 3819 terror,
974 3757 1038 3808 ut
1082 3765 1218 3806 cum
1273 3749 1498 3820 rugitus
1553 3748 1784 3816 emittit,
1849 3747 2031 3804 multa

322 3841 587 3915 protinus
611 3838 905 3908 animalia,
929 3853 1059 3912 quae
1081 3836 1241 3895 illius
1285 3836 1571 3909 impetum
1594 3843 1854 3909 poterant
1881 3835 2032 3892 cele-

323 3931 489 3988 ritate
541 3941 746 3986 cursus
800 3927 1063 3996 evadere,
1135 3925 1554 3998 compellantur
1605 3924 1845 3982 omnino
1899 3922 2035 3981 deﬁ-

323 4036 472 4091 cere,
522 4027 576 4077 et
629 4034 862 4092 gressus
910 4033 1045 4076 suos
1099 4016 1415 4090 stupefacta
1468 4023 1522 4073 et
1574 4016 1814 4073 attonita
1869 4014 2031 4072 cohi-

327 4111 476 4168 bere.
513 4110 628 4167 Leo
683 4116 872 4167 tamen
929 4107 1002 4164 ab
1053 4107 1289 4165 homine
1341 4106 1586 4178 capitur,
1652 4113 1707 4162 et
1757 4112 2031 4178 tanquam

331 4197 537 4255 debilis
565 4204 747 4254 cattus
779 4195 969 4253 caveis
997 4194 1290 4252 inseritur.
1347 4192 1538 4264 Tigris
1587 4207 1839 4264 quoque,
1900 4207 2034 4263 qua:

330 4287 531 4356 lingua
590 4283 851 4340 Parthica
894 4281 1380 4350 dicitur‘sagitta,
1434 4294 1549 4336 uno
1620 4295 1798 4336 cursu
1853 4279 2034 4336 stadia

335 4373 660 4441 octingenta
721 4372 1126 4438 transmittere,
1201 4369 1426 4441 integro
1480 4383 1616 4425 vero
1691 4368 1784 4424 die
1849 4373 2031 4425 totum

335 4462 620 4520 mundum
650 4461 723 4518 ab
753 4468 880 4518 ortu
910 4474 1096 4533 usque
1125 4459 1196 4515 ad
1253 4473 1520 4515 occasum
1577 4457 1789 4514 dicitur
1847 4466 2033 4515 trans-

331 4553 462 4610 ilire
490 4555 633 4623 (vide
658 4555 877 4611 Scholia
905 4553 978 4606 ad
1025 4553 1224 4606 calcem
1272 4551 1539 4621 opusculi)
1572 4569 1588 4616 ;
1646 4548 1771 4606 haec
1821 4558 2032 4619 tamen,

332 4661 468 4718 quze
497 4651 612 4702 tam
649 4642 1070 4701 incredibiliter
1092 4640 1296 4712 currit,
1353 4638 1664 4713 aliquando
1693 4639 2034 4697 venantium

341 4737 574 4809 laqueos
638 4750 756 4792 non
808 4733 1018 4791 evadit.
1096 4732 1206 4791 Sed
1263 4747 1394 4790 cum
1452 4729 1716 4788 miranda
1760 4729 2034 4803 quaélibet

334 4825 609 4884 animalia
659 4825 944 4882 virtutum
1002 4823 1312 4890 hominum
1366 4821 1480 4878 sint
1535 4819 1810 4893 subjecta,
1862 4819 2034 4876 etiam

333 4915 598 4983 minima,
654 4914 746 4969 vel
804 4913 1107 4971 immunda
1164 4912 1438 4969 humanm
1495 4909 1666 4968 saluti
1720 4909 2038 4982 probantur

336 5003 520 5060 utilia.
553 5002 703 5070 Quid
731 5003 889 5060 enim
916 5002 1095 5059 vilius
1117 5000 1319 5058 cimice
1345 5000 1371 5056 ‘l
1401 5007 1591 5056 tamen
1609 4998 1657 5055 si
1683 4996 2038 5068 sanguisuga

336 5092 601 5149 faucibus
630 5091 882 5161 haeserit,
931 5091 1096 5148 fumo
1145 5087 1303 5144 illius
1348 5093 1606 5156 excepto,
1655 5084 1846 5141 statim
1898 5099 2036 5140 evo-

337 5180 536 5250 mitur,
567 5187 622 5238 et
647 5178 954 5237 difﬁcultas
988 5176 1176 5234 urinae
1203 5175 1380 5247 hujus
1412 5171 1765 5245 appositione
1788 5172 2036 5228 laxatur.

335 5269 486 5337 Quid
514 5272 714 5340 etiam,
739 5273 910 5340 juxta
945 5267 1149 5338 legem,
1184 5262 1554 5326 immundius
1608 5257 1892 5319 vulture?
1935 5260 2044 5317 Tot

340 5367 530 5416 tamen
586 5358 648 5415 in
719 5373 786 5415 eo
842 5362 979 5415 sunt
1061 5353 1496 5420 medicamenta,
1563 5358 1700 5423 quot
1783 5349 2043 5406 membra

343 5448 552 5514 (I’LIN..
595 5446 693 5503 lib.
724 5458 902 5514 XXIX,
951 5459 1072 5516 cap.
1106 5443 1162 5512 4,
1189 5445 1262 5510 6}.
1324 5441 1465 5498 Vide
1518 5447 1668 5496 certe
1718 5439 2044 5511 grandaevae

333 5537 452 5608 jam
486 5534 670 5591 aetatis
699 5537 1052 5605 episcopum,
1102 5531 1203 5603 qui
1233 5528 1404 5585 etiam
1460 5527 1530 5584 ad
1591 5525 1763 5582 fidem
1828 5524 2042 5582 Christi

336 5625 686 5683 convertisse
718 5638 830 5680 non
860 5638 1041 5696 pauca
1087 5619 1392 5693 gentilium
1453 5617 1635 5675 millia
1692 5614 1993 5673 dicebatur
2025 5633 2038 5670 :

340 5715 449 5774 Ilic
469 5711 781 5788 perbibeat,
814 5709 952 5784 quia
980 5709 1122 5768 dum
1153 5723 1253 5782 per
1294 5705 1649 5782 [Ethiopiam
1675 5701 1821 5762 4'77
1849 5709 2037 5762 trans-

2101 1880 2264 1934 uvas,
2293 1871 2349 1920 et
2378 1861 2682 1920 arboribus
2712 1872 2949 1934 quoque
2997 1853 3282 1929 turgentia
3323 1866 3493 1925 poma
3521 1850 3801 1922 decerpat.

2103 1951 2211 2010 Sed
2247 1967 2354 2010 nec
2395 1952 2548 2024 ipsos
2573 1964 2804 2023 quoque
2836 1951 3150 2020 proventus
3179 1941 3456 2000 arborum
3498 1939 3590 1997 vel
3635 1954 3803 2010 agro-

2102 2058 2235 2100 rum
2280 2043 2644 2115 omnipotens
2693 2037 2964 2096 Conditor
3006 2035 3067 2092 in
3147 2048 3326 2091 unam
3379 2026 3805 2104 quodammodo

2101 2132 2429 2202 congeriem
2490 2136 2800 2199 coacervat,
2873 2127 2970 2184 sed
3031 2125 3259 2182 diversa
3330 2120 3575 2179 diversis
3659 2124 3803 2174 tem-

2108 2221 2342 2296 poribus
2373 2221 2462 2279 vel
2495 2220 2738 2292 agenda,
2797 2215 2888 2276 vel
2934 2213 3153 2273 edenda
3201 2212 3513 2284 diSpensat.
3570 2207 3716 2264 Nam
3754 2204 3805 2263 si

2107 2311 2306 2369 eodem
2340 2318 2592 2382 tempore
2630 2315 2836 2366 cuncta
2872 2305 2944 2363 ad
2974 2301 3322 2361 vescendum
3369 2312 3538 2373 poma
3563 2311 3805 2354 concur-

2105 2404 2318 2467 rerent,
2345 2405 2400 2455 et
2434 2396 2727 2456 fastidium
2757 2399 3029 2463 congesta
3062 2388 3430 2446 vescentibus
3483 2385 3804 2457 gignerent,

2103 2494 2158 2545 et
2186 2487 2362 2545 simul
2388 2491 2726 2558 consumpta
2751 2483 2822 2540 de
2851 2479 3284 2554 copiainopiam
3309 2479 3670 2549 generarent.
3693 2470 3806 2529 Sed

2105 2593 2263 2635 nunc
2286 2576 2365 2634 ita
2388 2575 2634 2634 diversis
2648 2579 2786 2632 sunt
2813 2571 3032 2630 variata
3059 2566 3434 2640 temporibus,
3461 2570 3526 2621 ut
3549 2562 3686 2621 dum
3707 2562 3806 2618 illa

2107 2666 2511 2733 comeduntur,
2528 2663 2650 2720 haec
2673 2663 3078 2726 maturescant,
3095 2661 3149 2712 et
3167 2654 3308 2711 dum
3337 2652 3452 2710 alia
3470 2655 3808 2722 consumpta

2107 2760 2529 2828 pertranseunt,
2561 2751 2672 2809 alia
2714 2765 2854 2808 mox
2900 2751 3184 2804 maturata
3223 2741 3547 2800 succedant.
3588 2739 3808 2810 Fruges

2105 2825 2339 2916 quoque
2367 2839 2415 2897 si
2435 2837 2775 2911 colligendae
2795 2833 2971 2893 simul
2987 2833 3346 2902 ingruerant,
3377 2825 3670 2916 laboribus
3691 2839 3804 2881 non

2109 2915 2358 2987 ferendis
2394 2927 2672 3002 agricolas
2699 2928 3156 3000 praegravarent;
3189 2919 3288 2977 sed
3307 2918 3448 2976 dum
3475 2915 3647 2974 variis
3674 2919 3809 2970 tem-

2107 3036 2314 3094 porum
2343 3016 2749 3092 dispensantur
2776 3011 3054 3082 articulis,
3088 3016 3143 3067 et
3167 3011 3478 3082 proventus
3493 3003 3653 3078 copia
3690 3017 3809 3059 non

2112 3092 2416 3176 minuitur,
2434 3106 2659 3164 etlabor
2675 3102 2981 3161 hominum
2996 3097 3302 3170 levigatur.
3319 3093 3464 3151 Nam
3482 3092 3634 3166 quod
3657 3106 3812 3164 sege-

2097 3194 2236 3257 'tum
2249 3199 2365 3256 alia
2388 3198 2505 3256 sint
2525 3194 2795 3262 serotina,
2809 3192 2980 3250 etiam
2992 3188 3216 3262 Moyses
3229 3184 3487 3259 perhibet
3503 3179 3790 3240 Pharaoni
3808 3223 3812 3230 .

2107 3286 2416 3361 Postquam
2437 3285 2595 3343 enim
2620 3283 2838 3355 grando
2862 3273 3502 3354 percussitzEgyptum:
3530 3293 3554 3361 ξι
3573 3268 3814 3336 Linum,

2106 3359 2320 3454 inquit,
2348 3385 2403 3436 et
2430 3377 2710 3436 hordeum
2737 3373 2947 3431 laasum
2981 3374 3083 3436 est,
3114 3381 3180 3425 eo
3226 3362 3380 3439 quod
3408 3359 3688 3454 hordeum
3719 3373 3815 3454 es-

2107 3445 2205 3526 set'
2222 3445 2436 3536 virens,
2462 3473 2519 3524 et
2551 3465 2742 3523 linum
2765 3463 2889 3537 jam
2926 3455 3216 3516 folliculos
3245 3450 3594 3537 germinaret
3627 3465 3641 3518 ;
3669 3445 3818 3537 triti-

2106 3570 2242 3614 cum
2301 3534 2516 3623 autem,
2568 3556 2624 3609 et
2679 3534 2781 3608 far-
2817 3562 2932 3606 non
2985 3548 3122 3602 sunt
3172 3540 3329 3611 lassa,
3384 3536 3522 3612 quia
3564 3534 3818 3592 serotina

2110 3650 2274 3703 erant
2304 3644 2504 3712 (Exod.
2536 3647 2622 3709 V).
2659 3665 2680 3692 ι
2716 3640 2796 3698 De
2834 3634 3147 3712 primitivis
3203 3633 3377 3690 etiam
3425 3626 3611 3703 pomis
3641 3624 3817 3698 paulo

2112 3732 2426 3808 post‘dicit
2460 3755 2472 3789 :
2511 3753 2537 3781 α
2569 3729 2850 3787 Devorata
2901 3730 2988 3783 est
3039 3723 3220 3794 igitur
3267 3717 3446 3776 herba
3507 3724 3692 3808 terrae,
3750 3719 3820 3808 et

2115 3802 2401 3900 quidquid
2429 3833 2732 3893 pomorum
2759 3817 2823 3874 in
2851 3811 3155 3892 arboribus
3185 3809 3313 3878 fuit,
3339 3821 3470 3881 quin
3496 3802 3715 3900 grando
3733 3802 3821 3860 di-

2117 3894 2350 3970 miserat
2376 3910 2576 3975 (Emod.
2609 3914 2697 3976 X).
2732 3930 2759 3957 υ
3677 3894 3683 3900 ’

2183 4001 2332 4058 Cum
2367 3999 2549 4071 igitur
2581 3975 2693 4054 soli
2721 3992 2946 4052 homini
2977 3989 3160 4049 maria
3207 3985 3386 4045 simul
3435 3989 3492 4042 et
3527 3975 3774 4040 ﬂumina
3802 3998 3820 4050 ;

2113 4090 2351 4166 paludes
2374 4095 2430 4146 et
2452 4095 2651 4160 stagna
2676 4100 2812 4143 cum
2840 4081 3169 4146 innumeris
3199 4077 3447 4152 piscium
3469 4071 3823 4166 compellan-

2120 4160 2212 4240 tur
2247 4179 2463 4239 servire
2491 4175 2835 4249 generibus;
2869 4189 2966 4230 aer
3011 4185 3143 4228 cum
3174 4167 3382 4225 avibus
3425 4164 3601 4222 simul
3629 4168 3684 4218 et
3714 4160 3828 4216 im-

2114 4273 2359 4342 bribus;
2405 4275 2550 4327 terra
2585 4283 2718 4326 cum
2771 4262 3090 4338 pecoribus,
3149 4258 3486 4332 cunctisque
3538 4249 3826 4342 germini-

2116 4361 2225 4419 bus
2259 4378 2272 4417 :
2309 4340 2435 4416 haec
2466 4363 2656 4415 tamen
2702 4350 2939 4410 interim
2970 4349 3130 4407 velut
3161 4361 3342 4420 parva
3393 4340 3824 4417 postponimus,

2121 4449 2336 4520 majora
2361 4443 2806 4520 perpendamus.
2837 4437 3183 4497 Omittamus
3232 4434 3430 4506 igitur,
3461 4429 3615 4504 quod
3643 4426 3829 4520 hujus

2121 4518 2324 4596 mundi
2354 4518 2607 4593 conditio
2659 4535 2809 4589 tanta
2861 4521 3271 4586 moderationis
3300 4529 3444 4580 arta
3474 4518 3824 4592 disponitur,

2120 4635 2182 4686 ut
2211 4643 2308 4684 aer
2333 4630 2388 4682 et
2425 4622 2598 4696 ignis,
2629 4621 2744 4680 duo
2774 4617 3042 4678 videlicet
3075 4609 3385 4671 masculini
3430 4608 3658 4682 generis
3703 4607 3824 4663 ele-

2119 4722 2313 4774 menta
2339 4713 2685 4786 praesideant
2714 4727 2729 4779 ;
2764 4708 2877 4765 alia
2896 4719 3033 4762 vero
3059 4703 3193 4771 duo,
3234 4715 3366 4774 quae
3396 4697 3666 4755 feminini
3685 4700 3828 4752 sunt

2117 4805 2365 4883 generis,
2421 4819 2570 4876 aqua
2619 4799 2826 4858 simul-
2862 4804 2917 4853 et
2979 4801 3127 4851 terra
3187 4788 3491 4848 subsidant
3533 4805 3548 4857 ;
3601 4790 3656 4843 et
3713 4785 3827 4841 hoc

2117 4875 2453 4974 quasibino
2475 4875 2744 4966 conjugio
2784 4892 3112 4962 procreatur
3165 4878 3448 4955 quidquid
3508 4875 3659 4950 apud
3711 4889 3827 4974 nos

2119 4965 2194 5048 ex
2226 4987 2484 5064 qualibet
2508 4965 2777 5058 originali
2806 4977 3041 5036 materia
3057 4972 3284 5048 prodire
3313 4968 3682 5042 conspicitur.
3718 4965 3828 5061 Ta-

2122 5053 2354 5137 ceamus
2381 5076 2573 5142 etiam,
2605 5053 2759 5147 quod
2793 5075 2902 5126 tota
2935 5064 3061 5123 caeli
3094 5059 3365 5120 machina
3394 5056 3597 5114 usibus
3642 5053 3829 5112 homi-

2125 5183 2270 5227 num
2298 5166 2376 5224 ita
2411 5142 2753 5221 mirabiliter
2782 5157 3013 5225 serviat,
3053 5159 3117 5210 ut
3146 5155 3341 5208 contra
3377 5151 3594 5218 septem
3623 5142 3825 5215 plane-

2124 5264 2312 5317 tarum
2355 5251 2554 5325 globos
2586 5254 2857 5321 perpetuo
2886 5249 3072 5302 rotatu
3120 5239 3466 5296 circumacta
3495 5230 3823 5325 {conﬂigam

2125 5319 2415 5420 quatenus
2448 5319 2737 5398 dum‘illie
2764 5339 2967 5407 petunt
2996 5337 3210 5396 ortum,
3248 5325 3357 5382 ista
3383 5326 3595 5418 vergat.
3609 5319 3828 5420 jugiter

2127 5406 2196 5494 ad
2225 5446 2507 5493 occasum.
2537 5429 2674 5485 Illas
2703 5433 2894 5484 tamen
2923 5435 3120 5479 secum
3155 5418 3212 5473 vi
3244 5430 3364 5472 suae
3408 5406 3828 5483 magnitudinis

2124 5525 2386 5588 attrahat,
2435 5531 2644 5590 easque
2674 5528 2808 5571 suos
2857 5507 3103 5567 circulos
3153 5520 3254 5578 per
3309 5501 3608 5558 zodiacum
3645 5495 3826 5590 spatio

2125 5582 2416 5683 temporis,
2447 5582 2600 5678 quod
2632 5601 2844 5674 cuique
2873 5593 3214 5683 prmligi-tur,
3232 5589 3467 5683 explere
3493 5582 3822 5683 compellat.

2124 5699 2194 5758 In
2225 5671 2340 5774 quo
2366 5671 2631 5755 videlicet
2674 5671 2994 5751 uniVersali
3040 5679 3187 5739 4'78
3243 5677 3449 5740 mundi
3512 5671 3825 5735 certamine
