4080 6194
148 223 256 283 477

887 232 1142 297 opnse.
1179 237 1392 301 XXIII.
1436 273 1504 288 -
1542 242 1638 305 nn
1683 244 2112 309 BREVITATE
2152 251 2351 311 vmn
2390 250 2500 311 PP.
2542 250 2688 323 nn,
2731 252 2893 314 ETG.

3538 260 3645 322 478

149 360 267 449 non
302 361 546 447 parvum
576 350 895 449 spiritualis
920 355 1127 449 figurae
1159 363 1501 436 mysterium
1533 365 1918 440 deprehen-A
1939 371 2294 445 baptismatis
2347 389 2532 445 usque
2588 374 2659 431 ad
2712 381 2861 440 479
2923 374 3150 433 obitum
3180 376 3503 449 delegatus
3558 390 3644 440 est

146 435 327 505 ditur,
350 438 398 494 si
427 453 561 532 qua:
588 440 662 497 sit
695 441 754 499 in
772 443 1042 532 homine,
1073 435 1285 510 minori
1315 455 1582 516 videlicet
1607 435 1852 532 mundo,

143 527 493 623 concertatio
536 530 944 623 perpegndatur.
1003 536 1155 605 Quid
1214 542 1371 601 enim
1426 547 1651 619 sphaera
1697 527 1850 623 creti,

143 629 280 685 qum
313 616 571 697 planetas
609 618 873 694 includit,
919 624 1032 683 nisi
1087 644 1294 704 corpus
1347 616 1619 708 designat
1643 616 1850 698 hama:-

142 719 311 796 num,
340 708 490 779 quod
528 709 861 770 rationalem
891 714 1146 774 animam
1179 724 1428 796 contegit
1456 724 1482 783 ?
1511 728 1655 796 Quze
1689 731 1849 788 vide-

142 794 275 853 licet
332 797 528 855 anima
580 801 747 875 quasi
809 808 1133 875 septenario
1192 794 1554 883 planetarum
1606 834 1849 880 numero

139 884 487 975 continetur,
528 885 672 944 dum
726 889 956 953 totidem
1015 903 1198 956 sancti
1239 899 1491 975 Spiritus
1527 905 1695 964 donis
1734 908 1845 967 im-

136 970 362 1047 buitur.

206 1059 293 1161 Et;
333 1064 478 1161 quid.
535 1075 621 1125 est
671 1073 824 1145 quod
876 1076 1100 1149 sphaera
1152 1077 1367 1139 labitur
1417 1085 1488 1143 ad
1552 1101 1843 1161 occasum,

131 1156 366 1249 econtra
426 1155 671 1249 planetae
723 1166 1083 1224 concorditer
1142 1168 1448 1229 enituntur
1501 1174 1573 1231 ad
1627 1155 1842 1249 ortum,

130 1240 271 1338 nisi.
301 1240 424 1338 hoc
455 1246 609 1317 quod
647 1250 956 1321 Apostolus
994 1254 1131 1314 dicit
1164 1281 1176 1314 :
1222 1284 1248 1306 ιι
1288 1260 1434 1329 Quia
1464 1280 1593 1322 caro
1631 1240 1842 1326 concu;

127 1332 304 1399 piscit
358 1332 634 1395 adversus
679 1340 969 1412 spiritum,
1024 1346 1263 1418 spiritus
1316 1359 1511 1411 autem
1566 1356 1845 1419 adversus

123 1422 419 1516 carnem?
456 1425 661 1490 (Galat.
694 1434 776 1497 v.)
818 1455 840 1481 ιο
886 1432 1159 1507 Nunquid
1203 1452 1316 1495 non
1356 1441 1520 1513 quasi
1554 1444 1839 1516 sphaeram

122 1514 329 1565 contra
366 1510 620 1582 planetas
654 1532 913 1592 pugnare
951 1525 1341 1599 conqueritur,
1372 1510 1507 1587 cum
1543 1510 1613 1590 de
1651 1535 1840 1592 carnis

118 1600 455 1691 et__animze
514 1619 638 1663 suae
693 1614 1081 1672 controversia
1148 1616 1513 1691 lamentatur,
1581 1623 1832 1684 dicens:

1936 463 2199 563 angelus,
2250 463 2353 537 qui
2403 471 2459 521 et
2493 463 2755 563 {iriliter
2803 464 3190 563 decertantem
3241 482 3289 563 a.
3327 468 3643 529 tentatione

1935 551 2230 619 custodiat,
2285 559 2340 609 et
2393 551 2678 611 auxilium
2729 552 2985 625 praebere
3034 553 3099 611 in
3156 553 3323 612 bonis
3369 556 3642 628 operibus

1934 655 2048 698 non
2102 640 2351 723 desistat.
2407 641 2691 700 Daremus
2749 642 3035 715 exempla,
3098 629 3210 699 nisi
3270 658 3640 703 cerneremus

1933 728 2394 801 frequentatione
2424 730 2740 787 notissima.
2781 728 2897 786 Hic
2943 730 3284 799 notandum,
3317 746 3453 787 cum
3483 731 3641 792 Deus

1930 817 2155 877 homini
2213 826 2427 877 tantam
2480 827 2761 893 praeroget
2815 822 3081 892 gratiam,
3141 827 3418 894 quantam
3485 822 3637 882 Deus

1926 904 1999 962 ab
2030 906 2265 964 homine
2303 907 2553 993 patiatur
2581 906 2859 979 injuriam
2889 924 2901 975 ;
2951 905 3184 977 deputat
3212 906 3368 965 Deus
3400 907 3640 967 virtutes

1925 994 2215 1066 angelicas
2239 995 2513 1055 humanae
2542 995 2857 1065 custodiae;
2894 1002 2950 1052 et
2978 994 3185 1052 infelix
3215 995 3408 1067 homo,
3438 996 3636 1056 relicta

1929 1086 2217 1143 munditia
2241 1092 2297 1143 et
2318 1086 2565 1159 puritate
2591 1085 2895 1156 virtutum,
2927 1084 3295 1159 squaloribus
3320 1101 3380 1142 se
3406 1086 3632 1159 polluit,

1927 1188 1991 1231 ac
2019 1174 2287 1232 sordibus
2315 1174 2609 1233 vitiorum.
2641 1175 2785 1232 Nam
2809 1189 2939 1232 cum
2972 1175 3034 1232 in
3060 1173 3387 1232 exhalantis
3422 1190 3489 1232 ac
3525 1191 3634 1234 cne-

1922 1280 2091 1338 nosze
2124 1264 2383 1324 luxuriae
2414 1266 2589 1324 fetore
2626 1265 3024 1339 provolvitur;
3055 1280 3192 1324 cum
3219 1265 3631 1323 vermeseentis

1923 1354 2184 1413 avaritiae
2213 1355 2481 1415 sordibus
2507 1355 2878 1429 inquinatur;
2910 1371 3042 1413 cum
3072 1354 3323 1427 denique
3351 1355 3422 1412 ad
3452 1354 3635 1413 instar

1921 1443 2325 1517 [Egyptiorum
2374 1443 2689 1502 ﬂuminum
2736 1441 3122 1499 homicidialis
3168 1441 3364 1498 anima
3404 1440 3465 1499 in
3508 1441 3629 1499 odii

1921 1536 2266 1609 sanguinem
2296 1535 2540 1592 vertitur
2562 1535 2762 1606 (Exod.
2799 1534 2934 1605 v11);
2970 1537 3258 1606 postremo
3298 1547 3433 1590 cum
3470 1532 3632 1591 velut

1917 1624 1981 1681 in
2015 1622 2266 1681 cloacam
2294 1629 2608 1681 stercorum
2650 1635 2944 1688 corruens,
2980 1618 3317 1693 multiplicis
3349 1618 3624 1693 nequitias

122 1706 149 1787 ς
182 1684 375 1785 Yideo
402 1690 578 1787 aliam
609 1694 794 1767 legem
828 1698 889 1756 in
926 1704 1201 1763 membris
1234 1708 1378 1765 meis
1418 1684 1831 1783 repugnantem
1848 1726 1898 1787 Β
1918 1713 2156 1772 faecibus
2185 1712 2449 1771 involuta
2487 1711 2735 1769 foedatur
2762 1734 2773 1768 :
2827 1684 2982 1768 hunc
3015 1684 3258 1780 angelus
3286 1684 3547 1780 fetorem,
3573 1714 3631 1768 et

120 1774 238 1847 legi
279 1782 495 1874 mentis
528 1798 671 1842 meae
698 1788 726 1841 Τ
763 1790 934 1859 (Rom.
966 1794 1086 1863 vn.)
1126 1815 1147 1843 ιδ
1190 1795 1261 1852 Et
1298 1774 2286 1874 tanquamvsphazrauinhonestam
2341 1799 2695 1874 purulentiae
2748 1814 3022 1857 nauseam
3087 1774 3308 1857 invitus
3358 1774 3543 1868 satis;
3570 1802 3628 1856 et

114 1874 249 1966 post
278 1870 623 1966 seplane‘tas
649 1877 854 1950 trahat,
889 1882 1152 1953 protinus
1181 1870 1454 1946 addidit‘:
1515 1915 1542 1939 κ
1589 1870 1661 1949 Et
1701 1908 1834 1966 cap-

118 1957 312 2047 tivum
360 1971 463 2047 me
514 1959 817 2022 ducentem
871 1966 932 2024 in
990 1967 1114 2041 lege
1166 1975 1400 2044 peccati,
1451 1990 1583 2047 quae
1637 1986 1720 2036 est
1769 1957 1832 2038 in

114 2043 404 2135 membris
458 2048 654 2108 meis?
690 2073 719 2104 »
750 2053 1002 2116 Planetze
1045 2059 1221 2131 igitur
1268 2043 1485 2135 septem
1528 2066 1833 2126 enituntur

110 2133 191 2230 ad
216 2138 435 2231 ortum,
465 2152 597 2197 cum
626 2143 822 2231 anima
851 2147 1149 2207 rationalis
1177 2133 1456 2211 instinctu
1485 2159 1665 2215 sancti
1699 2157 1829 2231 Spi-

111 2223 277 2314 ritus
305 2223 569 2295 incitata,
586 2229 773 2289 redire
807 2240 1048 2293 conatur
1073 2238 1146 2295 ad
1183 2238 1388 2312 Deum,
1420 2258 1596 2314 quem
1631 2223 1828 2306 rerum

106 2311 388 2409 omnium
415 2324 639 2409 constat
676 2335 800 2378 esse
836 2323 1209 2399 principium.
1249 2311 1488 2402 Sphaera
1527 2350 1657 2394 vero
1694 2352 1827 2409 pro-

104 2394 342 2455 labitur
362 2400 435 2497 ad
461 2417 746 2497 occasum,
774 2423 909 2466 cum
930 2394 1082 2483 caro,
1108 2394 1381 2488 neglectis
1404 2394 1823 2497 superioribus,

100 2496 397 2558 gravatur
420 2494 480 2551 in
507 2494 626 2553 ima
658 2497 951 2559 vitiorum.
983 2501 1144 2561 Unde
1167 2506 1447 2579 scriptum
1473 2518 1558 2568 est
1588 2531 1600 2568 :
1642 2535 1662 2562 ι
1697 2494 1828 2571 Cor-

96 2592 226 2676 pus
271 2581 429 2652 quod
481 2587 881 2676 corrumpitur
918 2599 1189 2663 aggravat
1231 2595 1510 2667 animam,
1550 2604 1606 2655 et
1642 2599 1827 2673 depri-

101 2674 223 2762 mit
279 2676 505 2729 terrena
557 2674 902 2737 inhabitatio
955 2696 1190 2741 sensum
1245 2686 1429 2744 multa
1478 2689 1822 2762 cogitantem

98 2758 275 2827 (Sap.
309 2763 419 2827 IX).
460 2784 480 2809 ι
1549 2758 1575 2762 ⁷
1682 2806 1689 2813 .
1746 2822 1753 2829 λ

183 2843 304 2905 Sed
337 2848 460 2907 hac
494 2866 601 2909 nos
640 2852 864 2915 diutius
904 2862 1177 2935 prosequi
1211 2864 1532 2937 epistolaris
1568 2868 1821 2928 brevitas

93 2949 227 2991 non
278 2938 578 3009 permittit.
633 2941 783 3012 Quid
837 2946 1044 3021 dicam,
1106 2953 1257 3023 quod
1317 2956 1516 3014 eadem
1571 2959 1819 3018 caelestis

1914 1892 2167 1965 graviter
2211 1890 2433 1961 tolerat,
2475 1888 2579 1947 etsi
2629 1888 2880 1959 caelestis
2922 1886 3152 1960 imperii
3208 1886 3330 1959 lege
3376 1886 3627 1945 constri-

1912 1988 2057 2049 ctus,
2094 1980 2484 2039 obedientiam
2515 1993 2632 2038 non
2670 1979 2911 2035 omittat.
2945 1976 3011 2034 In
3037 1975 3379 2049 angelorum
3410 1978 3624 2051 quippe

1913 2077 2219 2143 conspectu
2247 2068 2334 2128 nil
2362 2068 2682 2139 sordidum,
2716 2066 2799 2124 nil
2834 2066 2967 2123 fetet
2994 2063 3330 2136 obscenum,
3373 2065 3489 2123 nisi
3530 2065 3621 2124 vi-

1913 2158 2057 2217 tium
2104 2164 2161 2216 et
2207 2165 2521 2231 peccatum.
2559 2156 2627 2214 Et
2658 2156 2743 2215 sic
2773 2156 2951 2214 nostri
2983 2160 3173 2211 reatus
3202 2154 3539 2223 exhorrent,
3563 2159 3623 2212 et

1908 2247 2322 2309 abominantur
2368 2245 2634 2306 illuviem
2672 2263 2685 2315 ;
2732 2245 2879 2303 sicut
2927 2243 3100 2300 homo
3141 2240 3504 2315 compellitur
3546 2243 3619 2311 ad

1908 2338 2236 2396 exhalantis
2289 2337 2515 2396 latrinae
2550 2351 2774 2395 screare
2822 2336 3080 2394 fetorem.
3138 2332 3300 2391 Unde
3357 2332 3617 2405 quotidie

1906 2435 2041 2503 ante
2079 2427 2329 2486 tribunal
2361 2428 2563 2486 aeterni
2598 2424 2823 2485 Judicis
2849 2425 2921 2481 de
2952 2422 3248 2481 commissi
3281 2423 3375 2479 sui
3418 2422 3614 2495 pravi-

1909 2519 2019 2571 tate
2044 2517 2446 2587 conqueritur;
2470 2521 2524 2572 et
2546 2515 2686 2588 quia
2704 2528 2938 2587 gravem
2965 2512 3107 2569 ferat
3127 2509 3422 2584 injuriam,
3449 2510 3614 2570 illius

1904 2601 2150 2659 obscena
2181 2602 2580 2671 dinumerans,
2615 2601 2932 2673 profitetur.
2975 2598 3123 2655 Nam
3168 2597 3217 2654 si
3266 2613 3365 2654 rex
3411 2604 3612 2669 potens

1903 2692 2140 2751 cuilibet
2191 2692 2263 2750 de
2317 2692 2440 2751 suis
2492 2690 2851 2765 principibus
2899 2687 3219 2762 impuberis
3286 2686 3396 2744 ﬁlii
3467 2687 3612 2745 velit

1904 2766 2165 2852 delegare
2210 2780 2571 2838 custodiam:
2613 2787 2667 2837 et
2700 2777 2796 2835 ille
2834 2775 3198 2850 postmodum
3241 2774 3303 2832 in
3358 2774 3611 2833 furorem

1904 2886 2105 2929 versus
2132 2870 2395 2939 insaniae,
2419 2867 2620 2927 salivis
2647 2882 2707 2926 se
2736 2865 3074 2937 ﬂuentibus,
3104 2865 3456 2938 nariumque
3484 2878 3608 2922 mu-

1901 2958 2132 3016 coribus
2155 2955 2394 3025 oblinat,
2424 2962 2478 3013 et
2510 2955 2601 3014 vel
2646 2954 2705 3012 in
2747 2954 2941 3027 ignem
2975 2969 3035 3012 se
3064 2953 3395 3027 phrenetica
3426 2958 3606 3011 teme-

94 3025 362 3127 sphaerae
400 3030 669 3130 machina
706 3034 793 3140 sic
823 3051 885 3093 se
932 3038 995 3095 in
1045 3038 1408 3117 semetipsam
1470 3056 1714 3120 semper,
1761 3050 2066 3140 etaritate
2102 3047 2380 3122 projieiat,
2427 3047 2517 3106 vel
2558 3054 2707 3104 certe
2750 3025 3164 3117 iusqualentis
3191 3045 3343 3103 cceni
3381 3043 3607 3103 voluta-

92 3130 227 3212 non
268 3121 334 3175 in
374 3121 976 3217 exterioradevolvat,
1007 3137 1069 3187 ut
1111 3131 1172 3188 in
1205 3135 1383 3193 unius
1416 3136 1813 3210 hemisphaerii
1837 3121 2069 3217 "brum
2110 3121 2356 3197 sordidae
2404 3138 2527 3196 suis
2563 3153 2624 3196 se
2666 3152 2825 3194 more
2853 3135 3171 3209 provolvat,
3204 3150 3397 3193 nonne
3426 3134 3605 3208 proti-

90 3204 200 3261 sui
254 3206 614 3267 revolutione
652 3211 827 3286 diem,
877 3215 937 3274 in
994 3220 1351 3282 revolutione
1393 3240 1528 3283 vero
1577 3204 1816 3286 alterius

88 3290 341 3389 expleat
376 3299 648 3389 noctem?
691 3299 761 3357 Et
810 3303 918 3361 hoc
965 3306 1135 3365 modo
1174 3309 1314 3368 dum
1362 3328 1479 3371 una
1526 3316 1814 3374 revolutio

91 3384 281 3479 totius
329 3384 569 3456 sphaerae
614 3393 865 3452 ccelestis
909 3395 1251 3466 absolvitur,
1305 3402 1513 3473 viginti
1567 3412 1814 3479 quatuor

88 3475 386 3532 horarum
436 3493 713 3540 numerus
760 3484 1053 3558 impletur,
1099 3490 1315 3561 quibus
1365 3475 1626 3554 videlicet
1658 3513 1814 3557 unus

85 3562 228 3660 dies
286 3579 423 3660 cum
477 3578 794 3660 suspecto
844 3575 1162 3648 perficitur.
1217 3579 1339 3639 Hoc
1397 3581 1591 3657 itaque
1642 3588 1812 3645 modo

85 3652 486 3739 dumcdeiugn
520 3657 732 3716 militat
759 3661 1003 3736 homini,
1036 3673 1102 3724 et.
1132 3668 1255 3726 dies
1283 3669 1421 3728 solis
1459 3652 1636 3731 radiis
1662 3675 1809 3732 illu-

84 3749 340 3813 stratur,
370 3754 422 3801 et
452 3761 568 3804 nox
598 3748 777 3823 lunae,
808 3754 1222 3830 stellarumque
1255 3762 1585 3820 nutantium
1618 3764 1804 3823 varie-

85 3836 211 3887 tate
243 3830 600 3925 depingitur.
640 3836 749 3895 Sed
792 3841 913 3899 hzec
943 3844 1085 3915 quia
1110 3849 1483 3919 corporaliter
1506 3853 1803 3925 aspiciun-

81 3930 206 3989 tur,
241 3922 589 3996 omittimus,
619 3928 690 3985 ad
731 3933 946 4005 majora
976 3949 1135 3994 nunc
1160 3942 1215 3996 et
1250 3922 1800 4001 invisibilia'venia-

79 4022 245 4066 IDUS.

758 4140 1002 4204 CAPUT
1033 4144 1131 4204 IV.

72 4254 241 4321 Quod
280 4256 473 4341 angeli
507 4272 609 4327 per
653 4263 821 4314 totum
866 4263 1125 4319 mundum
1173 4264 1487 4337 discurrant
1532 4244 1591 4324 in
1628 4272 1795 4324 auari-

707 4348 842 4404 lium
879 4351 1174 4410 hominum.

134 4465 336 4525 Porro
355 4473 546 4526 autem
567 4470 670 4542 qui
689 4471 1027 4549 divinarum
1048 4473 1478 4549 Scripturarum
1500 4486 1663 4538 vacat
1680 4481 1793 4540 elo-

61 4554 253 4627 quiis,
289 4568 410 4609 non
433 4555 672 4627 ignorat,
698 4561 836 4631 quia
860 4577 958 4634 per
983 4564 1138 4621 hunc
1160 4566 1789 4628 mundum’ccelestium

66 4643 372 4700 virtutum
422 4643 681 4715 quotidie
736 4648 1046 4707 multitudo
1097 4650 1387 4724 discurrit,
1439 4669 1573 4728 qua;
1626 4656 1790 4715 nobis

63 4731 289 4819 auxilii
334 4746 541 4790 manus
573 4734 634 4791 in
666 4739 980 4799 certamine
1020 4742 1277 4815 porrigit.
1321 4744 1401 4802 De
1434 4745 1650 4819 quibus
1691 4763 1788 4819 per

62 4817 387 4907 Danielem
416 4819 628 4878 dicitur
657 4840 669 4879 :
707 4843 735 4876 ‹‹
770 4824 954 4884 Millia
984 4827 1236 4887 millium
1277 4817 1784 4907 ministrabant—ei,

61 4915 111 4963 et
156 4904 375 4963 decies
421 4914 664 4966 centena
704 4911 889 4973 millia
934 4916 1277 4975 assistebant
1308 4918 1361 4976 ei
1395 4924 1554 4982 (Dan.
1601 4926 1721 4992 vn).
1761 4904 1779 4971 ἑ

59 4996 146 5053 Ad
187 4996 311 5051 hoc
339 4994 499 5052 enim
536 4996 655 5056 Deo
690 5000 1057 5072 ministrant,
1090 5011 1153 5061 ut
1183 5020 1288 5064 nos
1332 5007 1405 5064 ab
1447 5008 1784 5082 iniquorum

56 5083 392 5154 Spirituum
443 5083 983 5158 impugnationibus
1022 5100 1340 5166 protegant.
1378 5094 1539 5153 Unde
1565 5106 1619 5154 et
1647 5097 1791 5157 Pau-

55 5174 145 5232 lus
178 5172 312 5230 ait:
361 5192 388 5223 ς(
420 5171 571 5241 Sunt
603 5176 1080 5241 administratorii
1130 5186 1369 5257 spiritus
1419 5186 1477 5243 in
1523 5189 1786 5248 ministe-

52 5263 219 5352 rium
249 5259 426 5352 missi
458 5274 684 5338 propter
710 5284 825 5339 eos,
861 5272 962 5345 qui
1010 5273 1401 5334 haereditatem
1434 5280 1665 5352 capiunt
1694 5295 1786 5337 sa-

54 5349 193 5407 lutis
242 5350 434 5420 (Hebr.
465 5353 526 5421 1).
569 5374 591 5402 ι
627 5354 826 5429 Neque
867 5361 1027 5418 enim
1078 5364 1347 5421 versutize
1401 5349 1518 5422 tam
1562 5366 1777 5436 callidi,

51 5443 163 5493 tam
227 5436 542 5495 exercitati
599 5440 781 5499 hostis
824 5455 1013 5516 posset
1067 5450 1346 5522 fragilitas
1389 5453 1646 5511 humana
1686 5470 1775 5511 re-

50 5526 278 5593 sistere,
349 5524 462 5583 nisi
515 5542 613 5585 eos
667 5545 701 5587 a
754 5535 1171 5596 tentationibus
1222 5540 1536 5600 electorum
1593 5543 1776 5600 virtus

48 5612 323 5691 angelica
354 5616 733 5690 propulsaret.
768 5620 932 5683 Unde
959 5625 1281 5703 unicuique
1308 5637 1573 5691 nostrum
1611 5648 1645 5689 a
1684 5632 1778 5693 die

1896 3242 2008 3286 nus
2059 3227 2157 3286 ille
2219 3227 2507 3299 deposcet,
2566 3233 2625 3282 et
2682 3225 3084 3297 reconsignare
3135 3223 3490 3297 depositum,
3549 3230 3608 3282 et

1894 3317 2112 3391 papatis
2149 3316 2394 3390 abjicere
2428 3314 2767 3373 famulatum
2796 3316 2823 3369 ‘t
2851 3314 3078 3383 Quanto
3104 3313 3286 3386 magis
3312 3327 3448 3385 ergo
3475 3328 3603 3369 cre-

1894 3405 2150 3464 dendum
2204 3412 2307 3475 est,
2355 3402 2509 3476 quod
2566 3401 2824 3473 angelica
2868 3400 2969 3458 illa
3011 3399 3342 3457 sublimitas
3387 3406 3440 3456 et
3492 3398 3601 3456 lar-

1892 3496 2134 3569 gitorem
2201 3494 2490 3554 bonorum
2565 3492 2829 3551 omnium
2891 3491 3076 3550 Deum
3105 3502 3116 3519 ~'
3147 3490 3218 3548 de
3288 3488 3596 3563 conspicua

1892 3590 2223 3643 sanctorum
2273 3582 2705 3642 conversatione
2746 3580 3049 3655 glorificat,
3090 3586 3146 3638 et
3186 3579 3246 3653 in
3299 3581 3425 3653 ejus
3455 3594 3594 3637 con-

1891 3680 2086 3747 spectu
2156 3688 2560 3748 perversorum
2631 3672 2940 3733 hominum
3016 3670 3231 3729 scelera
3303 3669 3596 3728 subtiliter

1889 3762 2282 3822 enumerando
2326 3762 2721 3820 condemnat?
2768 3761 2897 3820 Huc
2935 3752 3168 3829 accedit,
3214 3759 3459 3833 quiain
3501 3759 3597 3816 die

1881 3853 2090 3926 judicii
2118 3868 2320 3910 eorum
2350 3860 2487 3910 sunt
2512 3851 2789 3925 nequitiae
2814 3857 3001 3922 testes,
3029 3850 3133 3924 qui
3157 3849 3208 3907 si
3236 3856 3385 3907 recte
3417 3847 3595 3905 vixis-

1885 3949 2033 4011 sent,
2089 3957 2290 4001 eorum
2346 3942 2548 4000 ﬁerent
2593 3940 2942 3998 defensores.
2999 3939 3123 3997 Hoc
3171 3938 3367 4012 itaque
3420 3936 3590 3995 modo

1884 4031 2034 4089 male
2060 4031 2362 4103 agentibus
2398 4031 2643 4088 vertitur
2673 4028 2736 4087 in
2764 4028 3096 4103 perniciem,
3127 4027 3279 4101 quod
3317 4032 3465 4084 recte
3495 4025 3589 4083 vi-

1882 4119 2150 4179 ventibus
2170 4119 2469 4193 provisum
2498 4124 2583 4176 est
2608 4118 2679 4175 ad
2706 4117 2980 4186 salutem;
2998 4115 3137 4191 quia
3164 4114 3346 4173 sancti
3370 4113 3584 4187 angeli,

1879 4210 1981 4284 qui
2030 4208 2288 4282 deputati
2322 4215 2458 4268 sunt
2492 4208 2661 4281 justis
2710 4207 2771 4265 in
2817 4206 3193 4294 adiutorium,
3243 4204 3585 4280 perditionis

1877 4296 1940 4355 in
1984 4295 2252 4381 reprobos
2294 4302 2645 4370 exaggerant
2683 4296 3128 4355 incrementum.
3174 4294 3391 4354 Felices
3425 4309 3582 4367 ergo,

1877 4386 1981 4460 qui
2006 4385 2158 4459 juste
2193 4388 2396 4446 vivunt
2422 4406 2435 4457 ;
2462 4386 2600 4461 quia
2617 4387 2758 4446 dum
2787 4386 3060 4460 malignis
3080 4384 3380 4459 spiritibus
3408 4383 3583 4443 infm-
3623 4441 3633 4452 ,

1876 4474 2206 4533 derabiliter
2241 4474 2629 4546 obluctantur,
2657 4474 2933 4549 angelicae
2973 4473 3326 4533 fortitudinis
3359 4470 3584 4530 auxilio

1874 4562 2244 4620 muniuntur.
2280 4561 2443 4619 Adde
2472 4562 2667 4641 etiam,
2697 4563 2849 4636 quod
2888 4567 2943 4618 et
2980 4561 3092 4635 ipsi
3121 4561 3363 4635 spiritus
3390 4559 3581 4631 iniqui

1872 4651 2161 4722 profectus
2216 4650 2397 4708 nostri
2441 4658 2580 4709 sunt
2630 4648 2909 4723 obsequio
2951 4650 3225 4723 deputati.
3261 4649 3406 4706 Nam
3437 4648 3578 4705 dum

1871 4742 2270 4811 tentamur,.et
2302 4752 2416 4794 non
2447 4738 2887 4795 succumbimus
2916 4754 2929 4805 ;
2963 4736 3102 4794 dum
3133 4735 3488 4807 impetimur,
3521 4740 3577 4792 et

1868 4825 2249 4898 praevalemus
2280 4825 2478 4893 ;‘dum
2510 4832 2803 4897 oppugnat
2839 4830 2988 4881 certe
3039 4822 3328 4881 violentus
3376 4822 3575 4893 hostis,

1866 4925 1922 4975 et
1956 4931 2072 4974 non
2120 4922 2437 4989 expugnat,
2470 4916 2680 4974 futurae
2712 4914 2879 4973 nobis
2915 4913 3312 4973 retributionis
3346 4913 3577 4988 pondus

1869 5005 2196 5064 accumulat
2249 5029 2262 5063 :
2327 5012 2384 5063 et
2408 5006 2583 5064 dum
2636 5004 2892 5063 laborem
2947 5004 3278 5063 certaminis
3338 5005 3572 5077 irrogat,

1870 5093 2124 5153 victoriae
2153 5093 2321 5153 nobis
2350 5097 2653 5153 materiam
2690 5093 3110 5153 subministrat.

2546 5235 2791 5296 CAPUT
2824 5236 2892 5296 V.

2006 5342 2162 5410 Quod
2189 5346 2373 5399 omnia
2401 5345 2608 5401 homini
2643 5348 2905 5409 serviant,
2950 5346 3115 5400 etiam
3150 5345 3421 5413 infernus.

1931 5454 2075 5513 Ecce
2123 5456 2265 5513 dum
2316 5455 2523 5528 raptim
2568 5455 2946 5529 celeriterque
2992 5462 3201 5513 cuncta
3232 5454 3568 5531 perstringi-

1859 5561 2013 5617 mus,
2049 5544 2253 5603 usibus
2292 5537 2601 5603 hominum
2650 5544 2977 5602 ministrare
3017 5540 3164 5599 480
3208 5545 3567 5604 concorditer

1857 5632 2054 5691 omnia
2101 5632 2444 5708 reperimus,
2481 5631 2696 5690 ccelum
2740 5630 2973 5703 scilicet,
3007 5638 3215 5691 terram
3258 5632 3474 5708 pariter
3507 5644 3563 5692 et
