4080 6194
459 266 565 326 λἱἹξ)

914 264 972 324 S.
1016 262 1240 326 PETRI
1280 264 1603 325 DAMIANI
1642 266 1799 327 OPP.
1843 270 2092 331 TOMUS
2137 269 2275 330 SEU
2320 272 2510 336 PARS
2549 277 2653 337 III.
2701 310 2757 320 -ο
2803 278 3191 342 OPUSCULA
3230 285 3487 347 VARIA.

3846 295 3963 361 480

445 373 774 491 infernum.
950 388 1418 491 praesumptionis
1453 404 1558 446 nos
1600 391 1853 491 ‘fort‘asse
1900 394 2035 467 quis
2070 410 2164 453 ar-
2186 396 2501 471 Ahibetur,
2536 410 2599 462 ut
2631 420 2763 464 cum
2804 406 3112 480 imperator
3144 408 3274 484 quis
3306 408 3367 467 in
3398 410 3677 485 dignitate
3706 423 3963 491 creatur,

459 486 613 555 gnat,
666 480 714 538 si
762 479 1092 539 authentica
1139 478 1449 552 Scriptura;
1488 482 1771 561 sententia
1801 500 1913 543 non
1965 501 2164 545 occur-

458 580 563 631 rat.
603 570 712 631 Sed
744 587 870 629 ecce
901 570 1119 629 Paulus
1147 569 1463 628 Corinthiis
1497 571 1633 629 dicit
1665 591 1677 630 :
1715 596 1735 625 α
1776 575 1979 633 Omnia
2009 578 2166 636 enim

458 669 649 722 vestra
703 668 856 729 sunt,
908 660 1029 717 sive
1062 660 1302 729 Paulus,
1351 660 1472 718 sive
1507 663 1734 735 Apollo,
1778 664 1899 742 sive
1927 666 2164 739 Cephas,

459 754 582 813 sive
612 754 708 810 hic
755 751 1030 819 mundus,
1073 752 1195 808 sive
1224 750 1356 818 vita,
1394 751 1515 809 sive
1547 768 1718 822 mors,
1759 755 1881 813 sive
1911 773 2166 829 praesen-

458 844 553 909 tia,
589 842 709 898 sive
744 843 954 899 futura.
987 840 1193 900 Omnia
1222 840 1378 897 enim
1430 850 1617 899 vestra
1654 849 1808 914 sunt,
1838 861 1941 903 vos
1969 855 2167 906 autem

459 932 688 1000 Christi,
729 930 995 989 Christus
1046 938 1239 989 autem
1279 931 1381 988 Dei
1417 934 1459 1004 (Ι
1486 934 1603 989 Cor.
1635 934 1731 1003 In).
1790 958 1809 985 υ
1868 935 1977 993 Sed
2030 945 2167 995 tunc

456 1022 651 1079 omnia
683 1027 819 1079 sunt
845 1020 1125 1078 veraciter
1159 1019 1432 1087 hominis,
1468 1019 1516 1076 si
1550 1019 1669 1092 ipse
1705 1021 1877 1080 homo
1904 1024 1979 1080 sit
2010 1040 2165 1082 vera-

458 1114 600 1171 citer
629 1114 822 1171 homo.
859 1111 957 1169 Est
987 1112 1143 1169 enim
1180 1112 1281 1187 qui
1318 1110 1438 1169 solo
1477 1103 1713 1169 nomine
1751 1114 1825 1171 sit
1862 1114 2055 1188 homo,
2085 1120 2172 1173 est

456 1204 560 1276 qui
595 1205 779 1277 reipsa
808 1209 862 1261 et
894 1202 1129 1261 veritate
1156 1202 1230 1259 sit
1256 1203 1452 1261 homo.

532 1295 685 1353 Audi
721 1294 1129 1353 Salomonem:
1173 1314 1199 1345 «
1232 1292 1456 1363 Finem,
1494 1294 1708 1368 inquit,
1739 1294 2015 1369 loquendi
2044 1311 2171 1355 om-

459 1400 562 1444 nes
598 1382 809 1458 pariter
838 1382 1144 1440 audiamus
1175 1406 1187 1440 :
1231 1382 1418 1440 Deum
1450 1383 1611 1453 time,
1654 1390 1710 1441 et
1745 1386 2013 1443 mandata
2048 1386 2173 1459 ejus

456 1474 741 1533 observa:
801 1471 910 1530 hoc
966 1480 1050 1529 est
1101 1471 1259 1528 enim
1303 1473 1493 1529 omnis
1532 1474 1701 1531 homo
1741 1476 1928 1555 (Eccle.
1969 1477 2096 1547 III).
2142 1496 2165 1526 ι

460 1565 603 1634 Quis
635 1568 717 1621 est
746 1568 941 1621 autem
985 1561 1120 1621 ﬁnis
1160 1561 1462 1636 loquendi,
1492 1564 1605 1621 nisi
1636 1564 1755 1635 ille,
1787 1566 1857 1623 de
1888 1581 2005 1640 quo
2035 1564 2173 1623 dicit

456 1651 766 1726 Apostolus
795 1669 806 1708 :
843 1670 872 1703 «
903 1650 1066 1707 Finis
1096 1650 1255 1707 enim
1290 1650 1430 1722 legis
1471 1652 1542 1708 ad
1590 1653 1876 1724 justitiam
1908 1651 2173 1712 Christus

2249 506 2388 580 mox
2416 500 2476 550 ut
2503 495 2903 569 imperialibus
2924 499 3097 556 fuerit
3124 499 3331 559 infulis
3356 503 3681 580 redimitus,
3705 524 3961 579 coronas,

2249 579 2421 640 simul
2469 588 2781 674 acisceptri
2812 584 2994 661 gloria
3022 589 3339 662 decoratus,
3373 608 3505 651 cum
3534 579 3787 672 denique
3824 615 3963 674 pro-

2250 684 2444 729 cerum
2476 673 2723 733 vallatur
2754 676 3068 750 obsequiis,
3100 694 3233 735 cum
3271 682 3557 754 excipitur
3599 673 3960 744 modulanti-

2249 758 2358 817 bus
2405 761 2770 831 psallentium
2804 764 3014 835 choris,
3052 766 3285 838 quidam
3332 768 3442 827 sibi
3488 780 3692 845 praesto
3743 776 3810 831 ﬁt
3858 776 3963 832 ob-

2248 848 2401 919 vius,
2434 850 2535 923 qui
2562 850 2829 909 videlicet
2854 868 2969 910 una
3000 870 3175 911 manu
3205 856 3506 915 vasculum
3542 860 3780 933 plenum
3813 877 3969 919 mor-

2250 940 2483 993 tuorum
2522 936 2750 995 ossibus
2780 954 2845 995 ac
2877 938 3215 1011 pulveribus
3251 942 3493 1013 olferat;
3549 945 3612 1002 in
3660 947 3773 1003 alia
3822 963 3966 1006 vero

2249 1030 2514 1098 stuppam
2556 1026 2665 1086 lini
2711 1030 3000 1088 subtiliter
3049 1047 3277 1103 pexam,
3332 1050 3398 1091 ac
3452 1035 3965 1109 pilispensilibus

2251 1114 2504 1174 molliter
2539 1116 2915 1183 demollitam,
2944 1117 3039 1175 cui
3067 1119 3330 1191 protinus
3360 1121 3513 1191 ignis
3546 1123 3874 1196 adhibetur,
3904 1134 3964 1182 et

2252 1209 2484 1277 repente
2522 1204 2583 1262 in
2621 1204 2740 1263 ictu
2781 1206 2934 1263 oculi
2965 1206 3195 1265 ﬂamma
3224 1208 3414 1266 subito
3450 1219 3706 1282 vorante,
3742 1229 3961 1273 consu-

2252 1296 2435 1354 mitur
2465 1314 2477 1354 :
2514 1300 2579 1353 ut
2611 1295 2671 1353 in
2710 1295 2889 1354 altero
2922 1296 3124 1353 debeat
3160 1297 3521 1358 considerare
3560 1302 3713 1373 quod
3748 1308 3852 1375 est,
3897 1304 3959 1361 iu

2252 1385 2433 1443 altero
2466 1382 2650 1441 valeat
2678 1383 2874 1442 videre
2911 1384 3063 1457 quod
3100 1385 3287 1444 habet.
3326 1388 3394 1445 In
3434 1389 3727 1449 cineribus
3766 1394 3962 1467 siqni-

2254 1478 2385 1535 dem
2412 1492 2471 1533 se
2499 1474 2753 1533 cinerem
2786 1475 3153 1549 recognoscit,
3187 1477 3247 1535 in
3276 1484 3478 1553 stuppa
3499 1481 3620 1552 jam
3648 1482 3869 1555 colligit
3899 1484 3960 1541 in

2253 1564 2346 1621 die.
2381 1562 2589 1636 judicii
2634 1578 2809 1635 quam
2852 1564 3044 1622 subito
3089 1565 3344 1624 mundus
3374 1566 3636 1635 ardebit;
3675 1575 3964 1642 quatenus

2254 1654 2395 1711 dum
2429 1670 2507 1724 se,
2542 1654 2713 1711 simul
2754 1670 2821 1711 ac
2860 1668 2964 1711 sua
2994 1659 3109 1710 tam
3143 1669 3309 1723 vana,
3349 1659 3463 1711 tam
3496 1654 3963 1730 floccipendenda

457 1741 617 1800 omni
640 1739 938 1798 credenti?
967 1740 1139 1806 (Rom.
1168 1739 1251 1810 Χ.)
1278 1759 1305 1791 ››
1342 1738 1505 1796 Finis
1529 1740 1741 1814 quippe
1762 1742 1905 1814 legis
1924 1743 1993 1799 ad
2008 1743 2174 1816 justi-
2195 1741 2395 1820 B481
2447 1743 2787 1814 considerat,
2841 1744 2911 1801 de
2956 1741 3275 1815 imperialis
3307 1744 3583 1802 culminis
3612 1762 3846 1805 ascenso
3874 1748 3961 1804 fa-

459 1830 597 1888 tiam
643 1827 905 1885 Christus
937 1832 1060 1895 est;
1112 1827 1251 1901 quia
1292 1828 1598 1902 quidquid,
1646 1829 1767 1887 sive
1815 1836 1999 1902 vetus,
2050 1832 2172 1890 sive

458 1934 609 1977 nova
634 1917 727 1975 lex
754 1916 1031 1989 loquitur,
1056 1915 1127 1972 ad
1154 1915 1322 1972 illum
1354 1916 1481 1973 sine
1510 1918 1870 1977 dubitatione
1898 1921 2167 1982 refertur.

458 2009 547 2067 Ad
572 2006 860 2082 justitiam
892 2020 1027 2063 vero
1058 2020 1173 2063 non
1198 2005 1377 2062 otiose
1409 2006 1638 2077 dicitur,
1674 2008 1813 2079 quia
1840 2007 2061 2066 divinae
2092 2009 2170 2066 le-

458 2096 547 2171 gis
592 2110 778 2153 sermo
817 2094 1116 2165 justilicat,
1150 2098 1207 2149 et
1242 2094 1497 2152 animam
1532 2110 1563 2150 a
1606 2095 1873 2153 sordibus
1904 2098 2167 2169 mundat,

457 2186 607 2244 sicut
642 2183 943 2257 discipulis
982 2182 1208 2241 Veritas
1241 2182 1363 2241 ait:
1412 2206 1436 2235 α
1488 2183 1616 2242 Jam
1653 2201 1753 2242 vos
1795 2186 2000 2244 mundi
2035 2186 2172 2245 estis

456 2277 688 2345 propter
732 2284 1079 2338 sermonem,
1128 2285 1303 2343 quem
1358 2270 1582 2329 locutus
1624 2287 1753 2330 sum
1786 2272 1948 2331 vobis
1988 2277 2168 2342 (Joan.

460 2367 590 2433 xv).
630 2384 651 2412 ι
703 2361 889 2419 Deum
948 2377 1084 2419 vero
1135 2361 1357 2431 timere,
1416 2368 1501 2419 est
1554 2370 1778 2433 cuncta,
1833 2378 1965 2436 quae
2019 2364 2173 2422 Deus

456 2452 741 2529 prohibet,
800 2450 1156 2509 exsecrando
1227 2457 1281 2508 et
1338 2450 1728 2511 abominando
1783 2460 2169 2510 contemnere.

458 2540 726 2600 Mandata
774 2538 934 2597 illius
977 2537 1281 2596 observare
1327 2543 1429 2607 est,
1477 2539 1692 2607 omnia,
1727 2554 1859 2611 quae
1888 2538 2169 2614 praecipit,

458 2630 733 2706 operibus
760 2643 1054 2688 exercere.

531 2723 637 2782 Ille
669 2738 803 2795 ergo
836 2721 1025 2780 Deum
1055 2720 1236 2790 timet,
1267 2721 1369 2795 qui
1399 2721 1605 2793 satagit
1631 2735 1833 2779 cavere
1864 2720 2017 2793 quod
2050 2737 2176 2794 pro-

463 2813 641 2873 hibet.
674 2812 779 2870 Ille
807 2811 1075 2869 mandata
1106 2812 1231 2884 ejus
1263 2810 1549 2883 observat,
1582 2811 1681 2884 qui
1711 2810 1902 2867 studet
1934 2811 2174 2884 implere

464 2903 621 2976 quod
672 2901 937 2975 imperat.
980 2899 1167 2957 Deum
1207 2913 1341 2971 ergo
1387 2898 1548 2968 time,
1600 2904 1653 2955 et
1702 2898 1967 2956 mandata
2014 2898 2175 2957 illius

463 2991 705 3050 observa
734 3012 746 3046 :
785 2989 891 3046 hoc
925 2993 1009 3045 est
1039 2986 1196 3044 enim
1227 2986 1418 3044 omnis
1450 2986 1641 3044 homo.
1675 2987 1759 3043 Ac
1788 2986 1836 3044 si
1876 2986 2175 3059 perspicue

2254 1830 2424 1902 stigio
2482 1830 2814 1889 nullatenus
2868 1830 3210 1899 insolescat;
3262 1836 3317 1886 et
3357 1829 3497 1888 dum
3530 1847 3839 1905 possessor,
3871 1843 3961 1891 at-

2254 1934 2370 1994 que
2397 1919 2679 1991 possessio
2710 1919 3007 1992 subjacere
3034 1919 3333 1976 communi
3363 1920 3627 1977 omnium
3656 1924 3814 1980 casui
3842 1939 3961 1981 non

2251 2006 2589 2079 ambigitur,
2636 2007 2755 2080 jam
2806 2005 2972 2080 quasi
3013 2006 3082 2063 de
3133 2005 3417 2079 singulari
3450 2008 3745 2081 dignitatis
3775 2011 3960 2085 apice,

2253 2098 2355 2172 qui
2380 2098 2449 2155 ad
2478 2114 2707 2155 summa
2744 2103 3049 2171 provectus
3076 2102 3179 2167 est,
3214 2112 3330 2156 non
3357 2099 3611 2160 inﬂetur.
3832 2150 3833 2153 η

2329 2187 2647 2249 Pulchrum
2718 2202 2852 2259 ergo
2920 2186 3233 2245 mundanas
3288 2187 3637 2247 conditionis
3694 2189 3958 2248 ordinem

2254 2275 2428 2334 homo
2474 2277 2816 2347 consideret,
2852 2281 2907 2335 et
2934 2276 3074 2334 dum
3118 2276 3239 2335 suis
3282 2277 3487 2337 usibus
3533 2280 3726 2338 omnia
3770 2283 3961 2338 cernit

2254 2367 2512 2435 attribui,
2555 2383 2670 2426 non
2704 2368 2836 2438 sibi,
2875 2368 2973 2425 sed
3006 2384 3113 2426 suo
3143 2367 3349 2425 referat
3378 2370 3589 2442 gratias
3618 2370 3912 2428 Conditori
3941 2391 3958 2441 ;

2256 2454 2677 2513 lenocinantem
2712 2455 2916 2514 mundi
2943 2455 3187 2528 gloriam
3216 2455 3323 2512 sub
3347 2456 3553 2527 judicii
3584 2458 3673 2515 sui
3701 2458 3959 2515 calcibus

2254 2544 2555 2618 deprimat,
2585 2544 2837 2603 virorem
2882 2545 3074 2602 carnis
3105 2543 3334 2602 aridum
3358 2544 3479 2617 jam
3505 2545 3800 2618 pulverem
3832 2563 3960 2605 cre-

2254 2633 2369 2702 dat,
2425 2632 2580 2690 diem
2635 2648 2756 2690 sum
2808 2632 3123 2691 vocationis
3177 2638 3449 2705 tanquam
3493 2632 3794 2705 speculum
3836 2633 3961 2691 suis

2255 2739 2480 2795 semper
2507 2723 2806 2781 obtutibus
2834 2728 3160 2796 anteponat,
3206 2722 3529 2781 districtum
3577 2723 3799 2782 ultimm
3839 2723 3959 2781 dis-

2256 2810 2543 2868 cussionis
2611 2811 2900 2883 judicium
2955 2811 3354 2868 contremiscat
3402 2830 3413 2867 :
3475 2817 3759 2885 quatenus
3815 2813 3961 2870 dum

2257 2914 2413 2957 nunc
2453 2899 2733 2958 Creatoris
2759 2899 2850 2957 sui
2883 2898 3107 2971 legibus
3135 2897 3422 2969 subditur,
3454 2899 3552 2971 qui
3604 2899 3754 2957 inter
3798 2916 3961 2957 crea-

2255 3003 2436 3059 iuras,
2488 3002 2621 3060 quae
2668 2993 2911 3045 terrenae
2945 2991 3096 3055 sunt,
3132 2985 3365 3044 videtur
3394 2985 3661 3059 insignis,
3693 2986 3756 3045 in
3786 2988 3961 3046 coele-

463 3079 656 3138 dicat:
698 3078 809 3148 Qui
848 3091 963 3135 non
1000 3074 1288 3133 studuerit
1331 3089 1532 3132 cavere
1582 3074 1892 3149 prohibita,
1925 3076 2026 3149 qui
2069 3091 2173 3134 ne-
2199 3077 2332 3183 Csti
2362 3092 2591 3152 quoque
2618 3076 2800 3152 gloria
2828 3076 3105 3136 veraciter
3134 3074 3208 3133 sit
3237 3066 3527 3134 sublimis.

465 3169 714 3245 glexerit
742 3168 984 3241 implere
1014 3172 1295 3239 praecepta
1325 3183 1339 3235 ;
1377 3165 1514 3239 quia
1548 3166 1770 3223 ratione
1799 3172 1970 3235 caret,
2006 3181 2173 3224 voca-

465 3260 674 3319 bulum
703 3259 939 3334 quidem
974 3258 1230 3317 hominis
1264 3257 1451 3326 habet,
1487 3257 1585 3314 sed
1618 3256 1874 3315 hominis
1900 3272 2027 3315 esse
2056 3271 2176 3314 non

468 3348 676 3418 habet;
724 3348 861 3420 quia
901 3362 1017 3404 non
1072 3345 1349 3403 veraciter
1396 3344 1581 3403 utitur
1630 3346 1844 3403 virtute
1899 3343 2174 3416 nominis,

468 3454 584 3513 quo
613 3444 900 3498 censetur.
930 3437 1037 3496 Ille
1067 3436 1349 3496 nimirum
1378 3436 1657 3495 se‘credat
1683 3436 1962 3495 veraciter
1988 3438 2181 3495 homi-

470 3527 733 3600 nem,qui
752 3520 1061 3586 hominum
1080 3526 1430 3599 recognoscit
1445 3526 1754 3584 Auctorem
1777 3547 1787 3585 :
1812 3527 2070 3602 alioquin
2084 3528 2186 3601 qui

469 3616 717 3690 ignorat,
760 3616 1125 3687 ignorabitur
1168 3619 1215 3687 (I
1259 3618 1376 3673 Cor.
1428 3616 1572 3685 XIV).
1624 3614 1772 3684 Quid
1819 3621 2010 3672 autem
2064 3615 2188 3673 sine

474 3708 568 3767 his
591 3709 666 3789 sit
698 3709 891 3778 homo,
922 3709 1220 3783 perspicue
1255 3708 1458 3766 deﬁnit
1491 3708 1804 3781 Scriptura,
1838 3723 1971 3765 cum
2002 3708 2139 3765 dicit
2173 3726 2185 3765 :

477 3822 504 3854 «
523 3799 715 3859 Stellze
728 3815 840 3858 non
858 3806 995 3859 sunt
1010 3799 1244 3857 mundm
1261 3799 1321 3856 in
1335 3806 1641 3871 conspectu
1660 3798 1787 3871 ejus
1804 3800 1935 3871 (Job.
1954 3802 2137 3868 XXV);
2160 3823 2185 3847 η

474 3896 694 3963 quanto
719 3889 903 3961 magis
926 3890 1099 3947 homo
1122 3888 1384 3963 putredo,
1407 3895 1459 3946 et
1480 3887 1635 3946 ﬁlius
1658 3888 1913 3946 hominis
1934 3888 2192 3947 vermis?

475 3978 640 4039 Unde
666 3984 721 4037 et
747 3978 1041 4038 Abraham
1073 3994 1207 4037 cum
1235 3980 1305 4037 ad
1335 3995 1583 4038 summae
1625 3978 2019 4037 collocutionis
2065 3977 2189 4038 cul-

476 4082 610 4125 men
640 4068 938 4141 attollitur,
970 4086 1106 4127 cum
1136 4070 1352 4128 divina}
1384 4066 1792 4125 familiaritatis
1809 4066 2065 4139 gratiam
2092 4083 2191 4139 pe-

476 4158 771 4218 culiariter
822 4168 1203 4232 promeretur,
1278 4158 1455 4232 hujus
1524 4157 1869 4215 humilitatis
1927 4157 2189 4215 recorda-

480 4251 633 4307 tione
662 4249 1027 4321 deprimitur,
1061 4265 1195 4307 cum
1221 4250 1357 4307 dicit
1388 4274 1398 4307 :
1451 4270 1472 4299 ε
1510 4249 1741 4323 Loquar
1775 4248 1845 4303 ad
1876 4248 2189 4306 Dominum

476 4356 692 4408 meum,
724 4338 857 4397 cum
885 4340 995 4398 sim
1028 4340 1241 4413 pulvis,
1272 4348 1327 4398 et
1352 4338 1547 4398 cinis?
1575 4341 1726 4407 (Gen.
1758 4340 1956 4409 XVIII.)
1991 4363 2008 4387 ι

551 4431 696 4489 Nam
742 4436 798 4487 et
850 4431 1001 4503 apud
1046 4430 1275 4515 Graecos
1307 4432 1430 4490 lucc
1460 4430 1641 4488 teneri
1676 4428 2029 4487 consuetudo
2060 4416 2211 4501 per?

2852 3276 2997 3335 482
3030 3278 3369 3340 SCHOLIA.

2326 3372 2520 3437 Tigris,
2582 3384 2806 3438 quoque,
2866 3384 2996 3438 quas
3038 3371 3224 3438 lingua
3283 3374 3542 3429 Parthica
3598 3371 3803 3424 dicitur
3867 3369 3965 3438 Sa-

2264 3434 2419 3502 giud,
2478 3434 2607 3487 uno'
2636 3434 2797 3502 cursu
2848 3434 3031 3502 statim
3076 3437 3423 3502 octingenta,
3452 3438 3670 3502 integro
3705 3436 3964 3502 verohdie

2268 3496 2443 3553 lotum
2475 3499 2762 3563 mundum,
2798 3503 2902 3563 etc:
2936 3498 3065 3563 Haec
3111 3496 3239 3550 nisi"
3263 3514 3360 3562 per
3388 3496 3763 3563 'hyperbolem
3822 3498 3970 3563 dicta

2268 3568 2522 3623 accipias,
2593 3560 2810 3611 omnino
2880 3559 3326 3623 fabulosarsunt.
3394 3559 3669 3613 celeritate
3746 3561 3967 3623 quidem

2268 3622 2415 3676 tanta
2469 3625 2562 3674 illa
2612 3626 2710 3680 est,
2762 3624 2821 3672 ut
2868 3634 3042 3685 usque
3102 3622 3168 3672 ad
3220 3636 3316 3675 sua
3359 3628 3601 3684 tempora
3646 3622 3775 3685 eam
3824 3635 3965 3685 nuu-

2270 3699 2433 3752 qnam
2460 3686 2657 3752 _f-iisse
2709 3688 2921 3752 captam
2958 3684 3265 3752 scr-ipsaet
3317 3688 3377 3739 Μ.
3437 3688 3595 3735 Varro
3644 3684 3759 3752 Ψ).-
3794 3696 3836 3735 ι.
3871 3684 3970 3752 _De

2270 3745 2402 3811 ling.
2460 3749 2565 3798 Lat.
2624 3745 2984 3811 Capig’tanlen
3038 3745 3309 3811 interdum
3367 3753 3608 3811 testatur_
3654 3745 3971 3811 Plutarchus

2274 3806 2806 3863 in'comment.’de
2877 3807 3129 3859 Herodoti
3199 3811 3541 3867 malignitate.
3592 3809 3775 3871 Itaque
3830 3809 3973 3871 sicut

2272 3874 2530 3925 velocitas
2605 3882 2797 3921 cursus
2874 3871 3226 3932 quorumdam
3311 3873 3582 3923 hominum
3662 3870 3971 3932 comparari

2272 3937 2411 3989 solet
2459 3947 2581 3986 cum
2630 3932 2990 3983 animantibus
3043 3933 3400 3986 Velocissimis
3451 3935 3535 4046 fut
3591 3935 3638 3985 II
3693 3932 3819 3994 Reg.
3883 3944 3970 3981 II:

2280 4020 2299 4043 ε
2354 3998 2515 4046 Porro
2567 3996 2713 4045 Asael
2760 4007 2954 4046 cursor
3017 3995 3393 4046 velocissimus
3476 3997 3567 4046 uit.
3624 3996 3774 4046 quasi
3830 4004 3970 4044 unus

2280 4020 2299 4043 ε
2354 3998 2515 4049 Porro
2567 3996 2713 4045 Asael
2760 4007 2954 4051 cursor
3017 3995 3393 4047 velocissimus
3451 3995 3567 4057 fuit,
3624 3996 3789 4059 quasi
3830 4004 3973 4059 unus

2273 4061 2341 4112 de
2393 4060 2604 4123 capreis
2645 4068 2782 4123 quae
2836 4064 3115 4108 morantur
3162 4059 3218 4109 in
3260 4059 3409 4108 silvis
3454 4062 3524 4119 -),
3552 4055 3655 4110 sic
3704 4055 3972 4123 velocitas

2272 4117 2515 4186 ipsorum
2568 4117 2896 4188 animalium,
2950 4132 3108 4188 quaa_
3147 4133 3414 4171 summum
3484 4117 3712 4188 gradum
3762 4117 3971 4188 veloci-

2272 4181 2392 4236 tatis
2442 4188 2642 4239 tenent,
2698 4194 2796 4243 per
2844 4181 3199 4243 hypérbolem
3250 4188 3515 4233 inter-ium
3562 4181 3792 4241 exprimi
3850 4191 3974 4230 con-

2273 4248 2464 4314 suevit.
2525 4243 2751 4309 Tigridis
2801 4246 3027 4314 ejusque
3090 4243 3802 4314 r_ny5l_[caa___signiﬁcationis
3869 4253 3976 4292 me—

2271 4312 2427 4361 minit
2455 4308 2674 4360 sanctus
2714 4308 3003 4358 cardinalis
3030 4308 3184 4368 epist.
3213 4308 3285 4367 l8,
3318 4308 3409 4358 lib.
3441 4319 3505 4358 ιι.

2651 4400 2737 4456 Sit
2764 4413 2955 4455 nomen
2984 4398 3203 4453 Domini
3230 4397 3584 4453 benedictum.

1255 4792 1566 4853 CONTRA
1610 4791 1982 4853 CLERICOS
2027 4790 2492 4853 REGULARES
2536 4768 3195 4851 PROPRIETARIOS.

489 4949 931 5020 ARGUMENTUM.
969 4978 1035 4988 —
1078 4946 1398 5020 Detestatur
1428 4946 1590 5019 prius
1618 4946 1949 5020 pertinaciae
1980 4946 2213 5013 vitium,
2242 4962 2359 5019 quo
2395 4945 2542 5020 nihil
2571 4949 2671 5020 aut
2700 4941 2818 5000 Deo
2836 4940 3033 5020 magis
3062 4939 3343 5020 invisum.
3372 4942 3472 4996 aut
3501 4936 3671 4994 rebus
3696 4934 3977 5016 humanis

560 5020 687 5097 ﬁeri
736 5018 1355 5097 possit_perniciosius.
1406 5012 1599 5090 utpote
1620 5012 1782 5097 '_cum
1807 5033 1880 5097 ex
1906 5034 1971 5095 ea
2002 5012 2276 5096 tanquam
2305 5034 2377 5074 ex
2404 5012 3055 5097 .fontedissensionum.
3086 5012 3879 5097 dgcordiarumqqesemina
3916 5012 3974 5097 in

562 5086 872 5149 Ecclesiam
914 5086 1270 5157 deriventur,
1323 5090 1385 5147 in
1434 5086 1747 5153 nonnullos
1790 5090 2028 5147 clericos
2071 5086 2349 5146 aeerrime
2400 5086 2717 5154 invehitur,

2820 5085 2878 5141 ui
2934 5098 3067 5141 cum
3129 5076 3852 5139 Ecclesiarum'fructibus
3917 5076 3975 5131 in

557 5147 868 5239 commune
897 5162 1207 5239 alerentur,
1240 5147 1545 5239 pecuniam
1581 5152 1873 5239 praeterea,
1909 5168 1963 5216 et
1983 5159 2108 5239 alia
2138 5160 2292 5239 bona
2310 5173 2579 5239 seorsum
2610 5147 2975 5239 possidebant
3006 5173 3018 5211 :
3058 5153 3231 5239 idque
3258 5152 3369 5239 sibi
3394 5147 3976 5239 perlegesﬂliciiulu

562 5214 2165 5305 {ags—«316a;'péiitiﬁ'a'citéi'asééie‘bahtl':Hbé’ignes
2188 5214 2583 5305 validissimis
2612 5214 2961 5305 'rationibus
3016 5214 3331 5305 redarguit,
3382 5214 3437 5305 et
3487 5214 3975 5305 maiiill‘es'teﬂpro:

558 5288 679 5362 1351'
728 5288 1111 5378 clericosiex
1184 5288 1393 5375 genere
1453 5288 1655 5378 eorum
1717 5301 1819 5374 qui
1885 5288 2146 5378 canonici
2222 5300 2603 5378 appellantur,
2669 5296 3008 5378 proprium,
3047 5288 3511 5378 autvpril'vatum
3558 5288 3726 5378 βψω

3808 5302 3975 5361 posse

566 5358 775 5434 habere
794 5358 829 5433 7:7
848 5358 955 5431 sed
978 5358 1473 5446 debérﬁageam’
1498 5358 1754 5446 primum
1801 5358 2344 5446 sacrisinitiantur,
2394 5358 2684 5428 universa‘
2712 5358 2865 5446 bona
2914 5358 3015 5422 aut
3060 5358 3412 5446 pauperibus
3457 5362 3702 5443 tradere,
3734 5358 3860 5446 aut

566 5426 2426 5516 Earilih'uhé"c66iér'réf'oﬁaﬁicibl'e?Biarpontiﬁcemvim;
2456 5426 2519 5498 ut
2550 5426 2727 5516 quod
2780 5440 3034 5496 humana
3062 5426 3142 5492 'et
3180 5426 3395 5492 ‘divina
3447 5434 3578 5505 jura
3626 5426 3864 5502 cogunt,
3920 5426 3977 5484 id

563 5518 735 5574 etiam
770 5516 1005 5574 clericos
1034 5516 1238 5585 facere,
1270 5511 1376 5573 sua
1402 5511 1884 5586 ipse'auctoritate
1912 5520 1966 5571 et
1986 5512 2387 5585 jurisdictione
2416 5511 2734 5585 compellat.

552 5625 777 5682 Domno
806 5625 1177 5683 ALEXANDRO
1212 5623 1545 5684 beatissimo
1586 5640 1767 5701 papae,
1803 5622 2033 5683 PETBUS
2062 5635 2197 5694 pec-

494 5722 650 5774 cator
676 5716 997 5774 monachus
1028 5716 1391 5776 servitutem.

2350 5620 2645 5690 Quantum
2694 5617 2766 5676 ad
2818 5619 3031 5674 nostrae
3079 5612 3480 5688 intelligentiae
3514 5608 3842 5681 modulum,
3890 5623 3980 5665 ve.

2282 5707 2560 5770 uerabilis
2600 5693 2781 5783 pater,
2815 5702 3048 5766 nullum
3084 5701 3149 5762 in
3196 5702 3455 5762 humano
3497 5712 3708 5774 genere
3754 5693 3977 5755 malum
