4080 6194
97 285 190 344 481

694 281 944 345 ornsc.
990 241 1196 344 xxiv.
1241 317 1305 327 —
1347 283 1642 347 CONTRA
1683 283 2042 347 CLERICOS
2084 285 2353 348 REGUL.
2402 285 3017 352 PROPRIETARIOS.

3493 293 3600 352 482

95 408 522 481 pemiciosioris
546 414 630 466 est
669 409 952 478 criminis,
1002 426 1178 483 quam
1206 411 1464 468 defensio
1491 413 1807 484 pravitatis.
1831 412 2256 485 AAugustinus
2281 413 2509 471 accedat
2538 415 2598 471 in
2645 415 3059 485 testimonium,
3094 420 3148 472 et
3176 420 3371 472 utrum
3412 414 3599 474 Cano-

100 499 264 556 L’nde
291 497 473 555 David
507 498 589 554 ait
620 518 632 555 :
689 521 708 546 -
747 497 870 556 Non
901 497 1155 555 declines
1184 515 1281 557 cor
1321 516 1514 557 meum
1547 501 1606 558 in
1638 501 1811 558 verba

96 587 274 659 mala,
307 587 377 643 ad
410 588 773 646 excusandas
821 591 1232 650 excusationes
1260 592 1322 649 in
1350 594 1594 666 peccatis
1642 595 1808 664 (Psal.

97 679 255 747 CXL).
289 698 307 725 ι
348 675 602 734 Oﬂ‘ensio
647 677 859 750 quippe
906 677 1008 735 Dei
1037 687 1291 739 meretur
1321 683 1486 754 iram,
1518 683 1811 742 excusatio

98 772 366 839 provocat
394 764 466 822 ad
500 765 836 824 vindictam.
892 767 1013 825 Hoc
1054 769 1224 842 plane
1270 771 1503 843 vitium,
1541 773 1690 831 sicut
1736 789 1808 831 ex

102 856 292 915 radice
330 856 578 914 humani
611 857 843 930 generis
873 858 1106 930 prodiit,
1155 861 1412 934 quotidie
1449 863 1719 936 pullulat,
1757 869 1813 920 et

105 953 380 1020 tanquam
410 962 511 1018 per
564 955 935 1021 erumpentes
981 949 1205 1007 arboris
1251 966 1441 1011 ramos
1486 953 1812 1025 germinare

104 1051 217 1093 non
267 1044 468 1092 cessat.
512 1034 830 1095 Consultus
871 1038 1028 1096 enim
1072 1039 1281 1112 Adam,
1309 1058 1414 1102 cur
1455 1059 1530 1102 ex
1569 1043 1811 1102 interdi-

101 1135 188 1185 cto
221 1143 392 1200 pomo
422 1127 732 1185 comederit
763 1151 774 1185 :
823 1151 849 1180 «
881 1128 1110 1201 Mulier,
1150 1131 1362 1204 inquit,
1389 1149 1568 1208 quam
1609 1133 1819 1192 dedisti

101 1217 249 1274 mihi
310 1217 543 1286 sociam,
590 1217 746 1274 dedit
790 1218 936 1276 mihi
981 1219 1050 1277 de
1079 1219 1280 1293 ,ligno,
1321 1231 1376 1280 et
1421 1225 1641 1284 comedi
1668 1227 1814 1298 (Gen.

101 1311 209 1371 III).
247 1323 278 1354 ιι
309 1303 517 1360 Mulier
546 1303 740 1373 etiam,
775 1320 879 1362 cur
923 1307 1030 1364 hoc
1059 1308 1254 1366 fecerit
1279 1309 1575 1384 inquisita,
1627 1337 1654 1364 α
1682 1312 1816 1372 Ser-

102 1409 266 1469 pens,
321 1393 422 1462 ait,
475 1393 695 1466 decepit
746 1411 861 1466 me,
922 1401 977 1454 et
1024 1398 1246 1456 comedi
1302 1401 1498 1472 (Ibid).
1558 1424 1578 1452 ι
1634 1403 1717 1459 Ac
1767 1402 1816 1460 si

100 1487 348 1556 uterque
388 1483 450 1541 in
492 1482 850 1550 conditorem
898 1485 1131 1559 oblique
1178 1488 1398 1547 crimen
1442 1490 1813 1564 intorqueat;

105 1586 374 1645 eumque,
425 1585 459 1627 a
508 1586 623 1645 quo
687 1573 1136 1646 redarguuntur,
1199 1575 1466 1647 incessat,
1519 1578 1811 1636 dicentes:

107 1660 231 1718 Non
266 1659 453 1728 nobis,
509 1661 605 1718 sed
650 1661 764 1738 tibi.
803 1663 1004 1736 procul
1053 1663 1232 1722 dubio
1274 1666 1442 1724 debet
1493 1667 1587 1725 hic
1627 1675 1816 1727 reatus

1895 501 2062 560 nicus
2111 501 2321 559 habere
2382 502 2681 574 proprium
2736 503 2956 570 debeat,
3013 501 3448 560 evidentissima
3505 502 3596 561 sui

1893 589 2180 662 examinis
2208 589 2542 647 auctoritate
2573 590 2860 648 decernat.
2896 590 2994 648 Ait
3019 590 3176 648 enim
3208 590 3269 646 in
3309 605 3596 661 sermone,

1893 677 1994 750 qui
2029 677 2287 736 titulatur
2315 678 2395 735 De
2443 678 2704 736 moribus
2749 678 3092 737 clericorum
3124 697 3136 736 :
3179 703 3203 729 ι
3237 677 3345 747 Me,
3389 678 3600 750 inquit,

1895 767 2003 826 hoc
2035 771 2258 826 noverit
2309 769 2556 828 Charitas
2615 776 2802 826 vestra
2843 767 3062 826 dixisse
3115 768 3390 825 fratribus
3435 767 3603 838 meis,

1895 857 1997 933 qui
2025 873 2251 916 mecum
2280 867 2536 932 manent,
2567 864 2631 918 ut
2653 861 3008 933 quicumque
3038 858 3205 916 habet
3230 856 3472 931 aliquid,
3499 861 3602 916 aut

1893 947 2124 1017 vendat,
2157 955 2213 1005 et
2268 955 2459 1019 eroget
2497 949 2869 1023 pauperibus,
2912 954 3014 1007 aut
3061 948 3253 1020 donet,
3303 955 3402 1006 aut
3445 963 3602 1007 com—

1894 1052 2071 1094 mune
2100 1035 2246 1094 illud
2296 1037 2482 1093 faciat.
2519 1038 2830 1094 Ecclesiam
2887 1036 3108 1106 habeat,
3151 1051 3253 1108 per
3279 1051 3453 1108 quam
3499 1050 3602 1094 nos

1899 1129 2052 1187 Deus
2081 1129 2278 1202 pascit.
2311 1129 2378 1186 Et
2399 1129 2530 1187 dedi
2550 1129 2883 1187 dilationem
2909 1142 3094 1202 usque
3118 1126 3188 1183 ad
3219 1125 3601 1199 Epiphaniam

1897 1225 2127 1293 propter
2140 1235 2258 1288 eos,
2283 1219 2384 1292 qui
2411 1219 2498 1276 vel
2520 1235 2653 1278 cum
2680 1219 2951 1277 fratribus
2975 1218 3096 1276 suis
3119 1232 3232 1274 non
3256 1216 3601 1288 diviserunt,

1899 1308 1990 1365 vel
2020 1308 2345 1366 diviserunt
2371 1308 2606 1382 quidem
2633 1324 2768 1384 quae
2791 1309 3003 1366 habent
3033 1306 3185 1380 apud
3216 1306 3418 1364 fratres
3443 1322 3603 1380 suos,

1899 1395 1997 1454 sed
2022 1395 2285 1454 nondum
2308 1397 2378 1454 de
2404 1396 2579 1456 rebus
2607 1397 2730 1454 suis
2754 1396 2948 1469 aliqua
2975 1395 3033 1452 id
3062 1401 3326 1468 egerunt;
3346 1394 3482 1468 quia
3506 1410 3605 1452 ex-

1899 1485 2259 1558 spectabatur
2287 1491 2424 1543 aatas
2454 1485 2732 1558 legitima.
2762 1483 2996 1542 Faciant
3021 1484 3157 1541 inde
3195 1483 3348 1558 quod
3376 1485 3599 1555 volunt,

1898 1574 2035 1632 dum
2068 1579 2257 1632 tamen
2306 1575 2422 1634 sint
2471 1588 2749 1646 pauperes
2798 1589 3046 1642 mecum,
3090 1573 3265 1630 simul
3305 1582 3600 1648 exspecte-

1901 1663 2032 1721 mus
2070 1663 2523 1722 misericordiam
2554 1663 2674 1721 Dei.
2712 1663 2772 1722 Si
2799 1669 2990 1722 autem
3037 1662 3267 1734 nolunt,
3320 1663 3421 1736 qui
3460 1664 3604 1722 forte

107 1747 335 1820 ascribi,
377 1748 480 1824 qui
517 1756 572 1806 et
610 1751 918 1824 conjugem
947 1752 1071 1811 viro
1098 1753 1373 1827 junxisti,
1404 1762 1460 1813 et
1489 1763 1876 1830 serpentem};
1901 1752 2131 1822 nolunt,
2168 1759 2316 1810 certe
2367 1769 2471 1826 ego
2524 1769 2652 1811 sum
2699 1753 2802 1827 qui
2830 1759 3163 1825 statueram,
3209 1752 3358 1810 sicut
3403 1753 3604 1824 nostis,

107 1837 165 1894 in
191 1837 458 1910 paradiso
487 1837 635 1896 inter
664 1839 930 1898 homines
962 1839 1160 1899 vivere
1199 1843 1519 1902 decrevisti.
1556 1845 1816 1915 Quorum

110 1926 415 2001 utriusque
454 1935 726 2003 tanquam
764 1931 1170 2004 primischolus
1197 1933 1297 1992 ille
1328 1935 1648 2010 discipulus
1674 1946 1814 2010 erat,

108 2016 210 2090 qui
243 2018 314 2075 de
336 2018 480 2076 Abel
502 2018 750 2077 Domino
775 2019 1096 2094 requirenti
1123 2025 1444 2096 respondit:
1481 2047 1508 2080 «
1540 2027 1816 2102 Nunquid

109 2114 299 2164 custos
340 2105 530 2163 fratris
569 2106 684 2163 mei
713 2122 844 2165 sum
898 2108 1056 2182 ego?
1087 2132 1108 2161 ι
1167 2111 1318 2180 (Gen.
1353 2117 1461 2182 Iv.)
1519 2113 1642 2172 Hoc
1678 2131 1815 2174 sane

113 2195 467 2266 praecavebat
516 2194 711 2254 David’
740 2196 972 2270 vitium,
1017 2214 1153 2258 cum
1183 2200 1446 2259 dicebat:
1494 2227 1514 2252 ιι
1552 2203 1679 2263 Non
1725 2221 1816 2264 me

112 2283 402 2354 demergat
428 2289 732 2356 tempestas
768 2301 955 2358 aqum,
989 2302 1178 2360 neque
1207 2287 1506 2346 absorbeat
1551 2306 1643 2349 me
1681 2307 1812 2365 pro-

113 2371 380 2441 fundum,
431 2388 620 2446 neque
654 2383 855 2447 urgeat
903 2392 1075 2450 super
1123 2393 1214 2434 me
1265 2386 1473 2451 puteus
1531 2397 1595 2439 os
1640 2398 1817 2441 suum

112 2465 279 2534 (Psal.
318 2465 546 2532 LXVIII).
590 2486 614 2511 η
668 2463 814 2520 Nam
868 2479 1001 2523 cum
1054 2461 1243 2539 peccat
1288 2468 1482 2539 homo,
1534 2471 1698 2545 quasi
1753 2470 1814 2530 in

111 2558 350 2624 puteum
395 2549 644 2621 labitur;
684 2567 819 2609 cum
859 2568 995 2610 vero
1032 2561 1260 2626 peccata
1297 2556 1574 2630 defendit,
1607 2575 1670 2616 os
1708 2576 1817 2634 pu-

1895 1841 2130 1900 nullum
2183 1840 2451 1898 ordinare
2503 1841 2800 1911 clericum,
2856 1841 2969 1899 nisi
3025 1843 3126 1917 qui
3181 1857 3412 1900 mecum
3464 1839 3608 1900 velit

1896 1945 2176 1998 manere;
2230 1935 2294 1986 ut
2346 1927 2395 1986 si
2427 1928 2598 1987 vellet
2657 1929 2970 1987 desciscere
3016 1946 3048 1986 a
3096 1930 3401 2003 proposito,
3459 1934 3610 1987 recte

1896 2019 1983 2078 illi
2017 2018 2276 2078 tollerem
2304 2018 2657 2091 clericatum,
2693 2019 2829 2094 quia
2858 2019 3142 2079 desereret
3180 2028 3390 2079 sancta:
3422 2019 3604 2079 socie-

1899 2110 2030 2168 tatis
2070 2110 2441 2182 promissum,
2496 2116 2837 2183 certumque
2883 2111 3255 2169 consortium.
3319 2110 3461 2168 Ecce
3530 2109 3634 2188 in'

1900 2207 2206 2272 conspectu
2232 2199 2356 2265 Dei,
2383 2206 2438 2257 et
2467 2207 2679 2272 vestro,
2705 2206 2867 2258 muto
2892 2199 3198 2258 consilium
3225 2218 3238 2270 ;
3267 2199 3368 2272 qui
3394 2200 3603 2257 volunt

1899 2290 2109 2348 habere
2143 2290 2366 2364 aliq’uid
2397 2291 2715 2364 proprium,
2741 2292 2954 2364 quibus
2985 2308 3101 2350 non
3129 2291 3338 2350 sufficit
3361 2290 3516 2349 Deus
3546 2294 3603 2348 et

1901 2380 2152 2438 Ecclesia
2190 2383 2333 2456 ejus,
2369 2390 2638 2440 maneant
2691 2383 2788 2442 ubi
2834 2383 3040 2442 volunt
3070 2390 3123 2440 et
3162 2382 3262 2442 ubi
3312 2387 3550 2455 possunt
3581 2397 3597 2454 ;

1899 2486 2017 2529 non
2046 2472 2130 2529 eis
2182 2473 2379 2532 aufero
2417 2472 2770 2543 clericatum,
2813 2473 2911 2531 sed
2965 2474 3098 2532 nolo
3148 2475 3360 2532 habere
3411 2475 3594 2548 hypo-

1897 2562 2091 2620 critas.
2129 2561 2349 2621 Malum
2379 2566 2592 2640 quippe
2625 2573 2709 2622 est
2759 2567 2926 2624 talem
2958 2567 3095 2637 fore,
3128 2565 3346 2624 malum
3378 2573 3463 2623 est
3504 2579 3596 2622 ca-

114 2641 185 2699 tei
241 2657 416 2714 super
447 2657 582 2700 eum
619 2659 689 2701 ne
738 2651 927 2716 pateat
973 2661 1256 2719 egressus,
1303 2655 1557 2723 urgetur.
1592 2650 1820 2711 Corruit
1900 2652 2034 2709 dere
2061 2669 2095 2709 a
2122 2653 2434 2726 prOposito,
2469 2654 2565 2712 sed
2591 2655 2758 2728 pejus
2803 2662 2887 2712 est
2917 2655 3192 2713 simulare
3218 2653 3594 2728 propositum.

113 2748 250 2806 ergo
285 2731 344 2788 in
376 2737 619 2804 puteum
665 2734 839 2792 homo
888 2751 1020 2793 cum
1053 2744 1263 2810 peccat,
1311 2739 1531 2799 claudit
1565 2759 1701 2802 vero
1738 2744 1816 2802 si-
1902 2743 2046 2801 Ecce
2077 2744 2204 2801 dico
2251 2743 2421 2814 cadit,
2452 2746 2553 2819 qui
2601 2744 2930 2804 societatem
2957 2744 3286 2803 communis
3315 2744 3452 2801 vitae
3478 2741 3600 2814 jam

118 2823 388 2880 bimetos
419 2822 575 2896 putei
613 2823 754 2884 dum
804 2835 1060 2885 excusat.
1110 2829 1197 2886 Ex
1252 2831 1359 2889 hac
1403 2849 1571 2905 porro
1618 2836 1817 2896 defen-
1902 2838 2245 2904 susceptam,
2299 2848 2430 2906 qua:
2478 2832 2747 2892 laudatur
2793 2833 2855 2890 in
2910 2832 3303 2906 apostolorum
3362 2831 3604 2889 Actibus

114 2914 297 2981 sione,
347 2914 442 2972 vel
497 2917 868 2976 excusatione
923 2918 1187 2978 criminis
1238 2921 1478 2983 haeresis
1540 2927 1812 2987 nascitur.
1903 2923 2042 2993 (Αοέ-
2105 2923 2187 2994 1V)
2242 2921 2495 2992 deserit;
2552 2923 2702 2980 bono
2756 2938 2864 2981 8110
2922 2921 3094 2993 οἱιάίῐν
3163 2938 3197 2979 3
3248 2920 3604 2996 ΡΓοῘθδείοΠθ

116 3002 371 3095 Hmresis
423 3006 580 3095 enim
617 3006 1042 3083 interpretatur
1095 3013 1297 3070 electio.
1351 3014 1422 3074 Et
1466 3017 1608 3077 dum
1663 3020 1816 3095 quod
1901 3015 2094 3068 sancta
2115 3010 2282 3068 cadit.
2316 3009 2590 3069 Observet
2609 3007 2894 3083 Judicem,
2916 3011 3013 3070 sed
3043 3011 3249 3083 Deum,
3280 3027 3395 3069 non
3430 3027 3539 3068 me.
3581 3030 3604 3062 ι

113 3090 298 3185 eligit,
349 3092 480 3185 quis
531 3094 836 3185 defendere
881 3096 1106 3169 nititur,
1165 3100 1361 3160 relicto
1395 3105 1652 3165 veritatis
1684 3090 1975 3185 'tra-CEt
2023 3099 2196 3173 paulo
2252 3107 2416 3174 post:
2465 3127 2492 3151 «τ
2531 3101 2642 3171 Qui
2677 3118 2906 3161 mecum
2954 3117 3187 3160 manere
3234 3099 3379 3171 vult,
3415 3101 3462 3158 si
3502 3115 3604 3174 pa-

114 3180 276 3252 mite,
321 3181 458 3254 quia
488 3197 588 3254 per
614 3183 856 3259 abrupta
884 3187 1138 3259 perversi
1167 3188 1451 3260 dogmatis
1483 3195 1724 3269 rapitur,
1757 3199 1820 3260 in
1848 3180 1882 3185 ﬁ
1905 3197 2064 3248 ratus
2091 3198 2176 3248 est
2216 3191 2373 3263 pasci
2400 3207 2433 3248 a
2476 3191 2591 3249 Deo
2625 3208 2728 3265 per
2763 3191 3079 3250 Ecclesiam
3112 3189 3314 3263 ipsius,
3355 3205 3471 3247 non
3501 3189 3608 3247 ha-

118 3269 390 3329 haaresim
451 3288 682 3332 necesse
733 3283 818 3333 est
869 3277 1218 3350 prolabatur.
1261 3279 1386 3339 Hoc
1429 3291 1622 3343 autem
1670 3287 1823 3348 inter
1903 3280 2038 3338 bere
2069 3279 2288 3353 θιὶαυίᾱ
2337 3281 2635 3354 Proprium
2667 3297 2681 3349 ς
2714 3280 2812 3337 8θά
2841 3287 2942 3338 θυι
2973 3295 3206 3352 erogare
3235 3279 3607 3352 Pauperibus.

112 3369 459 3435 peccatorem
513 3372 570 3421 et
615 3365 956 3425 hzereticum
984 3369 1198 3427 distat:
1258 3373 1395 3445 quia
1431 3384 1689 3446 peccator
1737 3386 1822 3437 est
1903 3369 2094 3428 autin
2125 3383 2432 3426 Commune
2461 3369 2704 3436 mittere,
2763 3375 2993 3425 maneat
3036 3381 3264 3426 mecum
3300 3383 3314 3422 ε
3362 3365 3462 3438 (Illi
3498 3366 3607 3424 hoc

117 3452 212 3524 qui
269 3450 572 3525 delinquit,
622 3455 928 3515 haereticus
972 3465 1168 3517 autem
1221 3462 1325 3531 qui
1377 3472 1673 3534 peccatum
1721 3485 1822 3542 per

117 3556 358 3613 pravum
385 3542 594 3616 dogma
622 3545 896 3604 defendit.
940 3547 1056 3606 Nos
1104 3555 1322 3620 autem,
1355 3552 1494 3627 quia
1522 3557 1824 3629 magistros

122 3628 398 3689 habemus
425 3639 652 3690 sanctos
690 3633 994 3706 apostolos,
1026 3641 1082 3692 et
1129 3637 1468 3709 apostolicos
1497 3628 1673 3716 viros,
1705 3661 1824 3705 non

123 3719 396 3780 debemus
442 3723 597 3796 quod
652 3723 819 3782 nobis
864 3725 1092 3784 videtur
1135 3725 1390 3800 eligere;
1443 3748 1631 3806 neque
1669 3736 1825 3809 quod

123 3809 300 3866 semel
345 3809 589 3869 electum
624 3819 706 3872 est
763 3813 1047 3874 obstinate
1098 3821 1153 3873 et
1204 3819 1580 3890 pervicaciter
1624 3823 1824 3882 defen-

124 3912 291 3965 sare;
341 3897 438 3955 sed
494 3896 587 3957 his
635 3899 936 3972 duntaxat,
993 3918 1127 3977 quat
1168 3919 1202 3961 a
1249 3907 1506 3979 probatis
1557 3911 1828 3971 Ecclesia;

123 3983 446 4134 goﬁzoribus
496 3987 733 4048 definita
762 3998 918 4061 sunt,
967 3991 1141 4051 tidem
1191 3993 1680 4059 irretractabiliter
1723 4002 1826 4060 ad-

165 4089 182 4129 1
264 4092 343 4134 re.

165 4089 343 4134 lbere.

682 4220 925 4286 CAPUT
956 4222 1269 4317 ennium.

128 4360 416 4434 Oppugnat
472 4359 650 4420 verbis
709 4370 888 4422 sancti
939 4359 1243 4437 Augustirii
1300 4373 1667 4444 pertinaciam
1722 4378 1829 4434 cle-

846 4473 1102 4514 raeorum.

1904 3473 2024 3516 non
2063 3457 2210 3525 vult,
2255 3455 2462 3513 habeat
2498 3455 2864 3514 libertatem:
2917 3455 3014 3513 sed
3053 3454 3243 3514 videat
3270 3461 3465 3514 utrum
3503 3455 3604 3512 ha-

1905 3549 2039 3607 bere
2066 3545 2247 3621 possit
2279 3545 2564 3603 felicitatis
2591 3545 2990 3603 aeternitatem.
3028 3567 3050 3598 »
3103 3577 3108 3582 ς

1978 3635 2047 3692 In
2099 3633 2350 3694 secundo
2399 3649 2628 3707 quoque
2657 3632 2916 3706 ejusdem
2980 3633 3169 3706 operis
3219 3645 3483 3690 sermone
3527 3628 3611 3687 sic
3710 3655 3718 3659 -

1908 3723 1989 3782 ait
2019 3747 2032 3780 :
2068 3743 2095 3776 ‹‹
2125 3721 2399 3795 Quisquis
2450 3736 2585 3780 cum
2635 3720 2927 3796 hypocrisi
2957 3719 3190 3792 vixerit,
3224 3719 3488 3794 quisquis
3518 3719 3610 3776 in-

1909 3819 2135 3884 ventus,
2157 3811 2330 3870 fuerit
2366 3811 2583 3868 habens
2607 3811 2926 3884 proprium,
2961 3827 3076 3868 non
3115 3809 3201 3867 illi
3233 3809 3519 3882 permitto,
3547 3813 3614 3866 ut

1909 3904 2046 3962 inde
2080 3881 2246 3961 faqciat
2273 3881 2733 3972 Testamentum,—
2767 3903 2865 3960 sed
2909 3881 3112 3960 delebo
3157 3881 3463 3959 deitabula
3495 3899 3610 3958 cle-

1909 3994 2182 4052 ricorum.
2236 3991 2568 4066 Interpellet
2597 4001 2793 4050 contra
2840 4007 2934 4050 me
2964 3989 3122 4048 mille
3154 3990 3418 4061 concilia,
3445 3989 3612 4048 navi-

1907 4087 2002 4154 get
2028 4089 2225 4140 contra
2274 4097 2366 4138 me
2397 4096 2515 4155 quo
2558 4080 2826 4153 voluerit,
2879 4078 2954 4138 sit
3000 4087 3148 4138 certe
3199 4078 3301 4138 ubi
3342 4078 3608 4152 potuerit.

1912 4171 2227 4245 Adjuvabit
2250 4186 2343 4229 me
2373 4169 2655 4229 Dominus
2681 4193 2692 4237 ;
2750 4178 2814 4228 ut
2843 4169 2944 4229 ubi
2977 4185 3083 4243 ego
3124 4167 3429 4244 episcopus
3459 4183 3614 4237 sum,

1820 4294 1830 4305 -
1912 4261 2010 4320 ille
2039 4261 2281 4322 clericus
2315 4278 2438 4321 esse
2472 4277 2588 4320 non
2619 4261 2813 4336 possit.
2851 4284 2872 4314 ι

1932 4429 1940 4437 .
1984 4351 2213 4411 Nimius
2269 4352 2505 4411 fortasse
2540 4349 2746 4411 fuerim
2776 4341 2840 4409 in
2879 4347 3216 4425 protelando
3246 4348 3395 4408 beati
3440 4347 3619 4421 hujus

1914 4441 2160 4500 doctoris
2196 4441 2483 4516 exemplo.
2548 4441 2657 4500 Sed
2713 4441 2938 4500 utinam
2991 4439 3084 4500 vel
3134 4437 3245 4514 ipsi
3296 4438 3618 4513 praebeatur

1915 4529 2078 4603 iides,
2135 4532 2274 4590 dum
2316 4531 2527 4591 nostris
2583 4531 2774 4590 verbis
2821 4531 3064 4590 omnino
3125 4529 3504 4588 subtrahitur.
3551 4525 3620 4586 In

189 4609 330 4670 Haec
357 4610 572 4674 idcirco
601 4616 1020 4690 pne-misimus,
1051 4618 1189 4692 quia
1217 4619 1482 4680 dolemus
1519 4624 1833 4684 nonnullos
1915 4621 2130 4694 quibus
2159 4621 2411 4694 profecto
2440 4622 2622 4678 sancti
2651 4619 2763 4677 viri
2792 4620 2987 4677 verbis
3044 4618 3340 4676 evidenter
3365 4617 3622 4675 ostendi-

134 4709 350 4759 sanctos
397 4703 620 4776 fratres,
685 4709 946 4774 canonici
1007 4707 1274 4768 videlicet
1325 4709 1567 4782 ordinis,
1617 4711 1678 4769 iu
1717 4721 1833 4772 tam
1917 4717 2057 4768 tur:
2116 4709 2261 4778 Quia
2317 4711 2580 4779 clericus,
2631 4707 2733 4782 qui
2796 4707 3108 4782 pecuniam
3161 4705 3427 4779 possidet,
3500 4706 3623 4778 ipse

134 4789 378 4850 eﬂ‘raenis
409 4795 735 4867 prorupisse
763 4796 1046 4856 libertatis
1067 4799 1391 4870 audaciam,
1421 4807 1487 4857 ut
1518 4815 1635 4857 non
1663 4802 1854 4859 modo-
1917 4797 2132 4855 Christi
2180 4799 2482 4871 possessio,
2524 4796 2615 4853 vel
2651 4795 2956 4852 lizereditas
2986 4809 3127 4864 esse,
3159 4795 3251 4853 vel
3282 4792 3467 4851 Deum
3500 4793 3623 4849 hae-

135 4877 236 4935 sibi
255 4880 354 4952 jus
395 4881 677 4941 habendas
702 4885 968 4957 pecunia:
1002 4887 1318 4958 vindicent,
1353 4888 1452 4945 sed
1481 4895 1537 4945 et
1567 4891 1717 4948 hanc
1753 4896 1833 4950 si.
1919 4885 2154 4943 reditate
2191 4885 2481 4958 possidere
2537 4899 2654 4941 non
2703 4890 2902 4956 potest.
2946 4882 3110 4951 Quod
3160 4891 3351 4940 tamen
3405 4897 3522 4940 non
3553 4882 3625 4940 de

136 4963 308 5052 bimet
340 4985 417 5028 ex
458 4973 710 5044 regulari
737 4976 1072 5034 auctoritate
1121 4986 1440 5052 competere
1472 4980 1836 5052 pertinaciter
1919 4976 2144 5034 clericis
2193 4974 2466 5033 omnibus
2497 4973 2763 5042 dicimus,
2797 4972 2897 5029 sed
2929 4971 2999 5030 de
3031 4971 3122 5029 his
3151 4970 3492 5044 specialiter,
3520 4969 3624 5044 qui

137 5051 274 5110 485
323 5068 672 5119 asseverent.
740 5064 829 5121 Ad
887 5081 1035 5139 quos
1093 5051 1487 5140 probabiliter
1530 5069 1834 5127 revincen-
1920 5053 2195 5122 canonico
2220 5061 2368 5118 486
2400 5069 2708 5122 censentur
2754 5063 3010 5136 nomine,
3043 5067 3098 5120 et
3125 5061 3335 5119 vivunt
3368 5060 3625 5118 in‘conc

140 5141 251 5216 dos,
308 5162 606 5219 possemus
673 5151 914 5224 quidem
971 5152 1226 5227 plurima
1299 5154 1726 5229 Scripturarum
1783 5162 1840 5215 et
1922 5157 2270 5230 gregatione.
2318 5154 2466 5228 Ipsis
2499 5152 2678 5222 enim,
2731 5152 2867 5226 quia
2903 5151 3055 5209 Deus
3100 5151 3358 5220 offertur,
3401 5155 3626 5206 terrena

144 5230 354 5294 Veteris
382 5245 440 5294 et
493 5237 642 5298 Novi
685 5240 1033 5302 Testamenti
1084 5246 1350 5320 exempla
1407 5261 1752 5320 congerere;
1790 5245 1840 5306 si
1922 5245 2204 5320 possessio
2251 5242 2608 5317 prohibetur.
2644 5239 2806 5299 Sicut
2850 5238 2971 5312 ipse
3011 5238 3296 5296 Dominus
3333 5237 3405 5294 ad
3432 5238 3627 5294 Aaron

143 5319 352 5412 priores
415 5327 596 5384 nostri
652 5327 848 5388 Patres
901 5348 967 5390 ac
1037 5319 1314 5393 doctores.
1345 5319 1614 5396 Ecclesia:
1671 5319 1843 5412 super
1925 5335 1989 5393 in
2034 5334 2288 5392 Numero
2327 5332 2602 5406 loquitur,
2650 5329 2893 5387 dicens:
2954 5353 2980 5377 ‹‹
3009 5326 3079 5386 In
3117 5335 3262 5386 terra
3292 5342 3493 5386 eorum
3531 5327 3623 5385 ni-

147 5406 246 5466 hoc
272 5413 525 5473 themate
554 5417 821 5478 funditus
849 5421 1166 5482 siluissent.
1200 5424 1311 5484 Sed
1357 5429 1714 5500 superﬂuum
1742 5406 1841 5486 est
1923 5426 2006 5488 hil
2034 5424 2397 5500 possidebitis
2429 5440 2534 5482 nec
2578 5419 2866 5480 habebitis
2901 5426 3122 5493 partem
3171 5421 3321 5478 inter
3357 5436 3470 5480 eos.
3505 5419 3627 5494 Ego

147 5511 245 5556 nos
291 5502 512 5563 vilibus
560 5509 800 5568 sarculis
833 5510 957 5569 illic
1001 5513 1199 5588 glebas
1225 5515 1550 5589 etfringere,
1584 5517 1686 5576 ubi
1727 5524 1841 5574 tam
1922 5532 2074 5590 pars,
2137 5522 2194 5572 et
2248 5513 2550 5573 haereditas
2605 5519 2703 5573 tua
2755 5511 2818 5571 in
2872 5509 3062 5570 medio
3137 5511 3393 5570 filiorum
3448 5507 3627 5570 Israel
3695 5542 3705 5548 ~

149 5594 369 5653 strenui
411 5596 659 5660 cultores
700 5607 870 5658 terrae
899 5601 1225 5663 viventium
1261 5605 1593 5664 acutissimo
1622 5606 1844 5680 linguae
1925 5607 2111 5676 (Num.
2149 5604 2339 5676 xvullo
2370 5628 2398 5653 "

152 5693 266 5742 suae
302 5699 541 5747 vomere
584 5690 957 5762 reperiuntur
987 5708 1138 5753 arva
1164 5693 1434 5756 sulcasse.
1465 5693 1630 5755 Prior
1669 5695 1848 5769 igitur
