4080 6194
397 266 504 327 483

1084 434 1329 497 CAPUT
1352 435 1427 495 II.

767 547 915 603 Idem
940 548 1081 613 facit
1110 547 1289 601 verbis
1314 550 1382 603 D.
1405 546 1742 616 Hieronymi.

859 266 919 331 s.
960 263 1183 331 PETRI
1220 264 1547 330 DAMIANI
1584 265 1740 327 ore.
1783 260 2032 328 TOMUS
2072 265 2216 329 seu
2255 268 2460 333 mas
2488 263 2590 333 III.
2634 309 2699 319 -
2740 272 3129 343 OPUSCULA
3166 236 3425 348 vitam.

2112 395 2237 455 Aet
2283 398 2574 469 veStitum,
2625 397 2719 458 his
2768 409 3074 464 contentus
3122 421 3242 478 ero,
3289 416 3345 468 et
3389 412 3607 472 nudam
3649 430 3886 476 crucem

3775 284 3887 353 484

2182 484 2379 543 nudus
2407 503 2632 562 sequar.
2668 513 2693 541 ιο
3267 498 3298 562 ’λ

2250 572 2456 667 Beatus
2505 577 2678 636 etiam
2727 580 2970 656 Prosper
3002 600 3136 642 cum
3170 589 3574 663 proprietatem
3615 594 3884 667 pecunia

469 664 582 724 Sed
607 662 656 720 si
688 662 784 719 cui
810 660 880 717 ad
924 658 1237 717 tollendam
1272 657 1577 754 pecuniam
1611 658 1682 715 de
1713 656 1951 754 clericis
1977 654 2096 754 sola
2177 660 2399 754 clericis
2443 668 2789 741 prohiberet,
2835 654 3189 733 sententiam
3224 654 3594 754 deprompsit,
3616 654 3829 743 .dicens
3862 709 3877 743 :

390 755 535 813 tanti
572 748 819 809 doctoris
869 747 1195 815 auctoritas,
1246 747 1491 804 necdum
1546 746 1784 803 fortasse
1826 743 2088 813 sufﬁciat,

391 842 534 916 quid
562 839 733 897 etiam
782 837 983 894 beatus
1033 834 1370 892 inveniatur
1415 850 1590 906 super
1621 836 1730 892 hoc
1769 834 2091 892 decrevisse

387 931 798 1001 Hieronymus,
832 940 950 984 non
979 924 1336 997 negligenter
1376 924 1652 981 attendat.
1682 924 1769 982 Ad
1815 924 2087 982 Heliodo-

384 1034 513 1082 rum
551 1028 805 1089 namque
831 1012 1162 1087 episcopum
1194 1013 1348 1069 inter
1384 1018 1588 1069 catera
1614 1012 1698 1069 sic
1725 1014 1807 1069 ait
1840 1032 1852 1070 :
1892 1037 1913 1065 α
1950 1014 2090 1071 Ani-

385 1104 700 1173 madverte,
750 1100 943 1166 frater,
984 1114 1102 1156 non
1151 1098 1282 1157 licet
1332 1098 1434 1166 tibi
1483 1098 1802 1171 quidquam
1855 1101 1926 1157 de
1976 1101 2090 1158 tuis

383 1192 597 1250 habere
649 1189 842 1247 rebus.
899 1210 924 1236 ει
956 1186 1178 1257 Omnis,
1230 1186 1420 1259 inquit
1465 1185 1768 1256 Dominus,
1825 1188 1926 1262 qui
1972 1203 2086 1247 non

379 1276 800 1338 renuntiaverit
867 1273 1139 1332 omnibus
1190 1289 1324 1346 qua
1379 1273 1650 1346 possidet,
1728 1290 1843 1332 non
1906 1281 2088 1348 potest

377 1383 543 1425 meus
593 1381 718 1439 esse
768 1363 1083 1437 discipulus
1119 1364 1265 1434 (Luc.
1297 1363 1441 1433 XIV).
1473 1387 1500 1409 ι»
1545 1363 1659 1420 Cur
1702 1362 1903 1421 timido
1953 1363 2083 1421 ani-

376 1470 474 1512 mo
503 1451 866 1512 Christianus
891 1466 952 1508 es
978 1448 1005 1508 ?
1048 1448 1263 1522 respice
1292 1464 1423 1506 cum
1463 1447 1630 1506 Petro
1662 1449 1926 1507 relictum
1966 1455 2084 1506 rete

372 1544 594 1612 (Matth.
653 1545 757 1608 ιν),
810 1538 1025 1611 respice
1083 1544 1415 1609 surgentem
1464 1536 1534 1594 de
1581 1538 1793 1595 telonio
1822 1538 2082 1611 publica-

373 1644 518 1688 num
560 1627 750 1686 statim
796 1626 1119 1699 apostolum
1145 1627 1365 1693 (Matth.
1402 1634 1510 1689 ιχ).
1561 1650 1586 1673 ‹‹
1618 1625 1801 1683 Filius
1828 1623 2085 1683 hominis

374 1716 692 1776 nonhahet
719 1715 821 1773 ubi
844 1720 1015 1787 caput
1049 1713 1286 1771 reclinet
1308 1715 1523 1785 (Matth.
1551 1725 1656 1771 Vill
1686 1732 1699 1781 ;
1729 1717 1858 1770 Luc.
1890 1714 1973 1782 1X)
2004 1732 2019 1783 ;

372 1892 647 1951 metiris?
703 1890 1111 1948 Hareditatem
1162 1896 1458 1962 exspectas
1511 1890 1765 1948 saculi?
1817 1891 2082 1948 Gobares

371 1983 582 2043 Christi
615 1999 737 2041 esse
766 1998 883 2043 non
915 1990 1090 2055 potes.
1123 1981 1195 2043 Et
1241 1997 1353 2039 non
1389 1980 1559 2054 longe
1601 1989 1726 2054 post
1762 1982 2079 2041 Dominum

370 2070 630 2131 ausculta
688 2069 1021 2128 dicentem:
1079 2092 1099 2121 ι
1167 2068 1227 2128 Si
1279 2069 1368 2127 vis
1398 2070 1684 2142 perfectus
1720 2087 1864 2141 esse,
1914 2071 2075 2141 vade,

364 2165 422 2218 et
458 2158 643 2217 vende
688 2158 882 2216 omnia
929 2165 1057 2233 tua,
1083 2166 1141 2216 et
1188 2158 1261 2221 da
1296 2159 1665 2230 pauperibus,
1699 2165 1753 2216 et
1802 2159 1954 2227 veni,
1984 2175 2077 2218 se-

367 2263 545 2323 quere
595 2262 687 2304 me
739 2249 958 2317 (Matth.
1009 2257 1157 2313 XIXl.
1192 2269 1219 2303 ››
1278 2246 1367 2305 Tu
1415 2256 1609 2306 autem
1648 2248 1965 2321 perfectum
2022 2255 2076 2307 te

363 2354 490 2397 esse
524 2336 816 2412 pollicitus
865 2353 946 2396 es.
995 2338 1142 2396 Nam
1171 2353 1304 2396 cum
1332 2336 1601 2396 derelicta
1635 2337 1841 2396 mundi
1872 2338 2076 2397 militia

366 2434 423 2486 te
451 2427 705 2486 castrasti
728 2435 958 2503 propter
982 2443 1160 2503 regna
1185 2428 1486 2494 calorum,
1510 2429 1651 2502 quid
1680 2427 1867 2499 aliud,
1897 2445 2072 2503 quam

368 2520 680 2593 perfectam
717 2526 965 2577 sectatus
995 2534 1055 2576 es
1103 2519 1336 2577 vitam?
1389 2519 1683 2578 Perfectus
1726 2526 1921 2578 autem
1951 2536 2071 2578 ser-

361 2628 476 2675 vus
524 2608 738 2670 Christi
790 2609 941 2667 nihil
998 2615 1206 2683 prater
1251 2609 1543 2669 Christum
1600 2611 1770 2669 habet
1811 2636 1823 2669 :
1865 2620 1966 2670 aut
2020 2613 2069 2669 si

361 2717 569 2786 prater
624 2697 925 2757 Christum
992 2696 1161 2754 habet
1212 2697 1372 2772 quid,
1429 2698 1717 2769 perfectus
1773 2714 1888 2756 non
1943 2706 2063 2756 cst:

362 2806 416 2858 et
466 2800 515 2857 si
570 2794 854 2870 perfectus
883 2802 1001 2849 non
1032 2792 1138 2858 est,
1170 2802 1304 2844 cum
1335 2803 1399 2844 se
1432 2789 1755 2861 perfectum
1801 2789 1921 2846 fore
1961 2789 2074 2847 Deo

316 2947 320 2950 .
362 2886 654 2964 pollicitus
708 2881 783 2949 sit
833 2883 986 2949 ante,
1052 2876 1329 2936 mentitus
1383 2883 1484 2933 est.
1544 2901 1573 2927 ‹‹
1621 2875 1822 2935 Omnis
1872 2883 2069 2950 autem,

363 2976 468 3052 qui
501 2972 797 3041 mentitur,
839 2967 1047 3027 occidit
1082 2965 1339 3025 animam
1374 2970 1525 3038 (Sap.
1560 2971 1614 3040 1).
1656 2991 1676 3018 ι

2179 750 2376 842 ςιΟυίει
2414 770 2526 812 non
2558 764 2740 828 potest
2790 759 2871 817 ibi
2926 778 3048 820 esse
3105 750 3312 825 unitas
3351 750 3737 842 voluntatum,
3773 774 3880 835 ubi

2172 839 2348 897 fuerit
2374 843 2675 903 diversitas
2706 847 3063 910 facultatum.
3104 878 3128 903 υ
3172 854 3312 915 Ecce
3364 856 3434 915 ad
3475 839 3875 919 condemnans

2170 929 2323 1001 dam,
2358 941 2417 990 et
2436 934 2699 994 funditus
2724 938 3065 999 abolendam
3095 946 3505 1005 canonicorum
3539 953 3872 1023 pecuniam,

2172 1022 2282 1075 tres
2306 1034 2417 1076 non
2445 1023 2902 1099 qualescunque,
2937 1030 3033 1087 sed
3066 1031 3553 1107 inexpugnabiles
3600 1041 3656 1095 in
3700 1022 3867 1097 testi?

2171 1108 2431 1167 monium
2479 1113 2736 1173 doctores
2758 1117 3128 1180 adduximus
3177 1144 3189 1182 :
3246 1133 3310 1182 ut
3355 1127 3416 1183 in
3471 1142 3568 1186 ore
3612 1129 3871 1189 duorum

2172 1197 2259 1254 vel
2295 1199 2469 1257 trium
2504 1203 2736 1261 testium
2774 1213 2881 1265 stet
2910 1224 3084 1269 omne
3110 1214 3355 1273 verbum
3404 1220 3621 1289 (Matth.
3675 1223 3867 1295 XVIII).

2548 1418 2555 1423 ο
2833 1348 3078 1410 CAPUT
3111 1328 3237 1412 In.’

2452 1446 2840 1507 Canam‘corum
2868 1454 3109 1522 defensio
3156 1474 3319 1527 quam
3355 1463 3582 1529 Ῑνὶυὸια.

2238 1554 2353 1615 Sed
2382 1573 2516 1652 cum
2545 1562 2669 1620 hac
2715 1563 2829 1622 illis
2870 1568 3199 1641 objiciinus,
3246 1574 3356 1648 ipsi
3384 1578 3602 1652 regula
3651 1597 3773 1641 sua
3806 1542 3889 1641 li:

2166 1640 2334 1735 brum
2378 1646 2544 1705 nobis
2574 1651 2836 1722 protinus
2863 1656 3112 1715 oﬁ'erunt
3135 1676 3150 1728 ;
3177 1640 3247 1716 ad
3269 1640 3491 1735 regula
3520 1681 3641 1724 sua
3672 1640 3867 1727 aucto-

981 1733 1015 1811 ll.
1049 1733 1286 1828 recuset
1308 1733 1523 1828 (Matth.
1556 1733 1699 1828 vliu‘;
1729 1733 1858 1770 huc.
1890 1733 1973 1782 1X)
2098 1744 2145 1804 Β
2169 1733 2392 1795 ritatem
2447 1737 2691 1797 redeunt
2731 1761 2743 1799 :
2790 1760 2972 1817 caque
3017 1747 3127 1804 sibi
3172 1733 3532 1824 proprietatis
3571 1757 3865 1828 peculium

373 1810 429 1862 et
477 1811 538 1863 tu
577 1803 800 1911 amplps
851 1803 1124 1911 pprticus,
1172 1807 1228 1858 et
1257 1803 1516 1874 iugentia
1572 1807 1855 1911 tect'or‘pm‘
1900 1804 2083 1911 spatia
2163 1826 2529 1897 concedente,
2598 1833 2714 1904 pati
2796 1803 3256 1911 se'prmju

2281 1855 2529 1906 culicum,
2598 1855 2714 1904 pall
2796 1855 2856 1892 SB
2917 1855 3317 1911 prajuutcmm
3399 1855 3864 1917 conqueruntur.

2161 1911 2341 1981 Quam
2380 1917 2661 1978 nimirum
2692 1923 2948 1994 regulam
2988 1940 3092 1983 nos
3128 1942 3234 1986 nec
3271 1911 3543 1990 funditus
3571 1935 3862 2007 improba-

2161 2018 2312 2072 mus,
2369 2022 2473 2063 nec
2521 2012 2884 2069 autoritatem
2935 2012 3020 2071 illi
3065 2016 3305 2074 omnino
3347 2019 3679 2079 tribuimus.
3721 2022 3862 2081 Pro-

2159 2088 2365 2149 bamus
2391 2094 2548 2151 enim
2582 2096 2641 2152 in
2672 2107 2957 2171 quantum
2990 2102 3199 2161 sanctis
3228 2103 3500 2163 Ecclesia
3531 2108 3861 2169 doctoribus

2159 2173 2431 2239 cbnsonat
2467 2201 2480 2238 :
2515 2184 2821 2258 abjicimus
2858 2197 3072 2261 autem,
3122 2200 3295 2267 atque
3345 2196 3742 2269 conSpuimus,
3796 2199 3860 2257 in

2158 2277 2439 2345 quantum
2470 2273 2819 2332 authenticis
2848 2290 3049 2335 eorum
3078 2279 3541 2341 institutionibus
3574 2300 3690 2343 non
3727 2302 3863 2345 con-

2129 2411 2137 2418 _
2156 2344 2395 2415 cordatf

2230 2442 2341 2501 Sed
2377 2445 2499 2518 jam
2544 2448 2665 2521 ipsa
2716 2449 2954 2510 illorum
3011 2455 3210 2526 regula
3256 2456 3574 2518 deducatur
3612 2459 3680 2517 ad
3734 2458 3887 2521 me?

2154 2529 2340 2603 dium,
2373 2541 2428 2591 et
2473 2542 2669 2594 utrum
2722 2538 3115 2599 indifferenter
3156 2551 3289 2613 tota,
3341 2561 3417 2603 an
3464 2552 3648 2619 caute,
3688 2555 3860 2622 atqhe

2155 2628 2414 2707 suspects
2460 2638 2534 2706 ex
2576 2632 2734 2696 parte
2784 2626 3065 2687 duntaxat
3103 2633 3321 2704 suscipi
3373 2634 3596 2707 debeat,
3642 2630 3703 2694 i’n
3738 2653 3860 2696 una

2152 2706 2350 2798 saltem
2388 2711 2659 2784 paginula
2698 2714 3111 2776 discerpemus.
3144 2718 3285 2785 Hoc.
3312 2720 3481 2794 plane
3507 2723 3569 2781 in
3606 2717 3861 2798 quadani

2157 2796 2284 2870 eius
2327 2802 2595 2873 periocha
2630 2807 2915 2877 reperitur
2949 2829 2961 2867 :
2998 2832 3024 2858 «ι
3072 2811 3434 2880 Sanctorum,
3478 2796 3692 2887 inquit,
3748 2817 3859 2874 Pa-

2158 2892 2311 2946 trum
2365 2892 2650 2950 sententia
2677 2894 2839 2953 docet
2881 2896 3114 2957 clericos
3156 2915 3274 2958 non
3311 2901 3647 2963 divitiarum
3677 2913 3858 2965 secta-

2154 2985 2303 3039 tores
2347 2996 2490 3051 esse,
2524 2998 2630 3040 nec
2680 3000 2769 3042 res
2819 2985 3205 3047 Ecclesiarum
3239 2990 3554 3050 inoﬂiciose
3600 2995 3859 3068 accipere

440 3090 463 3119 ι
497 3063 684 3139 Igitur
719 3066 786 3118 ut
830 3056 1192 3154 concludam,
1242 3054 1289 3154 si
1321 3055 1606 3128 perfectus
1643 3071 1726 3131 es,
1749 3072 1873 3154 cur
1919 3056 2375 3154 bonacdebere.
2408 3068 2519 3138 Qui
2557 3070 2713 3128 enim
2762 3072 3036 3133 Ecclesia
3083 3076 3366 3149 serviunt,
3418 3084 3473 3136 et
3523 3095 3607 3146 ea,
3641 3054 3858 3151 quibus

364 3162 604 3230 paterna
641 3147 931 3210 desideras
960 3147 987 3201 ‘I
1038 3143 1447 3240 Si'perfectus
1473 3161 1702 3240 nones,
1746 3147 2065 3240 Deum__fe-
2093 3143 2295 3229 “opus
2344 3164 2448 3227 est,
2498 3173 2613 3216 non
2657 3159 2914 3230 habent;
2960 3168 3064 3219 aut
3100 3143 3363 3222 libenter.
3394 3143 3704 3240 accipiunt,
3753 3173 3860 3226 aut

364 3242 583 3304 fellisti.
625 3238 854 3299 Divinis
889 3234 1275 3306 Evangelium
1303 3233 1542 3292 vocibus
1583 3233 1846 3293 intonat:
1883 3257 1907 3288 ιι
1940 3236 2067 3295 Non

362 3333 598 3410 potestis
647 3330 875 3408 duobus
934 3325 1188 3385 dominis
1225 3325 1443 3383 servire
1497 3329 1719 3394 (Matth.
1771 3331 1900 3397 v1);
1938 3338 1964 3388 ta
2015 3332 2071 3385 et

362 3422 535 3481 audet
572 3419 881 3492 quisquam
915 3414 1210 3473 Christum
1250 3413 1586 3472 mendacem
1637 3416 1843 3487 facere,
1884 3416 2068 3474 Mam-

367 3527 559 3571 mona
582 3519 636 3567 et
665 3507 914 3567 Domino
963 3504 1267 3563 serviendo
1296 3513 1320 3562 ?
1357 3504 1716 3577 Vociferatur
1752 3505 2067 3580 ille/sape:

370 3621 393 3650 ι
429 3599 491 3657 Si
525 3597 659 3669 quis
701 3594 831 3652 vult
863 3598 986 3666 post
1018 3607 1110 3649 me
1138 3593 1358 3661 venire,
1408 3593 1652 3666 abneget
1698 3595 2071 3667 semetipsum

364 3685 498 3754 sibi,
528 3691 586 3742 et
613 3682 772 3740 tollat
803 3695 1034 3738 crucem
1065 3695 1252 3750 suam,
1294 3687 1348 3737 et
1397 3690 1672 3755 sequatur
1724 3697 1815 3740 me
1845 3685 2066 3752 (Matth.

364 3780 541 3842 XVI);
577 3796 602 3823 ν
636 3778 692 3830 et
742 3786 846 3844 ego
899 3777 1147 3827 onustus
1189 3784 1331 3827 auro
1361 3769 1609 3828 arbitror
1635 3784 1728 3827 me
1773 3769 2067 3830 Christum

362 3860 579 3937 sequi?
614 3885 639 3913 ι)
675 3859 763 3918 Ad
793 3858 1178 3933 Nepotianum
1223 3874 1459 3932 quoque
1501 3859 1905 3934 presbyterum
1926 3857 2068 3933 “post

363 3952 547 4011 multa
586 3950 919 4009 subinfert:
958 3973 983 3999 ιι
1014 3948 1198 4020 Igitur
1224 3946 1489 4017 clericus,
1534 3948 1639 4023 qui
1686 3948 1896 4007 Christi
1944 3964 2064 4007 ser-

362 4042 450 4100 vit
481 4040 776 4110 Ecclesia,
808 4038 1217 4111 interpretetur
1248 4037 1434 4111 primo
1465 4037 1814 4096 vocabulum
1853 4052 2058 4108 suum;

2151 3244 2416 3318 exigunt,
2445 3243 2622 3304 nimis
2661 3247 2966 3305 carnaliter
2999 3248 3252 3321 sapiunt.
3284 3250 3599 3323 Indignum
3639 3252 3856 3328 quippe

2151 3340 2255 3405 est,
2289 3334 2337 3392 si
2389 3335 2599 3405 fidelis,
2657 3343 2712 3394 et
2752 3352 2990 3410 operosa
3037 3339 3265 3398 devotio
3314 3341 3674 3413 clericorum,
3712 3358 3885 3417 pro-'

2152 3429 2275 3495 pter
2304 3422 2656 3495 stipendium
2701 3424 2976 3484 saculare
3024 3428 3263 3500 pramia
3314 3431 3661 3503 sempiterna
3708 3446 3856 3489 con-

2157 3517 2372 3569 temnat
2401 3530 2418 3582 ;
2450 3520 2516 3581 ut
2558 3514 2706 3586 quod
2759 3516 3017 3588 accipiat,
3050 3517 3186 3575 inde
3217 3517 3499 3576 rationem
3545 3520 3762 3592 reddat,
3797 3530 3859 3580 et

2152 3600 2397 3673 peccatis
2445 3600 2654 3661 alienis
2699 3619 2802 3662 sua
2854 3605 3194 3679 multiplicet
3248 3615 3493 3681 peccata.
3536 3607 3702 3668 Unde
3743 3624 3858 3667 ne-

2151 3706 2308 3750 cesse
2346 3700 2451 3757 est.
2505 3693 2624 3751 imo
2674 3695 2816 3753 utile
2865 3696 3107 3765 clericis,
3151 3697 3214 3755 in
3264 3698 3661 3758 ecclesiasticis
3698 3702 3853 3760 acci-

2151 3778 2380 3852 piendis
2410 3781 2758 3854 sumptibus,
2787 3798 2963 3841 suum
2998 3784 3178 3842 vitare
3216 3785 3561 3858 periculum.
3604 3787 3856 3847 Proinde

2148 3880 2265 3931 tam
2291 3873 2361 3931 de
2392 3873 2515 3932 suis
2544 3888 2722 3947 quam
2756 3864 2837 3931 de
2860 3874 3130 3933 Ecclesia
3160 3875 3528 3937 facultatibus
3560 3895 3674 3937 non
3718 3880 3857 3950 plus

2145 3963 2427 4036 accipiant
2451 3969 2551 4021 aut
2579 3964 2815 4036 exigant
2840 3979 3014 4038 quam
3050 3973 3288 4039 oportet,
3324 3967 3381 4025 id
3431 3974 3534 4038 est,
3562 3968 3856 4041 accipiant

2145 4050 2361 4115 cibum,
2417 4055 2475 4108 et
2521 4057 2738 4124 potum,
2782 4057 2837 4109 et
2874 4053 3305 4125 vestimentum,
3354 4060 3410 4113 et
3458 4056 3551 4113 his
3597 4057 3857 4116 contenti

362 4136 419 4187 et
475 4126 729 4186 nominis
778 4124 1117 4217 deﬁnitione
1160 4124 1447 4217 pralata,_
1472 4124 1691 4217 nitatur
1741 4141 1865 4183 esse
1912 4124 2066 4217 quod
2126 4142 2303 4197 sint;
2347 4156 2437 4210 ne,
2472 4141 2604 4213 plus
2631 4142 2996 4216 accipientes,
3029 4124 3307 4217 pauperes
3336 4160 3575 4217 gravare
3609 4145 3856 4203 videam-

357 4215 592 4275 (Ποίων.
633 4214 695 4273 Si
724 4212 885 4297 {illim
928 4210 1107 4285 κλῆρος
1150 4210 1376 4306 θιίωεβ(
1422 4212 1780 4306 Ῑλθῐίηθᾲεονε
1812 4212 2063 4287 appella“
2144 4233 2240 4288 tur
2275 4244 2390 4288 non
2422 4210 2547 4289 sine
2576 4210 2780 4305 grandi
2810 4210 3045 4306 peccato
3076 4256 3088 4290 :
3124 4210 3179 4291 et
3210 4210 3658 4303 nonraccipiant
3693 4234 3857 4292 unde

354 4314 475 4376 tur,
534 4310 830 4377 pr0pterea
869 4310 1148 4362 vocantur
1189 4303 1402 4375 clerici,
1446 4306 1585 4377 quia
1621 4304 1691 4362 de
1735 4312 1886 4363 sorte
1926 4322 2019 4365 ειη

2218 4334 2361 4393 uper
2400 4303 2661 4387 victurus
2698 4303 2893 4378 erat—.‘a
2950 4321 3095 4379 Ecce
3126 4322 3189 4383 in
3220 4321 3313 4379 his
3358 4320 3551 4380 verbis
3601 4320 3726 4379 hac
3766 4337 3859 4379 re-

364 4392 598 4453 Domini
630 4410 651 4473 Ξ
686 4390 779 4448 Vel
806 4391 945 4509 quia
974 4392 1096 4464 ipse
1146 4393 1438 4509 Deminus
1481 4410 1623 4509 80Γῇ
1672 4394 1733 4452 id
1786 4403 1891 4465 θεῖ»
1933 4412 2125 4509 Par?!)
2147 4390 2303 4480 gula,
2339 4409 2436 4467 ubi
2467 4410 2682 4469 scilicet
2710 4408 2948 4469 clericos
2978 4411 3108 4470 cibo
3133 4418 3189 4470 et
3220 4420 3377 4485 potu,
3410 4426 3475 4470 ac
3524 4418 3683 4468 veste
3707 4426 3854 4469 con-

366 4483 700 4509 n‘n-:nl\n‘1m
737 4486 818 4509 nn}
925 4488 941 4509 It
972 4481 1101 4509 ηις-δη
1138 4497 1205 4509 ‘vn
1261 4482 1380 4509 ζηηη
1409 4498 1538 4509 και-ιη
1625 4484 1800 4509 ρηεῖηε
1836 4493 1916 4509 nn‘
1970 4501 2037 4509 ..Α
2158 4504 2165 4509 .
2257 4504 2265 4509 .
2531 4498 2545 4509 ι
2590 4498 2602 4509 ι
2982 4498 2995 4509 ι
3082 4507 3088 4509 .
3208 4507 3213 4509 .
3331 4501 3344 4509 ι
3373 4499 3383 4509 ο
3650 4507 3657 4509 Α

363 4483 705 4541 clericorum
736 4486 839 4537 est.
871 4478 942 4536 Et
970 4481 1107 4553 quia
1138 4479 1230 4539 vel
1260 4482 1382 4554 ipse
1408 4498 1540 4556 pars
1570 4483 1804 4541 Domini
1833 4493 1937 4557 est,
1970 4485 2064 4543 vel

368 4572 687 4631 Dominum
716 4577 938 4647 partem
990 4570 1180 4643 habet,
1241 4572 1413 4630 talem
1463 4589 1525 4631 se
1562 4574 1840 4632 exhibere
1879 4575 2065 4647 debet,

366 4669 433 4720 ut
461 4668 514 4720 et
565 4660 686 4734 ipse
731 4659 1023 4735 possideat
1061 4661 1397 4733 Dominum,
1443 4671 1498 4720 et
1548 4663 1669 4737 ipse
1711 4665 2069 4737 possideatur

366 4766 400 4809 a
427 4750 694 4810 Domino.
727 4748 839 4818 Qui
869 4750 1185 4808 Dominum
1223 4751 1493 4824 possidet,
1534 4761 1591 4810 et
1619 4768 1753 4811 cum
1786 4754 2067 4828 Propheta

363 4838 506 4897 dicit
536 4863 549 4897 :
592 4864 618 4891 α
650 4838 788 4897 Pars
824 4854 952 4897 mea
978 4839 1268 4899 Dominus
1295 4844 1458 4914 (Psal.
1492 4842 1679 4915 LXXI),
1712 4865 1739 4892 ι)
1795 4842 1946 4901 nihil
1976 4860 2071 4902 ex-

364 4934 451 4987 tra
475 4927 792 4987 Dominum
818 4927 1030 4985 habere
1058 4935 1261 5002 potest.
1303 4930 1466 4999 Quod
1498 4931 1546 4988 si
1577 4930 1876 5005 quidpiam
1907 4931 2067 4992 aliud

364 5019 636 5079 habuerit
660 5024 866 5090 prater
898 5017 1230 5088 Dominum,
1263 5036 1394 5093 pars
1418 5021 1545 5093 ejus
1568 5037 1683 5080 non
1732 5022 1842 5081 erit
1868 5023 2067 5082 Domi-

363 5125 497 5169 nus.
529 5106 704 5166 Verbi
733 5108 958 5180 gratia:
997 5107 1060 5167 Si
1109 5124 1340 5181 aurum,
1370 5109 1419 5167 si
1469 5117 1795 5184 argentum,
1831 5113 1879 5171 si
1933 5130 2067 5189 pos-

361 5197 664 5266 sessiones,
701 5195 749 5253 si
782 5195 1004 5254 variam
1032 5197 1474 5270 supellectilem,
1504 5215 1639 5258 cum
1694 5201 1831 5258 istis
1887 5202 2066 5274 parti-

362 5286 473 5343 bus
501 5283 786 5345 Dominus
836 5301 969 5359 pars
997 5284 1125 5359 ejus
1156 5287 1280 5344 fieri
1310 5302 1423 5346 non
1451 5288 1742 5361 dignatur.
1781 5287 1841 5348 Si
1868 5296 2066 5349 autem

364 5370 510 5447 487
555 5389 660 5446 ego
681 5389 814 5447 pars
842 5374 1077 5437 Domini
1108 5390 1261 5447 sum,
1293 5384 1349 5434 et
1406 5377 1711 5436 funiculus
1768 5378 2068 5439 haredita—

362 5460 441 5518 tis
467 5458 610 5534 ejus,
673 5478 779 5521 nec
830 5465 1052 5539 accipio
1095 5476 1285 5539 partes
1332 5467 1396 5524 in
1440 5475 1674 5526 cateras
1718 5469 1926 5541 tribus,
1965 5473 2065 5530 sed

367 5550 534 5625 quasi
574 5551 768 5623 levita,
808 5561 864 5612 et
901 5556 1162 5614 sacerdos
1215 5557 1351 5616 vivo
1378 5556 1449 5615 de
1493 5557 1761 5633 decimis,
1796 5565 1851 5617 et
1898 5559 2067 5621 altari

362 5640 665 5716 serviens,
678 5640 878 5703 altaris
906 5643 1200 5706 oblatione
1244 5650 1554 5719 sustentor,
1595 5646 1817 5707 habens
1850 5648 2065 5711 victum

2155 4504 2338 4554 tentos
2366 4513 2489 4554 esse
2515 4498 2722 4556 debere
2771 4498 3115 4572 promulgat,
3167 4507 3222 4557 et
3252 4499 3575 4565 nobiscum,
3610 4507 3667 4556 et
3714 4515 3854 4558 cum

2154 4584 2328 4644 totius
2377 4585 2648 4643 Ecclesia
2690 4587 3029 4645 auctoritate
3075 4589 3398 4645 concordat.
3447 4586 3609 4656 Quod
3655 4594 3853 4646 autem

2150 4674 2308 4732 illico
2336 4675 2619 4749 sequitur,
2653 4690 2889 4748 prorsus
2918 4676 3260 4743 absurdum,
3296 4676 3557 4751 ineptum
3597 4677 3845 4748 videtur,

2147 4776 2236 4819 ac.
2266 4762 2537 4820 frivolum
2583 4786 2594 4819 :
2634 4787 2659 4813 α
2689 4762 2739 4820 1i
2778 4778 2933 4833 vero,
2975 4763 3186 4837 inquit,
3219 4765 3320 4838 qui
3355 4779 3461 4822 nec
3505 4765 3628 4823 suis
3672 4765 3848 4826 rebus

2150 4849 2468 4920 abundant,
2538 4865 2644 4908 nec
2717 4850 2986 4910 Ecclesia
3052 4851 3264 4910 habent
3327 4853 3731 4924 possessiones,
3788 4861 3849 4913 et

2152 4950 2420 5009 magnam
2471 4936 2780 4995 utilitatem
2848 4939 3119 4998 Ecclesia
3178 4938 3503 5010 conferunt,
3561 4941 3847 5016 accipiant

2150 5022 2209 5081 in
2246 5025 2521 5083 canonica
2561 5026 2999 5100 congregatione
3033 5027 3268 5097 victum,
3303 5034 3359 5084 et
3416 5029 3846 5100 vestimentum,

2152 5119 2206 5171 et
2233 5113 2736 5188 eleemosynarum
2766 5121 2972 5187 partes.
3004 5136 3031 5165 ιο
3065 5113 3213 5183 Quia
3237 5113 3311 5171 de
3341 5112 3556 5172 talibus
3587 5114 3649 5172 in
3694 5113 3850 5173 libro

2152 5202 2417 5276 Prosperi
2445 5202 2656 5261 dicitur
2688 5227 2700 5260 :
2737 5227 2762 5255 α
2794 5202 3021 5274 Clerici,
3053 5217 3198 5277 quos
3244 5201 3534 5273 voluntas,
3566 5210 3668 5262 aut
3697 5202 3847 5272 nat')

2148 5293 2300 5351 vitas
2328 5309 2607 5366 pauperes
2626 5293 2780 5365 fecit,
2812 5292 2873 5350 in
2903 5292 3345 5367 congregatione
3368 5292 3629 5351 viventes
3654 5307 3849 5350 neces-

2150 5382 2301 5439 saria
2319 5379 2466 5437 488
2500 5384 2636 5440 vita
2661 5382 2961 5456 accipiant.
2992 5406 3018 5433 π
3053 5382 3224 5459 Prius
3264 5381 3461 5455 itaque
3508 5381 3604 5439 dat
3626 5381 3847 5439 victum

2150 5476 2206 5526 et
2237 5469 2665 5539 vestimentum,
2704 5469 2913 5528 deinde
2945 5468 3227 5550 divisores
3255 5469 3550 5528 constituit
3593 5467 3844 5527 eleemo—

2150 5573 2451 5633 synarum.
2490 5557 2644 5617 Illud
2671 5557 2890 5617 scilicet
2924 5557 2996 5616 ad
3026 5557 3418 5617 necessarium
3465 5559 3602 5619 vita
3647 5557 3842 5615 subsi-

2148 5648 2352 5720 dium;
2395 5648 2504 5709 hoc
2537 5648 2611 5710 ad
2649 5646 3421 5722 infaroiendamcongeriem
3443 5647 3840 5719 saeculorum;
