4080 6194
193 199 304 259 485

787 194 1040 260 OPUSC.
1082 194 1290 259 XXIV.
1331 231 1398 240 —-
1437 195 1733 259 CONTRA
1773 194 2129 264 CLERICOS
2172 204 2444 266 REGUL.
2489 203 3106 304 PROPRlETARIOS.

3583 215 3695 276 486

187 325 340 385 illud
374 332 440 383 ut
484 323 854 398 corporaliter
899 325 1120 390 vivant,
1174 324 1280 386 hoc
1337 331 1400 382 ut
1446 332 1676 382 aterna
1730 325 1964 383 mortiA
2054 329 2378 389 Audiamus
2447 348 2580 403 ergo
2649 349 2820 408 quam
2911 335 3430 407 conversationem,
3517 355 3692 413 quem

187 416 480 489 pabulum
518 417 796 474 nutriant.

260 505 693 564 Consideranda
732 513 865 565 sunt
893 507 1064 564 etiam
1093 507 1217 581 ipsa
1247 508 1594 581 reptantium
1642 515 1901 582 portenta

187 595 523 661 verborum,
556 603 609 652 et
642 595 1046 666 ignominiosa
1084 603 1255 670 atque
1282 599 1539 655 confusa
1593 597 1901 656 locutionis

187 684 587 758 opprobrium.
627 683 750 741 Nan
789 699 920 741 cum
953 686 1346 757 praemisisset,
1381 695 1444 744 ut
1473 685 1665 743 clerici
1717 685 1900 742 susci-

187 781 554 846 perentcum
588 773 742 830 victu
795 779 850 830 et
903 774 1116 830 vestitu
1159 775 1327 830 etiam
1377 781 1562 846 partes
1585 774 1901 848 eleemosy-

190 877 397 920 narum
431 861 637 936 ;quasi
674 862 856 921 reddit
884 879 1115 921 causam
1137 879 1314 936 quare
1345 864 1486 921 hoc:
1521 863 1657 936 quia
1697 863 1767 920 de
1812 870 1898 921 ta-

185 948 362 1018 libus,
389 951 600 1021 inquit,
630 950 691 1007 in
715 950 862 1008 libro
888 950 1150 1024 Prosperi
1173 951 1419 1010 dicitur:
1449 977 1474 1000 ‹‹
1503 952 1728 1021 Clerici,
1755 967 1900 1025 quos

185 1039 454 1096 voluntas
481 1045 581 1096 aut
630 1039 900 1095 nativitas
949 1054 1226 1112 pauperes
1272 1038 1424 1122 fecit,
1473 1039 1533 1096 in
1586 1055 1896 1113 congrega-

186 1127 344 1185 tione
385 1129 665 1196 viventes,
699 1128 1016 1186 necessaria
1051 1129 1184 1187 vita
1214 1128 1513 1204 accipiant.
1550 1151 1578 1183 »

257 1217 380 1285 Dic,
436 1216 728 1274 Tulliana
792 1220 1132 1276 reformator
1169 1219 1532 1292 eloquentia,
1588 1220 1698 1290 dic,
1748 1235 1897 1276 nove

184 1305 624 1376 Demosthenes,
656 1305 794 1376 quia
820 1305 960 1362 dicit
999 1306 1258 1379 Prosper,
1297 1313 1358 1363 ut
1393 1307 1584 1365 clerici
1633 1323 1894 1376 necessa-

184 1397 270 1453 ria
301 1396 435 1454 vita
487 1395 823 1469 percipiant,
877 1397 1088 1454 idcirco
1136 1397 1394 1469 pracipit
1451 1403 1516 1455 ut
1558 1405 1764 1471 prater
1800 1397 1897 1455 vi-

180 1490 308 1539 ctus
362 1489 415 1539 et
474 1483 836 1552 vestimenta,
911 1500 1013 1557 per
1063 1484 1322 1557 singulas
1379 1487 1551 1543 etiam
1622 1500 1896 1558 personas

178 1569 577 1642 eleemosynas
623 1570 934 1629 dividant?
975 1571 1044 1630 Ut
1077 1573 1245 1644 juxta
1282 1581 1436 1631 tuam
1470 1574 1892 1647 interpretatio-

1983 415 2222 474 vivendi
2250 419 2514 476 ordinem
2559 421 2668 478 sub
2711 422 2980 495 apostolis
3010 423 3236 480 noviter
3271 425 3340 482 ad
3383 426 3557 483 fidem
3591 443 3690 485 ve-

1983 504 2152 562 niens
2181 507 2408 564 tenebat
2438 507 2689 566 Ecclesia
2729 533 2740 566 :
2789 533 2809 558 α
2848 509 3258 578 Multitudinis,
3290 517 3353 569 ut
3397 511 3583 570 Lucas
3610 513 3692 571 ait

1983 593 2126 663 (Act.
2189 600 2290 665 IV),
2345 597 2706 654 credentium
2764 604 2882 654 erat
2937 613 3034 656 cor
3105 615 3316 668 unum,
3383 607 3438 657 et
3494 601 3690 659 anima

1981 697 2117 751 una,
2149 699 2253 741 nec
2297 684 2605 757 quisquam
2649 699 2886 748 eorum,
2913 700 3046 756 qua
3087 686 3412 758 possidebat
3444 688 3684 762 aliquid,

1981 785 2155 827 suum
2205 787 2327 829 esse
2362 771 2626 830 dicebat:
2665 773 2763 830 sed
2808 781 2970 830 erant
3011 774 3130 830 illis
3176 775 3371 832 omnia
3425 793 3687 835 commu-

1982 857 2098 916 nia.
2135 881 2154 909 υ
2189 859 2331 916 Ecce
2378 859 2478 918 ubi
2527 877 2642 918 non
2691 867 2811 918 erat
2859 861 3163 918 diversitas
3213 878 3427 932 rerum,
3457 864 3687 938 vigebat

1981 948 2174 1003 unitas
2218 948 2604 1006 voluntatum.
2661 949 2950 1006 Nimirum
3010 949 3112 1006 ubi
3163 965 3280 1008 non
3335 959 3418 1008 est
3472 952 3686 1011 divisio

1979 1050 2209 1105 census,
2243 1036 2303 1092 in
2340 1037 2617 1095 unionem
2646 1037 2938 1095 charitatis
2966 1039 3355 1111 plurimarum
3401 1043 3686 1099 mentium

1979 1124 2260 1182 conﬂatur
2291 1127 2550 1184 alfectus.
2596 1126 2721 1184 Illic
2749 1127 2905 1184 enim
2950 1143 3114 1185 mens
3158 1120 3192 1185 a
3233 1137 3426 1186 mente
3469 1130 3685 1187 dividi-

1983 1218 2092 1280 tur,
2127 1211 2226 1268 ubi
2275 1213 2611 1282 facultatum
2643 1215 2976 1272 communio
3023 1231 3140 1272 non
3176 1222 3402 1273 tenetur
3433 1235 3444 1274 :
3484 1224 3540 1274 et
3579 1217 3681 1275 ubi

1980 1303 2405 1374 possessionum
2433 1305 2659 1362 diversa
2708 1305 3041 1378 proprietas,
3074 1305 3154 1362 ibi
3188 1321 3354 1362 mens
3380 1306 3680 1377 possiden-

1978 1391 2123 1448 tium
2164 1400 2410 1450 nonest
2463 1409 2598 1450 una.
2649 1395 2721 1449 At
2773 1393 2874 1450 ubi
2932 1393 3364 1450 circumstantia
3409 1394 3683 1467 qualibet

1976 1480 2360 1537 communiter
2399 1482 2784 1554 possidentur,
2815 1481 3178 1538 diversorum
3211 1488 3432 1538 mentes
3459 1482 3518 1538 in
3564 1496 3682 1539 una

1976 1569 2273 1627 voluntate
2319 1578 2713 1656 concurrupt:
2771 1570 2906 1643 quia
2951 1569 3106 1627 unde
3157 1569 3406 1626 invicem
3456 1569 3682 1644 litigare

179 1668 338 1718 nem,
373 1656 692 1712 necessaria
723 1657 858 1713 vita
910 1657 1220 1730 suscipere.
1253 1659 1359 1715 hoc
1391 1657 1482 1727 sit,
1529 1659 1683 1716 victu
1714 1665 1953 1734 veste-13
1975 1657 2184 1715 debent
2223 1673 2338 1740 non
2370 1655 2698 1716 inveniunt.
2747 1657 3022 1730 Quisquis
3069 1671 3202 1729 ergo
3248 1655 3492 1714 clericus
3545 1673 3682 1730 pro-

177 1758 297 1815 que
337 1744 634 1817 perceptis,
687 1745 1080 1820 eleemosynas
1124 1748 1425 1819 dispertire
1450 1749 1476 1803 ?
1518 1745 1698 1816 Quam
1747 1748 1893 1804 bene

177 1830 407 1887 faciunt
444 1831 654 1900 clerici,
695 1834 797 1906 qui
853 1841 902 1890 te
954 1835 1255 1906 praconiis
1300 1835 1564 1896 etferunt.
1625 1835 1727 1907 qui
1777 1841 1892 1890 tam

176 1921 382 1994 gravia
415 1929 585 1995 atque
640 1924 1024 1996 importabilia
1078 1932 1192 1984 tua
1225 1925 1363 1998 legis
1399 1926 1578 1983 edicta
1608 1924 1757 1982 latis
1783 1924 1894 1981 vis-

183 2012 872 2096 ceribugamplectuntur
911 2017 922 2072 !
960 2015 1030 2072 Et
1069 2033 1265 2074 revera
1318 2019 1455 2074 satis
1503 2016 1701 2089 gravia
1759 2022 1893 2074 sunt

182 2108 239 2157 et
301 2102 707 2174 importabilia,
757 2119 888 2176 qua
931 2105 1285 2176 promulgas,
1361 2122 1492 2164 cum
1550 2122 1582 2162 a
1634 2104 1892 2162 maximo

183 2206 378 2262 usque
407 2191 475 2248 ad
528 2193 838 2269 mjnimum
875 2213 888 2263 ;
928 2195 987 2252 id
1028 2201 1131 2264 est,
1181 2196 1352 2254 etiam
1402 2197 1449 2254 si
1498 2197 1745 2255 duorum
1797 2195 1890 2254 vel

185 2279 370 2336 trium
399 2281 473 2336 sit
497 2295 783 2340 annorum
814 2282 876 2339 in
925 2281 1078 2340 clero
1104 2283 1384 2356 puerulus
1411 2302 1427 2354 ;
1459 2284 1726 2358 quinque
1779 2283 1890 2341 sibi

184 2366 370 2425 libras
411 2367 534 2425 vini
565 2377 619 2426 et
650 2377 900 2442 quatuor
929 2371 1111 2444 panis,
1163 2381 1226 2430 ut
1281 2389 1396 2430 non
1458 2373 1528 2431 ad
1581 2374 1886 2443 vomitum,

185 2457 284 2512 sed
311 2458 382 2514 ad
424 2460 913 2518 exenterationem
964 2462 1272 2532 repleatur,
1322 2463 1671 2523 accumulas.
1705 2464 1774 2520 Et
1827 2470 1891 2521 ut

182 2544 360 2612 plena
391 2545 748 2603 discretionis
777 2554 890 2604 tua
926 2547 1111 2605 virtus
1133 2559 1420 2622 appareat,
1456 2551 1563 2608 hoc
1602 2549 1884 2624 pracipis,

183 2640 252 2689 ut
281 2634 453 2690 etiam
481 2635 528 2691 si
555 2636 729 2693 semel
762 2635 820 2692 in
849 2635 943 2692 die
982 2637 1256 2707 reficitur,
1307 2639 1429 2696 hac
1461 2639 1621 2711 panis
1666 2646 1720 2697 et
1762 2639 1886 2696 vini

185 2734 463 2778 mensura
494 2721 825 2781 nullatenus
852 2724 1155 2781 minuatur
1182 2743 1199 2796 ;
1229 2732 1293 2782 ut
1315 2727 1359 2783 si
1383 2727 1555 2799 juxta
1569 2726 1890 2784 sobrietatis

184 2813 306 2864 tua
372 2815 584 2867 metam
635 2811 961 2869 refectionis
1015 2814 1179 2870 frena
1222 2814 1511 2884 laxentur,
1585 2831 1700 2873 non
1767 2815 1886 2887 jam

184 2903 433 2967 ructare,
495 2898 595 2955 sed
652 2915 879 2973 crepare
930 2908 1146 2970 venter,
1199 2908 1256 2960 et
1303 2903 1404 2960 ilia
1447 2904 1884 2978 compellantur.

1976 1745 2230 1817 prietatis
2275 1755 2514 1805 conatur
2555 1747 2761 1804 habere
2793 1745 3104 1820 peculium,
3159 1760 3274 1801 non
3332 1745 3483 1802 valet
3539 1761 3680 1821 apop-

1974 1834 2252 1890 stolorum
2308 1841 2500 1892 tenere
2547 1834 2832 1906 vestigia:
2893 1832 3031 1906 quia
3077 1846 3191 1888 non
3245 1831 3353 1888 erit
3407 1832 3494 1889 illi
3544 1847 3678 1890 cum

1974 1921 2248 1980 fratribus
2285 1938 2380 1980 cor
2405 1938 2588 1980 unum
2633 1931 2686 1980 et
2728 1922 2926 1978 anima
2950 1935 3086 1978 una.
3127 1917 3272 1976 Cum
3302 1919 3450 1977 Juda
3491 1919 3680 1994 siqui-

1974 2011 2103 2068 dem
2146 2011 2361 2070 loculos
2395 2019 2566 2084 atque
2622 2010 2927 2084 pecuniam
2977 2008 3186 2065 habere
3230 2016 3430 2080 potest,
3472 2010 3681 2067 unani-

1974 2101 2232 2158 mitatem
2270 2116 2405 2158 vero
2441 2115 2762 2173 puramque
2807 2095 3172 2156 concordiam
3224 2111 3358 2153 cum
3392 2098 3680 2170 Apostolis

1976 2189 2186 2247 habere
2217 2205 2335 2247 non
2363 2174 2564 2262 'potest
2597 2191 2772 2259 (Joan.
2808 2188 2930 2256 X11).
2991 2186 3072 2243 De
3127 2200 3380 2257 quorum
3411 2183 3680 2245 videlicet

1975 2279 2172 2350 regula
2229 2277 2289 2335 in
2337 2293 2534 2336 eorum
2568 2277 2806 2334 Actibus
2843 2273 3095 2346 legitur:
3130 2272 3296 2343 Quia,
3338 2300 3360 2319 α
3395 2281 3678 2347 quotquot

1975 2380 2324 2437 possessores
2373 2380 2664 2438 agrorum.
2709 2371 2808 2421 aut
2839 2362 3144 2419 domorum
3201 2370 3382 2431 erant,
3417 2363 3674 2427 venden-

1973 2461 2056 2512 tes
2088 2454 2400 2512 atferebant
2442 2453 2622 2527 pretia
2675 2469 2896 2521 eorum,
2928 2467 3061 2525 qua
3094 2451 3423 2507 vendebant
3475 2458 3530 2507 et
3573 2467 3675 2523 po-

1972 2544 2186 2601 nebant
2215 2552 2346 2601 aete
2389 2543 2562 2616 pedes
2585 2540 2974 2614 apostolorum
3005 2540 3146 2608 (Act.
3179 2538 3258 2609 IV)
3301 2556 3314 2594 :
3345 2562 3371 2586 ιο
3406 2537 3509 2595 ubi
3534 2554 3673 2596 mox

1969 2631 2239 2690 additur:
2277 2656 2302 2682 α
2338 2631 2710 2688 Dividebatur
2735 2635 2931 2688 autem
2971 2625 3238 2700 singulis,
3264 2633 3432 2698 prout
3456 2626 3671 2701 cuique

1970 2735 2118 2794 opus
2140 2727 2260 2778 erat
2289 2721 2499 2787 (Ibid.).
2532 2743 2558 2767 ιο
2717 2757 2722 2760 -
3425 2763 3430 2768 .
3551 2795 3553 2799 ι

2045 2810 2155 2868 Sed
2192 2827 2297 2883 age
2345 2813 2486 2885 jam,
2518 2807 2741 2882 clerice,
2775 2808 2876 2884 qui
2929 2806 3305 2869 recondenda
3345 2809 3451 2869 tibi
3497 2826 3678 2886 pecu-

1971 2901 2087 2959 nia
2111 2902 2400 2960 licentiam
2435 2899 2714 2972 vindicas,
2755 2902 2854 2976 qui
2873 2902 2972 2973 jus
3003 2901 3285 2960 habenda
3309 2904 3675 2976 proprietatis

185 2981 369 3040 Plane
409 2993 617 3056 prater
653 2987 967 3046 nonnullas
1006 2997 1333 3048 sanctorum
1374 2990 1608 3049 Patrum
1656 2999 1885 3050 senten—
1909 3006 2234 3088 cusurpas,
2266 2992 2566 3066 responde,
2599 3008 2818 3066 quaso,
2871 2991 3038 3065 cujus
3076 2999 3213 3050 sunt
3264 2993 3560 3051 facultates
3594 3011 3669 3056 ex

185 3072 318 3138 tias,
364 3088 498 3146 qua
545 3075 604 3132 in
653 3078 852 3134 eodem
895 3077 1090 3137 libello
1127 3081 1513 3152 reperiuntur,
1544 3083 1796 3155 apposite
1819 3072 2186 3152 de“quibus
2245 3079 2350 3138 tibi
2401 3079 2536 3138 licet
2591 3080 2799 3138 habere
2836 3081 3182 3154 peculium?
3220 3079 3363 3138 Tua
3409 3081 3680 3143 videlicet

185 3166 397 3218 catero
424 3161 574 3219 sicut
599 3163 660 3218 in
689 3161 891 3220 litteris
916 3163 1099 3238 stylus
1127 3166 1318 3225 horret
1361 3167 1773 3238 incultus,’sic
1827 3171 1890 3228 in
1973 3176 2126 3239 sunt,
2159 3185 2233 3228 an
2265 3169 2588 3229 Ecclesia?
2629 3170 2737 3230 Sed
2785 3171 2833 3228 si
2871 3179 3000 3228 tuas
3057 3170 3163 3227 tibi
3216 3170 3349 3229 licet
3399 3187 3679 3246 usurpare

185 3247 481 3320 plerisque
514 3249 814 3307 sententiis
863 3251 1069 3310 devius
1119 3253 1494 3328 corrigendus
1530 3261 1614 3313 est
1661 3256 1890 3314 intelle-
1972 3260 2268 3335 pecunias,
2306 3261 2594 3334 quomodo
2639 3259 2880 3333 posuisti
2933 3275 3028 3316 eas
3077 3260 3148 3316 ad
3177 3259 3350 3332 pedes
3391 3262 3676 3334 apostolo-

185 3343 335 3395 ctus.
364 3338 619 3397 Nescivit
648 3339 805 3397 enim
834 3341 1098 3400 invenire
1122 3344 1275 3418 quod
1299 3345 1592 3417 scriberet,
1647 3348 1892 3405 nescivit
1973 3345 2152 3404 rum?
2190 3346 2249 3422 Si
2277 3347 2548 3405 Ecclesia
2581 3347 2731 3405 bona
2759 3353 2914 3416 sunt,
2930 3362 3063 3420 qua
3094 3347 3376 3417 recondis,
3408 3362 3511 3404 cur
3539 3364 3674 3421 pro-

186 3427 436 3484 scribere
489 3430 536 3486 si
598 3444 741 3502 quas
798 3430 972 3488 etiam
1023 3432 1270 3505 ineptias
1358 3435 1693 3494 invenisset.
1748 3437 1892 3495 Istos
1974 3438 2098 3511 pria
2143 3435 2584 3509 contempsisti?
2634 3437 2806 3495 Porro
2854 3435 2904 3494 si
2954 3435 3094 3508 quid
3144 3435 3249 3492 tibi
3303 3437 3374 3493 de
3424 3437 3674 3509 propriis

186 3523 386 3572 amant
429 3517 596 3574 ﬂores
651 3518 1018 3592 eloquentia,
1063 3521 1164 3595 qui
1213 3523 1464 3596 spinosis
1502 3524 1761 3585 moribus
1787 3526 1890 3586 ad-
1971 3527 2297 3596 reservasti,
2333 3527 2469 3584 audi
2497 3528 2833 3600 Apostolum
2872 3526 3206 3584 terribiliter
3231 3526 3672 3600 objurgantem:

185 3616 489 3667 versantur
510 3601 910 3669 ecclesiastica
943 3612 1285 3686 disciplina.
1973 3639 2002 3671 α
2033 3619 2167 3682 Cur,
2219 3615 2432 3690 inquit,
2493 3616 2734 3674 tentavit
2779 3615 3018 3675 Satanas
3065 3631 3162 3674 cor
3201 3623 3390 3687 tuum,
3442 3617 3676 3675 mentiri

1971 3712 2024 3763 te
2086 3703 2330 3777 Spiritui
2387 3710 2601 3775 sancto,
2669 3713 2732 3762 ut
2784 3703 3082 3762 fraudares
3127 3702 3198 3760 de
3257 3703 3440 3777 pretio
3493 3703 3680 3777 agri?

1968 3795 2173 3854 Nonne
2211 3810 2454 3854 manens
2492 3793 2596 3850 tibi
2635 3793 2921 3862 manebat,
2955 3803 3010 3852 et
3043 3795 3460 3854 venumdatum
3491 3795 3551 3852 in
3582 3802 3679 3852 tua

1965 3891 2084 3943 erat
2137 3881 2464 3958 potestate?
2513 3882 2702 3952 Quare
2755 3881 2996 3956 posuisti
3048 3883 3109 3940 in
3157 3884 3326 3940 corde
3377 3889 3474 3940 tuo
3526 3884 3678 3939 hanc

1193 3965 1353 4034 ."M"
1967 3989 2088 4031 rem
2115 3975 2140 4030 ?
2168 3973 2295 4032 Non
2322 3989 2384 4032 es
2412 3973 2686 4029 mentitus
2724 3965 3082 4042 hominibus,
3113 3972 3206 4027 sed
3242 3969 3357 4027 Deo
3390 3972 3491 4038 (Ib.
3526 3975 3610 4037 V).
3651 3992 3672 4020 ι

253 4059 572 4121 Enimvero
601 4079 734 4122 cum
763 4066 945 4123 sancti
995 4066 1189 4126 Patres
1217 4067 1278 4126 in
1337 4066 1618 4126 clericalis
1669 4065 1887 4141 peculii
1969 4066 2130 4136 Quod
2165 4065 2214 4123 si
2244 4081 2360 4123 non
2401 4063 2628 4137 propria
2659 4061 2968 4154 possidere,
3001 4061 3098 4118 sed
3127 4059 3677 4154 Ecclesiamconaris

181 4153 660 4212 condemnatione
691 4172 805 4214 non
836 4156 1153 4229 dissonent,
1189 4158 1285 4216 sed
1337 4159 1399 4216 in
1444 4157 1699 4217 districte
1755 4172 1887 4231 pro-
1971 4155 2117 4212 bona
2157 4153 2432 4220 dividere,
2465 4167 2596 4226 qua
2642 4150 2856 4209 scilicet
2903 4147 3232 4207 communis
3271 4151 3358 4205 est
3402 4145 3508 4202 tibi
3539 4161 3675 4204 cum

184 4240 439 4312 hibenda
462 4258 530 4299 ac
567 4242 832 4301 funditus
866 4245 1180 4304 auferenda
1209 4245 1434 4305 clericis
1480 4247 1726 4322 pecunia
1768 4262 1887 4306 uno
1971 4244 2247 4303 fratribus
2276 4267 2289 4314 ;
2322 4244 2416 4301 die
2445 4257 2598 4313 ergo,
2627 4236 2764 4299 Jesu
2805 4239 3092 4312 magister,
3122 4235 3215 4296 dic
3266 4235 3428 4294 fratri
3458 4251 3585 4294 meo
3611 4242 3675 4294 ut

183 4333 412 4405 spiritu,
439 4349 556 4392 uno
599 4333 772 4392 simul
809 4350 907 4392 ore
950 4336 1332 4406 concordent;
1363 4338 1517 4396 unde
1544 4345 1731 4396 tamen
1764 4331 2194 4425 bacndividat
2223 4347 2451 4390 mecum
2475 4329 2890 4425 hareditatem.
3069 4417 3102 4425 υ
3149 4423 3154 4425 _
3456 4415 3466 4425 .

185 4423 505 4492 hauserint,
545 4424 882 4483 accedamus
941 4427 1011 4483 ad
1061 4427 1298 4498 fontem,
1333 4433 1389 4485 et
1415 4428 1751 4502 proﬂuentis
1780 4417 1952 4487 riv1”
2045 4423 2116 4480 Et
2199 4423 2539 4513 notandum;
2618 4419 2772 4513 αυρά
2829 4417 3672 4513 -θνθηὲθιξδίᾶηβνξέωίδθτδῖε

183 4515 560 4588 principalem
592 4524 913 4588 repetamus
939 4516 1242 4589 originem.
1280 4519 1349 4576 Et
1372 4535 1709 4595 quanquam
1731 4521 1892 4578 nefas
1981 4533 2003 4560 ι
2034 4511 2132 4599 Ait
2155 4509 2469 4599 quidamiei
2500 4508 2770 4599 delurba
2803 4511 2949 4599 (13110.
2981 4505 3120 4599 ξω»
3157 4528 3175 4554 ο
3202 4503 3303 4599 ,Τυ
3336 4504 3676 4599 Ῐῖὲξίῖιιθνίιοῐξ

183 4604 270 4660 sit
301 4601 373 4659 de
423 4609 715 4661 tantorum
769 4604 1026 4662 virorum
1075 4591 1722 4679 disputare—sententia,
1775 4623 1892 4666 non
1975 4597 2257 4663 υῐιϐνὶῐθυ
2319 4598 2408 4655 νει
2463 4595 2726 4663 0101⁸1ου8,
2758 4594 2958 4690 εςςίηυῐ
2994 4592 3065 4649 de
3103 4591 3271 4690 ίξπὺὸ
3317 4591 3592 4690 νυιέζᾶξίξν
3624 4595 3679 4690 εξ

186 4707 489 4749 vereamur
529 4700 720 4749 tamen
774 4709 994 4762 eorum,
1037 4694 1145 4752 hoc
1187 4703 1290 4767 est,
1339 4697 1747 4769 magistrorum
1788 4713 1892 4755 no-
1977 4685 2175 4756 laicus;
2211 4701 2346 4759 1‘0g3
2393 4686 2612 4776 δεευιη,
2659 4691 2722 4776 Ψ
2759 4681 2880 4776 libi
2936 4696 3068 4776 (ξιΠΠ
3118 4681 3290 4776 {filim
3340 4687 3437 4736 ίυο
3481 4679 3683 4776 ,ἱξιδθειι

185 4789 434 4838 strorum
469 4780 628 4838 adire
661 4782 936 4850 doctores,
983 4789 1046 4839 ut
1090 4783 1162 4839 ab
1210 4785 1330 4842 illis
1383 4786 1554 4842 etiam
1614 4801 1720 4842 nos
1773 4801 1894 4842 me-
1978 4777 2371 4835 haereditath
2404 4775 2610 4834 dividi.
2667 4773 2774 4865 Cui
2820 4770 3085 4865 protinus
3132 4769 3232 4824 ille
3287 4769 3672 4865 respondeat:

187 4882 419 4926 reamur
475 4868 711 4935 instrui,
762 4884 795 4924 a
845 4868 1060 4940 quibus
1110 4878 1164 4928 et
1214 4872 1396 4930 nostri
1457 4880 1592 4931 sunt
1639 4876 1895 4933 doctores
1981 4891 2006 4917 ε
2035 4868 2242 4934 Homo,
2275 4865 2406 4937 quis
2441 4879 2533 4920 me
2563 4857 3152 4952 constituitjudicem,
3209 4863 3312 4952 aut
3363 4857 3678 4952 divisorem

182 4958 469 5027 instructi,
505 4965 794 5031 quatenus
822 4959 962 5015 dum
991 4959 1119 5018 fons
1149 4963 1401 5035 patuerit
1437 4963 1592 5022 unde
1625 4965 1891 5036 puritatis
1980 4970 2152 5027 ευρθν
2174 4963 2320 5012 V08?
2350 4953 2528 5024 (Ῑδίά.)
2558 4971 2585 5003 »
2619 4947 2871 5020 Moxque
2911 4942 3228 5036 subjmtgat
3255 4961 3268 4999 :
3305 4965 3326 4993 ι
3357 4941 3582 5036 Δνὶίὶίξιθ,
3621 4951 3678 5036 et

844 3794 1086 3856 CAPUT
1141 3793 1239 3856 IV.

723 3920 1003 3978 Convincit
1027 3925 1353 3982 rationibus.

182 5046 347 5104 rivus
408 5045 684 5113 oboritur,
747 5043 1018 5103 fadantis
1077 5056 1132 5104 et
1204 5050 1570 5123 obloquentis
1629 5051 1890 5109 audacia

186 5137 479 5193 temeritas
530 5133 848 5191 refellatur.
880 5132 1112 5193 Constat
1151 5137 1366 5209 itaque,
1417 5145 1472 5196 et
1521 5139 1890 5212 perspicuum

180 5237 285 5298 est,
349 5226 501 5302 quod
552 5224 965 5282 canonicorum
1031 5228 1230 5300 regula
1281 5228 1353 5285 ab
1391 5228 1715 5302 apostolica
1756 5229 1891 5288 vita

182 5331 386 5373 norma
427 5314 739 5388 prodierit;
787 5309 843 5369 et
899 5311 1037 5370 dum
1073 5315 1408 5388 spiritualis
1454 5317 1703 5392 quisque
1752 5333 1889 5375 con-

181 5415 394 5465 ventus
442 5413 659 5465 rectam
703 5407 793 5466 sui
835 5406 983 5465 489
1028 5416 1182 5466 tenet
1231 5405 1450 5464 ordinis
1500 5405 1886 5478 disciplinam,

185 5500 440 5554 teneram
505 5499 930 5572 quodammodo
984 5498 1248 5558 lactantis
1305 5495 1574 5556 Ecclesia
1629 5496 1891 5555 imitatur

185 5584 519 5645 infantiam.

1973 5054 2167 5103 cavete
2194 5045 2266 5102 ab
2315 5043 2476 5102 omni
2527 5041 2790 5108 avaritia,
2852 5036 2993 5112 quia
3034 5049 3150 5092 non
3203 5033 3267 5091 in
3319 5032 3677 5091 abundantia

1975 5136 2320 5209 cujusquam
2359 5134 2475 5191 vita
2504 5132 2629 5204 ejus
2657 5136 2742 5187 est
2771 5144 2844 5186 ex
2879 5126 2970 5184 his
2999 5140 3132 5198 qua
3161 5123 3409 5197 possidet
3439 5123 3627 5190 (Ibid)
3647 5145 3674 5172 ι»

1974 5224 2077 5282 Vis
2106 5239 2241 5297 ergo
2272 5221 2534 5280 dividere
2555 5222 2581 5276 τ
2609 5218 2734 5276 Non
2763 5214 3003 5274 habebis
3043 5213 3240 5271 Jesum
3266 5209 3543 5284 judicem,
3578 5217 3678 5268 aut

1973 5316 2306 5381 divisorem,
2377 5309 2474 5368 sed
2527 5305 2908 5366 schismatica
2957 5300 3148 5375 potius
3191 5297 3498 5357 divisionis
3530 5297 3676 5356 ulto-

1973 5422 2117 5465 rem.
2151 5424 2178 5456 «
2210 5401 2321 5471 Qui
2354 5414 2473 5457 non
2529 5403 2641 5464 .est,
2693 5392 2903 5466 inquit,
2954 5404 3206 5460 mecum,
3257 5387 3532 5444 adversus
3583 5401 3678 5445 me

1973 5500 2059 5553 est
2089 5511 2101 5551 :
2135 5499 2192 5550 et
2223 5489 2325 5564 qui
2357 5503 2475 5546 non
2500 5482 2720 5555 colligit
2747 5494 2994 5547 mecum,
3021 5475 3297 5549 dispergit
3324 5476 3483 5546 (Ibid.
3514 5482 3616 5548 X1).
3646 5500 3667 5528 ι

1974 5583 2150 5642 Porro
2187 5586 2379 5640 autem
2427 5575 2478 5634 si
2518 5572 2623 5633 tibi
2668 5570 2800 5629 licet
2845 5567 3056 5627 habere
3080 5565 3406 5641 pecuniam,
3442 5564 3672 5627 nullam
