4080 6194
297 244 404 303 487

754 242 811 300 S.
856 232 1079 300 PETRI
1120 234 1441 298 DAMIANI
1481 236 1633 296 OPP.
1678 234 1926 296 TOMUS
1970 230 2109 294 SEU
2150 226 2341 292 PARS
2379 233 2483 291 III.
2529 264 2591 274 --
2634 228 3022 290 OPUSCULA
3062 224 3319 287 VABIA.

3684 222 3796 282 488

301 368 532 435 melius,
563 382 736 443 quam
770 373 946 427 tuam.
977 366 1138 437 Quod
1194 364 1239 420 si
1289 378 1417 437 quae
1443 367 1538 420 tua
1579 363 1823 434 fuerant,
1872 361 2260 434 pos-Adotes,
2304 367 2368 418 ut
2418 358 2748 417 ministrent
2793 346 2966 427 ei,et
3021 355 3328 422 excubent,
3379 356 3435 409 et
3483 349 3800 407 observent

297 462 469 529 sides,
509 460 650 532 quid
680 475 814 533 ergo
837 460 909 516 ad
940 454 1233 527 religionis
1263 452 1527 510 ordinem
1577 445 1824 512 veniens
1857 451 2001 510 490

291 554 630 628 reliquisti?
660 554 784 612 Imo
840 568 1105 609 reversus
1152 550 1223 607 ad
1274 549 1560 607 vomitum
1592 551 1772 616 (Prov.
1806 561 1997 619 XXVI;

294 649 349 701 II
370 648 480 702 Pet.
519 650 601 712 Ill,
632 650 685 700 et
714 649 969 701 aratrum
1011 641 1300 709 deserens,
1331 640 1472 696 dum
1502 639 1565 695 in
1626 646 1783 711 terga
1838 640 2001 697 reﬂe—

295 736 400 793 ctis
431 735 726 802 intuitum,
756 733 907 792 ultra
938 748 1053 790 non
1090 732 1202 789 eris
1232 732 1477 787 idoneus
1503 745 1675 803 regno
1726 730 1999 788 caelorum

299 828 451 891 (Luc.
486 824 586 892 IX}.
642 823 743 881 Sin
796 829 987 880 autem
1040 820 1418 880 ecclesiastica
1470 818 1573 875 tibi
1634 819 1796 877 liceat
1854 820 2003 877 bona

298 912 624 981 recondere,
682 911 893 969 videris
946 904 1183 968 auxisse
1235 908 1485 973 divitias,
1514 924 1628 965 non
1663 908 1996 981 sprevisse;

298 1012 363 1063 ut
390 1003 571 1078 magis
620 1003 882 1078 pecunize
938 1008 1247 1075 qumstum,
1301 1014 1471 1071 quam
1530 996 1824 1068 religionis
1877 1013 2001 1054 am-

297 1094 423 1150 bias
479 1092 808 1149 institutum
843 1082 870 1159 ;’
912 1097 966 1147 et
1036 1104 1152 1147 non
1230 1091 1344 1143 tam
1405 1085 1718 1142 sanctitatis
1771 1086 2005 1142 culmen

297 1181 551 1240 voluisse
605 1180 1005 1244 conscendere,
1064 1192 1238 1251 quam
1303 1191 1536 1233 acervos
1588 1174 1851 1247 pecuniae
1904 1191 2005 1232 cu-

301 1271 544 1327 mulare.
601 1270 691 1326 An
751 1264 1168 1341 praerogabitur
1221 1263 1462 1333 clericis,
1514 1262 1668 1335 quod
1721 1277 1835 1319 non
1885 1277 2006 1333 per-

298 1356 457 1414 misit
485 1355 750 1414 Christus
780 1352 1106 1428 apostolis?
1137 1352 1281 1409 Nam
1330 1366 1463 1408 cum
1524 1366 1621 1407 eos
1674 1349 1745 1406 ad
1794 1347 2007 1421 praedi-

301 1447 552 1505 candum
581 1444 847 1515 mitteret,
880 1444 1030 1502 sicut
1061 1442 1287 1499 Marcus
1316 1428 1415 1511 ait,
1448 1439 1719 1512 praecepit
1770 1438 1874 1508 eis,
1934 1453 2006 1495 ne

301 1537 443 1612 quid
472 1535 829 1595 tollerentin
859 1533 974 1603 via,
1010 1531 1121 1589 nisi
1150 1531 1372 1603 virgam
1430 1536 1678 1600 tantum,
1735 1544 1848 1587 non
1904 1545 2008 1602 pe-

302 1639 448 1694 ram,
475 1638 593 1679 non
632 1636 865 1694 panem,
900 1635 1087 1692 neque
1150 1618 1213 1675 in
1267 1616 1424 1675 zonis
1476 1632 1556 1673 tes
1618 1620 1820 1683 (Marc.
1876 1618 2003 1685 VIl;

2085 448 2371 523 quidquid
2425 448 2493 504 ad
2540 448 2767 505 cultum
2822 444 3070 518 pertinet
3122 438 3540 507 multitudinis,
3597 448 3798 495 coram

2085 537 2453 598 tabernaculo
2505 536 2838 605 testimonii,
2895 540 2950 591 et
3010 531 3335 591 custodiant
3403 543 3539 585 vasa
3599 526 3794 609 taber-

2084 629 2279 689 naculi
2334 629 2650 685 servientes
2712 626 2773 681 in
2836 623 3224 680 ministerium
3272 620 3397 691 ejus
3445 638 3456 675 :
3512 617 3798 689 dabisque

2085 721 2233 778 dono
2272 717 2470 775 levitas
2500 720 2714 784 Aaron,
2745 720 2801 771 et
2857 712 2994 769 ﬁliis
3022 712 3164 784 ejus,
3222 708 3438 779 quibus
3474 703 3613 760 491
3670 711 3795 761 tra—

2086 796 2188 865 diﬁ
2218 813 2353 864 sunt
2405 822 2437 861 a
2481 804 2619 861 ﬁliis
2665 801 2841 858 Israel
2887 804 3068 867 (Num.
3126 802 3231 864 III).
3258 818 3284 844 η
3317 797 3509 852 Aaron
3550 794 3792 867 quippe,

2085 904 2140 954 et
2170 896 2319 953 lilios
2348 894 2492 967 ejus,
2524 890 2655 964 quis
2679 888 2931 958 ambigat
2958 887 3052 959 jus
3092 883 3361 941 habuisse
3392 880 3733 953 pontiﬁcum
3764 875 3796 935 ?

2086 986 2323 1043 Tribum
2374 997 2506 1038 vero
2550 978 2693 1036 Levi
2741 978 2874 1051 quis
2918 974 3133 1032 nesciat
3163 970 3497 1045 praetulisse
3529 968 3800 1026 ordinem

2090 1075 2429 1133 clericorum
2460 1080 2481 1127 ?
2516 1067 2735 1125 Levitae
2760 1081 2898 1135 ergo
2931 1066 3146 1130 Aaron,
3180 1068 3235 1117 et
3268 1059 3405 1123 ﬁliis
3432 1058 3555 1129 ejus
3594 1072 3629 1112 a
3661 1054 3803 1111 ﬁliis

2090 1164 2264 1223 Israel
2295 1164 2444 1220 dono
2483 1160 2805 1226 traduntur,
2836 1171 2970 1213 cum
3002 1170 3076 1211 ex
3120 1150 3281 1209 omni
3326 1146 3650 1205 Christiano
3694 1160 3802 1217 po—

2089 1259 2223 1330 pulo
2253 1250 2533 1312 clericalis
2573 1249 2712 1307 ordo
2750 1248 2813 1303 in
2863 1243 3141 1302 excubias
3195 1235 3565 1298 ecclesiastici
3610 1234 3808 1293 cultus

2090 1321 2451 1403 assumitur:
2511 1346 2579 1417 et
2616 1343 2679 1395 ut
2727 1336 3013 1400 assistant,
3076 1338 3247 1404 atque
3296 1326 3627 1398 ministrent
3677 1321 3807 1380 suis

2090 1431 2482 1513 pontiﬁcibus,
2536 1416 2881 1486 oﬂ‘eruntur.
2942 1422 3051 1481 Sed
3105 1417 3372 1495 quisquis
3447 1430 3648 1472 servus
3717 1416 3811 1470 est

2094 1499 2461 1585 mammonae,
2558 1515 2706 1579 ritus
2741 1520 2749 1526 ’
2791 1511 3061 1570 abhorret
3153 1503 3549 1565 ecclesiasticas
3622 1499 3806 1559 disci-

2090 1611 2289 1687 plinae.
3237 1685 3243 1687 Α
3307 1686 3311 1687 ν
3611 1615 3641 1638 θ

306 1710 409 1770 tibi
439 1726 573 1769 vero
604 1710 672 1767 ad
735 1709 890 1778 iBl‘iS,
950 1709 1057 1765 hoc
1111 1712 1196 1764 est
1249 1707 1513 1779 pecunia)
1558 1680 2006 1778 receptaculum,
2024 1680 2112 1775 BI
2165 1701 2280 1758 Nec
2332 1692 2801 1771 praetereundum
2857 1697 2961 1759 est,
3021 1687 3173 1762 quod
3230 1685 3352 1744 illic
3404 1688 3613 1759 praesto
3661 1680 3806 1739 sub-

306 1816 422 1858 non
449 1799 637 1856 dicam
666 1814 825 1861 zona,
858 1796 956 1853 sed
986 1796 1216 1853 utinam
1247 1812 1375 1853 arca
1432 1794 1697 1852 suﬁiciat.
1756 1794 1826 1851 Et
1877 1810 2008 1851 cum

301 1885 609 1961 Apostolus
672 1885 974 1943 avaritiam
1023 1882 1312 1951 idolorum
1363 1882 1624 1940 nominet
1674 1880 2010 1938 servitutem

306 1977 436 2047 (Col.
494 1980 620 2043 III);
678 1973 969 2047 quomodo
1032 1978 1092 2030 tu
1146 1971 1439 2030 Christum.
1498 1970 1655 2037 colis,
1714 1968 1811 2042 qui
1886 1969 2009 2027 ido-

305 2066 429 2122 lum
458 2063 515 2121 in
548 2064 793 2137 pecunia
840 2060 1182 2120 veneraris?
1234 2061 1374 2129 Qute
1422 2067 1505 2119 est
1560 2059 1716 2116 enim
1775 2058 2009 2132 partici-

306 2150 460 2225 patio
485 2149 725 2224 justitiee
748 2165 879 2207 cum
909 2148 1215 2223 iniquitate
1255 2151 1282 2203 ‘t
1306 2154 1405 2205 aut
1457 2164 1589 2221 quae
1620 2147 1857 2205 societas
1895 2146 2011 2204 luci

306 2239 378 2296 ad
408 2241 676 2298 tenebras
699 2242 725 2295 ?
751 2239 891 2309 Quae
914 2246 1106 2297 autem
1163 2238 1465 2296 conventio
1531 2237 1742 2295 Christi
1792 2236 1865 2293 ad
1910 2237 2008 2293 Be-

307 2328 406 2385 lial
430 2328 457 2386 ‘2
484 2330 602 2386 Aut
628 2344 759 2402 quae
802 2345 932 2402 pars
965 2328 1150 2386 ﬁdelis
1191 2344 1323 2386 cum
1362 2326 1632 2385 inﬁdeli?
1663 2329 1731 2399 (II
1760 2329 1877 2384 Cor.
1911 2327 2013 2398 VI.)

308 2416 450 2487 Quis
480 2426 671 2476 autem
703 2433 1023 2476 consensus
1056 2416 1265 2490 templo
1293 2416 1392 2474 Dei
1422 2432 1554 2474 cum
1586 2415 1755 2473 idolis
1783 2418 1810 2471 ?

380 2511 557 2570 Plane
587 2518 839 2572 cum'tu
889 2516 1087 2570 contra
1142 2511 1225 2568 tui
1267 2510 1487 2568 ordinis
1541 2508 1869 2567 institutum
1924 2523 2017 2565 re-

309 2603 510 2662 condis
561 2602 623 2660 in
673 2618 800 2661 arca
866 2600 1195 2676 pecuniam,
1267 2605 1322 2657 et
1376 2597 1619 2656 conﬁdis
1672 2596 1732 2653 in
1800 2595 2018 2654 incerto

309 2693 667 2756 divitiarum,
728 2691 827 2764 qui
877 2692 937 2748 in
994 2691 1113 2749 solo
1181 2691 1297 2748 Deo
1362 2703 1520 2761 spem
1589 2693 1749 2744 tuam
1806 2702 2021 2760 ponere

312 2779 563 2840 debuisti
608 2778 738 2847 (ubi
794 2778 953 2835 enim
1012 2779 1318 2836 thesaurus
1366 2781 1519 2845 tuus,
1552 2774 1633 2832 ibi
1684 2779 1769 2831 est
1822 2774 2021 2847 procul

2088 1770 2392 1863 jungitur:
2432 1787 2627 1857 «Ego,
2662 1783 2741 1840 ait
2772 1781 3077 1849 Dominus,
3126 1776 3235 1835 tuli
3292 1776 3520 1832 Levitas
3578 1788 3611 1829 a
3660 1770 3806 1827 ﬁliis

2094 1861 2291 1949 Israel,
2326 1894 2426 1950 pro
2457 1877 2619 1934 omni
2662 1871 3068 1946 primogenito,
3100 1866 3201 1940 qui
3240 1865 3423 1937 aperit
3470 1862 3705 1920 vulvam
3737 1861 3801 1917 in

2096 1972 2233 2029 ﬁliis
2260 1968 2455 2036 Israel,
2484 1972 2771 2037 eruntque
2802 1960 3020 2019 Levitze
3047 1959 3169 2047 mei
3189 1958 3401 2047 thidj;
3440 1977 3460 2005 ι
3497 1961 3562 2012 ut
3584 1951 3808 2047 liquido

2094 2064 2301 2134 pateat,
2359 2053 2700 2113 clericorum
2758 2049 3021 2107 ordinem
3076 2046 3176 2103 Dei
3224 2042 3634 2117 omnipotentis
3678 2054 3810 2097 esse

2096 2130 2409 2223 peculium,
2443 2144 2591 2201 sicut
2622 2148 2677 2199 et
2722 2140 2844 2213 ipse
2874 2139 3027 2195 Deus
3057 2134 3320 2209 specialis
3366 2140 3451 2191 est
3503 2130 3809 2189 haereditas

2097 2239 2457 2296 clericorum.
2495 2233 2562 2289 Et
2614 2236 2844 2304 quantae
2891 2225 3194 2294 vecordize,
3232 2229 3578 2299 quantaeque
3636 2235 3807 2276 vesa-

2099 2328 2216 2385 nize
2245 2330 2348 2393 est,
2383 2324 2431 2381 si
2459 2323 2532 2379 ab
2582 2336 2668 2389 eo,
2712 2318 2807 2377 cui
2860 2317 3017 2374 Deus
3061 2314 3317 2383 offertur,
3370 2328 3436 2369 eo
3483 2314 3811 2380 contempto

2104 2424 2341 2475 terrenae
2392 2409 2677 2469 facultatis
2708 2404 3077 2464 commodum
3106 2400 3435 2473 requiratur
3454 2400 3480 2453 ‘I
3518 2396 3623 2455 Cui
3653 2395 3812 2453 Deus

2099 2506 2163 2564 in
2186 2503 2519 2564 haereditate
2568 2514 2685 2556 non
2716 2494 2949 2562 sufﬁcit,
3008 2492 3111 2565 qui
3163 2505 3296 2548 eum
3359 2488 3565 2546 satiare
3597 2483 3805 2557 possit,

2099 2601 2368 2673 ignorat;
2412 2593 2549 2666 quia
2578 2587 2790 2649 mentis
2837 2588 2962 2659 ejus
3011 2584 3248 2642 oculum
3276 2580 3496 2639 furiosa
3524 2577 3812 2651 cupiditas

2102 2692 2294 2746 (3330M.

2174 2779 2245 2835 Et
2285 2781 2436 2834 certe
2480 2774 2583 2847 qui
2619 2768 2751 2829 talis
2789 2774 2894 2837 est,
2942 2765 3221 2841 quoniam
3247 2779 3351 2837 pro
3390 2777 3585 2821 amore
3633 2773 3811 2832 pecu-

309 2870 484 2927 (ἲυῦἱο
516 2874 570 2927 ει
599 2884 696 2926 COI‘
737 2872 904 2925 tuum
934 2869 1157 2935 (Matth.
1190 2871 1292 2932 VI).
1328 2880 1442 2923 Ποῖ]
1479 2861 1753 2936 jamjure
1785 2861 2025 2920 Chrisli-
2104 2870 2221 2928 nize
2249 2881 2423 2926 suum
2444 2860 2621 2922 violat
2656 2860 2937 2922 ordinem,
2971 2854 3247 2928 indignus
3273 2859 3358 2911 est
3406 2848 3604 2925 procul
3631 2848 3814 2906 dubio

314 2960 436 3019 cola
464 2958 742 3016 dicendus
769 2972 848 3025 es,
881 2957 978 3013 sed
1006 2952 1381 3013 nummicola.
1418 2953 1487 3009 Et
1529 2968 1661 3010 cum
1692 2952 1761 3009 de
1807 2951 2025 3010 Levitis
2105 2966 2171 3020 ut
2214 2954 2656 3016 ecclesiasticam
2704 2949 2959 3009 obtineat
3012 2945 3373 3019 dignitatem,
3427 2941 3585 2999 Unde
3621 2945 3677 2996 et
3703 2936 3812 2995 sa-

315 3052 597 3111 Dominus
639 3049 828 3107 dicat:
872 3068 893 3099 α
925 3048 1043 3121 Ego
1077 3062 1208 3105 sum
1236 3045 1542 3104 htereditas
1588 3058 1789 3102 eorum
1842 3046 2017 3117 (Num.
2045 3044 2304 3133 Glomon
2336 3046 2453 3103 ait;
2494 3068 2519 3092 ι(
2570 3040 2731 3101 sicut
2769 3038 2872 3113 qui
2913 3034 3088 3095 mittit
3136 3032 3384 3104 lapidem
3431 3031 3492 3087 in
3538 3041 3813 3087 acervum

316 3155 503 3211 XVIII;
561 3145 717 3197 Deut.
746 3148 918 3199 XVIII)
950 3162 962 3195 :
994 3159 1022 3191 υ
1074 3145 1128 3195 et
1182 3144 1244 3195 tu
1292 3135 1589 3210 psalleudo
1634 3135 2023 3208 respondeas:

320 3255 340 3283 α
376 3230 566 3289 Portio
596 3243 725 3286 mea
751 3224 1033 3284 Dominus
1066 3225 1235 3294 (Psal.
1268 3228 1493 3293 LXXII)‘;
1536 3243 1557 3273 ι
1596 3238 1723 3281 ecce
1766 3222 1815 3280 si
1867 3221 2026 3280 ordi-

313 3336 449 3378 nem
509 3325 674 3377 tuum
729 3322 939 3382 teneas,
1001 3314 1049 3373 si
1105 3312 1492 3372 abominanda
1547 3312 1806 3383 pecuniae
1871 3312 2031 3369 lucra

315 3416 664 3477 contemnas,
700 3413 754 3465 et
794 3413 855 3465 tu
895 3405 1202 3464 haereditas
1257 3403 1380 3473 Dei,
1427 3408 1482 3459 et
1525 3402 1678 3461 Deus
1714 3408 1800 3461 est
1840 3403 2027 3460 haere-

315 3503 463 3561 ditas
512 3510 628 3559 tua.
683 3498 794 3557 Sed
846 3503 1025 3555 totum
1071 3498 1179 3553 hoc
1228 3500 1651 3552 sacramentum
1696 3492 1758 3550 in
1802 3492 2026 3550 adulte-

321 3594 473 3649 rium
512 3588 770 3655 vertilur,
803 3587 948 3644 dum
994 3584 1202 3643 infelix
1245 3584 1490 3641 clericus
1536 3582 1798 3656 pecuniae
1828 3598 2028 3640 servus

324 3680 586 3751 efﬁcitur,
629 3678 723 3735 cui
753 3676 1033 3734 nimirum
1069 3684 1339 3748 tanquam
1376 3672 1493 3731 Deo
1523 3690 1622 3746 per
1666 3673 2029 3731 sedulitatem

323 3769 597 3830 CtlStOdiiB
648 3766 980 3824 famulatur.
1020 3765 1146 3837 Ipse
1178 3764 1331 3823 enim
1368 3764 1440 3821 ab
1480 3781 1565 3835 ea,
1615 3779 1793 3837 quam
1845 3762 2026 3836 possi-

325 3859 439 3931 det,
500 3860 747 3933 pecunia
808 3855 1178 3930 possidetur;
1233 3854 1373 3912 dum
1444 3855 1505 3911 in
1566 3870 1631 3912 ea
1686 3870 1782 3911 cor
1830 3853 2027 3925 ﬁgere,

328 3950 499 4023 eique
556 3945 824 4022 pervigili
877 3945 1166 4004 deservire
1229 3944 1506 4015 custodia,
1555 3942 1795 4002 avaritia
1848 3941 2029 4000 domi-

326 4044 518 4109 nante,
580 4037 960 4112 compellitur.
1060 4035 1362 4110 Projiciam
1416 4050 1550 4108 ergo
1607 4033 1898 4091 Christum
1960 4031 2032 4088 de

325 4148 456 4190 arca
501 4129 744 4203 pectoris
790 4130 926 4198 mei,
970 4134 1025 4186 et
1067 4128 1191 4186 loco
1237 4128 1360 4200 ejus
1408 4126 1713 4200 pecuniam
1744 4124 2029 4196 constipa-

330 4221 401 4277 bo
429 4228 452 4276 γ
490 4220 659 4276 Certe
688 4225 801 4276 tam
850 4216 1063 4274 nobilis
1088 4214 1335 4288 pecunia
1362 4214 1624 4272 Christus
1652 4219 1754 4281 est,
1816 4218 1878 4269 ut
1905 4226 2035 4269 con-

330 4308 571 4367 sortium
608 4313 946 4381 aspernetur
984 4305 1222 4362 omnino
1274 4302 1506 4377 peculii,
1560 4319 1665 4360 nec
1708 4318 1842 4360 cum
1872 4300 2036 4359 sorde

2110 3134 2401 3205 Mercurii,
2431 3134 2509 3191 ita
2564 3130 2663 3204 qui
2718 3125 2922 3185 tribuit
2966 3121 3263 3195 insipienti
3316 3122 3593 3178 honorem
3626 3120 3812 3185 (Prov.

2110 3230 2303 3300 XXVI).
2339 3248 2359 3277 υ
2417 3224 2563 3282 Nam
2625 3219 2759 3292 quia
2814 3215 2967 3290 apud
3008 3214 3251 3287 gentiles
3304 3209 3623 3269 Mercurius
3669 3207 3816 3264 deus

2097 3314 2305 3375 sacelli
2344 3308 2678 3381 [f.1ucelli],
2732 3306 2855 3364 sive
2894 3304 3157 3376 pecunia}
3204 3301 3516 3363 dicebatur,
3576 3311 3817 3355 acervus

2113 3406 2383 3468 Mercurii
2430 3401 2701 3462 cumulus
2731 3405 2904 3473 atque
2942 3394 3238 3469 congeries
3274 3399 3359 3451 est
3412 3404 3813 3453 nummorum.

2112 3501 2181 3558 Et
2207 3498 2346 3573 quia
2372 3508 2615 3554 nummo
2642 3490 2839 3563 regula
2892 3485 3201 3545 monetalis
3251 3482 3641 3556 imprimitur;
3675 3477 3817 3553 quid

2109 3567 2635 3663 per-nummorum
2685 3578 3022 3652 designatur
3080 3588 3373 3642 acervum,
3429 3568 3542 3627 nisi
3586 3567 3815 3640 regula-

2112 3659 2290 3751 rium,
2337 3694 2403 3735 ac
2447 3690 2601 3733 verte
2651 3669 2967 3729 sanctitatis
3017 3665 3331 3737 imaginem
3383 3659 3815 3735 prmierentium

2112 3747 2306 3827 concio
2361 3759 2763 3823 clericorum?
2812 3758 2956 3829 Quid
3017 3766 3155 3814 vero
3214 3770 3317 3827 per
3367 3751 3642 3825 lapidem,
3698 3747 3814 3805 nisi

2110 3858 2335 3924 duram,
2390 3852 2676 3921 stolidam,
2743 3855 2796 3906 et
2859 3843 3261 3904 insensibilem
3336 3840 3499 3898 illius
3565 3844 3815 3896 mentem

2111 3946 2446 4019 accipimus,
2480 3940 2581 4015 qui
2616 3942 2755 3997 dum
2814 3938 2997 3995 Deum
3045 3951 3168 3993 esse
3209 3931 3529 4019 indubitata
3560 3929 3671 3985 ﬁde
3701 3942 3816 3985 non

2114 3996 2310 4107 credit,
2340 4048 2499 4106 spem
2549 4044 2713 4088 suam
2764 4028 2827 4084 in
2876 4034 3099 4083 terrena
3155 4022 3415 4097 qualibet
3464 3996 3825 4092 pbssessione

2116 4122 2451 4185 constituit?
2481 4121 2559 4178 De
2609 4134 2723 4192 quo
2777 4133 2878 4189 per
2923 4114 3264 4186 Prophetam
3310 4110 3523 4168 dicitur
3557 4125 3569 4158 :
3604 4132 3624 4158 α
3660 4106 3823 4165 Dixit

2102 4214 2396 4286 insipiens
2431 4212 2493 4268 in
2520 4209 2687 4267 corde
2733 4222 2840 4263 suo
2870 4221 2881 4259 :
2911 4205 3036 4261 Non
3067 4209 3151 4259 est
3188 4202 3339 4258 Deus
3390 4202 3557 4271 (Psal.
3612 4199 3761 4265 XIII).
3793 4216 3814 4243 ι

2122 4284 2274 4375 Huic
2302 4308 2493 4358 autem
2522 4294 2818 4368 insipienti
2848 4300 2986 4351 tunc
3031 4292 3215 4349 honor
3265 4286 3559 4355 tribuitur,
3593 4300 3725 4343 cum
3750 4284 3817 4341 ad

330 4397 592 4473 pecuniae
640 4413 699 4454 se
743 4394 991 4469 patiatur
1021 4393 1262 4452 includi.
1312 4391 1384 4450 Ut
1435 4407 1567 4465 ergo
1623 4389 1884 4449 Christus
1938 4369 2489 4493 pe-Decclesiastici
2518 4383 2733 4457 gradus
2784 4381 3003 4454 apicem
3035 4376 3325 4453 quispiam
3364 4390 3479 4433 non
3534 4374 3670 4441 Deo,
3722 4369 3821 4429 sed

460 4487 470 4493 .
570 4491 574 4493 .
630 4485 640 4493 .
677 4483 691 4493 .
814 4482 823 4493 ι
970 4481 980 4491 .
1094 4482 1105 4493 ι
1186 4489 1193 4493 .
1555 4480 1569 4493 1
2024 4492 2037 4493 η
2290 4476 2377 4493 κεῖ-
2424 4471 2639 4493 3,.Δζι--..
2679 4474 3051 4493 ...ηΑη-Λυηιηκ
3107 4463 3213 4493 απ]
3248 4462 3393 4493 niani»
3449 4472 3818 4493 nnmmnpnm

334 4487 506 4544 eloris
561 4485 645 4543 tui
677 4482 933 4549 loculum
967 4481 1218 4554 impleat,
1275 4496 1462 4539 aereus
1502 4462 1591 4538 ‘ab
1650 4494 1717 4537 eo
1762 4462 2103 4536 nummusu
2123 4476 2385 4553 pecunia:
2416 4471 2641 4530 deditus
2679 4474 3070 4543 promovetur.
3106 4463 3219 4523 Sed
3248 4462 3395 4521 sicut
3449 4472 3822 4518 nummorum

335 4573 643 4645 abscedat;
701 4581 764 4631 ut
795 4570 1056 4631 Christus
1088 4566 1301 4629 anima)
1361 4578 1475 4629 tua;
1528 4568 2043 4628 suum~characte~
2125 4545 2436 4637 dissipatur
2510 4571 2770 4625 acervus,
2803 4556 2852 4612 si
2908 4555 3154 4624 desuper
3218 4549 3364 4622 lapis
3437 4545 3823 4612 immittitur;

335 4680 458 4722 rem
507 4664 824 4738 imprimat,
858 4662 973 4721 vile
1037 4660 1373 4720 didrachma
1408 4650 1669 4719 Caesaris
1728 4657 2045 4730 imaginem
2125 4658 2206 4715 ita
2265 4671 2364 4729 per
2426 4650 2651 4723 indigni
2723 4648 2846 4707 sive
2928 4643 3132 4717 Iapidei
3215 4639 3455 4714 pastoris
3532 4649 3823 4696 accessum

337 4754 654 4827 praeferens
678 4756 996 4814 evanescat.

1031 4924 1272 4989 CAPUT
1302 4924 1369 4987 V.

491 5062 618 5130 Quae
640 5056 789 5115 mala
819 5074 886 5114 em
907 5060 1123 5131 peculio
1150 5061 1399 5113 oriantur
1426 5058 1568 5111 inter
1595 5054 1898 5111 canonicos.

411 5198 633 5263 Peculii
692 5200 943 5275 denique
998 5199 1309 5273 proprietas
1366 5197 1519 5266 facit,
1570 5203 1635 5257 ut
1701 5196 1894 5255 clerici
1955 5193 2046 5254 sui

345 5295 632 5368 pontiﬁcis
658 5293 1040 5363 dedignentur
1062 5289 1372 5364 imperium
1403 5311 1415 5359 ;
1450 5296 1513 5349 ut
1558 5286 1904 5362 disciplinae,
1955 5284 2049 5344 vel

349 5385 691 5445 obedientize
744 5399 939 5443 veram
1013 5383 1335 5457 libertatem
1417 5383 1700 5449 deserant,
1778 5386 1835 5437 et
1896 5379 2048 5451 turpi

346 5476 681 5535 fcedissimze
730 5474 1038 5534 deditionis
1099 5472 1403 5547 opprobrio
1468 5469 1848 5530 saecularibus
1904 5466 2051 5525 colla

350 5568 714 5627 submittant.
767 5568 914 5627 Cum
956 5565 1238 5625 Dominus
1282 5563 1463 5637 Moysi
1508 5562 1703 5619 dicat:
1752 5582 1774 5611 ι
1809 5558 2051 5633 Applica

353 5657 568 5719 tribum
598 5658 762 5731 Levi,
806 5663 862 5717 et
896 5658 984 5716 fac
1027 5663 1177 5717 stare
1227 5657 1291 5715 in
1320 5657 1624 5728 conspectu
1648 5653 1842 5711 Aaron
1871 5666 2049 5710 sacer-

2130 4747 2299 4823 quasi
2357 4742 2706 4815 constipatus
2749 4738 2888 4796 ordo
2947 4732 3265 4792 destruitur
3312 4729 3651 4804 regulariter
3691 4740 3823 4799 gra-

2129 4818 2432 4905 dientium,
2486 4840 2540 4892 et
2588 4832 2649 4889 in
2695 4829 2967 4889 charitate
3011 4822 3402 4883 obedientium
3464 4818 3824 4877 clericorum.

2129 4928 2412 4987 Gravatur
2441 4922 2600 4981 enim
2639 4918 2777 4977 mali
2808 4913 3049 4990 pastoris
3072 4908 3433 4977 umbraculo,
3471 4914 3525 4964 et
3555 4913 3831 4979 tanquam

2128 5029 2509 5077 nummorum
2582 5010 2901 5070 caelestium
2964 5002 3256 5073 cumulus,
3326 4998 3554 5081 tartarei
3624 4993 3830 5068 lapidis

2130 5106 2281 5169 mole
2316 5106 2588 5165 diruitur.

2204 5197 2389 5258 Stulto
2434 5194 2629 5268 igitur,
2671 5199 2725 5251 et
2764 5185 3061 5265 insipienti
3108 5178 3482 5257 denegandus
3513 5182 3598 5237 est
3644 5174 3831 5234 honor

2130 5284 2566 5355 ecclesiasticus,
2632 5299 2704 5342 ne
2765 5288 3093 5346 sanctorum
3151 5274 3492 5334 clericorum
3550 5275 3827 5344 tanquam

2134 5392 2511 5439 nummorum
2542 5371 2929 5449 spiritualium
2971 5373 3262 5441 mergatur
3294 5378 3555 5423 acervus.
3584 5361 3663 5419 De
3713 5373 3831 5432 quo

2135 5466 2399 5527 videlicet
2439 5464 2617 5524 stulto
2644 5462 2817 5537 paulo
2857 5461 3126 5534 superius
3176 5459 3332 5517 idem
3373 5455 3642 5515 Salomon
3682 5450 3764 5508 ait
3813 5466 3827 5506 :

2136 5582 2162 5610 ς(
2189 5559 2440 5618 Claudus
2472 5555 2730 5629 pedibus,
2776 5558 2830 5611 et
2860 5550 3224 5623 iniquitatem
3254 5547 3480 5617 bibens,
3510 5543 3609 5617 qui
3630 5628 3635 5629 γ
3658 5538 3835 5629 mittit

2134 5648 2307 5709 verba
2341 5661 2443 5721 per
2473 5627 2744 5705 nuntium
2803 5640 3047 5699 stultum
3101 5642 3281 5711 (Prov.
3311 5636 3505 5704 XXVI).
3538 5652 3566 5685 »
3611 5627 3865 5698 Quibus
