3994 6188
934 141 961 155 κο

283 349 398 436 489

884 350 1136 409 QPUSC.
1179 348 1383 408 XXIV.
1430 380 1495 390 -
1534 347 1831 407 CONTRA
1869 346 2227 409 CLEBICOS
2265 351 2538 410 REGUL.
2583 351 3199 414 PROPRIETARIOS.

3681 354 3784 413 490

288 475 576 534 nimirum
624 474 815 532 verbis
840 472 1001 548 'quid
1037 474 1199 533 aliud
1231 472 1462 532 videtur
1489 488 1851 547 expressum,
1886 472 2341 545 nisiAclericus,
2381 475 2482 548 qui
2514 482 2712 549 captus
2745 485 2829 535 est
2867 493 3064 535 amore
3098 476 3385 551 pecuniae,
3420 494 3787 552 nequaquam

284 572 351 624 ut
389 564 699 623 carnaliter
727 564 991 638 sapienti,
1028 580 1093 622 ac
1121 579 1222 637 per
1258 565 1365 621 hoc
1402 562 1576 622 stulto
1612 562 1849 622 cuilibet
1878 578 1995 620 non

282 646 683 712 committatur
748 653 1179 726 praedicationis
1240 653 1491 712 oﬂicium
1540 652 1568 711 ?
1634 652 1994 715 De.sanctis

282 746 439 802 enim
472 741 948 817 praedicatoribus
976 742 1229 801 dicitur:
1273 768 1294 795 κ
1341 742 1520 812 Quam
1553 743 1792 816 speciosi
1820 741 1991 815 pedes

279 833 812 910 evangelizantium
861 825 1080 907 pacem,
1138 833 1661 906 evangelizantium
1712 833 1862 891 bona
1905 836 1918 889 t
1968 857 1983 884 ι

282 929 429 997 (Isai.
490 939 610 993 LII;
652 928 806 983 Rom.
852 927 931 994 Χι)
987 924 1188 997 Itaque
1236 924 1487 998 quilibet
1538 925 1841 997 ,ordinator
1886 925 1990 982 Ec-

279 1014 472 1073 clesia
522 1013 573 1070 si
616 1013 824 1086 dignos
875 1018 929 1069 et
971 1012 1209 1070 idoneos
1250 1013 1313 1070 in
1360 1012 1636 1085 dignitate
1674 1013 1989 1083 constituit,

281 1105 449 1179 quasi
490 1102 739 1177 pedibus
778 1102 944 1161 rectis
981 1101 1213 1160 incedit.
1254 1102 1362 1160 Per
1400 1117 1497 1160 eos
1548 1102 1709 1159 enim
1747 1103 1991 1160 verbum

283 1194 606 1269 spargendo
655 1189 803 1247 492
856 1193 1309 1265 circumquaque
1358 1193 1677 1250 discurrit:
1733 1199 1790 1250 et
1837 1193 1985 1266 quod

284 1282 388 1356 per
425 1280 804 1355 semetipsum
856 1295 976 1338 non
1032 1279 1183 1338 valet
1220 1272 1409 1352 agere,
1460 1297 1562 1354 per
1613 1281 1744 1340 illos
1788 1280 1993 1353 satagit

283 1370 590 1429 efﬁcaciter
644 1369 980 1443 adimplere.
1033 1367 1135 1426 Sin
1182 1376 1383 1428 autem.
1424 1370 1684 1451 carnales
1728 1386 1991 1446 quosque

282 1476 349 1517 ac
376 1459 649 1532 reprobos
681 1458 948 1516 ordinare
984 1466 1318 1531 praesumat,
1355 1458 1446 1515 hic
1480 1458 1719 1518 claudus
1749 1458 1993 1532 pedibus

282 1546 564 1609 ambulat.
596 1549 708 1619 Qui
739 1539 911 1608 etiam
939 1548 1308 1623 iniquitatem
1337 1550 1537 1609 bibere
1566 1552 1817 1621 dicitur;
1857 1552 1993 1625 quia

282 1646 426 1703 dum
465 1642 641 1702 verba
686 1650 899 1701 sanctae
936 1642 1361 1717 praedicationis
1405 1659 1505 1717 per
1552 1642 1796 1703 stultum
1838 1660 1990 1719 nun-

282 1735 432 1793 tium
477 1733 670 1799 mittit,
724 1738 778 1790 et
828 1740 1027 1790 contra
1065 1732 1429 1806 Apostolum,
1470 1733 1586 1791 cito
1632 1749 1841 1791 manus
1888 1733 1995 1791 im-

2077 561 2320 622 idoneus
2356 569 2441 621 est
2480 564 2552 621 ad
2600 566 2984 623 ministranda
3036 565 3209 623 verba
3267 566 3564 624 doctrinae.
3621 566 3785 636 Quod

2077 652 2248 729 etiam
2286 652 2346 711 in
2378 671 2465 725 eo,
2502 655 2655 729 quod
2694 656 2960 729 superius
3006 655 3433 729 proposuimus,
3464 657 3787 729 apostolico

2078 722 2400 801 dedlaratur
2428 722 2713 819 exemplo.
2750 722 2894 803 Nam
2929 722 3063 804 cuin
3097 722 3388 819 Scriptura
3418 722 3738 820 praemittat
3770 773 3782 805 :

2086 856 2108 879 ι
2146 832 2541 892 Multitudinis
2577 836 2940 894 credentium
2980 842 3100 894 erat
3136 851 3234 894 cor
3267 853 3475 908 unum,
3509 844 3564 895 et
3591 839 3789 897 anima

2076 934 2194 1003 una
2224 938 2237 987 ;
2278 941 2300 968 ι
2334 935 2590 993 moxque
2623 922 2930 993 subjunxit
2963 947 2974 980 :
3014 946 3040 973 α
3075 922 3193 980 Nec
3220 924 3532 998 quisquam
3561 941 3788 997 eorum,

2076 1024 2210 1082 qua:
2266 1008 2624 1082 possidebat.
2676 1010 2899 1084 aliquid
2958 1028 3312 1091 suum'esse
3365 1014 3642 1087 dicebat;
3690 1018 3789 1075 sed

2073 1104 2240 1155 erant
2289 1098 2408 1157 illis
2456 1100 2656 1158 omnia
2707 1101 3085 1171 communia;
3141 1126 3165 1153 ν
3204 1104 3470 1177 protinus
3521 1106 3784 1165 addidit:

2080 1210 2100 1236 κ
2136 1186 2207 1244 Et
2239 1188 2454 1245 virtute
2485 1203 2692 1261 magna
2732 1189 3045 1248 reddebant
3100 1192 3365 1265 apostoli,
3391 1183 3825 1258 testimonium-

2073 1278 2511 1336 resurrectionis
2569 1278 2705 1337 Jesu
2758 1277 2969 1337 Christi
3022 1280 3256 1339 Domini
3288 1284 3490 1354 nostri,
3523 1288 3579 1341 et
3605 1284 3788 1356 gratia

2076 1384 2287 1440 magna
2333 1376 2454 1426 erat
2508 1370 2569 1427 in
2620 1370 2892 1449 omnibus
2945 1370 3101 1435 illis:
3138 1396 3161 1422 υ
3199 1372 3407 1431 deinde
3452 1374 3784 1432 subinfert:

2081 1482 2108 1509 α
2129 1457 2246 1515 Nec
2266 1458 2422 1517 enim
2446 1458 2753 1531 quisquam
2779 1475 2953 1529 egens
2976 1466 3096 1517 erat
3120 1461 3273 1518 inter
3296 1461 3426 1520 illos
3447 1464 3594 1532 (Act.
3616 1468 3719 1532 Iv).
3753 1486 3777 1514 υ

2147 1546 2295 1616 Quid
2342 1554 2539 1606 autem
2571 1547 2683 1605 sibi
2729 1548 2878 1619 vult,
2911 1550 3064 1621 quod
3111 1550 3292 1622 hujus
3327 1566 3504 1608 sacrm
3545 1552 3788 1626 scriptor

2074 1634 2354 1703 historiae,
2397 1634 2539 1693 dum
2586 1635 2657 1692 de
2701 1635 3055 1693 continentia
3092 1635 3349 1712 loquitur
3384 1640 3691 1712 apostolica
3732 1646 3789 1698 et

2076 1723 2375 1781 communi
2419 1723 2557 1793 vita,
2591 1730 2824 1797 repente
2853 1724 3022 1797 quasi
3053 1726 3355 1805 materiam
3388 1726 3783 1802 interrumpit,

283 1825 451 1898 ponit
480 1828 533 1892 (Ι
577 1827 715 1880 Tim.
749 1823 824 1895 v),
857 1823 1101 1899 peccatis
1144 1824 1535 1881 communicat
1578 1824 1804 1884 alienis,
1848 1824 1991 1882 Nam
2014 1820 2130 1896 Bet
2182 1814 2252 1871 ad
2304 1814 2687 1871 enarrandam
2740 1814 3168 1888 praedicationis
3219 1819 3602 1878 constantiam
3658 1828 3785 1878 tan-

278 1924 337 1975 et
389 1917 439 1975 si
495 1915 808 1990 prudenter
862 1916 1113 1991 quisque
1174 1915 1461 1989 loquatur,
1525 1917 1573 1974 si
1631 1923 1825 1975 tamen
1880 1932 1996 1975 non

280 2006 404 2078 agit
440 2004 564 2078 ipse
601 2007 757 2078 quod
778 1998 1068 2079 loquitur,
1104 2007 1165 2065 in
1200 2006 1485 2080 spirituali
1520 2007 1759 2067 claudus
1792 2009 1998 2066 itinere

282 2095 744 2153 non~immerito
782 2096 1094 2169 judicatur.
1135 2095 1300 2155 Unde
1344 2103 1398 2154 et
1434 2096 1556 2153 illic
1587 2103 1717 2170 apte
1746 2097 1995 2169 subjun-

281 2185 486 2258 gitur:
547 2208 573 2236 α
616 2184 917 2254 Quomodo
961 2184 1232 2258 pulchras
1272 2185 1485 2243 frustra
1532 2186 1704 2244 habet
1753 2186 2033 2244 claudus

285 2271 483 2341 tibias,
528 2271 611 2329 sic
663 2271 938 2330 indecens
996 2277 1081 2329 est
1132 2272 1192 2329 in
1236 2287 1335 2330 ore
1378 2272 1686 2330 stultorum
1731 2270 1999 2346 parabole

287 2364 472 2432 (Prov.
513 2363 703 2433 XXVI).
748 2383 772 2412 ι
814 2361 1081 2435 Pulchris
1130 2361 1303 2435 plane
1354 2361 1628 2423 innititur
1667 2361 1843 2430 tibiis,
1898 2360 2000 2433 qui

284 2449 775 2508 luculenti-nitet
818 2448 1081 2519 Claritate
1140 2449 1442 2506 sermonis.
1507 2447 1617 2506 Sed
1674 2448 1816 2515 dum
1876 2446 2000 2503 sine

283 2537 460 2595 bonis
491 2537 763 2611 operibus
801 2542 1134 2595 accuratum
1173 2536 1444 2609 deprimit
1481 2536 1804 2612 eloquium,
1841 2535 2000 2593 velut

286 2628 419 2685 sine
452 2643 655 2700 gressu
693 2634 994 2700 promovet
1038 2632 1189 2685 recta
1230 2642 1401 2685 crura
1443 2626 1775 2685 verborum.
1826 2625 2000 2696 Quasi

281 2719 564 2793 pulchras
609 2735 743 2793 ergo
795 2720 963 2779 habet
1019 2719 1189 2776 tibias
1233 2718 1313 2797 ad.
1345 2717 1831 2786 videnduuused
1882 2732 2000 2775 non

287 2807 468 2868 utiles
515 2810 593 2866 ad
638 2808 1041 2881 gradientium,
1085 2808 1188 2883 qui
1239 2808 1560 2901 podagricis
1602 2806 1881 2865 vitiorum
1926 2806 2002 2864 la-

283 2901 458 2974 queis
508 2899 839 2969 innodatus,
899 2900 1022 2972 ipse
1085 2899 1327 2972 quidem
1399 2898 1640 2971 turpiter
1697 2898 1998 2968 claudicat,

285 2988 438 3045 dum
465 2986 627 3056 alios,
659 2994 724 3045 ut
749 2987 978 3060 agiliter
1005 2986 1365 3060 gradiantur,
1392 2985 1621 3044 invitat.
1654 2984 1721 3043 In
1758 2985 2001 3042 istorum

285 3092 430 3150 ergo
490 3075 802 3134 stultorum
856 3090 953 3132 ore
1006 3075 1280 3149 indecens
1335 3084 1420 3134 est
1468 3075 1737 3153 parabola
1782 3092 1800 3143 ;
1864 3072 2002 3147 quia

2077 1908 2257 1977 quam
2326 1911 2547 1965 mutato
2596 1905 2747 1978 stylo
2809 1905 3049 1977 prosilit,
3113 1906 3313 1965 dicens
3367 1933 3379 1967 :
3454 1909 3524 1967 Et
3577 1912 3789 1971 virtute

2079 2008 2290 2066 magna
2388 1994 2704 2053 reddebant
2768 1996 3043 2068 'apostoli
3140 1994 3287 2052 493
3384 2000 3785 2059 testimonium

2080 2084 2566 2142 resurrectionis?
2618 2085 2733 2143 Cur
2786 2085 2890 2144 uni
2942 2087 3200 2144 materiai
3238 2086 3413 2146 aliam
3460 2089 3786 2165 interpolat,

2081 2172 2183 2245 qui
2229 2180 2473 2246 emptam
2520 2174 2789 2246 persequi
2832 2181 2884 2232 et
2926 2175 3265 2235 continuare
3299 2177 3616 2250 debuerat;
3653 2181 3783 2251 nisi,

2082 2266 2146 2319 ut
2192 2270 2448 2336 patenter
2493 2265 2774 2335 ostendat,
2810 2268 2949 2341 quia
2982 2268 3069 2325 illi
3100 2269 3385 2328 duntaxat
3419 2270 3614 2351 idonei
3652 2264 3790 2331 sunt

2080 2351 2152 2410 ad
2180 2354 2606 2426 praidicationis
2633 2356 2911 2425 oﬁicium,
2944 2358 3045 2431 qui
3072 2359 3303 2417 nullum
3337 2368 3583 2419 terrenae
3615 2364 3791 2421 facul-

2082 2441 2211 2497 tatis
2235 2441 2529 2514 possident
2556 2443 2817 2502 lucrum:
2853 2452 2906 2501 et
2931 2446 3076 2504 dum
3102 2446 3323 2520 aliquid
3351 2448 3645 2520 singulare
3671 2466 3789 2508 non

2087 2531 2314 2599 habent,
2360 2534 2745 2591 communiter
2781 2535 2979 2593 omnia
3012 2536 3350 2608 possident?
3384 2538 3545 2596 Nihil
3573 2539 3790 2598 scilicet

2082 2622 2379 2694 habentes,
2430 2630 2486 2681 et
2534 2624 2731 2683 omnia
2764 2627 3117 2699 possidentes
3149 2628 3220 2702 (II
3246 2631 3364 2687 Cor.
3396 2633 3495 2702 VI).
3531 2631 3579 2689 Ii
3610 2633 3787 2690 nimi-

2082 2714 2393 2783 rum,dum
2416 2715 2599 2773 nullis
2622 2722 2979 2777 terrenarum
3012 2735 3205 2778 rerum
3238 2722 3673 2795 praepediuntur
3700 2726 3821 2784 ob-"

2058 2882 2062 2893 ,
2085 2802 2339 2873 staculis,
2358 2804 2614 2877 expediti
2639 2812 2791 2863 stant
2812 2823 2913 2880 pro
2939 2806 3259 2866 Dominicis
3280 2811 3479 2868 castris
3506 2811 3567 2868 in
3589 2828 3791 2886 campo

2084 2892 2455 2960 certaminis;
2489 2896 2545 2951 et
2575 2894 2712 2969 quia
2751 2897 2923 2954 rebus
2955 2898 3138 2970 exuti,
3180 2898 3319 2957 solis
3366 2901 3650 2960 virtutum
3698 2918 3791 2961 ar-

2086 2981 2198 3039 mis
2239 2982 2497 3053 accincti,
2536 2985 2727 3060 gladio
2770 2986 3029 3059 spiritus,
3074 2988 3355 3048 adversus
3394 2991 3669 3050 vitiorum
3714 2991 3798 3049 di-

2085 3070 2301 3129 micant
2358 3074 2531 3145 acies,
2582 3074 2778 3133 idonei
2836 3077 3140 3155 bellatores
3187 3086 3323 3137 sunt
3373 3081 3794 3140 obluctantium

285 3166 438 3224 dum
505 3164 884 3239 spiritualiter
941 3166 1168 3233 sonant,
1229 3169 1284 3221 et
1347 3164 1655 3222 carnaliter
1715 3163 1997 3231 victitant,
2018 3195 2062 3254 Ο
2088 3161 2342 3220 hostium
2369 3163 2713 3224 obtruncare
2743 3168 3012 3226 cervices.
3046 3168 3157 3228 Cui
3190 3169 3471 3228 nimirum
3501 3171 3651 3229 bello
3679 3172 3795 3229 im-

288 3271 497 3315 eorum
545 3256 665 3313 vita
708 3272 847 3313 cum
896 3254 1067 3311 labiis
1112 3269 1229 3312 non
1274 3254 1595 3313 concordat.
1633 3254 1791 3323 Quos
1822 3252 1999 3310 nimi-

290 3363 431 3406 rum
460 3348 701 3405 honesta
738 3347 1059 3421 loquentes,
1091 3346 1191 3403 sed
1224 3346 1530 3405 inhoneste
1563 3349 1821 3404 viventes
1853 3362 2003 3419 prae-

289 3434 507 3494 dicatio
561 3444 712 3494 recta
760 3452 877 3497 non
920 3435 1146 3503 liberat,
1206 3436 1306 3494 sed
1360 3437 1603 3494 mordax
1654 3435 2003 3495 conscientia

293 3526 681 3584 vehementer
708 3532 955 3584 accusat.
993 3525 1160 3583 Unde
1202 3525 1324 3584 illic
1369 3541 1485 3584 non
1520 3526 1843 3597 incongrue
1866 3525 2003 3582 sub-

294 3614 509 3672 ditur:
562 3636 584 3664 ι
626 3613 925 3683 Quomodo
972 3614 1028 3671 si
1072 3612 1238 3686 spina
1282 3618 1551 3669 nascatur
1598 3611 1659 3668 in
1706 3625 1885 3677 manu
1937 3614 2009 3667 te-

298 3704 565 3776 mulenti,
629 3705 712 3763 sic
759 3704 1027 3776 parabola
1084 3702 1146 3760 in
1202 3717 1301 3760 ore
1350 3702 1665 3785 stultorum
1698 3701 1922 3769 ,(Ibid.).
1982 3722 2004 3751 ι

300 3792 487 3867 Spina
515 3794 728 3868 quippe
756 3794 819 3853 in
850 3809 1030 3852 manu
1079 3791 1383 3851 temulenti
1435 3790 1689 3849 nascitur
1730 3805 1862 3849 cum
1896 3788 2007 3860 illi,

301 3884 409 3957 qui
437 3883 616 3957 hujus
646 3884 784 3942 vitae
808 3899 1001 3942 amore
1046 3891 1129 3942 est
1172 3882 1394 3951 ebrius,
1434 3881 1903 3955 reprehensionis
1941 3881 2009 3939 in

303 3981 499 4033 mente
542 3973 778 4033 aculeus
823 3980 1152 4048 generatur.
1204 3972 1272 4030 In
1323 3986 1421 4030 ore
1468 3971 1662 4055 itaque
1700 3973 2009 4031 stultorum

296 4060 768 4147 paraboladuasi
798 4063 963 4143 spina
1005 4070 1129 4132 est;
1180 4060 1323 4137 quia
1372 4061 1513 4119 dum
1561 4059 1723 4117 aliud
1760 4059 2009 4134 loquun-

206 4210 215 4214 -
306 4162 423 4225 tur,
456 4155 615 4215 aliud
648 4162 849 4229 agunt,
883 4171 1046 4213 mens
1084 4170 1286 4212 eorum
1318 4153 1378 4210 in
1411 4151 1715 4225 semetipsa
1745 4152 2010 4225 aliquan-

306 4244 383 4302 do
436 4244 823 4318 redarguitur,
864 4252 916 4302 et
962 4244 1212 4318 quodam
1256 4241 1422 4316 quasi
1469 4239 1651 4314 spinae
1696 4240 2010 4314 pungentis

302 4336 508 4396 aculeo
552 4339 891 4410 perforatur.
944 4336 1119 4394 Velut
1166 4337 1331 4410 spina
1378 4343 1530 4393 certe
1568 4336 1718 4393 male
1756 4333 2010 4393 viventis

300 4432 360 4487 et
405 4428 556 4485 bene
617 4428 860 4486 dicentis
916 4426 1264 4485 conscientia
1314 4428 1544 4501 pungit,
1602 4427 1746 4487 dum
1804 4426 1865 4483 in
1919 4440 2005 4496 eo,

299 4517 460 4589 quod
514 4506 875 4576 extrinsecus
926 4515 1203 4591 loquitur,
1252 4518 1505 4589 quodam
1555 4515 1796 4589 pudoris
1838 4523 2010 4590 atque

303 4607 635 4666 formidinis
666 4607 902 4666 stimulo
930 4606 1278 4665 intrinsecus
1305 4606 1613 4665 sauciatur.

971 4748 1217 4808 CAPUT
1254 4748 1345 4807 VI.

282 4860 297 4873 ⁸
406 4930 421 4937 1
506 4860 601 4916 Ad
621 4860 1036 4933 praedicationis
1065 4862 1307 4930 ofﬁcium
1335 4860 1433 4929 qui
1462 4860 1575 4913 sint
1605 4858 1805 4933 idonei.

370 4967 446 5027 Ut
482 4984 617 5042 ergo
649 4968 721 5053 ad
747 4984 865 5041 eos,
899 4985 934 5027 a
959 4967 1178 5042 quibus
1209 4973 1480 5040 cmperat,
1514 4980 1702 5024 sermo
1730 4971 2003 5033 recurrat,

577 5878 836 5940 Parnm“
876 5872 1096 5936 CXLV.
1141 5920 1148 5927 .
1172 5852 1187 5869 ”

2025 4562 2075 4619 D

2085 3267 2253 3324 pares
2298 3260 2453 3324 sunt,
2498 3253 2646 3310 494
2689 3262 2748 3313 et
2801 3256 3111 3315 enerviter'
3133 3259 3362 3329 cedunt,
3395 3260 3496 3331 qui
3532 3276 3795 3319 commu-

2084 3340 2261 3399 nibus
2290 3359 2406 3400 non
2435 3345 2708 3413 contenti,
2741 3346 2952 3418 peculii
3002 3346 3315 3421 singularis
3361 3349 3628 3407 ambiunt
3670 3367 3798 3423 pro-

2086 3430 2324 3505 prietate
2372 3433 2620 3503 gravari.
2679 3433 2831 3491 Hinc
2877 3441 2981 3507 est,
3043 3437 3195 3508 quod
3239 3437 3300 3494 in
3353 3436 3799 3498 Deuteronomio

2088 3519 2488 3593 gradientibus
2539 3522 2610 3578 ad
2664 3521 2936 3595 praelium
2990 3523 3246 3582 dicitur:
3304 3551 3330 3575 ‹‹
3384 3526 3658 3602 Quisquis
3717 3534 3802 3609 est

2090 3608 2286 3680 homo,
2330 3609 2431 3682 qui
2470 3610 2751 3683 plantavit
2804 3613 3055 3684 vineam,
3093 3620 3149 3670 et
3188 3616 3436 3674 necdum
3490 3618 3622 3676 fecit
3672 3634 3801 3676 eam

2091 3713 2215 3756 esse
2264 3702 2659 3765 communem,
2718 3707 2774 3759 et
2819 3703 2890 3760 de
2937 3720 3051 3778 qua
3091 3705 3242 3763 vesci
3290 3707 3565 3766 omnibus
3616 3708 3796 3779 liceat,

2094 3790 2263 3847 vadat
2314 3798 2369 3847 et
2420 3801 2738 3852 revertatur
2783 3795 2845 3853 in
2882 3796 3121 3854 domum
3169 3814 3357 3869 suam,
3390 3817 3464 3857 ne
3506 3802 3649 3859 forte
3683 3818 3802 3860 mo-

2094 3879 2278 4038 (riatur
2329 3879 2400 4019 ἱιπιΧ
2442 3880 2615 3953 bello,
2653 3890 2707 3939 et
2750 3876 2901 3941 alius
2942 3885 3115 3944 homo
3147 3886 3274 3959 ejus
3304 3888 3585 3960 fungatur
3612 3890 3800 3948 oilicio

2110 3970 2265 4023 Deut.
2295 3979 2421 4038 KX.
2457 3990 2478 4018 ν

2110 3970 2265 4023 Deut.
2295 3970 2421 4039 XX).
2457 3990 2478 4018 ν

2169 4056 2279 4113 Sed
2323 4056 2464 4127 jam,
2509 4052 2857 4117 venerabilis
2898 4066 3076 4134 pater,
3110 4062 3345 4121 incultae
3392 4064 3802 4139 disputationis

2093 4147 2446 4218 protraxisse
2496 4164 2821 4208 sermonem
2869 4151 3175 4226 hucusque
3222 4154 3511 4219 sufﬁciat;
3560 4173 3801 4219 verum-

2095 4242 2284 4293 tamen
2323 4243 2390 4295 ut
2434 4237 2560 4295 haec
2596 4239 2748 4312 apud
2780 4238 3238 4301 inobedientium
3287 4243 3646 4318 clericorum,
3681 4249 3800 4308 imo

2092 4325 2581 4385 nummicolarum
2608 4328 2981 4389 rebellionem
3018 4332 3320 4392 efﬁcaciter
3373 4337 3620 4410 valeant,
3664 4355 3797 4397 san-

2092 4418 2217 4472 ctus
2247 4415 2598 4509 apostolatus
2627 4418 2803 4476 vestri
2839 4420 2998 4493 vigor
3025 4421 3305 4494 impellat.

2469 4600 2555 4654 Sit
2584 4616 2772 4654 nomen
2804 4603 3025 4655 Domini
3061 4602 3414 4658 benedictum.

3390 5884 3507 5946 -16
