4080 6194
255 285 356 344 491

712 283 769 343 S.
812 282 1034 343 PETRI
1073 280 1397 342 DAMIANI
1435 276 1591 338 OPP.
1633 273 1882 337 TOMUS
1923 272 2063 339 SEU
2102 280 2295 344 PARS
2331 282 2434 344 III.
2480 317 2547 327 —
2586 282 2975 348 OPUSCULA
3014 286 3271 351 VARIA.

3626 292 3732 351 492

549 601 879 689 495-496~
954 604 1824 733 OPUSCULUM
1889 618 2667 738 VICESIMUM
2757 538 3423 759 QUINTUM.

1426 807 1527 867 DE
1577 804 2003 867 DIGNITATE
2065 807 2550 873 SACERDOTII.

252 1121 797 1194 ARGUMENTUM:
825 1115 935 1173 Hic
968 1121 1116 1173 totus
1140 1113 1203 1171 in
1236 1128 1302 1171 eo
1321 1118 1432 1194 est,
1472 1118 1537 1194 ut
1572 1110 1998 1194 ostendat‘quze
2039 1107 2113 1166 sit
2138 1108 2747 1194 dignitassacerdotis,
2776 1116 2928 1190 quod
2961 1117 3240 1194 ofﬁcium,
3274 1122 3612 1194 quantagsit
3660 1124 3736 1194 ei,

323 1193 425 1264 qui
474 1200 589 1250 tam
640 1189 891 1264 sublime
940 1202 1180 1264 munus
1211 1182 1512 1264 sustineat,
1566 1182 1895 1264 praestanda
1925 1183 2261 1264 innocentia
2288 1191 2412 1264 :Let
2468 1201 2643 1258 quam
2690 1182 2763 1264 sit
2793 1182 2927 1246 ‘non
2960 1190 3130 1264 modo
3163 1182 3403 1264 crimen,
3434 1192 3531 1251 sed
3564 1182 3738 1253 etiam

325 1251 591 1340 criminis
640 1260 889 1340 suspicio
942 1257 1240 1340 fugienda.
1292 1256 1361 1313 In
1407 1251 1690 1329 principio
1737 1262 1953 1324 autem,
2008 1251 2162 1325 quod
2210 1254 2425 1313 oblitus
2470 1251 2627 1315 eram
2679 1258 2890 1333 dicere,
2922 1262 3134 1333 gratias
3177 1263 3299 1337 agit
3342 1251 3737 1340 eidem,

320 1335 509 1394 multa
537 1330 779 1392 munera
808 1331 880 1389 ad
909 1346 969 1389 se
999 1330 1267 1387 misisset.

321 1496 542 1555 Domno
571 1496 645 1553 A.
677 1492 1009 1552 Venerabili
1040 1489 1488 1562 archiepiscopo,
1540 1486 1773 1545 PETRUS
1814 1488 2327 1560 pec-Aomnino:
2386 1505 2558 1563 super
2606 1499 2765 1565 patre
2818 1509 3047 1569 quoque
3099 1511 3225 1567 suo,
3277 1503 3334 1554 et
3381 1503 3560 1555 matre
3618 1514 3735 1557 non

246 1594 400 1645 calor
429 1585 747 1643 monachus
772 1582 1127 1656 plenissimae
1158 1579 1480 1638 devotionis
1518 1578 1804 1636 affectum.

319 1672 469 1731 Cum
520 1669 848 1744 patriarcha
900 1668 1074 1726 Jacob
1130 1667 1251 1724 ﬁlio
1307 1681 1414 1724 suo
1474 1666 1685 1739 .loseph
1741 1666 1942 1723 dicat:

245 1786 272 1817 α
307 1760 743 1823 Benedictiones
768 1758 946 1833 patris
974 1759 1059 1816 tui
1089 1759 1418 1815 confortatee
1443 1764 1579 1815 sunt
1597 1757 1947 1815 benedictio-

243 1853 423 1911 nibus
471 1850 701 1925 patrum
752 1851 876 1924 ejus
925 1851 1075 1919 (Gen.
1106 1854 1318 1917 XLIX);
1355 1872 1376 1899 ι
1414 1864 1517 1922 ego
1546 1863 1795 1921 congrue
1823 1862 1948 1920 pos-

244 1960 374 2003 sum
428 1941 617 2001 dicere
660 1964 672 1998 :
737 1940 877 2013 quia
928 1937 1358 1996 benedictiones
1409 1938 1586 2011 patris
1642 1938 1778 2009 mei,
1830 1952 1947 1995 non

242 2043 491 2109 patrum,
535 2032 631 2091 sed
661 2030 920 2105 ejusdem
951 2029 1125 2103 patris
1162 2028 1298 2097 mei,
1352 2034 1487 2085 sunt
1529 2025 1946 2085 benedictioni-

238 2124 350 2183 bus
399 2124 747 2182 confortatze.
801 2120 909 2177 Tot
951 2118 1162 2192 quippe
1210 2115 1641 2174 benedictiones
1687 2116 1944 2187 fuerunt,

242 2230 388 2289 quas
418 2212 566 2271 mihi
594 2209 907 2268 liberalitas
936 2214 1125 2266 vestra
1154 2204 1386 2275 direxit,
1414 2212 1480 2262 ut
1506 2220 1625 2263 una
1651 2219 1945 2262 commen-

241 2306 430 2363 dasset
476 2304 737 2372 alteram,
771 2306 825 2358 et
853 2305 1156 2373 sequentes
1188 2312 1306 2367 eas,
1340 2312 1472 2370 quae
1519 2302 1948 2370 praecesserant,

238 2402 410 2468 prout
459 2392 750 2464 Scriptura
786 2391 1060 2465 loquitur,
1091 2389 1497 2447 confortarent.
1544 2386 1719 2445 Porro
1755 2393 1949 2444 autem

238 2485 287 2542 si
318 2482 500 2542 David
531 2481 847 2556 gratiarum
881 2478 1194 2553 promeruit
1229 2476 1501 2548 actiones,
1541 2492 1673 2535 cum
1720 2476 1790 2533 de
1835 2491 1950 2533 ma-

242 2573 463 2639 nubiis,
511 2588 655 2647 quas
687 2570 1037 2629 Amalecitis
1080 2568 1414 2637 abstulerat,
1447 2566 1774 2625 senioribus
1801 2566 1952 2623 Juda

241 2665 393 2722 dona
448 2661 878 2731 transmitteret,
936 2658 1173 2716 dicens:
1231 2679 1251 2708 ι
1305 2655 1560 2731 Accipite
1608 2654 1952 2712 benedictio-

238 2769 375 2811 nem
402 2751 472 2808 de
492 2752 679 2824 praeda
708 2748 963 2809 hostium
987 2746 1220 2805 Domini
1243 2751 1291 2815 (Ι
1310 2750 1441 2815 Reg.
1465 2751 1649 2813 XXX):
1681 2768 1701 2796 ι
1733 2751 1950 2816 quanto

241 2841 487 2913 potiores
518 2855 621 2911 ego
655 2838 866 2911 gratias
903 2836 1103 2902 debeo,
1152 2836 1255 2907 qui
1305 2832 1733 2899 benedictiones
1761 2829 1945 2903 accepi
1969 2829 2142 2909 Bbus
2197 2830 2501 2907 evidenter,
2541 2832 2869 2904 exprimere
2916 2852 2930 2890 :

242 2946 357 2988 non
397 2933 721 2986 cruentatas
754 2923 1025 2983 manibus
1052 2923 1309 2980 hostium
1336 2919 1589 2987 Domini,
1619 2919 1714 2975 sed
1747 2919 1950 2975 sancti-

238 3018 453 3087 ﬁcatas,
511 3022 682 3088 atque
748 3013 1112 3085 depromptas
1185 3026 1215 3066 e
1271 3007 1594 3066 sanctuario
1656 3006 1945 3065 Domini!

239 3107 456 3165 Verum
505 3112 569 3162 ut
616 3103 689 3161 ab
732 3100 1029 3159 occasione
1072 3098 1459 3171 corporalium
1506 3111 1822 3154 munerum
1877 3094 1949 3151 ad

239 3192 634 3268 spiritualium
664 3189 1135 3248 benedictionum
1183 3203 1242 3244 se
1291 3203 1478 3245 sermo
1510 3186 1723 3260 dirigat
1759 3201 1946 3242 sacra-

241 3292 554 3352 mentum;
614 3297 748 3339 cum
803 3276 1093 3352 apostolus
1149 3278 1255 3334 hoc
1308 3277 1366 3333 in
1422 3292 1630 3349 magna
1682 3275 1948 3332 felicitate

241 3372 569 3443 constituat,
600 3372 753 3445 quod
796 3368 971 3426 dicit:
1013 3392 1033 3420 ι
1067 3368 1135 3425 1n
1187 3368 1292 3425 hoc
1336 3358 1540 3425 vocati
1567 3367 1702 3424 estis
1751 3373 1816 3424 ut
1860 3367 1955 3423 be-

238 3464 626 3524 nedictionem
679 3460 1014 3519 haereditate
1062 3457 1407 3532 possideatis
1454 3460 1504 3523 (Ι
1562 3460 1704 3513 Petr.
1757 3456 1841 3520 111)
1875 3474 1887 3525 ;
1926 3478 1946 3506 »

242 3562 460 3632 quanta
508 3552 695 3622 vobis,
742 3553 851 3609 hoc
898 3557 1001 3620 est,
1036 3549 1282 3607 summis
1333 3547 1605 3604 Ecclesiae
1654 3545 1955 3604 sacerdoti-

238 3644 349 3703 bus
394 3650 479 3701 est
525 3640 777 3713 dignitas
826 3645 1161 3712 prterogata,
1212 3642 1277 3694 ut
1322 3634 1784 3693 benedictionem
1835 3649 1953 3691 non

241 3732 413 3791 modo
453 3729 619 3789 vobis
658 3726 983 3785 exhibitam
1022 3724 1332 3798 possidere,
1374 3723 1470 3780 sed
1511 3722 1740 3796 possitis
1776 3722 1950 3779 etiam

240 3824 370 3883 aliis
412 3822 630 3881 tradere
662 3823 672 3877 l
731 3818 799 3875 Et
829 3832 943 3874 non
983 3814 1467 3890 qualemcunque,
1494 3814 1592 3872 sed
1626 3814 1801 3871 etiam
1830 3811 1954 3884 epi-

244 3912 548 3987 scopalem,
596 3926 697 3983 per
740 3923 915 3982 quam
969 3905 1202 3976 scilicet,
1260 3904 1436 3962 vestri
1483 3903 1631 3978 juris
1683 3910 1766 3961 est
1807 3901 1955 3960 ordi-

244 4017 382 4059 nare
426 3996 792 4073 pontiﬁcem;
834 4003 889 4053 et
937 4010 1070 4052 cum
1117 4009 1233 4051 non
1265 3992 1429 4067 parvi
1478 3990 1710 4049 terroris
1754 3989 1825 4046 sit
1873 3995 1954 4045 at-

243 4107 356 4165 que
384 4086 713 4148 formidinis
742 4102 865 4144 esse
898 4084 988 4142 vel
1023 4082 1313 4142 inferioris
1333 4080 1554 4141 ordinis
1580 4080 1953 4149 sacerdotem,

246 4179 526 4237 nimirum
560 4174 668 4248 ipsi
700 4188 928 4249 quoque
958 4172 1080 4244 lege
1106 4170 1458 4243 praecipitur,
1492 4176 1557 4227 ut
1594 4167 1792 4267 populi
1824 4183 1954 4240 por-
1972 4208 2015 4267 C

248 4276 325 4327 tet
368 4265 731 4337 iniquitatem
783 4264 967 4331 (Num.
1013 4264 1224 4330 xvut);
1276 4275 1451 4333 quam
1498 4258 1827 4331 pavendum
1874 4264 1957 4314 est

250 4374 315 4415 ac
368 4353 713 4413 tremefactis
783 4348 1105 4407 visceribus
1174 4348 1628 4417 formidandum,
1684 4347 1958 4405 omnibus

252 4462 409 4505 nunc
471 4445 532 4501 in
606 4439 987 4499 ecclesiastica
1056 4438 1332 4512 dignitate
1409 4438 1759 4511 praecellere,
1815 4454 1959 4512 quos

253 4552 421 4609 aeque
452 4547 681 4590 necesse
710 4536 811 4596 est,
843 4536 898 4585 et
937 4536 1068 4593 ante
1106 4544 1305 4585 omnes
1338 4528 1399 4584 in
1434 4529 1715 4586 tremendi
1743 4528 1959 4601 judicis

253 4625 525 4685 examine
562 4619 943 4694 responderet
992 4618 1155 4677 Unde
1197 4618 1437 4677 sollicite
1475 4619 1956 4677 considerandum

254 4724 357 4787 est,
420 4722 485 4773 ut
531 4728 705 4789 quem
754 4711 825 4769 ad
882 4708 1222 4769 obtinendas
1271 4708 1638 4767 ecclesiastici
1686 4708 1963 4768 culminis

258 4808 478 4868 infulas
536 4804 752 4863 summi
804 4800 1102 4861 sacerdotii
1159 4799 1487 4858 sublimitas
1534 4800 1741 4872 elevat,
1796 4799 1962 4858 celsi-

260 4898 398 4958 tudo
467 4908 698 4970 quoque
768 4889 1072 4949 laudabilis
1138 4896 1193 4946 et
1255 4884 1453 4947 ardum‘
1518 4888 1966 4951 conversationis

263 4987 482 5048 attollat
509 5004 522 5053 ;
558 4990 613 5041 et
640 4984 786 5039 sicut
815 4997 915 5053 per
941 4986 1183 5050 accepta:
1204 4977 1500 5049 dignitatis
1520 4978 1769 5035 sublime
1807 4978 1968 5034 fasti-

266 5078 427 5152 gium
469 5072 689 5131 czeteris
744 5070 978 5137 eminet,
1025 5068 1105 5125 sic
1151 5082 1283 5124 eum
1314 5083 1435 5139 pra:
1473 5067 1693 5124 cmteris
1728 5067 1841 5123 vita
1870 5081 1967 5123 su—

271 5165 655 5242 pereminens,
689 5166 743 5217 et
782 5155 1169 5232 spiritualium
1214 5170 1442 5213 morum
1494 5155 1763 5227 splendor
1810 5169 1973 5211 exor-

273 5266 388 5317 net.
437 5254 598 5313 Unde
640 5268 741 5324 per
786 5249 1022 5322 Moysen
1070 5245 1322 5304 dicitur:
1365 5272 1390 5295 ‹‹
1424 5245 1712 5324 Pontifeit,
1760 5243 1817 5301 id
1866 5251 1970 5314 est,

2031 1578 2538 1651 contaminabitur,
2597 1596 2786 1657 neque
2847 1584 3173 1657 egredietur
3234 1584 3305 1642 de
3344 1586 3594 1657 sanctis,
3661 1602 3737 1643 ne

2030 1666 2250 1740 polluat
2299 1669 2693 1727 sanctuarium
2751 1671 3008 1743 Domini,
3070 1673 3209 1746 quia
3264 1673 3457 1731 oleum
3523 1682 3736 1732 sanctae

2032 1755 2325 1813 unctionis
2366 1756 2470 1813 Dei
2513 1759 2605 1816 sui
2650 1775 2820 1832 super
2849 1777 2984 1819 eum
3019 1771 3103 1820 est
3134 1764 3320 1835 (Leuit.
3356 1767 3505 1833 1x1).
3542 1786 3563 1815 ι
3600 1763 3734 1821 Oleo

2031 1842 2244 1917 quippe
2290 1850 2461 1917 caput
2502 1847 2811 1905 sacerdotis
2862 1848 3185 1923 inungitur,
3219 1865 3352 1908 cum
3398 1866 3565 1908 mens
3611 1853 3736 1926 ejus

2030 1929 2212 1985 sancti
2264 1926 2513 2001 Spiritus
2570 1931 2929 2005 pinguedine
2977 1938 3291 2008 saginatur.
3342 1934 3520 2008 Cujus
3564 1936 3734 1994 etiam

2030 2030 2239 2073 manus
2268 2016 2423 2075 idem
2469 2017 2664 2076 oleum
2705 2031 3014 2093 consecrat,
3049 2039 3183 2082 cum
3214 2022 3384 2081 bonae
3421 2024 3735 2082 voluntatis

2031 2108 2309 2179 studium,
2342 2109 2499 2181 quod
2548 2112 2811 2171 sacerdos
2857 2122 3046 2174 versat
3096 2115 3157 2173 in
3201 2121 3411 2186 mente,
3446 2122 3501 2173 et
3530 2116 3732 2175 visibi-

2034 2192 2165 2253 liter
2189 2194 2437 2254 ostendit
2462 2197 2523 2255 in
2555 2198 2744 2270 opere.

2586 2378 2830 2439 CAPUT
2870 2379 3185 2440 PRIMUM.

2222 2576 2223 2579 η
2252 2524 2262 2531 ·
2310 2507 2456 2573 Quid
2482 2510 2557 2563 sit
2581 2509 2908 2565 sacerdotem
2937 2510 3003 2565 de
3030 2511 3235 2566 sanctis
3264 2511 3467 2579 egredi.

2109 2645 2304 2705 Sancti
2351 2644 2521 2722 plane
2568 2650 2875 2709 sacerdotis
2921 2658 3022 2721 est,
3070 2658 3126 2709 et
3171 2668 3303 2726 quae
3349 2659 3542 2710 sancta
3581 2660 3735 2724 sunt,

2033 2736 2279 2808 cogitare
2312 2756 2324 2805 ;
2372 2745 2427 2795 et
2469 2755 2600 2811 quze
2636 2748 2829 2798 mente
2872 2742 3214 2815 conceperit,
3248 2742 3421 2800 etiam
3452 2742 3511 2799 in
3550 2743 3738 2816 operi-

2992 2833 3253 2906 alioquin
3316 2834 3455 2908 quid
3511 2836 3740 2907 prodest

2035 2921 2255 2979 bonum
2289 2920 2524 2996 aliquod
2572 2924 2838 2997 cogitare,
2884 2925 2997 2982 nisi
3046 2924 3284 2983 solerter
3329 2925 3592 2999 invigilet
3632 2924 3741 2983 hac

2034 3011 2225 3083 ipsum
2253 3018 2307 3069 et
2336 3011 2394 3068 in
2432 3012 2761 3083 operatione
2786 3013 3058 3085 perficere
3076 3015 3104 3068 τ

2104 3100 2536 3159 Elaborandum
2565 3109 2648 3159 est
2683 3117 2818 3175 ergo
2857 3102 3153 3170 sacerdoti,
3188 3109 3253 3159 ut
3285 3109 3339 3159 et
3378 3108 3545 3184 caput
3581 3098 3742 3158 illius

2034 3197 2427 3249 consecratum
2461 3190 2535 3248 sit
2574 3207 2671 3263 per
2707 3191 2821 3264 piae
2854 3192 3169 3248 voluntatis
3202 3190 3500 3259 intuitum,
3533 3197 3586 3245 et
3619 3204 3739 3245 ma-

2034 3296 2147 3339 nus
2181 3281 2304 3355 ejus
2335 3280 2654 3352 spiritualis
2680 3281 2792 3338 olei
2829 3282 2943 3337 sint
2972 3280 3314 3338 charismate
3344 3279 3614 3336 delibuta:
3643 3293 3743 3351 per

2036 3370 2274 3427 evidens
2313 3376 2525 3428 sanctae
2569 3369 2918 3444 operationis
2960 3370 3267 3429 indicium.
3300 3369 3411 3439 Qui
3440 3369 3609 3428 etiam
3642 3385 3743 3426 ve-

2037 3459 2208 3517 stitus
2251 3461 2461 3517 sanctis
2508 3461 2766 3519 vestibus
2815 3461 3047 3533 dicitur,
3082 3462 3220 3536 quia
3265 3462 3509 3534 dignum
3541 3468 3644 3530 est,
3680 3469 3743 3518 ut

2037 3549 2297 3605 sacerdos
2347 3550 2572 3622 pietatis
2611 3548 2757 3605 497
2794 3558 2966 3624 atque
3006 3553 3251 3625 justitize
3301 3568 3526 3623 semper
3568 3550 3741 3609 indu-

2037 3637 2149 3694 viis
2202 3637 2531 3709 adornetur,
2590 3640 2735 3699 sicut
2798 3644 3077 3716 scriptum
3131 3649 3267 3700 est:
3332 3668 3352 3691 ι
3411 3641 3744 3700 Sacerdotes

2038 3726 2126 3785 tui
2176 3726 2421 3783 induant
2466 3728 2753 3799 justitiam
2804 3731 2971 3801 (Psal.
3012 3730 3239 3803 CXXXI).
3285 3752 3306 3779 ι
3350 3728 3455 3786 Cui
3484 3727 3746 3802 praecipi-

2043 3823 2151 3886 tur,
2204 3823 2267 3874 ut
2314 3824 2484 3888 caput
2524 3834 2696 3876 suum
2748 3835 2863 3877 non
2911 3820 3308 3893 discooperiat,
3340 3819 3399 3877 id
3427 3826 3529 3889 est,
3561 3824 3623 3876 ut
3652 3833 3748 3875 cor

2038 3920 2216 3964 suum
2248 3906 2424 3980 hujus
2457 3908 2659 3965 mundi
2696 3908 2995 3966 desideriis
3028 3925 3146 3967 non
3176 3908 3483 3981 expandat,
3518 3908 3615 3967 sed
3652 3922 3745 3965 oc-

2037 3996 2261 4054 cultum
2315 4012 2539 4070 semper
2577 3998 2635 4057 in
2683 3994 3038 4071 adipiscendi
3078 3997 3241 4071 regni
3274 3996 3521 4054 caelestis
3559 3996 3745 4053 inten-

2041 4084 2197 4142 tione
2232 4085 2531 4143 custodiat.
2580 4084 2827 4144 Jubetur
2858 4086 3033 4144 etiam
3068 4087 3411 4146 vestimenta
3441 4100 3559 4143 non
3593 4084 3746 4141 scin-

2039 4174 2192 4245 dere,
2246 4174 2530 4246 videlicet,
2591 4182 2655 4233 ut
2715 4176 2797 4233 sic
2862 4193 3088 4249 semper
3149 4176 3465 4234 honestatis
3512 4191 3577 4232 ac
3634 4173 3745 4247 piae

2038 4265 2491 4323 conversationis
2560 4273 2717 4324 veste
2767 4274 3060 4325 contectus
3112 4266 3380 4337 incedat;
3441 4282 3533 4337 ne,
3591 4265 3743 4337 quod

2038 4354 2206 4422 absit,
2238 4355 2387 4412 hanc
2417 4355 2671 4428 perversi
2709 4356 3021 4429 cujuslibet
3054 4351 3242 4431 operis
3272 4355 3743 4429 interpretatione

2040 4444 2378 4516 disrumpat.
2438 4444 2779 4503 Prohibetur
2824 4447 3067 4521 insuper
3109 4454 3163 4505 et
3208 4446 3280 4504 ad
3323 4453 3616 4504 mortuum
3659 4444 3745 4501 in-

2040 4533 2244 4605 gredi;
2285 4533 2567 4618 nimirum
2612 4542 2672 4592 ut
2715 4534 2939 4593 studeat
2983 4552 3017 4593 a
3060 4536 3248 4607 malis,
3291 4535 3505 4610 quibus
3551 4533 3745 4591 anima

2042 4625 2303 4694 moritur,
2346 4624 2551 4698 pedem
2602 4635 2764 4685 caute
2807 4627 3163 4697 subtrahere,
3203 4643 3443 4701 seseque
3484 4627 3563 4684 ab
3609 4642 3744 4700 ope-

2044 4715 2206 4773 ribus
2254 4716 2497 4774 mortuis
2546 4718 2812 4790 pervigili
2858 4717 3249 4777 sollicitudine
3302 4718 3611 4778 custodire.
3665 4718 3748 4775 De

2048 4804 2261 4878 quibus
2316 4803 2453 4862 dicit
2502 4806 2848 4878 Apostolus:
2888 4831 2913 4858 ιι
2947 4805 3213 4864 Christus
3269 4806 3482 4879 eripuit
3530 4821 3633 4863 nos
3676 4803 3748 4861 ab

2050 4894 2323 4967 operibus
2355 4894 2595 4952 mortuis
2641 4893 2712 4951 ad
2758 4895 3127 4953 serviendum
3167 4895 3284 4953 Deo
3312 4895 3528 4953 viventi
3563 4895 3747 4962 (Hebr.

2050 4986 2156 5051 1X).
2192 5007 2212 5031 η
2252 4981 2639 5055 Subjungitur
2690 4983 2883 5051 etiam,
2928 4990 2993 5039 ut
3043 4997 3216 5055 super
3264 4989 3421 5053 patre
3470 4989 3524 5039 et
3574 4989 3754 5038 matre

2053 5085 2168 5127 non
2214 5070 2653 5137 contaminetur,
2706 5068 2763 5125 id
2806 5075 2910 5139 est,
2944 5076 3007 5126 ut
3038 5084 3225 5142 neque
3250 5069 3457 5126 mundi
3486 5067 3770 5142 negotiis,-

2054 5172 2246 5230 neque
2277 5157 2535 5215 mortalis
2565 5156 2739 5230 hujus
2771 5157 2905 5215 vitae
2932 5156 3216 5214 desiderio
3243 5156 3557 5231 polluatur.
3592 5156 3755 5215 Unde

2055 5246 2198 5305 bene
2227 5246 2615 5319 subjungitur,
2646 5246 2716 5303 de
2745 5246 2958 5304 sanctis
2991 5262 3108 5303 non
3153 5245 3500 5318 egredietur,
3536 5263 3607 5305 ne
3640 5245 3756 5319 pol-

273 5345 534 5406 sacerdos
556 5320 849 5398 maximus
872 5320 1022 5394 inter
1042 5338 1243 5393 fratres
1263 5350 1416 5405 suos,
1437 5320 1975 5406 superciijuscaput
2058 5334 2175 5392 luat
2228 5335 2621 5393 sanctuarium
2669 5351 2883 5393 meum.
2937 5334 3017 5392 De
3065 5332 3275 5392 sanctis
3306 5336 3464 5392 enim
3498 5334 3757 5393 sacerdos

274 5437 469 5493 fusum
503 5437 586 5488 est
609 5427 903 5488 unctionis
933 5425 1146 5495 oleum,
1177 5432 1233 5482 et
1267 5425 1431 5497 cujus
1460 5438 1667 5480 manus
1697 5422 1757 5479 in
1787 5437 1974 5478 sacer-

2057 5423 2369 5497 egreditur,
2403 5440 2536 5482 cum
2580 5424 2853 5497 neglectis
2883 5424 3212 5483 animarum
3253 5424 3408 5482 curis
3451 5440 3551 5498 per
3600 5425 3756 5483 desi-

276 5522 430 5579 dolio
480 5525 823 5577 consecratae
863 5521 1015 5586 sunt,
1073 5512 1568 5589 vestitusque.est
1625 5510 1837 5568 sanctis
1885 5514 2215 5589 ve—hderia
2268 5520 2491 5571 terrena
2531 5519 2798 5584 vagatur.
2855 5511 2935 5569 De
2990 5512 3201 5569 sanctis
3248 5513 3559 5586 egreditur,
3620 5528 3759 5572 cum

276 5565 429 5579 μυην
481 5565 821 5577 causam“...
863 5565 1015 5586 πω,
1089 5565 1568 5589 .--η-νηπηη-
1934 5565 1948 5567 -
2064 5565 2214 5571 ψη
2555 5565 2797 5584 “Dm”-
2855 5565 2930 5569 __
2991 5565 3197 5569 ___-__-

276 5611 482 5679 stibus,
512 5613 682 5680 caput
715 5621 885 5665 suum
917 5621 1033 5664 non
1064 5602 1455 5677 discooperiet,
1485 5602 1824 5660 vestimenta
1855 5617 1972 5660 non
1991 5565 2441 5660 I)ecclesiastica
2513 5600 2817 5673 disciplina
2891 5602 3202 5674 postposita
3232 5644 3247 5673 ,

277 5703 514 5772 scindet,
569 5706 623 5757 et
680 5699 749 5755 ad
808 5712 1038 5755 omnem
1095 5705 1388 5756 mortuum
1450 5710 1567 5754 non
1620 5693 1974 5771 ingredietur
2059 5708 2363 5753 causarum
2434 5691 2679 5765 negotiis
2737 5690 3176 5752 immoderatius
3230 5689 3578 5766 implicatur.
3646 5688 3762 5750 Ubi

3330 5602 3759 5661 transeuntium
3832 5590 3853 5596 ’
