4080 6194
343 286 451 359 493

1246 298 1508 375 .opusc.
1550 301 1726 363 xxv.
1769 335 1840 347 -
1878 303 1971 363 DE
2011 298 2420 364 DIGNITATE
2463 292 2926 367 SACERDOTII.

3732 308 3839 376 494

347 441 489 484 mox
543 431 705 518 apte‘
728 415 1153 501 subjungitur:
1197 452 1225 481 α
1269 430 1353 489 Ne
1395 430 1615 505 polluat
1654 426 2120 493 sanctuariutnA
2138 432 2471 512 oblectatur,
2504 436 2709 509 nequit
2747 452 2823 494 ex
2867 453 2935 495 ea
2964 436 3199 508 liberos,
3250 439 3353 512 qui
3389 439 3508 499 Deo
3556 442 3839 518 placeant,

346 531 567 574 meum.
606 539 634 568 υ
672 515 1080 579 Sanctuarium
1112 519 1324 594 quippe
1357 521 1657 594 polluitur,
1705 538 1838 580 cum
1866 537 2053 581 sacer-

345 606 453 665 dos
481 607 727 682 quilibet
756 624 859 682 per
887 604 1115 668 terrena
1142 610 1427 669 desideria
1451 626 1703 686 sparsus,
1750 614 2053 687 causisque

347 698 733 757 saecularibus
769 699 1110 773 dissolutus,
1148 702 1522 760 sacrosanctis
1560 704 1835 762 altaribus
1874 705 2053 763 auda-

348 794 469 846 cter
492 787 757 852 assistere
787 804 904 847 non
931 796 1163 849 veretur
1177 782 1349 860 ;'cum
1370 791 1639 850 videlicet
1669 793 1928 866 ﬁt,'quod
1955 809 2057 866 per

346 877 691 950 prophetam
742 877 956 957 dicitur
990 903 1003 936 :
1035 902 1063 929 «ι
1094 878 1165 936 Et
1187 880 1296 937 erit
1351 880 1500 938 sicut
1543 880 1810 959 populus,
1841 882 1938 939 'sic
1966 897 2058 938 sa-

347 966 551 1024 cerdos
627 970 751 1027 Usa.
813 969 1010 1039 XXIV).
1068 992 1097 1020 ι»
1181 968 1570 1046 Quamobrem
1651 975 1717 1029 ut
1809 968 2061 1027 Ecclesia

351 1053 569 1112 Christi
613 1055 675 1112 in
716 1071 821 1113 sua
869 1057 1063 1131 vigere
1103 1060 1395 1117 munditia
1445 1059 1652 1130 valeat,
1706 1065 1762 1117 et
1813 1059 2061 1117 obsceno

351 1144 505 1202 male
566 1144 1029 1206 ministrantium
1084 1148 1348 1221 contagio
1393 1164 1511 1208 non
1581 1149 1887 1221 sordescat,
1939 1147 2063 1205 illic

352 1234 546 1293 adhuc
566 1244 695 1309 apte
720 1237 1095 1312 subjungitur
1125 1259 1137 1297 :
1194 1263 1220 1290 «
1247 1238 1547 1313 Virginem
1575 1240 1744 1298 ducet
1792 1254 2059 1309 uxorem,

356 1340 474 1383 non
528 1325 788 1405 viduam,
838 1343 955 1385 non
1008 1330 1391 1402 repudiatam,
1424 1338 1479 1388 et
1534 1330 1846 1400 sordidam,
1891 1338 2063 1403 atque

355 1417 717 1476 meretricem
776 1435 893 1477 non
943 1421 1199 1493 accipiet,
1254 1422 1353 1479 sed
1405 1422 1662 1499 puellam
1726 1422 1796 1479 de
1847 1421 2062 1495 populo

354 1522 482 1577 suo,
510 1523 587 1566 ne
614 1508 982 1567 commisceat
1011 1509 1245 1583 stirpem
1273 1509 1503 1583 generis
1532 1510 1624 1568 sui
1652 1510 1828 1583 vulgo
1875 1510 2063 1584 gentis
2095 1566 2099 1589 π

355 1611 480 1654 suae
512 1614 527 1665 ;
558 1595 699 1669 quia
726 1612 829 1668 ego
858 1595 1161 1664 Dominus,
1193 1597 1298 1671 qui
1347 1596 1639 1656 sanctiﬁco
1691 1612 1827 1656 eum
1867 1601 2060 1667 (Leuit.

357 1694 517 1752 XXI).
563 1710 591 1737 ν
653 1685 973 1746 Sacerdotis
1026 1702 1180 1745 uxor
1225 1687 1343 1746 vita
1388 1689 1533 1762 ejus,
1599 1694 1656 1745 et
1706 1686 2064 1745 conVersatio

2136 523 2371 597 gignere
2403 543 2419 595 ;
2449 527 2589 599 quia
2618 542 2724 584 nec
2749 534 2933 600 potest
2957 542 3033 585 ex
3056 543 3253 586 amara
3280 529 3471 588 radice
3508 531 3695 591 dulcis
3723 534 3843 594 fru-

2138 621 2263 672 ctus
2288 615 2483 675 aﬂ‘erri
2526 635 2537 672 :
2574 638 2600 666 α
2639 615 2766 674 Non
2796 617 2954 674 enim
2996 621 3181 689 potest
3218 617 3391 675 arbor
3429 620 3581 678 mala
3623 621 3844 682 fructus

2136 702 2319 761 bonos
2354 692 2537 762 fa‘cere
2564 707 2784 774 (Matth.
2828 711 2931 770 VI).
2967 727 2992 755 ια
3052 704 3215 763 Unde
3253 707 3578 766 cavendum
3614 716 3699 768 est
3750 727 3845 770 sa-

2139 793 2372 866 cerdoti,
2408 810 2480 852 ne
2518 796 2828 866 sordidam,
2857 800 2957 853 aut
2988 795 3344 854 meretricem
3372 796 3547 856 ducat
3575 816 3842 875 uxorem,

2141 882 2239 939 sed
2288 889 2459 941 castae
2529 874 2777 957 Semper,
2854 893 3028 961 atque
3087 885 3317 959 pudicaa
3390 874 3846 953 conversationis

2140 970 2415 1029 exhibeat
2438 970 2817 1032 honestatem.
2849 974 2937 1031 Ex
2980 991 3097 1048 qua
3129 975 3413 1034 nimirum
3450 993 3565 1037 non
3594 983 3842 1057 spurios,

2142 1056 2239 1113 sed
2273 1057 2565 1130 legitimos
2613 1058 2801 1116 valeat
2838 1058 2989 1117 filios
3037 1059 3299 1133 gignere,
3346 1061 3489 1120 dum
3516 1064 3705 1123 studet
3751 1056 3847 1125 in;

2142 1161 2363 1218 genuos
2404 1147 2690 1205 bonorum
2736 1164 2976 1222 operum
3019 1149 3264 1222 fructus,
3320 1150 3521 1210 divina
3569 1155 3849 1229 largiente

2142 1236 2346 1309 gratia,
2403 1239 2746 1311 germinare.
2802 1238 3044 1297 Necesse
3096 1247 3180 1298 est
3231 1256 3367 1314 ergo
3404 1249 3469 1300 ut
3524 1246 3849 1311 sacerdota-

2145 1324 2258 1382 lem
2313 1326 2579 1384 sacerdos
2630 1327 2801 1403 ducat
2847 1342 3114 1398 uxorem,
3163 1343 3236 1385 ex
3279 1344 3395 1403 qua
3438 1346 3848 1403 responsuram

2142 1417 2380 1483 paterno
2402 1411 2601 1485 generi
2631 1418 2887 1486 procreet
2925 1413 3200 1472 sobolem.
3237 1413 3402 1473 Unde
3450 1424 3505 1475 et
3551 1416 3672 1476 illic
3707 1436 3850 1480 con-

2143 1488 2285 1572 gfue
2317 1500 2590 1559 subditur
2624 1521 2637 1559 :
2671 1528 2695 1554 α
2758 1502 2886 1561 Non
2937 1503 3304 1562 commisceat
3340 1505 3577 1580 stirpem
3620 1513 3852 1583 generis

2127 1590 2236 1647 .sui
2268 1589 2442 1663 vulgo
2467 1591 2657 1663 gentis
2676 1606 2797 1649 suae
2824 1595 3019 1660 (Leuit.
3048 1596 3223 1677 ,xx1).
3260 1616 3286 1643 ι»
3321 1591 3593 1653 Sacerdos
3636 1600 3851 1658 etenim

2146 1683 2375 1757 generis
2421 1684 2513 1742 sui
2545 1685 2783 1757 stirpem
2821 1684 2996 1757 vulgo
3025 1700 3147 1743 suae
3182 1683 3370 1758 gentis
3417 1686 3696 1757 associat,
3719 1704 3853 1748 cum

362 1792 475 1833 non
505 1776 987 1836 inconvenienter
1013 1778 1326 1851 accipitur;
1354 1796 1485 1854 quae
1518 1778 1737 1838 scilicet
1762 1795 1886 1838 esse
1902 1779 2127 1852 virgoB
2148 1768 2461 1846 vulgariter
2503 1774 2710 1832 vivens
2761 1791 2795 1832 a
2826 1773 3037 1847 populo
3075 1788 3177 1847 per
3212 1772 3470 1831 clarioris
3496 1774 3634 1833 vitae
3677 1778 3857 1837 meri-

363 1863 714 1939 praecipitur,
733 1865 833 1923 ubi
861 1866 934 1924 ab
959 1864 1253 1926 immundi
1280 1867 1518 1941 spiritus
1536 1868 1789 1927 obsoleta
1810 1867 2067 1938 luxuria,

364 1953 472 2029 qui
507 1953 754 2011 violator
799 1961 885 2012 est
917 1955 1266 2027 animarum,
1313 1956 1602 2036 immunis
1637 1964 1693 2015 et
1741 1959 2073 2029 incorrupta

368 2048 650 2123 servetur.
670 2043 816 2101 ‘Non
854 2044 929 2101 sit
961 2044 1157 2113 vidua,
1187 2045 1285 2102 sed
1313 2045 1529 2104 cmlesti
1564 2062 1772 2119 sponso
1805 2046 1959 2105 felici
2001 2045 2076 2104 sit

370 2132 586 2190 ﬁndere
615 2133 897 2206 c0pulata.
948 2132 1270 2208 Repudiata
1295 2151 1549 2209 quoque,
1596 2152 1663 2193 ac
1701 2137 1949 2207 sordida,
1982 2136 2076 2193 vel

371 2220 547 2278 etiam
605 2237 729 2297 esse
788 2222 1065 2281 meretrix
1116 2222 1505 2293 interdicitur,
1562 2239 1636 2281 ne
1694 2223 1976 2292 videlicet,
2030 2224 2079 2282 si

371 2326 579 2384 spurca
608 2310 889 2381 libidinis,
919 2328 986 2370 ac
1017 2311 1449 2372 luxuriantium
1489 2315 1765 2389 vitiorum
1800 2313 2078 2372 contami-

373 2399 608 2457 natione
642 2399 944 2473 polluitur,
991 2400 1064 2458 ab
1112 2401 1308 2459 eodem
1360 2403 1690 2461 animarum
1729 2418 1940 2475 sponso
1994 2404 2079 2459 fe-

376 2488 485 2581 rali
505 2488 765 2581 divortio
795 2496 1116 2581 separetur.
1148 2491 1302 2581 Huic
1331 2493 1580 2553 sordidae
1600 2492 1793 2581 uxori
1837 2495 2081 2581 Aposto-

377 2575 474 2633 lus
503 2575 770 2635 libellum
811 2575 1041 2652 repudii
1086 2579 1338 2649 dederat,
1394 2594 1528 2637 cum
1576 2580 1843 2637 dicebat:
1882 2604 1905 2629 α
1944 2578 2085 2648 Quae

381 2662 532 2722 mihi
590 2664 829 2723 fuerunt
883 2664 1065 2737 lucra,
1131 2666 1257 2724 haec
1314 2666 1625 2726 arbitratus
1672 2684 1801 2728 sum
1859 2677 2088 2743 propter

385 2752 682 2811 Christum
740 2753 1108 2819 detrimenta,
1165 2744 1397 2828 propter
1443 2772 1615 2829 quem
1667 2758 1865 2815 omnia
1913 2758 2090 2816 detri-

386 2850 652 2901 mentum
676 2843 804 2915 feci,
844 2850 902 2902 et
929 2845 1174 2903 arbitror
1198 2845 1359 2904 velut
1383 2853 1629 2905 stercora
1664 2844 1893 2921 (Philip.
1926 2852 2031 2917 III).
2059 2872 2086 2896 »

383 2934 469 2991 Ac
500 2932 550 2991 si
585 2932 772 2992 dicat:
823 2934 1078 2994 Uxorem
1109 2935 1271 2993 illam
1297 2937 1587 2995 sordidam
1615 2954 1681 2996 ac
1709 2940 2091 3007 meretricem,

384 3022 477 3080 cui
528 3022 828 3095 copulatus
882 3022 943 3079 in
989 3012 1290 3081 Judaismo
1339 3024 1584 3096 fueram,
1626 3041 1728 3097 per
1778 3025 2097 3083 divortium

2155 1870 2280 1945 tum
2340 1878 2458 1922 non
2514 1862 2844 1922 discordat:
2899 1879 3034 1922 cum
3110 1863 3361 1945 denique
3414 1880 3516 1938 per
3575 1866 3748 1926 latam
3801 1876 3858 1927 et

2156 1942 2463 2023 spatiosam
2523 1949 2679 2007 viam
2744 1948 3056 2008 mundanae
3107 1942 3562 2011 conversationis
3621 1954 3856 2029 incedit,

2159 2055 2398 2115 seseque
2426 2044 2527 2112 per
2558 2055 2787 2097 morum
2835 2039 3233 2113 spiritualium
3285 2041 3642 2102 honestatem
3672 2061 3706 2103 a
3744 2052 3865 2104 tur-

2158 2128 2250 2185 bis
2311 2128 2655 2201 vulgaribus
2710 2144 2831 2186 non
2891 2129 3156 2187 secernit.
3212 2130 3285 2189 Ut
3346 2138 3542 2191 autem
3599 2137 3863 2197 sacerdos
3920 2134 3931 2139 ”

2161 2214 2396 2287 dignam
2433 2215 2628 2285 generi
2656 2231 2763 2274 suo
2807 2214 3061 2274 sobolem
3091 2226 3369 2290 procreet,
3414 2218 3537 2292 ipse
3561 2236 3792 2296 quoque
3830 2240 3865 2281 a

2159 2311 2391 2378 patrum
2420 2321 2683 2375 suorum,
2719 2313 3050 2365 sanctorum
3098 2308 3365 2366 videlicet
3410 2310 3866 2381 praecedentium

2163 2392 2543 2463 sacerdotum,
2577 2392 2838 2464 vestigiis
2866 2407 2985 2450 non
3035 2392 3259 2450 aberret
3288 2417 3301 2450 :
3333 2409 3427 2463 ne,
3474 2394 3522 2450 si
3553 2396 3627 2452 ab
3663 2413 3869 2457 eorum

2163 2480 2382 2553 insigni
2431 2480 2694 2565 prosapia
2743 2480 3072 2565 ignobiliter
3102 2481 3353 2540 vivendo
3406 2481 3730 2557 degenerat,
3775 2488 3874 2560 jus

2167 2569 2539 2629 sacerdotalis
2564 2569 2762 2641 ofﬁcii,
2791 2582 2907 2644 quo
2934 2568 3204 2628 videlicet
3227 2571 3469 2645 indigne
3488 2571 3864 2648 fungebatur,

2168 2656 2429 2715 amittat:

2850 2804 3093 2864 CAPUT
3120 2805 3197 2866 II.

2377 2948 2531 3016 Quod
2558 2948 2820 3004 nobilitas
2850 2950 3190 3007 sacerdotum
3218 2952 3295 3007 sit
3322 2952 3441 3007 vita
3467 2958 3677 3012 sancta.

326 3172 339 3189 χ
383 3092 875 3199 desero,'ea‘mque
899 3111 1122 3184 repudii
1153 3092 1581 3173 interveniente.
1601 3092 1798 3170 libello
1821 3119 2096 3187 tanquam
2120 3143 2166 3204 ο
2218 3198 2227 3204 .
2259 3108 2557 3204 Hinc‘hest,
2585 3092 2738 3183 quod
2759 3109 2845 3204 _in
2878 3109 3300 3204 libro__E_s_drze,
3328 3128 3484 3204 cum“
3511 3115 3881 3204 praemissum

388 3205 609 3257 stercus
671 3196 900 3273 abjicio.
977 3200 1065 3257 Ex
1128 3201 1468 3272 hujusmodi
1523 3201 1738 3276 quippe
1789 3202 2101 3260 sacerdotis
2126 3196 2278 3268 “sit,
2316 3198 2386 3255 de
2414 3196 2553 3255 ﬁliis
2581 3198 2945 3255 sacerdotum
2977 3197 3084 3254 lilii
3116 3198 3324 3270 Hobia,
3378 3200 3489 3258 ﬁlii
3536 3204 3737 3270 Accos,
3773 3202 3882 3261 ﬁlii

391 3305 578 3348 uxore
610 3306 727 3348 non
773 3289 916 3348 tales
948 3289 1119 3349 liberi
1163 3297 1562 3363 procreantur,
1603 3291 1707 3366 qui
1759 3291 1875 3351 Deo
1922 3294 2099 3351 sacri-

390 3380 589 3439 ﬁcium
617 3382 879 3452 offerant,
912 3382 1010 3439 sed
1044 3382 1236 3455 potius
1264 3381 1369 3456 qui
1404 3382 1786 3453 severitatem,
1833 3390 1888 3440 et
1933 3382 2101 3441 ultio-

392 3483 525 3527 nem
572 3463 793 3531 divinaa
829 3469 1353 3529 animadversionis
1420 3471 1739 3531 incurrant.
1782 3471 1937 3529 Hinc
1995 3478 2096 3537 est,

394 3557 547 3631 quod
573 3573 708 3616 cum
740 3557 811 3616 ad
837 3557 979 3617 Osee
1010 3562 1345 3632 prophetam
1397 3560 1598 3618 divina
1644 3576 1783 3619 voce
1830 3561 2055 3619 dicatur
2084 3581 2097 3620 :

400 3648 638 3720 «.Vade,
671 3667 837 3710 sume
866 3651 970 3710 tibi
999 3669 1244 3712 uxorem
1285 3653 1758 3724 fornicationum,
1814 3655 1955 3728 quia
1985 3656 2102 3714 for-

396 3735 1038 3802 nicans,fornicabitur
1093 3740 1243 3800 terra
1288 3758 1321 3799 a
1369 3741 1635 3800 Domino.
1666 3766 1689 3791 ιι
1759 3740 1883 3811 Ille,
1953 3732 2106 3800 sicut

328 3836 345 3840 ’
398 3825 694 3900 Scriptura
726 3835 982 3901 testatur,
1022 3856 1046 3881 ι
1084 3831 1256 3903 abiit,
1280 3838 1338 3889 et
1379 3831 1596 3904 accepit
1638 3830 1868 3901 Gomer,
1922 3831 2105 3889 ﬁliam

398 3914 544 3973 498
597 3919 889 3978 Debelaim
923 3915 962 3991 ς’
991 3927 1047 3979 et
1082 3923 1358 3995 concepit,
1402 3930 1457 3981 et
1511 3921 1732 3995 peperit
1777 3921 1989 3980 filium.
2036 3921 2107 3979 Et

400 4004 554 4065 dixit
578 4006 863 4067 Dominus
889 4009 956 4067 ad
987 4009 1127 4068 Osee
1159 4033 1173 4067 :
1225 4008 1376 4068 Voca
1415 4025 1624 4068 nomen
1664 4011 1792 4083 ejus
1818 4001 2104 4068 'Jezrahel

402 4100 554 4166 (Osee
589 4105 652 4166 1).
687 4122 713 4149 η
744 4098 907 4168 Quod
938 4100 1138 4175 utique
1188 4116 1423 4169 nomen,
1472 4099 1740 4173 quamvis
1766 4114 2103 4173 prosperum

404 4185 736 4260 signiﬁcare
768 4188 1053 4262 videatur,
1105 4189 1165 4246 in
1206 4204 1275 4247 eo
1306 4188 1461 4262 quod
1493 4188 1900 4261 interpretatur
1928 4202 2105 4245 semen

533 4292 547 4346 ;
589 4276 683 4335 hic
711 4251 903 4334 tanien
932 4251 1234 4335 vindictam
1259 4251 1359 4336 Dei
1386 4282 1441 4336 et
1465 4251 1707 4347 furorem
1750 4281 1935 4353 Sonat,
1969 4291 2106 4336 cum

405 4362 675 4435 protinus
720 4366 1121 4439 subinfertur:
1154 4393 1179 4417 «ι
1238 4368 1522 4439 Quoniam
1563 4368 1753 4428 adhuc
1791 4370 2101 4435 modicum,

406 4459 462 4510 et
485 4453 730 4514 visitabo
759 4456 1103 4531 sanguinem
1128 4459 1386 4519 Jezrahel
1439 4476 1612 4533 super
1643 4461 1885 4519 domum
1930 4453 2105 4532 Jehu',

406 4547 461 4599 et
505 4543 868 4614 requiescere
910 4547 1118 4605 faciam
1170 4564 1414 4621 regnum
1465 4549 1672 4608 domus
1713 4549 1909 4614 Israel,
1945 4558 2001 4607 et
2046 4548 2109 4606 in

408 4631 510 4690 illa
547 4632 642 4691 die
699 4643 991 4694 conteram
1048 4652 1246 4694 arcum
1294 4636 1491 4703 Israel,
1542 4638 1605 4695 in
1667 4638 1819 4719 valle
1854 4638 2112 4697 Jezrahel

409 4723 619 4793 (Ibid.).
657 4749 679 4775 ι
729 4724 891 4795 Quod
916 4734 1111 4785 autem
1153 4728 1249 4785 hic
1294 4744 1411 4800 per.
1445 4728 1727 4794 Jezrahel,
1776 4745 1894 4787 non
1933 4728 2107 4807 salus,

409 4810 530 4868 sive
558 4810 923 4885 prosperitas,
957 4816 1057 4873 sed
1096 4815 1202 4874 Dei
1250 4817 1442 4890 potius
1485 4814 1573 4874 ira
1621 4817 1899 4889 signatur,
1941 4818 2114 4886 etiam

411 4896 473 4955 in
497 4899 605 4957 hoc
631 4899 1068 4975 innuitur,cum
1092 4912 1358 4976 protinus
1382 4894 1774 4963 subinfcrtur’:
1803 4903 2119 4977 «Concepit

413 4988 627 5060 adhuc,
643 4997 698 5048 et
713 4991 933 5064 peperit
950 4992 1154 5061 ﬁliam,
1169 4999 1225 5050 et
1244 4992 1395 5049 dixit
1408 4992 1719 5050 Dominus:
1745 4992 1893 5050 Voca
1909 5007 2120 5051 nomen

413 5077 541 5151 ejus
566 5096 580 5135 :
604 5078 843 5152 Absque
868 5079 1285 5151 misericordia,
1309 5081 1450 5154 quia
1473 5096 1587 5138 non
1609 5080 1814 5137 addam
1836 5080 1987 5137 ultra
2009 5080 2120 5137 mi-

414 5166 598 5224 sereri
625 5165 828 5225 domui
874 5167 1071 5238 Israel,
1105 5170 1201 5228 sed
1235 5168 1527 5228 oblivione
1558 5168 1868 5228 obliviscar
1897 5184 2119 5226 eorum.

418 5254 686 5328 Cumque
734 5258 1051 5329 peperisset
1095 5266 1149 5316 et
1206 5257 1461 5328 tertium,
1518 5257 1642 5314 ait:
1696 5256 1849 5315 Voca
1910 5273 2124 5315 nomen

421 5342 574 5415 ejus:
603 5342 729 5400 Non
751 5346 1003 5418 populus
1020 5361 1216 5416 meus;
1243 5345 1381 5419 quia
1401 5362 1502 5405 vos
1522 5362 1635 5404 non
1656 5346 1906 5419 populus
1929 5362 2123 5419 meus;

420 5440 478 5489 et
504 5447 612 5505 ego
653 5448 772 5491 non
797 5449 897 5492 ero
927 5441 1115 5515 vester
1145 5435 1319 5494 Deus.
1348 5459 1372 5484 η
1430 5434 1498 5493 In
1535 5436 1753 5510 quibus
1784 5434 1990 5510 utique
2021 5451 2128 5493 no-

427 5521 694 5591 minibus
744 5522 1001 5583 ﬁliorum
1040 5525 1364 5586 fornicarim
1394 5524 1658 5583 mulieris
1707 5524 2003 5583 evidenter
2030 5525 2130 5584 ad-

2180 3284 2479 3355 Berzellai,
2512 3285 2613 3358 qui
2644 3285 2860 3357 accepit
2896 3284 3231 3344 deiiliabus
3262 3286 3539 3345 Berzellai
3569 3287 3884 3349 Galaaditis

2185 3391 2454 3440 uxorem,
2488 3380 2544 3432 et
2570 3383 2838 3432 vocatum
2865 3381 2951 3432 est
2990 3390 3204 3433 nomen
3236 3392 3458 3447 eorum,
3488 3380 3754 3451 protinus
3780 3381 3889 3438 ad-

2190 3465 2390 3523 ditur:
2429 3488 2452 3512 ι
2481 3463 2531 3520 Ii
2572 3463 2935 3537 quaesierunt
2973 3464 3320 3538 scripturam
3358 3469 3713 3541 genealogite
3744 3486 3887 3542 suae,

2185 3561 2243 3612 et
2300 3567 2416 3610 non
2468 3551 2844 3625 invenerunt,
2894 3560 2950 3611 et
3023 3554 3189 3628 ejecti
3252 3563 3387 3613 sunt
3450 3555 3521 3615 de
3578 3558 3894 3617 sacerdotio

2188 3645 2231 3717 (Ι
2254 3645 2417 3701 Esdr.
2452 3643 2528 3716 II).
2571 3665 2596 3691 υ
2635 3642 2812 3701 Plane
2841 3643 2944 3718 qui
2996 3645 3351 3720 genealogiaa
3382 3662 3506 3706 sua:
3551 3650 3894 3723 scripturam

2187 3750 2305 3792 non
2344 3732 2679 3802 inveniunt,
2711 3732 2785 3791 de
2815 3734 3131 3793 sacerdotio
3170 3737 3576 3809 repelluntur;
3623 3741 3761 3814 quia
3791 3741 3894 3813 qui

2188 3839 2248 3880 se
2287 3838 2389 3896 per
2423 3820 2848 3895 ignobilitatem
2876 3822 3173 3880 saecularis
3199 3825 3333 3881 vitaa
3357 3824 3431 3882 ab
3470 3826 3729 3899 ingenuo
3755 3844 3897 3901 pra}-

2187 3911 2519 3970 cedentium
2565 3917 2796 3984 patrum
2854 3917 3153 3969 stemmate
3197 3912 3576 3986 degenerasse
3627 3917 3892 3975 conside-

2189 4010 2338 4071 rant,
2382 4001 2627 4075 dignum
2653 4000 2904 4073 profecto
2952 4009 3037 4058 est
3072 4007 3137 4059 ut
3180 4017 3278 4059 eos
3315 4018 3348 4059 a
3396 4003 3709 4062 sacerdotio
3743 4003 3891 4062 499

2187 4087 2770 4165 censurzecanonicaa
2801 4088 2966 4161 vigor
2995 4080 3266 4162 expellat.
3302 4089 3569 4148 Nobilem
3615 4108 3750 4165 ergo
3789 4110 3894 4152 ne-

2188 4195 2343 4238 cesse
2381 4186 2466 4237 est
2504 4195 2627 4238 esse
2660 4178 2932 4237 Ecclesia:
2979 4178 3352 4245 sacerdotem,
3385 4186 3451 4239 ut
3492 4181 3596 4255 qui
3627 4182 3893 4242 minister

2189 4279 2272 4332 est
2322 4268 2579 4343 Domini,
2628 4268 2926 4330 erubescat
2966 4286 3026 4330 se
3074 4286 3308 4330 servum
3356 4265 3479 4331 esse
3522 4275 3755 4349 peccati.
3804 4275 3894 4334 Ad

2190 4381 2365 4443 quam
2394 4364 2755 4424 nobilitatem
2795 4379 2901 4422 nos
2941 4362 3043 4421 ille
3074 4364 3357 4437 provexit,
3388 4365 3459 4424 de
3499 4382 3619 4448 quo
3650 4369 3896 4442 Aposto-

2193 4458 2284 4516 lus
2313 4456 2394 4514 ait
2423 4475 2436 4513 :
2469 4479 2495 4506 α
2525 4452 2636 4523 Qui
2673 4452 2886 4527 eripuit
2923 4469 3027 4511 nos
3063 4454 3135 4511 de
3169 4461 3445 4527 potestate
3499 4456 3893 4533 tenebrarum,

2193 4552 2248 4603 et
2297 4544 2592 4603 transtulit
2623 4542 2682 4600 in
2712 4559 2956 4615 regnum
2988 4542 3097 4600 filii
3126 4542 3453 4603 dilectionis
3478 4562 3621 4618 suae,
3644 4550 3897 4609 servitu-

2197 4641 2427 4705 temque
2472 4630 2687 4703 peccati
2737 4629 2900 4688 illius
2948 4645 2983 4687 a
3028 4630 3198 4688 nobis
3244 4648 3415 4690 cruor
3455 4634 3722 4693 abstersit
3772 4642 3895 4708 (Co-

2197 4725 2321 4778 loss.
2356 4726 2397 4789 ι)
2428 4740 2442 4791 ;
2478 4742 2505 4770 υ
2536 4720 2607 4776 de
2638 4733 2753 4791 quo
2780 4734 2883 4791 per
2908 4717 3194 4775 Joannem
3220 4717 3467 4778 dicitur:
3501 4746 3526 4773 α
3560 4721 3670 4790 Qui
3692 4724 3900 4785 dilexit

2198 4828 2324 4882 nos,
2368 4818 2423 4867 et
2452 4809 2593 4867 lavit
2629 4823 2735 4864 nos
2763 4823 2797 4863 a
2825 4803 3069 4881 peccatis
3112 4805 3322 4865 nostris
3366 4808 3425 4866 in
3478 4813 3760 4882 sanguine
3793 4831 3898 4874 suo

2202 4906 2389 4976 (Apoc.
2427 4901 2486 4970 1).
2531 4923 2558 4951 ιο
2609 4898 2773 4956 Hanc
2807 4906 3001 4956 autem
3041 4895 3410 4969 munditiam,
3442 4906 3507 4959 ut
3544 4903 3805 4963 sacerdos
3836 4906 3900 4965 in

2202 5009 2262 5052 se
2295 4991 2480 5049 valeat
2530 5005 2661 5061 prze-
2702 4985 2927 5047 caeteris
2978 4988 3290 5061 possidere,
3344 4986 3551 5062 stigma
3598 4995 3900 5066 sanguinis

2203 5079 2417 5139 Christi
2471 5079 2694 5137 studeat
2745 5079 2809 5136 in
2856 5094 2916 5136 se
2964 5075 3260 5151 signanter
3311 5080 3679 5155 exprimere,
3752 5082 3902 5143 sicut

2205 5170 2345 5228 dicit
2368 5165 2719 5241 Apostolus:
2761 5191 2785 5216 α
2828 5164 2941 5239 Ego
2966 5166 3230 5239 stigmata
3255 5165 3392 5225 Jesu
3414 5183 3639 5243 semper
3675 5170 3736 5229 in
3779 5189 3903 5232 cor-

2206 5272 2342 5332 pore
2382 5270 2511 5314 meo
2545 5262 2707 5327 porto
2754 5255 2897 5323 (Gal.
2932 5255 3032 5326 v1.)
3066 5278 3092 5304 ι
3161 5253 3320 5313 Unde
3365 5264 3419 5314 et
3466 5255 3528 5315 in
3575 5256 3699 5332 lege
3756 5277 3909 5336 prae-

2210 5354 2436 5421 ceptum
2468 5352 2575 5422 est,
2603 5351 2670 5402 ut
2696 5344 2979 5417 sanguine
3009 5343 3206 5421 arietis
3243 5343 3547 5416 immolati,
3581 5352 3913 5421 tangeretur

2213 5443 2541 5493 extremum
2570 5427 2854 5491 auriculae
2894 5430 3167 5489 dexterae
3197 5429 3414 5490 summi
3450 5434 3778 5509 sacerdotis,
3834 5442 3939 5498 si-g

2216 5522 2434 5583 militer
2458 5529 2512 5580 et
2540 5537 2748 5581 manus
2789 5523 3064 5592 dexterae,
3102 5528 3158 5580 et
3202 5518 3364 5595 pedis
3420 5524 3609 5596 (Leuit.
3661 5530 3809 5600 XIV).
3844 5529 3919 5589 Ut

423 5600 736 5683 discimus,
773 5612 913 5687 quia
941 5613 1210 5688 quisquis
1238 5614 1557 5673 immunda:
1589 5614 1728 5673 vita;
1771 5612 1933 5673 velut
1959 5613 2133 5673 uxori
2176 5600 2179 5603 ’
2217 5614 2354 5673 hinc
2380 5613 2573 5688 itaque
2604 5629 2665 5672 se
2700 5627 2890 5672 sermo
2926 5611 3077 5670 celer
3103 5613 3391 5686 expediat,
3432 5613 3495 5672 in
3523 5617 3791 5678 auricula
3825 5637 3915 5678 sa-

429 5705 523 5764 vir
580 5704 871 5778 jungitur,
927 5704 1167 5778 ejusque
1196 5703 1347 5763 male
1384 5703 1734 5763 blandientis
1768 5704 2137 5777 amplexibus
2224 5701 2421 5762 cerdos
2449 5703 2645 5760 arietis
2670 5698 2953 5761 immolati
2982 5702 3329 5777 sanguinem
3372 5706 3575 5777 portat,
3607 5721 3741 5765 cum
3777 5722 3917 5767 eum
