  <div class='ocr_page' id='page_1' title='image "/cluster/home/n/w/nwhite01/storage/ocr_20150623/145/hvd.32044048207542/255.png"; bbox 0 0 4080 6194; ppageno 0'>
   <div class='ocr_carea' id='block_1_1' title="bbox 242 226 269 233">
    <p class='ocr_par' dir='ltr' id='par_1_1' title="bbox 242 226 269 233">
     <span class='ocr_line' id='line_1_1' title="bbox 242 226 269 233; baseline 0 0"><span class='ocrx_word' id='word_1_1' title='bbox 242 226 269 233; x_wconf 51' lang='grc' dir='ltr'>ε</span> 
     </span>
    </p>
   </div>
   <div class='ocr_carea' id='block_1_2' title="bbox 188 266 3680 350">
    <p class='ocr_par' dir='ltr' id='par_1_2' title="bbox 188 266 3680 350">
     <span class='ocr_line' id='line_1_2' title="bbox 188 266 3680 350; baseline 0 -1"><span class='ocrx_word' id='word_1_2' title='bbox 188 293 293 350; x_wconf 75' lang='grc'>495</span> <span class='ocrx_word' id='word_1_3' title='bbox 413 305 421 313; x_wconf 79' lang='grc'><em>’</em></span> <span class='ocrx_word' id='word_1_4' title='bbox 652 290 709 348; x_wconf 87' lang='lat' dir='ltr'>S.</span> <span class='ocrx_word' id='word_1_5' title='bbox 753 266 978 348; x_wconf 85' lang='lat' dir='ltr'><strong>PETRI</strong></span> <span class='ocrx_word' id='word_1_6' title='bbox 1015 284 1341 346; x_wconf 85' lang='lat' dir='ltr'>DAMIANI</span> <span class='ocrx_word' id='word_1_7' title='bbox 1382 285 1539 345; x_wconf 89' lang='lat' dir='ltr'>OPP.</span> <span class='ocrx_word' id='word_1_8' title='bbox 1583 282 1834 344; x_wconf 88' lang='lat' dir='ltr'>TOMUS</span> <span class='ocrx_word' id='word_1_9' title='bbox 1875 280 2015 341; x_wconf 89' lang='lat' dir='ltr'>SEU</span> <span class='ocrx_word' id='word_1_10' title='bbox 2056 282 2248 341; x_wconf 79' lang='lat' dir='ltr'>PARS</span> <span class='ocrx_word' id='word_1_11' title='bbox 2287 283 2391 341; x_wconf 89' lang='lat' dir='ltr'>III.</span> <span class='ocrx_word' id='word_1_12' title='bbox 2428 314 2500 329; x_wconf 91' lang='lat'>—</span> <span class='ocrx_word' id='word_1_13' title='bbox 2536 281 2926 342; x_wconf 89' lang='lat' dir='ltr'>OPUSCULA</span> <span class='ocrx_word' id='word_1_14' title='bbox 2968 281 3223 343; x_wconf 81' lang='lat' dir='ltr'><strong>VABIA.</strong></span> <span class='ocrx_word' id='word_1_15' title='bbox 3575 291 3680 350; x_wconf 70' lang='grc'>496</span> 
     </span>
    </p>
   </div>
   <div class='ocr_carea' id='block_1_3' title="bbox 186 402 3683 492">
    <p class='ocr_par' dir='ltr' id='par_1_3' title="bbox 186 402 3683 492">
     <span class='ocr_line' id='line_1_3' title="bbox 186 402 3683 492; baseline -0 -19"><span class='ocrx_word' id='word_1_16' title='bbox 186 415 468 492; x_wconf 84' lang='lat' dir='ltr'>passionis</span> <span class='ocrx_word' id='word_1_17' title='bbox 513 412 724 483; x_wconf 78' lang='lat' dir='ltr'>Christi</span> <span class='ocrx_word' id='word_1_18' title='bbox 778 410 1135 486; x_wconf 30' lang='lat' dir='ltr'>mysterium.</span> <span class='ocrx_word' id='word_1_19' title='bbox 1183 408 1477 466; x_wconf 89' lang='lat' dir='ltr'>inhianter</span> <span class='ocrx_word' id='word_1_20' title='bbox 1535 408 1739 466; x_wconf 89' lang='lat' dir='ltr'>audire</span> <span class='ocrx_word' id='word_1_21' title='bbox 1794 402 2100 465; x_wconf 86' lang='lat' dir='ltr'>de-Aillic</span> <span class='ocrx_word' id='word_1_22' title='bbox 2159 412 2323 463; x_wconf 89' lang='lat' dir='ltr'>erant</span> <span class='ocrx_word' id='word_1_23' title='bbox 2376 406 2604 475; x_wconf 70' lang='lat' dir='ltr'>littera),</span> <span class='ocrx_word' id='word_1_24' title='bbox 2663 406 2743 463; x_wconf 90' lang='lat' dir='ltr'>ita</span> <span class='ocrx_word' id='word_1_25' title='bbox 2798 405 3190 492; x_wconf 70' lang='lat' dir='ltr'>nihilominus</span> <span class='ocrx_word' id='word_1_26' title='bbox 3242 415 3493 483; x_wconf 88' lang='lat' dir='ltr'>quatuor</span> <span class='ocrx_word' id='word_1_27' title='bbox 3546 421 3683 472; x_wconf 89' lang='lat' dir='ltr'>sunt</span> 
     </span>
    </p>
   </div>
   <div class='ocr_carea' id='block_1_4' title="bbox 184 482 3675 574">
    <p class='ocr_par' dir='ltr' id='par_1_4' title="bbox 184 482 3675 574">
     <span class='ocr_line' id='line_1_4' title="bbox 184 482 3675 574; baseline 0.001 -12"><span class='ocrx_word' id='word_1_28' title='bbox 184 482 370 563; x_wconf 78' lang='lat' dir='ltr'>Iectat.</span> <span class='ocrx_word' id='word_1_29' title='bbox 405 502 670 560; x_wconf 71' lang='lat' dir='ltr'>DeXterte</span> <span class='ocrx_word' id='word_1_30' title='bbox 702 482 932 573; x_wconf 81' lang='lat' dir='ltr'>quoque</span> <span class='ocrx_word' id='word_1_31' title='bbox 960 500 1085 571; x_wconf 82' lang='lat' dir='ltr'>ejus</span> <span class='ocrx_word' id='word_1_32' title='bbox 1126 482 1279 554; x_wconf 86' lang='lat' dir='ltr'>idem</span> <span class='ocrx_word' id='word_1_33' title='bbox 1336 496 1576 568; x_wconf 75' lang='lat' dir='ltr'>sanguis</span> <span class='ocrx_word' id='word_1_34' title='bbox 1614 494 1889 563; x_wconf 83' lang='lat' dir='ltr'>illinitur,</span> <span class='ocrx_word' id='word_1_35' title='bbox 1976 495 2164 553; x_wconf 89' lang='lat' dir='ltr'>crucis</span> <span class='ocrx_word' id='word_1_36' title='bbox 2218 512 2437 559; x_wconf 82' lang='lat' dir='ltr'>cornua</span> <span class='ocrx_word' id='word_1_37' title='bbox 2489 496 2803 570; x_wconf 85' lang='lat' dir='ltr'>quadrifidi</span> <span class='ocrx_word' id='word_1_38' title='bbox 2840 482 2996 570; x_wconf 76' lang='lat' dir='ltr'>orbis</span> <span class='ocrx_word' id='word_1_39' title='bbox 3041 506 3228 570; x_wconf 88' lang='lat' dir='ltr'>partes</span> <span class='ocrx_word' id='word_1_40' title='bbox 3254 482 3675 574; x_wconf 67' lang='lat' dir='ltr'>amplectenda.</span> 
     </span>
    </p>
   </div>
   <div class='ocr_carea' id='block_1_5' title="bbox 184 581 1890 666">
    <p class='ocr_par' dir='ltr' id='par_1_5' title="bbox 184 581 1890 666">
     <span class='ocr_line' id='line_1_5' title="bbox 184 581 1890 666; baseline -0.008 -14"><span class='ocrx_word' id='word_1_41' title='bbox 184 610 320 652; x_wconf 89' lang='lat' dir='ltr'>cum</span> <span class='ocrx_word' id='word_1_42' title='bbox 349 592 428 663; x_wconf 91' lang='lat' dir='ltr'>id,</span> <span class='ocrx_word' id='word_1_43' title='bbox 453 584 616 666; x_wconf 85' lang='lat' dir='ltr'>quod</span> <span class='ocrx_word' id='word_1_44' title='bbox 647 590 939 658; x_wconf 81' lang='lat' dir='ltr'>studiosus</span> <span class='ocrx_word' id='word_1_45' title='bbox 969 586 1200 644; x_wconf 80' lang='lat' dir='ltr'>auditor</span> <span class='ocrx_word' id='word_1_46' title='bbox 1248 584 1536 653; x_wconf 83' lang='lat' dir='ltr'>intelligit,</span> <span class='ocrx_word' id='word_1_47' title='bbox 1589 581 1890 640; x_wconf 77' lang='lat' dir='ltr'>efﬁcaciter</span> 
     </span>
    </p>
   </div>
   <div class='ocr_carea' id='block_1_6' title="bbox 183 670 1887 757">
    <p class='ocr_par' dir='ltr' id='par_1_6' title="bbox 183 670 1887 757">
     <span class='ocr_line' id='line_1_6' title="bbox 183 670 1887 757; baseline -0.009 -16"><span class='ocrx_word' id='word_1_48' title='bbox 183 690 456 757; x_wconf 84' lang='lat' dir='ltr'>operatur</span> <span class='ocrx_word' id='word_1_49' title='bbox 485 700 496 737; x_wconf 91' lang='lat'><strong>:</strong></span> <span class='ocrx_word' id='word_1_50' title='bbox 532 680 734 737; x_wconf 79' lang='lat' dir='ltr'>dexter</span> <span class='ocrx_word' id='word_1_51' title='bbox 763 670 936 735; x_wconf 77' lang='lat' dir='ltr'>eIiam</span> <span class='ocrx_word' id='word_1_52' title='bbox 984 691 1083 748; x_wconf 87' lang='lat' dir='ltr'>pes</span> <span class='ocrx_word' id='word_1_53' title='bbox 1132 674 1333 731; x_wconf 79' lang='lat' dir='ltr'>eodem</span> <span class='ocrx_word' id='word_1_54' title='bbox 1367 687 1574 731; x_wconf 87' lang='lat' dir='ltr'>cruore</span> <span class='ocrx_word' id='word_1_55' title='bbox 1603 671 1887 743; x_wconf 81' lang='lat' dir='ltr'>signatur,</span> 
     </span>
    </p>
   </div>
   <div class='ocr_carea' id='block_1_7' title="bbox 183 760 1890 831">
    <p class='ocr_par' dir='ltr' id='par_1_7' title="bbox 183 760 1890 831">
     <span class='ocr_line' id='line_1_7' title="bbox 183 760 1890 831; baseline -0.008 -1"><span class='ocrx_word' id='word_1_56' title='bbox 183 790 317 831; x_wconf 88' lang='lat' dir='ltr'>cum</span> <span class='ocrx_word' id='word_1_57' title='bbox 386 771 503 828; x_wconf 89' lang='lat' dir='ltr'>vita</span> <span class='ocrx_word' id='word_1_58' title='bbox 565 769 874 826; x_wconf 76' lang='lat' dir='ltr'>sacerdotis</span> <span class='ocrx_word' id='word_1_59' title='bbox 927 768 1207 823; x_wconf 87' lang='lat' dir='ltr'>adversus</span> <span class='ocrx_word' id='word_1_60' title='bbox 1260 769 1614 822; x_wconf 86' lang='lat' dir='ltr'>tentamenta</span> <span class='ocrx_word' id='word_1_61' title='bbox 1674 760 1890 819; x_wconf 86' lang='lat' dir='ltr'>diaboli</span> 
     </span>
    </p>
   </div>
   <div class='ocr_carea' id='block_1_8' title="bbox 184 854 1893 951">
    <p class='ocr_par' dir='ltr' id='par_1_8' title="bbox 184 854 1893 951">
     <span class='ocr_line' id='line_1_8' title="bbox 184 854 1893 951; baseline -0.007 -29"><span class='ocrx_word' id='word_1_62' title='bbox 184 862 467 938; x_wconf 80' lang='lat' dir='ltr'>passionis</span> <span class='ocrx_word' id='word_1_63' title='bbox 519 861 731 919; x_wconf 86' lang='lat' dir='ltr'>Christi</span> <span class='ocrx_word' id='word_1_64' title='bbox 796 859 1187 918; x_wconf 84' lang='lat' dir='ltr'>recordatione</span> <span class='ocrx_word' id='word_1_65' title='bbox 1262 856 1577 924; x_wconf 90' lang='lat' dir='ltr'>munitur;</span> <span class='ocrx_word' id='word_1_66' title='bbox 1628 858 1693 912; x_wconf 90' lang='lat' dir='ltr'>ut</span> <span class='ocrx_word' id='word_1_67' title='bbox 1736 854 1893 951; x_wconf 34' lang='lat' dir='ltr'>.sicut</span> 
     </span>
    </p>
   </div>
   <div class='ocr_carea' id='block_1_9' title="bbox 181 948 1892 1027">
    <p class='ocr_par' dir='ltr' id='par_1_9' title="bbox 181 948 1892 1027">
     <span class='ocr_line' id='line_1_9' title="bbox 181 948 1892 1027; baseline -0.008 -16"><span class='ocrx_word' id='word_1_68' title='bbox 181 958 519 1027; x_wconf 84' lang='lat' dir='ltr'>potestatem</span> <span class='ocrx_word' id='word_1_69' title='bbox 576 948 812 1022; x_wconf 82' lang='lat' dir='ltr'>accepit,</span> <span class='ocrx_word' id='word_1_70' title='bbox 869 963 1040 1021; x_wconf 89' lang='lat' dir='ltr'>super</span> <span class='ocrx_word' id='word_1_71' title='bbox 1092 953 1407 1018; x_wconf 87' lang='lat' dir='ltr'>serpentes,</span> <span class='ocrx_word' id='word_1_72' title='bbox 1458 951 1513 1000; x_wconf 90' lang='lat' dir='ltr'>et</span> <span class='ocrx_word' id='word_1_73' title='bbox 1565 948 1892 1016; x_wconf 84' lang='lat' dir='ltr'>scorpiones</span> 
     </span>
    </p>
   </div>
   <div class='ocr_carea' id='block_1_10' title="bbox 182 1033 1893 1104">
    <p class='ocr_par' dir='ltr' id='par_1_10' title="bbox 182 1033 1893 1104">
     <span class='ocr_line' id='line_1_10' title="bbox 182 1033 1893 1104; baseline -0.007 -4"><span class='ocrx_word' id='word_1_74' title='bbox 182 1042 454 1100; x_wconf 86' lang='lat' dir='ltr'>incedat:</span> <span class='ocrx_word' id='word_1_75' title='bbox 500 1054 729 1096; x_wconf 85' lang='lat' dir='ltr'>morsus</span> <span class='ocrx_word' id='word_1_76' title='bbox 786 1044 979 1095; x_wconf 88' lang='lat' dir='ltr'>tamen</span> <span class='ocrx_word' id='word_1_77' title='bbox 1018 1051 1242 1104; x_wconf 91' lang='lat' dir='ltr'>eorum,</span> <span class='ocrx_word' id='word_1_78' title='bbox 1282 1040 1337 1091; x_wconf 92' lang='lat' dir='ltr'>et</span> <span class='ocrx_word' id='word_1_79' title='bbox 1388 1034 1630 1092; x_wconf 84' lang='lat' dir='ltr'>invalidi</span> <span class='ocrx_word' id='word_1_80' title='bbox 1680 1033 1893 1092; x_wconf 91' lang='lat' dir='ltr'>furoris</span> 
     </span>
    </p>
   </div>
   <div class='ocr_carea' id='block_1_11' title="bbox 179 1126 1891 1201">
    <p class='ocr_par' dir='ltr' id='par_1_11' title="bbox 179 1126 1891 1201">
     <span class='ocr_line' id='line_1_11' title="bbox 179 1126 1891 1201; baseline -0.007 -9"><span class='ocrx_word' id='word_1_81' title='bbox 179 1151 403 1193; x_wconf 89' lang='lat' dir='ltr'>venena</span> <span class='ocrx_word' id='word_1_82' title='bbox 428 1148 545 1189; x_wconf 88' lang='lat' dir='ltr'>non</span> <span class='ocrx_word' id='word_1_83' title='bbox 575 1137 823 1201; x_wconf 87' lang='lat' dir='ltr'>metuat;</span> <span class='ocrx_word' id='word_1_84' title='bbox 858 1129 981 1187; x_wconf 85' lang='lat' dir='ltr'>sive</span> <span class='ocrx_word' id='word_1_85' title='bbox 1018 1133 1189 1197; x_wconf 84' lang='lat' dir='ltr'>certe,</span> <span class='ocrx_word' id='word_1_86' title='bbox 1235 1126 1371 1201; x_wconf 86' lang='lat' dir='ltr'>quia</span> <span class='ocrx_word' id='word_1_87' title='bbox 1402 1141 1502 1199; x_wconf 89' lang='lat' dir='ltr'>pes</span> <span class='ocrx_word' id='word_1_88' title='bbox 1560 1132 1643 1183; x_wconf 90' lang='lat' dir='ltr'>est</span> <span class='ocrx_word' id='word_1_89' title='bbox 1691 1139 1891 1197; x_wconf 91' lang='lat' dir='ltr'>corpo-</span> 
     </span>
    </p>
   </div>
   <div class='ocr_carea' id='block_1_12' title="bbox 182 1215 1890 1301">
    <p class='ocr_par' dir='ltr' id='par_1_12' title="bbox 182 1215 1890 1301">
     <span class='ocr_line' id='line_1_12' title="bbox 182 1215 1890 1301; baseline -0.006 -18"><span class='ocrx_word' id='word_1_90' title='bbox 182 1227 261 1283; x_wconf 89' lang='lat' dir='ltr'>ris</span> <span class='ocrx_word' id='word_1_91' title='bbox 300 1223 606 1292; x_wconf 89' lang='lat' dir='ltr'>terminus,</span> <span class='ocrx_word' id='word_1_92' title='bbox 645 1221 785 1293; x_wconf 90' lang='lat' dir='ltr'>quid</span> <span class='ocrx_word' id='word_1_93' title='bbox 826 1236 926 1293; x_wconf 91' lang='lat' dir='ltr'>per</span> <span class='ocrx_word' id='word_1_94' title='bbox 956 1220 1080 1282; x_wconf 86' lang='lat' dir='ltr'>hoc,</span> <span class='ocrx_word' id='word_1_95' title='bbox 1136 1217 1249 1274; x_wconf 91' lang='lat' dir='ltr'>nisi</span> <span class='ocrx_word' id='word_1_96' title='bbox 1309 1216 1447 1274; x_wconf 91' lang='lat' dir='ltr'>boni</span> <span class='ocrx_word' id='word_1_97' title='bbox 1497 1216 1687 1301; x_wconf 82' lang='lat' dir='ltr'>operis</span> <span class='ocrx_word' id='word_1_98' title='bbox 1737 1215 1890 1274; x_wconf 90' lang='lat' dir='ltr'>desi-</span> 
     </span>
    </p>
   </div>
   <div class='ocr_carea' id='block_1_13' title="bbox 178 1303 1893 1390">
    <p class='ocr_par' dir='ltr' id='par_1_13' title="bbox 178 1303 1893 1390">
     <span class='ocr_line' id='line_1_13' title="bbox 178 1303 1893 1390; baseline -0.008 -16"><span class='ocrx_word' id='word_1_99' title='bbox 178 1322 387 1390; x_wconf 81' lang='lat' dir='ltr'>gnatur</span> <span class='ocrx_word' id='word_1_100' title='bbox 415 1312 794 1373; x_wconf 86' lang='lat' dir='ltr'>extremum?</span> <span class='ocrx_word' id='word_1_101' title='bbox 826 1309 1140 1376; x_wconf 87' lang='lat' dir='ltr'>Nimirum,</span> <span class='ocrx_word' id='word_1_102' title='bbox 1175 1312 1237 1364; x_wconf 92' lang='lat' dir='ltr'>ut</span> <span class='ocrx_word' id='word_1_103' title='bbox 1267 1321 1440 1363; x_wconf 89' lang='lat' dir='ltr'>omne</span> <span class='ocrx_word' id='word_1_104' title='bbox 1470 1304 1711 1373; x_wconf 91' lang='lat' dir='ltr'>bonum,</span> <span class='ocrx_word' id='word_1_105' title='bbox 1741 1303 1893 1377; x_wconf 89' lang='lat' dir='ltr'>quod</span> 
     </span>
    </p>
   </div>
   <div class='ocr_carea' id='block_1_14' title="bbox 176 1394 1890 1480">
    <p class='ocr_par' dir='ltr' id='par_1_14' title="bbox 176 1394 1890 1480">
     <span class='ocr_line' id='line_1_14' title="bbox 176 1394 1890 1480; baseline -0.007 -16"><span class='ocrx_word' id='word_1_106' title='bbox 176 1407 510 1480; x_wconf 83' lang='lat' dir='ltr'>incipimus,</span> <span class='ocrx_word' id='word_1_107' title='bbox 567 1406 999 1477; x_wconf 86' lang='lat' dir='ltr'>perseveranter</span> <span class='ocrx_word' id='word_1_108' title='bbox 1050 1396 1223 1455; x_wconf 87' lang='lat' dir='ltr'>etiam</span> <span class='ocrx_word' id='word_1_109' title='bbox 1278 1412 1465 1469; x_wconf 90' lang='lat' dir='ltr'>usque</span> <span class='ocrx_word' id='word_1_110' title='bbox 1529 1396 1600 1453; x_wconf 90' lang='lat' dir='ltr'>ad</span> <span class='ocrx_word' id='word_1_111' title='bbox 1666 1394 1890 1453; x_wconf 87' lang='lat' dir='ltr'>felicem</span> 
     </span>
    </p>
   </div>
   <div class='ocr_carea' id='block_1_15' title="bbox 136 1482 1891 1566">
    <p class='ocr_par' dir='ltr' id='par_1_15' title="bbox 136 1482 1891 1566">
     <span class='ocr_line' id='line_1_15' title="bbox 136 1482 1891 1566; baseline -0.008 -12"><span class='ocrx_word' id='word_1_112' title='bbox 136 1508 137 1511; x_wconf 79' lang='lat'>‘</span> <span class='ocrx_word' id='word_1_113' title='bbox 180 1495 493 1553; x_wconf 85' lang='lat' dir='ltr'>terminum</span> <span class='ocrx_word' id='word_1_114' title='bbox 546 1491 949 1566; x_wconf 87' lang='lat' dir='ltr'>perducamus.</span> <span class='ocrx_word' id='word_1_115' title='bbox 1000 1486 1153 1543; x_wconf 88' lang='lat' dir='ltr'>Hinc</span> <span class='ocrx_word' id='word_1_116' title='bbox 1207 1490 1310 1555; x_wconf 88' lang='lat' dir='ltr'>est,</span> <span class='ocrx_word' id='word_1_117' title='bbox 1366 1484 1523 1558; x_wconf 77' lang='lat' dir='ltr'>quod</span> <span class='ocrx_word' id='word_1_118' title='bbox 1577 1482 1891 1561; x_wconf 81' lang='lat' dir='ltr'>Israelitico</span> 
     </span>
    </p>
   </div>
   <div class='ocr_carea' id='block_1_16' title="bbox 181 1571 1889 1659">
    <p class='ocr_par' dir='ltr' id='par_1_16' title="bbox 181 1571 1889 1659">
     <span class='ocr_line' id='line_1_16' title="bbox 181 1571 1889 1659; baseline -0.009 -16"><span class='ocrx_word' id='word_1_119' title='bbox 181 1586 393 1659; x_wconf 91' lang='lat' dir='ltr'>populo</span> <span class='ocrx_word' id='word_1_120' title='bbox 419 1583 620 1640; x_wconf 89' lang='lat' dir='ltr'>divina</span> <span class='ocrx_word' id='word_1_121' title='bbox 648 1582 765 1638; x_wconf 69' lang='lat' dir='ltr'>Vox</span> <span class='ocrx_word' id='word_1_122' title='bbox 792 1578 870 1635; x_wconf 89' lang='lat' dir='ltr'>ait</span> <span class='ocrx_word' id='word_1_123' title='bbox 906 1594 918 1627; x_wconf 87' lang='lat'><strong>:</strong></span> <span class='ocrx_word' id='word_1_124' title='bbox 953 1599 981 1625; x_wconf 77' lang='grc' dir='ltr'>ει</span> <span class='ocrx_word' id='word_1_125' title='bbox 1015 1574 1077 1634; x_wconf 92' lang='lat' dir='ltr'>Si</span> <span class='ocrx_word' id='word_1_126' title='bbox 1114 1573 1390 1645; x_wconf 89' lang='lat' dir='ltr'>audieris,</span> <span class='ocrx_word' id='word_1_127' title='bbox 1424 1571 1636 1645; x_wconf 87' lang='lat' dir='ltr'>inquit,</span> <span class='ocrx_word' id='word_1_128' title='bbox 1688 1586 1889 1630; x_wconf 86' lang='lat' dir='ltr'>vocem</span> 
     </span>
    </p>
   </div>
   <div class='ocr_carea' id='block_1_17' title="bbox 136 1661 1889 1737">
    <p class='ocr_par' dir='ltr' id='par_1_17' title="bbox 136 1661 1889 1737">
     <span class='ocr_line' id='line_1_17' title="bbox 136 1661 1889 1737; baseline -0.007 -6"><span class='ocrx_word' id='word_1_129' title='bbox 136 1707 151 1716; x_wconf 62' lang='grc' dir='ltr'><strong>ς</strong></span> <span class='ocrx_word' id='word_1_130' title='bbox 182 1663 413 1731; x_wconf 88' lang='lat' dir='ltr'>Domini</span> <span class='ocrx_word' id='word_1_131' title='bbox 456 1670 559 1727; x_wconf 90' lang='lat' dir='ltr'>Dei</span> <span class='ocrx_word' id='word_1_132' title='bbox 592 1669 696 1737; x_wconf 90' lang='lat' dir='ltr'>tui,</span> <span class='ocrx_word' id='word_1_133' title='bbox 742 1674 805 1726; x_wconf 93' lang='lat' dir='ltr'>ut</span> <span class='ocrx_word' id='word_1_134' title='bbox 843 1665 1018 1723; x_wconf 87' lang='lat' dir='ltr'>facias</span> <span class='ocrx_word' id='word_1_135' title='bbox 1066 1672 1237 1737; x_wconf 90' lang='lat' dir='ltr'>atque</span> <span class='ocrx_word' id='word_1_136' title='bbox 1282 1662 1575 1721; x_wconf 84' lang='lat' dir='ltr'>custodias</span> <span class='ocrx_word' id='word_1_137' title='bbox 1622 1661 1889 1719; x_wconf 89' lang='lat' dir='ltr'>mandata</span> 
     </span>
    </p>
   </div>
   <div class='ocr_carea' id='block_1_18' title="bbox 1973 588 3679 669">
    <p class='ocr_par' dir='ltr' id='par_1_18' title="bbox 1973 588 3679 669">
     <span class='ocr_line' id='line_1_18' title="bbox 1973 588 3679 669; baseline 0.005 -24"><span class='ocrx_word' id='word_1_138' title='bbox 1973 588 2140 645; x_wconf 87' lang='lat' dir='ltr'>Hanc</span> <span class='ocrx_word' id='word_1_139' title='bbox 2170 590 2432 647; x_wconf 89' lang='lat' dir='ltr'>sacerdos</span> <span class='ocrx_word' id='word_1_140' title='bbox 2464 589 2726 663; x_wconf 74' lang='lat' dir='ltr'>portabat</span> <span class='ocrx_word' id='word_1_141' title='bbox 2752 590 2815 647; x_wconf 90' lang='lat' dir='ltr'>in</span> <span class='ocrx_word' id='word_1_142' title='bbox 2841 590 3086 663; x_wconf 85' lang='lat' dir='ltr'>gloriam</span> <span class='ocrx_word' id='word_1_143' title='bbox 3110 596 3165 647; x_wconf 90' lang='lat' dir='ltr'>et</span> <span class='ocrx_word' id='word_1_144' title='bbox 3200 591 3497 663; x_wconf 89' lang='lat' dir='ltr'>decorem;</span> <span class='ocrx_word' id='word_1_145' title='bbox 3529 611 3679 669; x_wconf 84' lang='lat' dir='ltr'>quo-</span> 
     </span>
    </p>
   </div>
   <div class='ocr_carea' id='block_1_19' title="bbox 1974 674 3681 754">
    <p class='ocr_par' dir='ltr' id='par_1_19' title="bbox 1974 674 3681 754">
     <span class='ocr_line' id='line_1_19' title="bbox 1974 674 3681 754; baseline 0.006 -23"><span class='ocrx_word' id='word_1_146' title='bbox 1974 674 2130 731; x_wconf 88' lang='lat' dir='ltr'>niam</span> <span class='ocrx_word' id='word_1_147' title='bbox 2161 682 2215 733; x_wconf 89' lang='lat' dir='ltr'>et</span> <span class='ocrx_word' id='word_1_148' title='bbox 2245 677 2560 748; x_wconf 84' lang='lat' dir='ltr'>Apostolus</span> <span class='ocrx_word' id='word_1_149' title='bbox 2597 676 2774 734; x_wconf 86' lang='lat' dir='ltr'>dicit:</span> <span class='ocrx_word' id='word_1_150' title='bbox 2812 701 2837 727; x_wconf 84' lang='lat'>«</span> <span class='ocrx_word' id='word_1_151' title='bbox 2871 676 3017 734; x_wconf 85' lang='lat' dir='ltr'>Mihi</span> <span class='ocrx_word' id='word_1_152' title='bbox 3045 686 3239 735; x_wconf 90' lang='lat' dir='ltr'>autem</span> <span class='ocrx_word' id='word_1_153' title='bbox 3270 679 3419 738; x_wconf 89' lang='lat' dir='ltr'>absit</span> <span class='ocrx_word' id='word_1_154' title='bbox 3443 681 3681 754; x_wconf 89' lang='lat' dir='ltr'>gloriari</span> 
     </span>
    </p>
   </div>
   <div class='ocr_carea' id='block_1_20' title="bbox 1975 765 3778 845">
    <p class='ocr_par' dir='ltr' id='par_1_20' title="bbox 1975 765 3778 845">
     <span class='ocr_line' id='line_1_20' title="bbox 1975 765 3778 845; baseline 0.005 -22"><span class='ocrx_word' id='word_1_155' title='bbox 1975 766 2089 823; x_wconf 88' lang='lat' dir='ltr'>nisi</span> <span class='ocrx_word' id='word_1_156' title='bbox 2122 765 2184 824; x_wconf 90' lang='lat' dir='ltr'>in</span> <span class='ocrx_word' id='word_1_157' title='bbox 2215 782 2385 824; x_wconf 89' lang='lat' dir='ltr'>cruce</span> <span class='ocrx_word' id='word_1_158' title='bbox 2417 767 2651 824; x_wconf 91' lang='lat' dir='ltr'>Domini</span> <span class='ocrx_word' id='word_1_159' title='bbox 2693 768 2872 826; x_wconf 89' lang='lat' dir='ltr'>nostri</span> <span class='ocrx_word' id='word_1_160' title='bbox 2903 768 3043 827; x_wconf 88' lang='lat' dir='ltr'>Jesu</span> <span class='ocrx_word' id='word_1_161' title='bbox 3092 768 3301 827; x_wconf 87' lang='lat' dir='ltr'>Christi</span> <span class='ocrx_word' id='word_1_162' title='bbox 3338 772 3480 841; x_wconf 84' lang='lat' dir='ltr'>(Gal.</span> <span class='ocrx_word' id='word_1_163' title='bbox 3523 773 3622 845; x_wconf 88' lang='lat' dir='ltr'><strong>VI).</strong></span> <span class='ocrx_word' id='word_1_164' title='bbox 3651 796 3677 823; x_wconf 74' lang='grc' dir='ltr'>»ι</span> <span class='ocrx_word' id='word_1_165' title='bbox 3768 784 3778 790; x_wconf 82' lang='grc'><em>”</em></span> 
     </span>
    </p>
   </div>
   <div class='ocr_carea' id='block_1_21' title="bbox 1978 850 3689 936">
    <p class='ocr_par' dir='ltr' id='par_1_21' title="bbox 1978 850 3689 936">
     <span class='ocr_line' id='line_1_21' title="bbox 1978 850 3689 936; baseline 0.004 -24"><span class='ocrx_word' id='word_1_166' title='bbox 1978 853 2166 913; x_wconf 88' lang='lat' dir='ltr'>Portet</span> <span class='ocrx_word' id='word_1_167' title='bbox 2204 873 2340 927; x_wconf 87' lang='lat' dir='ltr'>ergo</span> <span class='ocrx_word' id='word_1_168' title='bbox 2380 856 2654 914; x_wconf 87' lang='lat' dir='ltr'>laminam</span> <span class='ocrx_word' id='word_1_169' title='bbox 2690 872 2924 915; x_wconf 88' lang='lat' dir='ltr'>auream</span> <span class='ocrx_word' id='word_1_170' title='bbox 2975 858 3240 916; x_wconf 90' lang='lat' dir='ltr'>sacerdos</span> <span class='ocrx_word' id='word_1_171' title='bbox 3278 858 3342 917; x_wconf 93' lang='lat' dir='ltr'>in</span> <span class='ocrx_word' id='word_1_172' title='bbox 3383 862 3585 934; x_wconf 87' lang='lat' dir='ltr'>capite,</span> <span class='ocrx_word' id='word_1_173' title='bbox 3617 850 3689 936; x_wconf 68' lang='lat' dir='ltr'>ut</span> 
     </span>
    </p>
   </div>
   <div class='ocr_carea' id='block_1_22' title="bbox 1974 946 3681 1021">
    <p class='ocr_par' dir='ltr' id='par_1_22' title="bbox 1974 946 3681 1021">
     <span class='ocr_line' id='line_1_22' title="bbox 1974 946 3681 1021; baseline 0.004 -19"><span class='ocrx_word' id='word_1_174' title='bbox 1974 961 2201 1003; x_wconf 90' lang='lat' dir='ltr'>crucem</span> <span class='ocrx_word' id='word_1_175' title='bbox 2248 946 2458 1005; x_wconf 85' lang='lat' dir='ltr'>Christi</span> <span class='ocrx_word' id='word_1_176' title='bbox 2502 946 2965 1021; x_wconf 76' lang='lat' dir='ltr'>jugiter&#39;verset</span> <span class='ocrx_word' id='word_1_177' title='bbox 3015 948 3078 1005; x_wconf 93' lang='lat' dir='ltr'>in</span> <span class='ocrx_word' id='word_1_178' title='bbox 3133 956 3345 1007; x_wconf 90' lang='lat' dir='ltr'>mente.</span> <span class='ocrx_word' id='word_1_179' title='bbox 3402 949 3681 1009; x_wconf 85' lang='lat' dir='ltr'>Sanctum</span> 
     </span>
    </p>
   </div>
   <div class='ocr_carea' id='block_1_23' title="bbox 1975 1034 3678 1109">
    <p class='ocr_par' dir='ltr' id='par_1_23' title="bbox 1975 1034 3678 1109">
     <span class='ocr_line' id='line_1_23' title="bbox 1975 1034 3678 1109; baseline 0.003 -18"><span class='ocrx_word' id='word_1_180' title='bbox 1975 1049 2208 1109; x_wconf 85' lang='lat' dir='ltr'>quoque</span> <span class='ocrx_word' id='word_1_181' title='bbox 2234 1034 2469 1092; x_wconf 90' lang='lat' dir='ltr'>Domini</span> <span class='ocrx_word' id='word_1_182' title='bbox 2504 1036 2670 1093; x_wconf 85' lang='lat' dir='ltr'>freno</span> <span class='ocrx_word' id='word_1_183' title='bbox 2714 1036 2851 1109; x_wconf 86' lang='lat' dir='ltr'>equi</span> <span class='ocrx_word' id='word_1_184' title='bbox 2894 1035 2988 1093; x_wconf 90' lang='lat' dir='ltr'>sui</span> <span class='ocrx_word' id='word_1_185' title='bbox 3044 1043 3462 1109; x_wconf 89' lang='lat' dir='ltr'>consequenter</span> <span class='ocrx_word' id='word_1_186' title='bbox 3511 1038 3678 1096; x_wconf 88' lang='lat' dir='ltr'>adbi-</span> 
     </span>
    </p>
   </div>
   <div class='ocr_carea' id='block_1_24' title="bbox 1974 1122 3770 1199">
    <p class='ocr_par' dir='ltr' id='par_1_24' title="bbox 1974 1122 3770 1199">
     <span class='ocr_line' id='line_1_24' title="bbox 1974 1122 3770 1199; baseline 0.003 -20"><span class='ocrx_word' id='word_1_187' title='bbox 1974 1122 2124 1192; x_wconf 83' lang='lat' dir='ltr'>beat,</span> <span class='ocrx_word' id='word_1_188' title='bbox 2159 1128 2223 1180; x_wconf 92' lang='lat' dir='ltr'>ut</span> <span class='ocrx_word' id='word_1_189' title='bbox 2252 1139 2482 1181; x_wconf 89' lang='lat' dir='ltr'>carnem</span> <span class='ocrx_word' id='word_1_190' title='bbox 2532 1140 2699 1181; x_wconf 90' lang='lat' dir='ltr'>suam</span> <span class='ocrx_word' id='word_1_191' title='bbox 2744 1140 2877 1182; x_wconf 88' lang='lat' dir='ltr'>cum</span> <span class='ocrx_word' id='word_1_192' title='bbox 2910 1123 3065 1182; x_wconf 88' lang='lat' dir='ltr'>vitiis</span> <span class='ocrx_word' id='word_1_193' title='bbox 3092 1130 3149 1182; x_wconf 87' lang='lat' dir='ltr'>et</span> <span class='ocrx_word' id='word_1_194' title='bbox 3198 1126 3681 1199; x_wconf 88' lang='lat' dir='ltr'>concupiscentiis</span> <span class='ocrx_word' id='word_1_195' title='bbox 3763 1146 3770 1152; x_wconf 62' lang='grc'><strong><em>’</em></strong></span> 
     </span>
    </p>
   </div>
   <div class='ocr_carea' id='block_1_25' title="bbox 1975 1205 3678 1291">
    <p class='ocr_par' dir='ltr' id='par_1_25' title="bbox 1975 1205 3678 1291">
     <span class='ocr_line' id='line_1_25' title="bbox 1975 1205 3678 1291; baseline 0.004 -24"><span class='ocrx_word' id='word_1_196' title='bbox 1975 1210 2291 1283; x_wconf 84' lang='lat' dir='ltr'>cruciﬁgat.</span> <span class='ocrx_word' id='word_1_197' title='bbox 2325 1210 2493 1268; x_wconf 91' lang='lat' dir='ltr'>Tunc</span> <span class='ocrx_word' id='word_1_198' title='bbox 2533 1205 2691 1269; x_wconf 85' lang='lat' dir='ltr'>enim</span> <span class='ocrx_word' id='word_1_199' title='bbox 2721 1212 2984 1269; x_wconf 90' lang='lat' dir='ltr'>sacerdos</span> <span class='ocrx_word' id='word_1_200' title='bbox 3010 1217 3066 1269; x_wconf 87' lang='lat' dir='ltr'>et</span> <span class='ocrx_word' id='word_1_201' title='bbox 3114 1212 3393 1271; x_wconf 81' lang='lat' dir='ltr'>laminam</span> <span class='ocrx_word' id='word_1_202' title='bbox 3437 1229 3678 1291; x_wconf 78' lang='lat' dir='ltr'>auream</span> 
     </span>
    </p>
   </div>
   <div class='ocr_carea' id='block_1_26' title="bbox 1978 1299 3678 1378">
    <p class='ocr_par' dir='ltr' id='par_1_26' title="bbox 1978 1299 3678 1378">
     <span class='ocr_line' id='line_1_26' title="bbox 1978 1299 3678 1378; baseline 0.004 -20"><span class='ocrx_word' id='word_1_203' title='bbox 1978 1299 2171 1373; x_wconf 87' lang='lat' dir='ltr'>capiti,</span> <span class='ocrx_word' id='word_1_204' title='bbox 2201 1307 2257 1358; x_wconf 91' lang='lat' dir='ltr'>et</span> <span class='ocrx_word' id='word_1_205' title='bbox 2295 1307 2559 1359; x_wconf 90' lang='lat' dir='ltr'>sanctum</span> <span class='ocrx_word' id='word_1_206' title='bbox 2587 1300 2823 1359; x_wconf 88' lang='lat' dir='ltr'>Domini</span> <span class='ocrx_word' id='word_1_207' title='bbox 2853 1302 3015 1359; x_wconf 87' lang='lat' dir='ltr'>freno</span> <span class='ocrx_word' id='word_1_208' title='bbox 3058 1301 3296 1360; x_wconf 86' lang='lat' dir='ltr'>adhibet</span> <span class='ocrx_word' id='word_1_209' title='bbox 3325 1303 3461 1378; x_wconf 89' lang='lat' dir='ltr'>equi</span> <span class='ocrx_word' id='word_1_210' title='bbox 3497 1327 3512 1374; x_wconf 91' lang='lat'>;</span> <span class='ocrx_word' id='word_1_211' title='bbox 3546 1320 3678 1364; x_wconf 91' lang='lat' dir='ltr'>cum</span> 
     </span>
    </p>
   </div>
   <div class='ocr_carea' id='block_1_27' title="bbox 1977 1391 3679 1468">
    <p class='ocr_par' dir='ltr' id='par_1_27' title="bbox 1977 1391 3679 1468">
     <span class='ocr_line' id='line_1_27' title="bbox 1977 1391 3679 1468; baseline 0.003 -19"><span class='ocrx_word' id='word_1_212' title='bbox 1977 1392 2046 1449; x_wconf 91' lang='lat' dir='ltr'>ad</span> <span class='ocrx_word' id='word_1_213' title='bbox 2079 1406 2306 1448; x_wconf 91' lang='lat' dir='ltr'>crucem</span> <span class='ocrx_word' id='word_1_214' title='bbox 2339 1391 2554 1457; x_wconf 87' lang='lat' dir='ltr'>Christi</span> <span class='ocrx_word' id='word_1_215' title='bbox 2582 1392 2792 1450; x_wconf 90' lang='lat' dir='ltr'>mentis</span> <span class='ocrx_word' id='word_1_216' title='bbox 2821 1392 3103 1450; x_wconf 90' lang='lat' dir='ltr'>intuitum</span> <span class='ocrx_word' id='word_1_217' title='bbox 3140 1392 3359 1466; x_wconf 85' lang='lat' dir='ltr'>dirigit,</span> <span class='ocrx_word' id='word_1_218' title='bbox 3392 1401 3448 1451; x_wconf 91' lang='lat' dir='ltr'>et</span> <span class='ocrx_word' id='word_1_219' title='bbox 3470 1410 3679 1468; x_wconf 88' lang='lat' dir='ltr'>corpus</span> 
     </span>
    </p>
   </div>
   <div class='ocr_carea' id='block_1_28' title="bbox 1974 1480 3681 1556">
    <p class='ocr_par' dir='ltr' id='par_1_28' title="bbox 1974 1480 3681 1556">
     <span class='ocr_line' id='line_1_28' title="bbox 1974 1480 3681 1556; baseline 0.003 -16"><span class='ocrx_word' id='word_1_220' title='bbox 1974 1497 2149 1540; x_wconf 90' lang='lat' dir='ltr'>suum</span> <span class='ocrx_word' id='word_1_221' title='bbox 2182 1480 2341 1539; x_wconf 88' lang='lat' dir='ltr'>velut</span> <span class='ocrx_word' id='word_1_222' title='bbox 2382 1481 2627 1540; x_wconf 88' lang='lat' dir='ltr'>ferocem</span> <span class='ocrx_word' id='word_1_223' title='bbox 2666 1498 2908 1556; x_wconf 89' lang='lat' dir='ltr'>equum,</span> <span class='ocrx_word' id='word_1_224' title='bbox 2946 1482 3019 1540; x_wconf 89' lang='lat' dir='ltr'>ab</span> <span class='ocrx_word' id='word_1_225' title='bbox 3057 1484 3218 1541; x_wconf 90' lang='lat' dir='ltr'>omni</span> <span class='ocrx_word' id='word_1_226' title='bbox 3248 1483 3681 1545; x_wconf 88' lang='lat' dir='ltr'>lascivientium</span> 
     </span>
    </p>
   </div>
   <div class='ocr_carea' id='block_1_29' title="bbox 1974 1569 3678 1649">
    <p class='ocr_par' dir='ltr' id='par_1_29' title="bbox 1974 1569 3678 1649">
     <span class='ocr_line' id='line_1_29' title="bbox 1974 1569 3678 1649; baseline 0.003 -19"><span class='ocrx_word' id='word_1_227' title='bbox 1974 1571 2247 1630; x_wconf 90' lang='lat' dir='ltr'>vitiorum</span> <span class='ocrx_word' id='word_1_228' title='bbox 2299 1569 2559 1629; x_wconf 89' lang='lat' dir='ltr'>libertate</span> <span class='ocrx_word' id='word_1_229' title='bbox 2597 1571 2922 1644; x_wconf 86' lang='lat' dir='ltr'>compescit.</span> <span class='ocrx_word' id='word_1_230' title='bbox 2974 1571 3211 1645; x_wconf 86' lang='lat' dir='ltr'>Propter</span> <span class='ocrx_word' id='word_1_231' title='bbox 3250 1573 3359 1632; x_wconf 90' lang='lat' dir='ltr'>hoc</span> <span class='ocrx_word' id='word_1_232' title='bbox 3394 1590 3529 1634; x_wconf 89' lang='lat' dir='ltr'>sane</span> <span class='ocrx_word' id='word_1_233' title='bbox 3576 1592 3678 1649; x_wconf 84' lang='lat' dir='ltr'>ge-</span> 
     </span>
    </p>
   </div>
   <div class='ocr_carea' id='block_1_30' title="bbox 1972 1658 3676 1737">
    <p class='ocr_par' dir='ltr' id='par_1_30' title="bbox 1972 1658 3676 1737">
     <span class='ocr_line' id='line_1_30' title="bbox 1972 1658 3676 1737; baseline 0.004 -22"><span class='ocrx_word' id='word_1_234' title='bbox 1972 1660 2201 1718; x_wconf 85' lang='lat' dir='ltr'>minum</span> <span class='ocrx_word' id='word_1_235' title='bbox 2258 1658 2447 1718; x_wconf 89' lang='lat' dir='ltr'>crucis</span> <span class='ocrx_word' id='word_1_236' title='bbox 2501 1659 2796 1733; x_wconf 62' lang='lat' dir='ltr'>portandas</span> <span class='ocrx_word' id='word_1_237' title='bbox 2847 1661 3190 1734; x_wconf 82' lang='lat' dir='ltr'>mysterium</span> <span class='ocrx_word' id='word_1_238' title='bbox 3244 1662 3522 1736; x_wconf 90' lang='lat' dir='ltr'>scriptum</span> <span class='ocrx_word' id='word_1_239' title='bbox 3570 1670 3676 1737; x_wconf 89' lang='lat' dir='ltr'>est,</span> 
     </span>
    </p>
   </div>
   <div class='ocr_carea' id='block_1_31' title="bbox 179 1740 3759 1832">
    <p class='ocr_par' dir='ltr' id='par_1_31' title="bbox 179 1740 3759 1832">
     <span class='ocr_line' id='line_1_31' title="bbox 179 1740 3759 1832; baseline -0.001 -13"><span class='ocrx_word' id='word_1_240' title='bbox 179 1763 324 1832; x_wconf 86' lang='lat' dir='ltr'>ejus,</span> <span class='ocrx_word' id='word_1_241' title='bbox 359 1740 523 1816; x_wconf 70' lang='lat' dir='ltr'>faciet</span> <span class='ocrx_word' id='word_1_242' title='bbox 560 1762 611 1815; x_wconf 89' lang='lat' dir='ltr'>te</span> <span class='ocrx_word' id='word_1_243' title='bbox 642 1755 925 1812; x_wconf 89' lang='lat' dir='ltr'>Dominus</span> <span class='ocrx_word' id='word_1_244' title='bbox 966 1750 1120 1811; x_wconf 89' lang='lat' dir='ltr'>Deus</span> <span class='ocrx_word' id='word_1_245' title='bbox 1169 1759 1308 1809; x_wconf 91' lang='lat' dir='ltr'>tuus</span> <span class='ocrx_word' id='word_1_246' title='bbox 1335 1751 1715 1809; x_wconf 77' lang='lat' dir='ltr'>excelsiorem</span> <span class='ocrx_word' id='word_1_247' title='bbox 1748 1763 1949 1822; x_wconf 84' lang='lat' dir='ltr'>cun-B</span> <span class='ocrx_word' id='word_1_248' title='bbox 1968 1754 2248 1826; x_wconf 89' lang='lat' dir='ltr'>quoniam</span> <span class='ocrx_word' id='word_1_249' title='bbox 2301 1758 2355 1809; x_wconf 90' lang='lat' dir='ltr'>et</span> <span class='ocrx_word' id='word_1_250' title='bbox 2412 1751 2567 1809; x_wconf 87' lang='lat' dir='ltr'>Elias</span> <span class='ocrx_word' id='word_1_251' title='bbox 2623 1755 2901 1821; x_wconf 60' lang='lat' dir='ltr'>(IV‘Reg.</span> <span class='ocrx_word' id='word_1_252' title='bbox 2931 1759 2998 1823; x_wconf 88' lang='lat'>1),</span> <span class='ocrx_word' id='word_1_253' title='bbox 3036 1760 3091 1810; x_wconf 91' lang='lat' dir='ltr'>et</span> <span class='ocrx_word' id='word_1_254' title='bbox 3131 1751 3678 1828; x_wconf 76' lang='lat' dir='ltr'>JoannesBaptista</span> <span class='ocrx_word' id='word_1_255' title='bbox 3754 1812 3759 1817; x_wconf 72' lang='grc'><em>,</em></span> 
     </span>
    </p>
   </div>
   <div class='ocr_carea' id='block_1_32' title="bbox 179 1837 1884 1921">
    <p class='ocr_par' dir='ltr' id='par_1_32' title="bbox 179 1837 1884 1921">
     <span class='ocr_line' id='line_1_32' title="bbox 179 1837 1884 1921; baseline -0.008 -13"><span class='ocrx_word' id='word_1_256' title='bbox 179 1851 285 1909; x_wconf 92' lang='lat' dir='ltr'>ctis</span> <span class='ocrx_word' id='word_1_257' title='bbox 314 1848 585 1921; x_wconf 81' lang='lat' dir='ltr'>gentibus</span> <span class='ocrx_word' id='word_1_258' title='bbox 612 1850 784 1918; x_wconf 81' lang='lat' dir='ltr'>(Deut.</span> <span class='ocrx_word' id='word_1_259' title='bbox 821 1846 1038 1913; x_wconf 76' lang='lat' dir='ltr'><strong>XXVII).</strong></span> <span class='ocrx_word' id='word_1_260' title='bbox 1070 1841 1140 1899; x_wconf 93' lang='lat' dir='ltr'><strong>In</strong></span> <span class='ocrx_word' id='word_1_261' title='bbox 1170 1841 1386 1914; x_wconf 88' lang='lat' dir='ltr'>quibus</span> <span class='ocrx_word' id='word_1_262' title='bbox 1436 1840 1638 1913; x_wconf 89' lang='lat' dir='ltr'>utique</span> <span class='ocrx_word' id='word_1_263' title='bbox 1693 1837 1884 1897; x_wconf 86' lang='lat' dir='ltr'>verbis</span> 
     </span>
    </p>
   </div>
   <div class='ocr_carea' id='block_1_33' title="bbox 178 1929 1881 2019">
    <p class='ocr_par' dir='ltr' id='par_1_33' title="bbox 178 1929 1881 2019">
     <span class='ocr_line' id='line_1_33' title="bbox 178 1929 1881 2019; baseline -0.005 -21"><span class='ocrx_word' id='word_1_264' title='bbox 178 1946 439 2016; x_wconf 81' lang='lat' dir='ltr'>patenter</span> <span class='ocrx_word' id='word_1_265' title='bbox 476 1935 847 2019; x_wconf 78' lang='lat' dir='ltr'>exprimitur,</span> <span class='ocrx_word' id='word_1_266' title='bbox 896 1934 1056 2008; x_wconf 80' lang='lat' dir='ltr'>qubd</span> <span class='ocrx_word' id='word_1_267' title='bbox 1112 1933 1395 2005; x_wconf 86' lang='lat' dir='ltr'>ﬁguratur</span> <span class='ocrx_word' id='word_1_268' title='bbox 1444 1932 1508 1988; x_wconf 93' lang='lat' dir='ltr'>in</span> <span class='ocrx_word' id='word_1_269' title='bbox 1562 1929 1881 1989; x_wconf 88' lang='lat' dir='ltr'>membris:</span> 
     </span>
    </p>
   </div>
   <div class='ocr_carea' id='block_1_34' title="bbox 183 2021 1887 2098">
    <p class='ocr_par' dir='ltr' id='par_1_34' title="bbox 183 2021 1887 2098">
     <span class='ocr_line' id='line_1_34' title="bbox 183 2021 1887 2098; baseline -0.007 -9"><span class='ocrx_word' id='word_1_270' title='bbox 183 2052 211 2083; x_wconf 73' lang='grc' dir='ltr'>α</span> <span class='ocrx_word' id='word_1_271' title='bbox 242 2030 303 2089; x_wconf 91' lang='lat' dir='ltr'>Si</span> <span class='ocrx_word' id='word_1_272' title='bbox 330 2028 606 2097; x_wconf 89' lang='lat' dir='ltr'>audieris,</span> <span class='ocrx_word' id='word_1_273' title='bbox 652 2026 863 2098; x_wconf 83' lang='lat' dir='ltr'>inquit,</span> <span class='ocrx_word' id='word_1_274' title='bbox 892 2039 1094 2084; x_wconf 89' lang='lat' dir='ltr'>vocem</span> <span class='ocrx_word' id='word_1_275' title='bbox 1128 2022 1364 2080; x_wconf 92' lang='lat' dir='ltr'>Domini</span> <span class='ocrx_word' id='word_1_276' title='bbox 1392 2021 1497 2080; x_wconf 91' lang='lat' dir='ltr'>Dei</span> <span class='ocrx_word' id='word_1_277' title='bbox 1532 2022 1645 2091; x_wconf 78' lang='lat' dir='ltr'>tui,</span> <span class='ocrx_word' id='word_1_278' title='bbox 1675 2043 1703 2071; x_wconf 71' lang='grc' dir='ltr'>π</span> <span class='ocrx_word' id='word_1_279' title='bbox 1757 2033 1887 2078; x_wconf 89' lang='lat' dir='ltr'>ecce</span> 
     </span>
    </p>
   </div>
   <div class='ocr_carea' id='block_1_35' title="bbox 180 2109 1901 2193">
    <p class='ocr_par' dir='ltr' id='par_1_35' title="bbox 180 2109 1901 2193">
     <span class='ocr_line' id='line_1_35' title="bbox 180 2109 1901 2193; baseline -0.006 -14"><span class='ocrx_word' id='word_1_280' title='bbox 180 2120 417 2193; x_wconf 80' lang='lat' dir='ltr'>sanguis</span> <span class='ocrx_word' id='word_1_281' title='bbox 462 2116 657 2175; x_wconf 88' lang='lat' dir='ltr'>arietis</span> <span class='ocrx_word' id='word_1_282' title='bbox 702 2114 989 2174; x_wconf 89' lang='lat' dir='ltr'>immolati</span> <span class='ocrx_word' id='word_1_283' title='bbox 1040 2112 1209 2171; x_wconf 91' lang='lat' dir='ltr'>rubet</span> <span class='ocrx_word' id='word_1_284' title='bbox 1246 2112 1306 2171; x_wconf 92' lang='lat' dir='ltr'>in</span> <span class='ocrx_word' id='word_1_285' title='bbox 1359 2127 1498 2170; x_wconf 89' lang='lat' dir='ltr'>aure</span> <span class='ocrx_word' id='word_1_286' title='bbox 1552 2109 1901 2170; x_wconf 39' lang='lat' dir='ltr'>sacerdotis.</span> 
     </span>
    </p>
   </div>
   <div class='ocr_carea' id='block_1_36' title="bbox 178 2204 1931 2283">
    <p class='ocr_par' dir='ltr' id='par_1_36' title="bbox 178 2204 1931 2283">
     <span class='ocr_line' id='line_1_36' title="bbox 178 2204 1931 2283; baseline -0.005 -12"><span class='ocrx_word' id='word_1_287' title='bbox 178 2211 344 2283; x_wconf 85' lang='lat' dir='ltr'>Quod</span> <span class='ocrx_word' id='word_1_288' title='bbox 375 2224 508 2269; x_wconf 91' lang='lat' dir='ltr'>vero</span> <span class='ocrx_word' id='word_1_289' title='bbox 556 2208 838 2282; x_wconf 88' lang='lat' dir='ltr'>sequitur,</span> <span class='ocrx_word' id='word_1_290' title='bbox 875 2229 899 2256; x_wconf 84' lang='lat'><strong>«</strong></span> <span class='ocrx_word' id='word_1_291' title='bbox 948 2212 1012 2264; x_wconf 89' lang='lat' dir='ltr'>ut</span> <span class='ocrx_word' id='word_1_292' title='bbox 1041 2204 1235 2283; x_wconf 83' lang='lat' dir='ltr'>facias,</span> <span class='ocrx_word' id='word_1_293' title='bbox 1270 2228 1292 2253; x_wconf 72' lang='grc' dir='ltr'>ι</span> <span class='ocrx_word' id='word_1_294' title='bbox 1330 2219 1459 2261; x_wconf 89' lang='lat' dir='ltr'>ecce</span> <span class='ocrx_word' id='word_1_295' title='bbox 1512 2217 1720 2261; x_wconf 89' lang='lat' dir='ltr'>manus</span> <span class='ocrx_word' id='word_1_296' title='bbox 1750 2216 1887 2275; x_wconf 91' lang='lat' dir='ltr'>ope-</span> <span class='ocrx_word' id='word_1_297' title='bbox 1928 2262 1931 2263; x_wconf 30' lang='grc' dir='ltr'><em>ν</em></span> 
     </span>
    </p>
   </div>
   <div class='ocr_carea' id='block_1_37' title="bbox 178 2290 1887 2369">
    <p class='ocr_par' dir='ltr' id='par_1_37' title="bbox 178 2290 1887 2369">
     <span class='ocr_line' id='line_1_37' title="bbox 178 2290 1887 2369; baseline -0.008 -8"><span class='ocrx_word' id='word_1_298' title='bbox 178 2302 378 2361; x_wconf 87' lang='lat' dir='ltr'>rantis.</span> <span class='ocrx_word' id='word_1_299' title='bbox 418 2296 581 2369; x_wconf 86' lang='lat' dir='ltr'>Quod</span> <span class='ocrx_word' id='word_1_300' title='bbox 618 2303 814 2354; x_wconf 87' lang='lat' dir='ltr'>autem</span> <span class='ocrx_word' id='word_1_301' title='bbox 855 2298 1142 2369; x_wconf 87' lang='lat' dir='ltr'>postremo</span> <span class='ocrx_word' id='word_1_302' title='bbox 1206 2290 1598 2364; x_wconf 88' lang='lat' dir='ltr'>subjungitur,</span> <span class='ocrx_word' id='word_1_303' title='bbox 1641 2314 1668 2341; x_wconf 78' lang='grc' dir='ltr'>α</span> <span class='ocrx_word' id='word_1_304' title='bbox 1715 2296 1887 2362; x_wconf 90' lang='lat' dir='ltr'>atque</span> 
     </span>
    </p>
   </div>
   <div class='ocr_carea' id='block_1_38' title="bbox 176 2377 1885 2455">
    <p class='ocr_par' dir='ltr' id='par_1_38' title="bbox 176 2377 1885 2455">
     <span class='ocr_line' id='line_1_38' title="bbox 176 2377 1885 2455; baseline -0.009 -7"><span class='ocrx_word' id='word_1_305' title='bbox 176 2387 463 2448; x_wconf 87' lang='lat' dir='ltr'>custodias</span> <span class='ocrx_word' id='word_1_306' title='bbox 517 2383 785 2442; x_wconf 87' lang='lat' dir='ltr'>mandata</span> <span class='ocrx_word' id='word_1_307' title='bbox 833 2383 976 2455; x_wconf 83' lang='lat' dir='ltr'>ejus,</span> <span class='ocrx_word' id='word_1_308' title='bbox 1014 2404 1039 2431; x_wconf 71' lang='grc' dir='ltr'><strong><em>ν</em></strong></span> <span class='ocrx_word' id='word_1_309' title='bbox 1095 2395 1223 2438; x_wconf 90' lang='lat' dir='ltr'>ecce</span> <span class='ocrx_word' id='word_1_310' title='bbox 1270 2377 1697 2451; x_wconf 89' lang='lat' dir='ltr'>perseverantia</span> <span class='ocrx_word' id='word_1_311' title='bbox 1746 2377 1885 2435; x_wconf 90' lang='lat' dir='ltr'>boni</span> 
     </span>
    </p>
   </div>
   <div class='ocr_carea' id='block_1_39' title="bbox 175 2459 1883 2551">
    <p class='ocr_par' dir='ltr' id='par_1_39' title="bbox 175 2459 1883 2551">
     <span class='ocr_line' id='line_1_39' title="bbox 175 2459 1883 2551; baseline -0.007 -14"><span class='ocrx_word' id='word_1_312' title='bbox 175 2459 386 2551; x_wconf 57' lang='lat' dir='ltr'>operis’.</span> <span class='ocrx_word' id='word_1_313' title='bbox 440 2474 605 2541; x_wconf 87' lang='lat' dir='ltr'>Nihil</span> <span class='ocrx_word' id='word_1_314' title='bbox 645 2472 805 2530; x_wconf 90' lang='lat' dir='ltr'>enim</span> <span class='ocrx_word' id='word_1_315' title='bbox 862 2471 1091 2546; x_wconf 89' lang='lat' dir='ltr'>prodest</span> <span class='ocrx_word' id='word_1_316' title='bbox 1137 2468 1417 2542; x_wconf 90' lang='lat' dir='ltr'>cuiquam</span> <span class='ocrx_word' id='word_1_317' title='bbox 1464 2467 1687 2526; x_wconf 90' lang='lat' dir='ltr'>bonum</span> <span class='ocrx_word' id='word_1_318' title='bbox 1736 2482 1883 2541; x_wconf 88' lang='lat' dir='ltr'>opus</span> 
     </span>
    </p>
   </div>
   <div class='ocr_carea' id='block_1_40' title="bbox 1969 1836 3676 1917">
    <p class='ocr_par' dir='ltr' id='par_1_40' title="bbox 1969 1836 3676 1917">
     <span class='ocr_line' id='line_1_40' title="bbox 1969 1836 3676 1917; baseline 0.002 -21"><span class='ocrx_word' id='word_1_319' title='bbox 1969 1854 2138 1917; x_wconf 76' lang='lat' dir='ltr'>zonas</span> <span class='ocrx_word' id='word_1_320' title='bbox 2164 1839 2435 1914; x_wconf 85' lang='lat' dir='ltr'>pelliccas</span> <span class='ocrx_word' id='word_1_321' title='bbox 2472 1839 2761 1897; x_wconf 89' lang='lat' dir='ltr'>habebant</span> <span class='ocrx_word' id='word_1_322' title='bbox 2787 1840 2936 1898; x_wconf 89' lang='lat' dir='ltr'>circa</span> <span class='ocrx_word' id='word_1_323' title='bbox 2966 1836 3194 1898; x_wconf 87' lang='lat' dir='ltr'>lumbos</span> <span class='ocrx_word' id='word_1_324' title='bbox 3246 1857 3383 1899; x_wconf 91' lang='lat' dir='ltr'>suos</span> <span class='ocrx_word' id='word_1_325' title='bbox 3439 1845 3676 1913; x_wconf 83' lang='lat' dir='ltr'>tMatth.)</span> 
     </span>
    </p>
   </div>
   <div class='ocr_carea' id='block_1_41' title="bbox 1968 1926 3676 2006">
    <p class='ocr_par' dir='ltr' id='par_1_41' title="bbox 1968 1926 3676 2006">
     <span class='ocr_line' id='line_1_41' title="bbox 1968 1926 3676 2006; baseline 0.004 -22"><span class='ocrx_word' id='word_1_326' title='bbox 1968 1928 2071 1998; x_wconf 82' lang='lat' dir='ltr'><strong>III).</strong></span> <span class='ocrx_word' id='word_1_327' title='bbox 2127 1927 2208 1986; x_wconf 92' lang='lat' dir='ltr'>De</span> <span class='ocrx_word' id='word_1_328' title='bbox 2241 1926 2536 1988; x_wconf 88' lang='lat' dir='ltr'>Salvatore</span> <span class='ocrx_word' id='word_1_329' title='bbox 2573 1940 2706 1987; x_wconf 87' lang='lat' dir='ltr'>vero</span> <span class='ocrx_word' id='word_1_330' title='bbox 2735 1936 2930 1987; x_wconf 91' lang='lat' dir='ltr'>nostro</span> <span class='ocrx_word' id='word_1_331' title='bbox 2955 1928 3211 1988; x_wconf 87' lang='lat' dir='ltr'>Joannes</span> <span class='ocrx_word' id='word_1_332' title='bbox 3238 1930 3301 1987; x_wconf 90' lang='lat' dir='ltr'>in</span> <span class='ocrx_word' id='word_1_333' title='bbox 3327 1930 3676 2006; x_wconf 81' lang='lat' dir='ltr'>Apocalypsi</span> 
     </span>
    </p>
   </div>
   <div class='ocr_carea' id='block_1_42' title="bbox 1970 2015 3677 2098">
    <p class='ocr_par' dir='ltr' id='par_1_42' title="bbox 1970 2015 3677 2098">
     <span class='ocr_line' id='line_1_42' title="bbox 1970 2015 3677 2098; baseline 0.004 -26"><span class='ocrx_word' id='word_1_334' title='bbox 1970 2015 2156 2098; x_wconf 82' lang='lat' dir='ltr'>dicit:</span> <span class='ocrx_word' id='word_1_335' title='bbox 2228 2016 2575 2086; x_wconf 77' lang='lat' dir='ltr'>«Quoniam</span> <span class='ocrx_word' id='word_1_336' title='bbox 2634 2018 3142 2089; x_wconf 36' lang='lat' dir='ltr'>habebat,zonam</span> <span class='ocrx_word' id='word_1_337' title='bbox 3218 2034 3454 2078; x_wconf 87' lang='lat' dir='ltr'>auream</span> <span class='ocrx_word' id='word_1_338' title='bbox 3526 2020 3677 2080; x_wconf 91' lang='lat' dir='ltr'>circa</span> 
     </span>
    </p>
   </div>
   <div class='ocr_carea' id='block_1_43' title="bbox 1968 2098 3675 2184">
    <p class='ocr_par' dir='ltr' id='par_1_43' title="bbox 1968 2098 3675 2184">
     <span class='ocr_line' id='line_1_43' title="bbox 1968 2098 3675 2184; baseline 0.004 -21"><span class='ocrx_word' id='word_1_339' title='bbox 1968 2105 2260 2163; x_wconf 87' lang='lat' dir='ltr'>mamillas</span> <span class='ocrx_word' id='word_1_340' title='bbox 2287 2122 2422 2164; x_wconf 91' lang='lat' dir='ltr'>suas</span> <span class='ocrx_word' id='word_1_341' title='bbox 2451 2108 2642 2178; x_wconf 84' lang='lat' dir='ltr'>(Apoc.</span> <span class='ocrx_word' id='word_1_342' title='bbox 2674 2108 2732 2179; x_wconf 76' lang='grc' dir='ltr'>Ι).</span> <span class='ocrx_word' id='word_1_343' title='bbox 2767 2130 2793 2158; x_wconf 68' lang='grc' dir='ltr'><strong>η</strong></span> <span class='ocrx_word' id='word_1_344' title='bbox 2838 2108 3068 2165; x_wconf 88' lang='lat' dir='ltr'>Constat</span> <span class='ocrx_word' id='word_1_345' title='bbox 3101 2112 3319 2184; x_wconf 82' lang='lat' dir='ltr'>autem,</span> <span class='ocrx_word' id='word_1_346' title='bbox 3358 2098 3497 2181; x_wconf 81' lang='lat' dir='ltr'>quia</span> <span class='ocrx_word' id='word_1_347' title='bbox 3526 2109 3675 2170; x_wconf 88' lang='lat' dir='ltr'>inter</span> 
     </span>
    </p>
   </div>
   <div class='ocr_carea' id='block_1_44' title="bbox 1970 2197 3673 2269">
    <p class='ocr_par' dir='ltr' id='par_1_44' title="bbox 1970 2197 3673 2269">
     <span class='ocr_line' id='line_1_44' title="bbox 1970 2197 3673 2269; baseline 0.002 -13"><span class='ocrx_word' id='word_1_348' title='bbox 1970 2204 2279 2269; x_wconf 89' lang='lat' dir='ltr'>utramque</span> <span class='ocrx_word' id='word_1_349' title='bbox 2306 2197 2627 2255; x_wconf 89' lang='lat' dir='ltr'>mamillam</span> <span class='ocrx_word' id='word_1_350' title='bbox 2667 2206 2765 2256; x_wconf 88' lang='lat' dir='ltr'>&#39;cor</span> <span class='ocrx_word' id='word_1_351' title='bbox 2790 2198 3046 2257; x_wconf 90' lang='lat' dir='ltr'>hominis</span> <span class='ocrx_word' id='word_1_352' title='bbox 3082 2200 3473 2258; x_wconf 88' lang='lat' dir='ltr'>constituitur.</span> <span class='ocrx_word' id='word_1_353' title='bbox 3510 2200 3673 2260; x_wconf 89' lang='lat' dir='ltr'>Unde</span> 
     </span>
    </p>
   </div>
   <div class='ocr_carea' id='block_1_45' title="bbox 1970 2283 3675 2362">
    <p class='ocr_par' dir='ltr' id='par_1_45' title="bbox 1970 2283 3675 2362">
     <span class='ocr_line' id='line_1_45' title="bbox 1970 2283 3675 2362; baseline 0.003 -16"><span class='ocrx_word' id='word_1_354' title='bbox 1970 2283 2181 2362; x_wconf 83' lang='lat' dir='ltr'>spons&#39;a</span> <span class='ocrx_word' id='word_1_355' title='bbox 2217 2287 2357 2345; x_wconf 88' lang='lat' dir='ltr'>dicit</span> <span class='ocrx_word' id='word_1_356' title='bbox 2386 2288 2447 2345; x_wconf 93' lang='lat' dir='ltr'>in</span> <span class='ocrx_word' id='word_1_357' title='bbox 2476 2286 2729 2346; x_wconf 89' lang='lat' dir='ltr'>Canticis</span> <span class='ocrx_word' id='word_1_358' title='bbox 2760 2308 2771 2346; x_wconf 92' lang='lat'>:</span> <span class='ocrx_word' id='word_1_359' title='bbox 2805 2312 2830 2340; x_wconf 80' lang='grc' dir='ltr'>ιι</span> <span class='ocrx_word' id='word_1_360' title='bbox 2864 2289 3116 2348; x_wconf 87' lang='lat' dir='ltr'>Dilectus</span> <span class='ocrx_word' id='word_1_361' title='bbox 3136 2305 3301 2349; x_wconf 88' lang='lat' dir='ltr'>meus</span> <span class='ocrx_word' id='word_1_362' title='bbox 3322 2290 3477 2355; x_wconf 83' lang='lat' dir='ltr'>inter,</span> <span class='ocrx_word' id='word_1_363' title='bbox 3498 2292 3675 2352; x_wconf 88' lang='lat' dir='ltr'>ubera</span> 
     </span>
    </p>
   </div>
   <div class='ocr_carea' id='block_1_46' title="bbox 1967 2375 3672 2449">
    <p class='ocr_par' dir='ltr' id='par_1_46' title="bbox 1967 2375 3672 2449">
     <span class='ocr_line' id='line_1_46' title="bbox 1967 2375 3672 2449; baseline 0.005 -16"><span class='ocrx_word' id='word_1_364' title='bbox 1967 2391 2095 2434; x_wconf 83' lang='lat' dir='ltr'>mea</span> <span class='ocrx_word' id='word_1_365' title='bbox 2124 2375 2574 2434; x_wconf 86' lang='lat' dir='ltr'>commorabitur</span> <span class='ocrx_word' id='word_1_366' title='bbox 2609 2379 2781 2449; x_wconf 86' lang='lat' dir='ltr'>(Cant.</span> <span class='ocrx_word' id='word_1_367' title='bbox 2812 2382 2846 2449; x_wconf 80' lang='grc' dir='ltr'>Ι)</span> <span class='ocrx_word' id='word_1_368' title='bbox 2875 2395 2890 2449; x_wconf 96' lang='lat'>;</span> <span class='ocrx_word' id='word_1_369' title='bbox 2927 2400 2952 2428; x_wconf 73' lang='grc' dir='ltr'><strong>υ</strong></span> <span class='ocrx_word' id='word_1_370' title='bbox 2984 2378 3090 2436; x_wconf 91' lang='lat' dir='ltr'>hoc</span> <span class='ocrx_word' id='word_1_371' title='bbox 3134 2387 3219 2437; x_wconf 91' lang='lat' dir='ltr'>est</span> <span class='ocrx_word' id='word_1_372' title='bbox 3256 2380 3319 2438; x_wconf 86' lang='lat' dir='ltr'>in</span> <span class='ocrx_word' id='word_1_373' title='bbox 3347 2380 3514 2443; x_wconf 84' lang='lat' dir='ltr'>corde</span> <span class='ocrx_word' id='word_1_374' title='bbox 3544 2398 3672 2442; x_wconf 90' lang='lat' dir='ltr'>meo</span> 
     </span>
    </p>
   </div>
   <div class='ocr_carea' id='block_1_47' title="bbox 1960 2467 3670 2547">
    <p class='ocr_par' dir='ltr' id='par_1_47' title="bbox 1960 2467 3670 2547">
     <span class='ocr_line' id='line_1_47' title="bbox 1960 2467 3670 2547; baseline 0.005 -22"><span class='ocrx_word' id='word_1_375' title='bbox 1960 2467 2176 2540; x_wconf 76' lang='lat' dir='ltr'>iugiter</span> <span class='ocrx_word' id='word_1_376' title='bbox 2200 2467 2539 2541; x_wconf 88' lang='lat' dir='ltr'>requiescet.</span> <span class='ocrx_word' id='word_1_377' title='bbox 2570 2467 2722 2537; x_wconf 90' lang='lat' dir='ltr'>Quid</span> <span class='ocrx_word' id='word_1_378' title='bbox 2748 2474 2831 2526; x_wconf 86' lang='lat' dir='ltr'>est</span> <span class='ocrx_word' id='word_1_379' title='bbox 2860 2484 2994 2543; x_wconf 90' lang='lat' dir='ltr'>ergo</span> <span class='ocrx_word' id='word_1_380' title='bbox 3023 2468 3280 2542; x_wconf 88' lang='lat' dir='ltr'>pelliceis</span> <span class='ocrx_word' id='word_1_381' title='bbox 3308 2471 3487 2542; x_wconf 88' lang='lat' dir='ltr'>zonis,</span> <span class='ocrx_word' id='word_1_382' title='bbox 3539 2489 3670 2547; x_wconf 69' lang='lat' dir='ltr'>quas</span> 
     </span>
    </p>
   </div>
   <div class='ocr_carea' id='block_1_48' title="bbox 174 2549 3667 2643">
    <p class='ocr_par' dir='ltr' id='par_1_48' title="bbox 174 2549 3667 2643">
     <span class='ocr_line' id='line_1_48' title="bbox 174 2549 3667 2643; baseline -0.001 -16"><span class='ocrx_word' id='word_1_383' title='bbox 174 2549 447 2643; x_wconf 80' lang='lat' dir='ltr'>incipere,</span> <span class='ocrx_word' id='word_1_384' title='bbox 501 2560 617 2624; x_wconf 79' lang='lat' dir='ltr'>nisi</span> <span class='ocrx_word' id='word_1_385' title='bbox 662 2563 887 2622; x_wconf 88' lang='lat' dir='ltr'>studeat</span> <span class='ocrx_word' id='word_1_386' title='bbox 940 2562 1114 2620; x_wconf 88' lang='lat' dir='ltr'>etiam</span> <span class='ocrx_word' id='word_1_387' title='bbox 1159 2575 1365 2634; x_wconf 90' lang='lat' dir='ltr'>usque,</span> <span class='ocrx_word' id='word_1_388' title='bbox 1412 2559 1555 2618; x_wconf 91' lang='lat' dir='ltr'>dum</span> <span class='ocrx_word' id='word_1_389' title='bbox 1601 2560 1878 2633; x_wconf 87' lang='lat' dir='ltr'>perﬁciat,</span> <span class='ocrx_word' id='word_1_390' title='bbox 1963 2557 2320 2617; x_wconf 85' lang='lat' dir='ltr'>videlicetex</span> <span class='ocrx_word' id='word_1_391' title='bbox 2351 2557 2598 2616; x_wconf 89' lang='lat' dir='ltr'>mortuis</span> <span class='ocrx_word' id='word_1_392' title='bbox 2616 2558 2968 2618; x_wconf 87' lang='lat' dir='ltr'>animalibus</span> <span class='ocrx_word' id='word_1_393' title='bbox 2996 2560 3166 2631; x_wconf 87' lang='lat' dir='ltr'>ﬁunt,</span> <span class='ocrx_word' id='word_1_394' title='bbox 3195 2549 3445 2633; x_wconf 89' lang='lat' dir='ltr'>lumbos,</span> <span class='ocrx_word' id='word_1_395' title='bbox 3468 2562 3567 2622; x_wconf 90' lang='lat' dir='ltr'>ubi</span> <span class='ocrx_word' id='word_1_396' title='bbox 3595 2564 3667 2622; x_wconf 66' lang='lat' dir='ltr'>li-i</span> 
     </span>
    </p>
   </div>
   <div class='ocr_carea' id='block_1_49' title="bbox 171 2643 3668 2720">
    <p class='ocr_par' dir='ltr' id='par_1_49' title="bbox 171 2643 3668 2720">
     <span class='ocr_line' id='line_1_49' title="bbox 171 2643 3668 2720; baseline -0.002 -3"><span class='ocrx_word' id='word_1_397' title='bbox 171 2658 477 2718; x_wconf 90' lang='lat' dir='ltr'>custodire.</span> <span class='ocrx_word' id='word_1_398' title='bbox 1910 2652 1915 2653; x_wconf 62' lang='lat'>’</span> <span class='ocrx_word' id='word_1_399' title='bbox 1962 2643 2097 2701; x_wconf 90' lang='lat' dir='ltr'>bido</span> <span class='ocrx_word' id='word_1_400' title='bbox 2134 2644 2493 2716; x_wconf 78' lang='lat' dir='ltr'>permaxima</span> <span class='ocrx_word' id='word_1_401' title='bbox 2528 2644 2691 2718; x_wconf 88' lang='lat' dir='ltr'>vigit,</span> <span class='ocrx_word' id='word_1_402' title='bbox 2720 2646 3047 2720; x_wconf 82' lang='lat' dir='ltr'>accingere;</span> <span class='ocrx_word' id='word_1_403' title='bbox 3079 2647 3191 2707; x_wconf 91' lang='lat' dir='ltr'>uisi</span> <span class='ocrx_word' id='word_1_404' title='bbox 3226 2665 3428 2709; x_wconf 89' lang='lat' dir='ltr'>omnes</span> <span class='ocrx_word' id='word_1_405' title='bbox 3462 2666 3668 2708; x_wconf 88' lang='lat' dir='ltr'>carna-</span> 
     </span>
    </p>
   </div>
   <div class='ocr_carea' id='block_1_50' title="bbox 248 2724 3668 2815">
    <p class='ocr_par' dir='ltr' id='par_1_50' title="bbox 248 2724 3668 2815">
     <span class='ocr_line' id='line_1_50' title="bbox 248 2724 3668 2815; baseline -0.002 -11"><span class='ocrx_word' id='word_1_406' title='bbox 248 2745 685 2809; x_wconf 85' lang='lat' dir='ltr'>Etnotandum,</span> <span class='ocrx_word' id='word_1_407' title='bbox 729 2742 879 2815; x_wconf 91' lang='lat' dir='ltr'>quod</span> <span class='ocrx_word' id='word_1_408' title='bbox 917 2741 1155 2798; x_wconf 87' lang='lat' dir='ltr'>dextera</span> <span class='ocrx_word' id='word_1_409' title='bbox 1184 2724 1412 2797; x_wconf 77' lang='lat' dir='ltr'>tantum</span> <span class='ocrx_word' id='word_1_410' title='bbox 1434 2736 1719 2808; x_wconf 90' lang='lat' dir='ltr'>auricula,</span> <span class='ocrx_word' id='word_1_411' title='bbox 1752 2752 1878 2794; x_wconf 89' lang='lat' dir='ltr'>ma-</span> <span class='ocrx_word' id='word_1_412' title='bbox 1961 2733 2106 2791; x_wconf 92' lang='lat' dir='ltr'>lium</span> <span class='ocrx_word' id='word_1_413' title='bbox 2135 2733 2470 2806; x_wconf 90' lang='lat' dir='ltr'>passionum</span> <span class='ocrx_word' id='word_1_414' title='bbox 2500 2733 2733 2803; x_wconf 83' lang='lat' dir='ltr'>illicitos</span> <span class='ocrx_word' id='word_1_415' title='bbox 2778 2743 2968 2793; x_wconf 90' lang='lat' dir='ltr'>motus</span> <span class='ocrx_word' id='word_1_416' title='bbox 2995 2748 3059 2794; x_wconf 90' lang='lat' dir='ltr'>ac</span> <span class='ocrx_word' id='word_1_417' title='bbox 3104 2737 3333 2796; x_wconf 84' lang='lat' dir='ltr'>fomites</span> <span class='ocrx_word' id='word_1_418' title='bbox 3384 2753 3485 2812; x_wconf 92' lang='lat' dir='ltr'>per</span> <span class='ocrx_word' id='word_1_419' title='bbox 3525 2738 3668 2802; x_wconf 83' lang='lat' dir='ltr'>afﬂi-</span> 
     </span>
    </p>
   </div>
   <div class='ocr_carea' id='block_1_51' title="bbox 172 2822 3667 2905">
    <p class='ocr_par' dir='ltr' id='par_1_51' title="bbox 172 2822 3667 2905">
     <span class='ocr_line' id='line_1_51' title="bbox 172 2822 3667 2905; baseline -0.001 -14"><span class='ocrx_word' id='word_1_420' title='bbox 172 2842 285 2892; x_wconf 83' lang='lat' dir='ltr'>nus</span> <span class='ocrx_word' id='word_1_421' title='bbox 316 2837 371 2889; x_wconf 89' lang='lat' dir='ltr'>et</span> <span class='ocrx_word' id='word_1_422' title='bbox 392 2847 490 2905; x_wconf 89' lang='lat' dir='ltr'>pes</span> <span class='ocrx_word' id='word_1_423' title='bbox 517 2826 827 2886; x_wconf 85' lang='lat' dir='ltr'>sacerdotis</span> <span class='ocrx_word' id='word_1_424' title='bbox 854 2825 955 2883; x_wconf 91' lang='lat' dir='ltr'>illo</span> <span class='ocrx_word' id='word_1_425' title='bbox 988 2824 1273 2895; x_wconf 86' lang='lat' dir='ltr'>sanguine</span> <span class='ocrx_word' id='word_1_426' title='bbox 1305 2823 1467 2880; x_wconf 83' lang='lat' dir='ltr'>liniri</span> <span class='ocrx_word' id='word_1_427' title='bbox 1496 2823 1872 2897; x_wconf 67' lang='lat' dir='ltr'>prmcipitur;</span> <span class='ocrx_word' id='word_1_428' title='bbox 1959 2823 2210 2880; x_wconf 90' lang='lat' dir='ltr'>ctionem</span> <span class='ocrx_word' id='word_1_429' title='bbox 2256 2823 2512 2895; x_wconf 86' lang='lat' dir='ltr'>corporis</span> <span class='ocrx_word' id='word_1_430' title='bbox 2560 2822 2831 2899; x_wconf 25' lang='lat' dir='ltr'>undique.</span> <span class='ocrx_word' id='word_1_431' title='bbox 2874 2825 3219 2899; x_wconf 65' lang='lat' dir='ltr'>refrenare?</span> <span class='ocrx_word' id='word_1_432' title='bbox 3266 2826 3338 2885; x_wconf 88' lang='lat' dir='ltr'>Et</span> <span class='ocrx_word' id='word_1_433' title='bbox 3386 2828 3529 2899; x_wconf 92' lang='lat' dir='ltr'>quid</span> <span class='ocrx_word' id='word_1_434' title='bbox 3580 2832 3667 2886; x_wconf 88' lang='lat' dir='ltr'>est</span> 
     </span>
    </p>
   </div>
   <div class='ocr_carea' id='block_1_52' title="bbox 170 2909 3663 2996">
    <p class='ocr_par' dir='ltr' id='par_1_52' title="bbox 170 2909 3663 2996">
     <span class='ocr_line' id='line_1_52' title="bbox 170 2909 3663 2996; baseline -0.001 -17"><span class='ocrx_word' id='word_1_435' title='bbox 170 2937 285 2996; x_wconf 85' lang='lat' dir='ltr'>quo</span> <span class='ocrx_word' id='word_1_436' title='bbox 315 2919 581 2978; x_wconf 89' lang='lat' dir='ltr'>videlicet</span> <span class='ocrx_word' id='word_1_437' title='bbox 618 2917 701 2973; x_wconf 90' lang='lat' dir='ltr'>sic</span> <span class='ocrx_word' id='word_1_438' title='bbox 746 2930 971 2987; x_wconf 87' lang='lat' dir='ltr'>semper</span> <span class='ocrx_word' id='word_1_439' title='bbox 1017 2914 1274 2971; x_wconf 65' lang='lat' dir='ltr'>dexterae</span> <span class='ocrx_word' id='word_1_440' title='bbox 1308 2912 1769 2969; x_wconf 88' lang='lat' dir='ltr'>conversationis</span> <span class='ocrx_word' id='word_1_441' title='bbox 1810 2928 1877 2969; x_wconf 90' lang='lat' dir='ltr'>ac</span> <span class='ocrx_word' id='word_1_442' title='bbox 1956 2910 2105 2969; x_wconf 89' lang='lat' dir='ltr'>circa</span> <span class='ocrx_word' id='word_1_443' title='bbox 2124 2909 2411 2969; x_wconf 90' lang='lat' dir='ltr'>mamillas</span> <span class='ocrx_word' id='word_1_444' title='bbox 2428 2925 2666 2968; x_wconf 86' lang='lat' dir='ltr'>auream</span> <span class='ocrx_word' id='word_1_445' title='bbox 2685 2910 2896 2970; x_wconf 88' lang='lat' dir='ltr'>habere</span> <span class='ocrx_word' id='word_1_446' title='bbox 2914 2915 3281 2984; x_wconf 89' lang='lat' dir='ltr'>zonam;nisi</span> <span class='ocrx_word' id='word_1_447' title='bbox 3306 2921 3361 2973; x_wconf 89' lang='lat' dir='ltr'>et</span> <span class='ocrx_word' id='word_1_448' title='bbox 3382 2916 3663 2975; x_wconf 81' lang='lat' dir='ltr'>adversus</span> 
     </span>
    </p>
   </div>
   <div class='ocr_carea' id='block_1_53' title="bbox 169 3000 3659 3080">
    <p class='ocr_par' dir='ltr' id='par_1_53' title="bbox 169 3000 3659 3080">
     <span class='ocr_line' id='line_1_53' title="bbox 169 3000 3659 3080; baseline -0.001 -11"><span class='ocrx_word' id='word_1_449' title='bbox 169 3010 303 3069; x_wconf 75' lang='lat' dir='ltr'>fidei</span> <span class='ocrx_word' id='word_1_450' title='bbox 332 3006 735 3066; x_wconf 89' lang='lat' dir='ltr'>rectitudiuem</span> <span class='ocrx_word' id='word_1_451' title='bbox 769 3004 831 3061; x_wconf 89' lang='lat' dir='ltr'>in</span> <span class='ocrx_word' id='word_1_452' title='bbox 857 3002 1134 3061; x_wconf 89' lang='lat' dir='ltr'>omnibus</span> <span class='ocrx_word' id='word_1_453' title='bbox 1154 3007 1362 3080; x_wconf 81' lang='lat' dir='ltr'>teneat,</span> <span class='ocrx_word' id='word_1_454' title='bbox 1398 3006 1463 3058; x_wconf 90' lang='lat' dir='ltr'>ut</span> <span class='ocrx_word' id='word_1_455' title='bbox 1494 3000 1873 3058; x_wconf 86' lang='lat' dir='ltr'>exorbitanti-</span> <span class='ocrx_word' id='word_1_456' title='bbox 1916 3010 1924 3019; x_wconf 88' lang='lat'><strong><em>‘</em></strong></span> <span class='ocrx_word' id='word_1_457' title='bbox 1956 3003 2357 3076; x_wconf 83' lang='lat' dir='ltr'>ingruentium</span> <span class='ocrx_word' id='word_1_458' title='bbox 2408 3002 2826 3075; x_wconf 85' lang='lat' dir='ltr'>cogitationum</span> <span class='ocrx_word' id='word_1_459' title='bbox 2864 3003 3196 3079; x_wconf 90' lang='lat' dir='ltr'>importuna</span> <span class='ocrx_word' id='word_1_460' title='bbox 3239 3006 3659 3080; x_wconf 76' lang='lat' dir='ltr'>phantasmata,</span> 
     </span>
    </p>
   </div>
   <div class='ocr_carea' id='block_1_54' title="bbox 170 3076 3659 3183">
    <p class='ocr_par' dir='ltr' id='par_1_54' title="bbox 170 3076 3659 3183">
     <span class='ocr_line' id='line_1_54' title="bbox 170 3076 3659 3183; baseline -0.002 -22"><span class='ocrx_word' id='word_1_461' title='bbox 170 3103 279 3160; x_wconf 90' lang='lat' dir='ltr'>bus</span> <span class='ocrx_word' id='word_1_462' title='bbox 332 3117 366 3156; x_wconf 91' lang='lat' dir='ltr'>a</span> <span class='ocrx_word' id='word_1_463' title='bbox 410 3098 506 3155; x_wconf 86' lang='lat' dir='ltr'>via</span> <span class='ocrx_word' id='word_1_464' title='bbox 548 3094 828 3168; x_wconf 84' lang='lat' dir='ltr'>vestigiis,</span> <span class='ocrx_word' id='word_1_465' title='bbox 869 3093 1165 3151; x_wconf 89' lang='lat' dir='ltr'>anfractus</span> <span class='ocrx_word' id='word_1_466' title='bbox 1210 3076 1461 3149; x_wconf 56' lang='lat' dir='ltr'>sinistrae</span> <span class='ocrx_word' id='word_1_467' title='bbox 1509 3091 1714 3149; x_wconf 90' lang='lat' dir='ltr'>devius</span> <span class='ocrx_word' id='word_1_468' title='bbox 1754 3106 1867 3149; x_wconf 89' lang='lat' dir='ltr'>non</span> <span class='ocrx_word' id='word_1_469' title='bbox 1893 3095 2195 3183; x_wconf 76' lang='lat' dir='ltr'>Csollicita</span> <span class='ocrx_word' id='word_1_470' title='bbox 2211 3109 2436 3167; x_wconf 88' lang='lat' dir='ltr'>semper</span> <span class='ocrx_word' id='word_1_471' title='bbox 2465 3093 2772 3167; x_wconf 89' lang='lat' dir='ltr'>invigilare</span> <span class='ocrx_word' id='word_1_472' title='bbox 2791 3076 3365 3156; x_wconf 71' lang='lat' dir='ltr'>custodia7Lumbos</span> <span class='ocrx_word' id='word_1_473' title='bbox 3385 3113 3521 3171; x_wconf 87' lang='lat' dir='ltr'>ergo</span> <span class='ocrx_word' id='word_1_474' title='bbox 3541 3076 3659 3172; x_wconf 49' lang='lat' dir='ltr'>pel;</span> 
     </span>
    </p>
   </div>
   <div class='ocr_carea' id='block_1_55' title="bbox 165 3178 1870 3267">
    <p class='ocr_par' dir='ltr' id='par_1_55' title="bbox 165 3178 1870 3267">
     <span class='ocr_line' id='line_1_55' title="bbox 165 3178 1870 3267; baseline -0.008 -19"><span class='ocrx_word' id='word_1_475' title='bbox 165 3190 440 3249; x_wconf 88' lang='lat' dir='ltr'>incurrat.</span> <span class='ocrx_word' id='word_1_476' title='bbox 478 3184 612 3244; x_wconf 90' lang='lat' dir='ltr'>Sive</span> <span class='ocrx_word' id='word_1_477' title='bbox 652 3190 800 3242; x_wconf 89' lang='lat' dir='ltr'>certe</span> <span class='ocrx_word' id='word_1_478' title='bbox 838 3183 920 3241; x_wconf 89' lang='lat' dir='ltr'>sic</span> <span class='ocrx_word' id='word_1_479' title='bbox 948 3197 1173 3255; x_wconf 86' lang='lat' dir='ltr'>semper</span> <span class='ocrx_word' id='word_1_480' title='bbox 1211 3178 1532 3238; x_wconf 66' lang='lat' dir='ltr'>Dominicm</span> <span class='ocrx_word' id='word_1_481' title='bbox 1584 3178 1870 3267; x_wconf 83' lang='lat' dir='ltr'>passionis</span> 
     </span>
    </p>
   </div>
   <div class='ocr_carea' id='block_1_56' title="bbox 163 3268 1870 3348">
    <p class='ocr_par' dir='ltr' id='par_1_56' title="bbox 163 3268 1870 3348">
     <span class='ocr_line' id='line_1_56' title="bbox 163 3268 1870 3348; baseline -0.008 -8"><span class='ocrx_word' id='word_1_482' title='bbox 163 3283 587 3341; x_wconf 85' lang='lat' dir='ltr'>sacramentum</span> <span class='ocrx_word' id='word_1_483' title='bbox 618 3290 719 3348; x_wconf 90' lang='lat' dir='ltr'>pro</span> <span class='ocrx_word' id='word_1_484' title='bbox 749 3273 953 3330; x_wconf 87' lang='lat' dir='ltr'>dextro</span> <span class='ocrx_word' id='word_1_485' title='bbox 983 3277 1191 3341; x_wconf 86' lang='lat' dir='ltr'>teneat,</span> <span class='ocrx_word' id='word_1_486' title='bbox 1225 3275 1291 3328; x_wconf 92' lang='lat' dir='ltr'>ut</span> <span class='ocrx_word' id='word_1_487' title='bbox 1322 3277 1607 3342; x_wconf 84' lang='lat' dir='ltr'>tanquam</span> <span class='ocrx_word' id='word_1_488' title='bbox 1637 3268 1870 3327; x_wconf 89' lang='lat' dir='ltr'>sinistra</span> 
     </span>
    </p>
   </div>
   <div class='ocr_carea' id='block_1_57' title="bbox 164 3358 1871 3446">
    <p class='ocr_par' dir='ltr' id='par_1_57' title="bbox 164 3358 1871 3446">
     <span class='ocr_line' id='line_1_57' title="bbox 164 3358 1871 3446; baseline -0.009 -16"><span class='ocrx_word' id='word_1_489' title='bbox 164 3386 398 3446; x_wconf 88' lang='lat' dir='ltr'>prorsus</span> <span class='ocrx_word' id='word_1_490' title='bbox 446 3384 512 3425; x_wconf 90' lang='lat' dir='ltr'>ac</span> <span class='ocrx_word' id='word_1_491' title='bbox 554 3365 693 3423; x_wconf 89' lang='lat' dir='ltr'>vilia</span> <span class='ocrx_word' id='word_1_492' title='bbox 733 3369 937 3421; x_wconf 87' lang='lat' dir='ltr'>cuncta</span> <span class='ocrx_word' id='word_1_493' title='bbox 993 3360 1198 3419; x_wconf 87' lang='lat' dir='ltr'>mundi</span> <span class='ocrx_word' id='word_1_494' title='bbox 1248 3359 1424 3432; x_wconf 90' lang='lat' dir='ltr'>hujus</span> <span class='ocrx_word' id='word_1_495' title='bbox 1472 3358 1871 3416; x_wconf 88' lang='lat' dir='ltr'>blandimenta</span> 
     </span>
    </p>
   </div>
   <div class='ocr_carea' id='block_1_58' title="bbox 162 3448 1868 3526">
    <p class='ocr_par' dir='ltr' id='par_1_58' title="bbox 162 3448 1868 3526">
     <span class='ocr_line' id='line_1_58' title="bbox 162 3448 1868 3526; baseline -0.009 -6"><span class='ocrx_word' id='word_1_496' title='bbox 162 3462 488 3520; x_wconf 88' lang='lat' dir='ltr'>contemnat</span> <span class='ocrx_word' id='word_1_497' title='bbox 541 3455 854 3512; x_wconf 82' lang='lat' dir='ltr'>Enimvero</span> <span class='ocrx_word' id='word_1_498' title='bbox 882 3453 1018 3526; x_wconf 87' lang='lat' dir='ltr'>quia</span> <span class='ocrx_word' id='word_1_499' title='bbox 1048 3449 1311 3513; x_wconf 72' lang='lat' dir='ltr'>sacerdos</span> <span class='ocrx_word' id='word_1_500' title='bbox 1367 3449 1511 3519; x_wconf 84' lang='lat' dir='ltr'>dux,</span> <span class='ocrx_word' id='word_1_501' title='bbox 1544 3455 1596 3505; x_wconf 90' lang='lat' dir='ltr'>et</span> <span class='ocrx_word' id='word_1_502' title='bbox 1652 3448 1868 3506; x_wconf 87' lang='lat' dir='ltr'>antesi-</span> 
     </span>
    </p>
   </div>
   <div class='ocr_carea' id='block_1_59' title="bbox 161 3537 1873 3623">
    <p class='ocr_par' dir='ltr' id='par_1_59' title="bbox 161 3537 1873 3623">
     <span class='ocr_line' id='line_1_59' title="bbox 161 3537 1873 3623; baseline -0.006 -16"><span class='ocrx_word' id='word_1_503' title='bbox 161 3565 387 3623; x_wconf 81' lang='lat' dir='ltr'>gnanus</span> <span class='ocrx_word' id='word_1_504' title='bbox 406 3552 489 3605; x_wconf 88' lang='lat' dir='ltr'>est</span> <span class='ocrx_word' id='word_1_505' title='bbox 505 3544 793 3601; x_wconf 88' lang='lat' dir='ltr'>exercitus</span> <span class='ocrx_word' id='word_1_506' title='bbox 814 3538 1070 3611; x_wconf 89' lang='lat' dir='ltr'>Domini,</span> <span class='ocrx_word' id='word_1_507' title='bbox 1100 3539 1192 3597; x_wconf 91' lang='lat' dir='ltr'>his</span> <span class='ocrx_word' id='word_1_508' title='bbox 1215 3538 1521 3598; x_wconf 89' lang='lat' dir='ltr'>titulorum</span> <span class='ocrx_word' id='word_1_509' title='bbox 1537 3537 1873 3611; x_wconf 88' lang='lat' dir='ltr'>insignibus</span> 
     </span>
    </p>
   </div>
   <div class='ocr_carea' id='block_1_60' title="bbox 1956 3182 3663 3262">
    <p class='ocr_par' dir='ltr' id='par_1_60' title="bbox 1956 3182 3663 3262">
     <span class='ocr_line' id='line_1_60' title="bbox 1956 3182 3663 3262; baseline 0.002 -20"><span class='ocrx_word' id='word_1_510' title='bbox 1956 3183 2096 3243; x_wconf 91' lang='lat' dir='ltr'>licea</span> <span class='ocrx_word' id='word_1_511' title='bbox 2124 3199 2265 3241; x_wconf 89' lang='lat' dir='ltr'>zona</span> <span class='ocrx_word' id='word_1_512' title='bbox 2291 3182 2729 3257; x_wconf 73' lang='lat' dir='ltr'>praecingimus,</span> <span class='ocrx_word' id='word_1_513' title='bbox 2746 3201 2880 3243; x_wconf 90' lang='lat' dir='ltr'>cum</span> <span class='ocrx_word' id='word_1_514' title='bbox 2893 3185 3084 3244; x_wconf 89' lang='lat' dir='ltr'>carnis</span> <span class='ocrx_word' id='word_1_515' title='bbox 3104 3186 3400 3245; x_wconf 89' lang='lat' dir='ltr'>lasciviam</span> <span class='ocrx_word' id='word_1_516' title='bbox 3414 3203 3516 3262; x_wconf 90' lang='lat' dir='ltr'>per</span> <span class='ocrx_word' id='word_1_517' title='bbox 3533 3188 3663 3245; x_wconf 89' lang='lat' dir='ltr'>ine-</span> 
     </span>
    </p>
   </div>
   <div class='ocr_carea' id='block_1_61' title="bbox 1954 3274 3661 3357">
    <p class='ocr_par' dir='ltr' id='par_1_61' title="bbox 1954 3274 3661 3357">
     <span class='ocr_line' id='line_1_61' title="bbox 1954 3274 3661 3357; baseline 0.004 -27"><span class='ocrx_word' id='word_1_518' title='bbox 1954 3274 2067 3332; x_wconf 68' lang='lat' dir='ltr'>diae</span> <span class='ocrx_word' id='word_1_519' title='bbox 2106 3274 2525 3357; x_wconf 83' lang='lat' dir='ltr'>continentiam</span> <span class='ocrx_word' id='word_1_520' title='bbox 2566 3290 2915 3357; x_wconf 88' lang='lat' dir='ltr'>coercemus.</span> <span class='ocrx_word' id='word_1_521' title='bbox 2972 3277 3227 3335; x_wconf 89' lang='lat' dir='ltr'>Auream</span> <span class='ocrx_word' id='word_1_522' title='bbox 3274 3294 3412 3337; x_wconf 90' lang='lat' dir='ltr'>vero</span> <span class='ocrx_word' id='word_1_523' title='bbox 3458 3293 3661 3337; x_wconf 88' lang='lat' dir='ltr'>zonam</span> 
     </span>
    </p>
   </div>
   <div class='ocr_carea' id='block_1_62' title="bbox 1953 3356 3657 3436">
    <p class='ocr_par' dir='ltr' id='par_1_62' title="bbox 1953 3356 3657 3436">
     <span class='ocr_line' id='line_1_62' title="bbox 1953 3356 3657 3436; baseline 0.004 -15"><span class='ocrx_word' id='word_1_524' title='bbox 1953 3362 2109 3421; x_wconf 90' lang='lat' dir='ltr'>circa</span> <span class='ocrx_word' id='word_1_525' title='bbox 2134 3356 2421 3422; x_wconf 71' lang='lat' dir='ltr'>mamillas</span> <span class='ocrx_word' id='word_1_526' title='bbox 2447 3356 2749 3436; x_wconf 86' lang='lat' dir='ltr'>habemus,</span> <span class='ocrx_word' id='word_1_527' title='bbox 2783 3380 2918 3424; x_wconf 91' lang='lat' dir='ltr'>cum</span> <span class='ocrx_word' id='word_1_528' title='bbox 2945 3365 3224 3426; x_wconf 89' lang='lat' dir='ltr'>adversus</span> <span class='ocrx_word' id='word_1_529' title='bbox 3257 3368 3657 3427; x_wconf 86' lang='lat' dir='ltr'>infestantium</span> 
     </span>
    </p>
   </div>
   <div class='ocr_carea' id='block_1_63' title="bbox 1953 3445 3655 3529">
    <p class='ocr_par' dir='ltr' id='par_1_63' title="bbox 1953 3445 3655 3529">
     <span class='ocr_line' id='line_1_63' title="bbox 1953 3445 3655 3529; baseline 0.004 -18"><span class='ocrx_word' id='word_1_530' title='bbox 1953 3453 2371 3527; x_wconf 73' lang='lat' dir='ltr'>Cogitationum</span> <span class='ocrx_word' id='word_1_531' title='bbox 2396 3455 2647 3529; x_wconf 88' lang='lat' dir='ltr'>impetus</span> <span class='ocrx_word' id='word_1_532' title='bbox 2675 3455 3067 3516; x_wconf 69' lang='lat' dir='ltr'>infoederabili</span> <span class='ocrx_word' id='word_1_533' title='bbox 3080 3445 3395 3518; x_wconf 76' lang='lat' dir='ltr'>certamine</span> <span class='ocrx_word' id='word_1_534' title='bbox 3418 3459 3655 3517; x_wconf 89' lang='lat' dir='ltr'>dimica-</span> 
     </span>
    </p>
   </div>
   <div class='ocr_carea' id='block_1_64' title="bbox 1954 3542 3661 3625">
    <p class='ocr_par' dir='ltr' id='par_1_64' title="bbox 1954 3542 3661 3625">
     <span class='ocr_line' id='line_1_64' title="bbox 1954 3542 3661 3625; baseline 0.004 -25"><span class='ocrx_word' id='word_1_535' title='bbox 1954 3557 2105 3601; x_wconf 91' lang='lat' dir='ltr'>mus.</span> <span class='ocrx_word' id='word_1_536' title='bbox 2167 3542 2330 3602; x_wconf 88' lang='lat' dir='ltr'>Tunc</span> <span class='ocrx_word' id='word_1_537' title='bbox 2379 3544 2574 3618; x_wconf 90' lang='lat' dir='ltr'>itaque</span> <span class='ocrx_word' id='word_1_538' title='bbox 2625 3544 2747 3625; x_wconf 78' lang='lat' dir='ltr'>fietl</span> <span class='ocrx_word' id='word_1_539' title='bbox 2779 3546 2933 3619; x_wconf 87' lang='lat' dir='ltr'>quod</span> <span class='ocrx_word' id='word_1_540' title='bbox 2981 3546 3102 3605; x_wconf 92' lang='lat' dir='ltr'>illic</span> <span class='ocrx_word' id='word_1_541' title='bbox 3150 3548 3456 3623; x_wconf 68' lang='lat' dir='ltr'>sequitur&#39;;</span> <span class='ocrx_word' id='word_1_542' title='bbox 3523 3563 3661 3606; x_wconf 80' lang='lat' dir='ltr'>mox</span> 
     </span>
    </p>
   </div>
   <div class='ocr_carea' id='block_1_65' title="bbox 152 3627 3672 3714">
    <p class='ocr_par' dir='ltr' id='par_1_65' title="bbox 152 3627 3672 3714">
     <span class='ocr_line' id='line_1_65' title="bbox 152 3627 3672 3714; baseline -0.001 -17"><span class='ocrx_word' id='word_1_543' title='bbox 152 3639 392 3714; x_wconf 88' lang='lat' dir='ltr'>jubetur</span> <span class='ocrx_word' id='word_1_544' title='bbox 448 3635 761 3699; x_wconf 86' lang='lat' dir='ltr'>adornatus</span> <span class='ocrx_word' id='word_1_545' title='bbox 818 3630 1123 3700; x_wconf 91' lang='lat' dir='ltr'>incedere,</span> <span class='ocrx_word' id='word_1_546' title='bbox 1186 3644 1425 3702; x_wconf 86' lang='lat' dir='ltr'>seseque</span> <span class='ocrx_word' id='word_1_547' title='bbox 1495 3627 1869 3714; x_wconf 85' lang='lat' dir='ltr'>sequentibus</span> <span class='ocrx_word' id='word_1_548' title='bbox 1951 3630 2191 3689; x_wconf 88' lang='lat' dir='ltr'>enimut</span> <span class='ocrx_word' id='word_1_549' title='bbox 2215 3638 2478 3691; x_wconf 87' lang='lat' dir='ltr'>sanctum</span> <span class='ocrx_word' id='word_1_550' title='bbox 2509 3631 2932 3707; x_wconf 88' lang='lat' dir='ltr'>Dominisuper</span> <span class='ocrx_word' id='word_1_551' title='bbox 2963 3634 3195 3695; x_wconf 88' lang='lat' dir='ltr'>frenum</span> <span class='ocrx_word' id='word_1_552' title='bbox 3227 3635 3364 3711; x_wconf 88' lang='lat' dir='ltr'>equi</span> <span class='ocrx_word' id='word_1_553' title='bbox 3394 3635 3672 3695; x_wconf 73' lang='lat' dir='ltr'>futurum</span> 
     </span>
    </p>
   </div>
   <div class='ocr_carea' id='block_1_66' title="bbox 158 3712 3657 3801">
    <p class='ocr_par' dir='ltr' id='par_1_66' title="bbox 158 3712 3657 3801">
     <span class='ocr_line' id='line_1_66' title="bbox 158 3712 3657 3801; baseline -0.001 -16"><span class='ocrx_word' id='word_1_554' title='bbox 158 3712 555 3786; x_wconf 62' lang='lat' dir='ltr'>ecclesiastica:</span> <span class='ocrx_word' id='word_1_555' title='bbox 617 3719 842 3801; x_wconf 69' lang='lat' dir='ltr'>militiae</span> <span class='ocrx_word' id='word_1_556' title='bbox 906 3716 1107 3774; x_wconf 87' lang='lat' dir='ltr'>cuneis</span> <span class='ocrx_word' id='word_1_557' title='bbox 1181 3714 1484 3788; x_wconf 84' lang='lat' dir='ltr'>sanguinis</span> <span class='ocrx_word' id='word_1_558' title='bbox 1562 3721 1616 3771; x_wconf 91' lang='lat' dir='ltr'>et</span> <span class='ocrx_word' id='word_1_559' title='bbox 1682 3712 1869 3772; x_wconf 88' lang='lat' dir='ltr'>crucis</span> <span class='ocrx_word' id='word_1_560' title='bbox 1950 3721 2225 3795; x_wconf 86' lang='lat' dir='ltr'>propheta</span> <span class='ocrx_word' id='word_1_561' title='bbox 2246 3722 2778 3796; x_wconf 66' lang='lat' dir='ltr'>praemisit,przesto</span> <span class='ocrx_word' id='word_1_562' title='bbox 2803 3724 3141 3798; x_wconf 84' lang='lat' dir='ltr'>subjunxit:</span> <span class='ocrx_word' id='word_1_563' title='bbox 3175 3726 3657 3785; x_wconf 71' lang='lat' dir='ltr'>«Eteruutlebe-</span> 
     </span>
    </p>
   </div>
   <div class='ocr_carea' id='block_1_67' title="bbox 159 3802 3657 3895">
    <p class='ocr_par' dir='ltr' id='par_1_67' title="bbox 159 3802 3657 3895">
     <span class='ocr_line' id='line_1_67' title="bbox 159 3802 3657 3895; baseline -0.001 -20"><span class='ocrx_word' id='word_1_564' title='bbox 159 3814 372 3875; x_wconf 90' lang='lat' dir='ltr'>Christi</span> <span class='ocrx_word' id='word_1_565' title='bbox 423 3806 627 3870; x_wconf 89' lang='lat' dir='ltr'>debeat</span> <span class='ocrx_word' id='word_1_566' title='bbox 666 3807 884 3868; x_wconf 82' lang='lat' dir='ltr'>vexilla</span> <span class='ocrx_word' id='word_1_567' title='bbox 910 3807 1236 3895; x_wconf 31' lang='lat' dir='ltr'>praeferre:</span> <span class='ocrx_word' id='word_1_568' title='bbox 1263 3804 1387 3861; x_wconf 91' lang='lat' dir='ltr'>Hoc</span> <span class='ocrx_word' id='word_1_569' title='bbox 1435 3802 1719 3895; x_wconf 81' lang='lat' dir='ltr'>figurabat</span> <span class='ocrx_word' id='word_1_570' title='bbox 1755 3803 1864 3895; x_wconf 52' lang='lat' dir='ltr'>Za:</span> <span class='ocrx_word' id='word_1_571' title='bbox 1953 3812 2031 3867; x_wconf 87' lang='lat' dir='ltr'>tes</span> <span class='ocrx_word' id='word_1_572' title='bbox 2067 3810 2130 3868; x_wconf 88' lang='lat' dir='ltr'>in</span> <span class='ocrx_word' id='word_1_573' title='bbox 2166 3810 2337 3869; x_wconf 90' lang='lat' dir='ltr'>domo</span> <span class='ocrx_word' id='word_1_574' title='bbox 2392 3811 2643 3883; x_wconf 90' lang='lat' dir='ltr'>Domini,</span> <span class='ocrx_word' id='word_1_575' title='bbox 2689 3812 2857 3886; x_wconf 89' lang='lat' dir='ltr'>quasi</span> <span class='ocrx_word' id='word_1_576' title='bbox 2888 3814 3101 3887; x_wconf 57' lang='lat' dir='ltr'>phiala;</span> <span class='ocrx_word' id='word_1_577' title='bbox 3137 3830 3329 3874; x_wconf 91' lang='lat' dir='ltr'>coram</span> <span class='ocrx_word' id='word_1_578' title='bbox 3361 3814 3554 3895; x_wconf 70' lang='lat' dir='ltr'>altari,</span> <span class='ocrx_word' id='word_1_579' title='bbox 3601 3819 3657 3873; x_wconf 87' lang='lat' dir='ltr'>et</span> 
     </span>
    </p>
   </div>
   <div class='ocr_carea' id='block_1_68' title="bbox 154 3892 3659 3975">
    <p class='ocr_par' dir='ltr' id='par_1_68' title="bbox 154 3892 3659 3975">
     <span class='ocr_line' id='line_1_68' title="bbox 154 3892 3659 3975; baseline 0 -13"><span class='ocrx_word' id='word_1_580' title='bbox 154 3903 379 3962; x_wconf 85' lang='lat' dir='ltr'>Charias</span> <span class='ocrx_word' id='word_1_581' title='bbox 401 3900 673 3975; x_wconf 88' lang='lat' dir='ltr'>propheta</span> <span class='ocrx_word' id='word_1_582' title='bbox 703 3913 838 3955; x_wconf 92' lang='lat' dir='ltr'>cum</span> <span class='ocrx_word' id='word_1_583' title='bbox 864 3894 1075 3953; x_wconf 89' lang='lat' dir='ltr'>diceret</span> <span class='ocrx_word' id='word_1_584' title='bbox 1106 3914 1117 3952; x_wconf 90' lang='lat'>:</span> <span class='ocrx_word' id='word_1_585' title='bbox 1156 3918 1181 3944; x_wconf 75' lang='grc' dir='ltr'>α</span> <span class='ocrx_word' id='word_1_586' title='bbox 1212 3893 1277 3951; x_wconf 93' lang='lat' dir='ltr'><strong>In</strong></span> <span class='ocrx_word' id='word_1_587' title='bbox 1308 3895 1401 3951; x_wconf 91' lang='lat' dir='ltr'>die</span> <span class='ocrx_word' id='word_1_588' title='bbox 1431 3892 1529 3950; x_wconf 89' lang='lat' dir='ltr'>illa</span> <span class='ocrx_word' id='word_1_589' title='bbox 1551 3893 1678 3958; x_wconf 85' lang='lat' dir='ltr'>erit,</span> <span class='ocrx_word' id='word_1_590' title='bbox 1711 3892 1866 3966; x_wconf 91' lang='lat' dir='ltr'>quod</span> <span class='ocrx_word' id='word_1_591' title='bbox 1948 3899 2056 3958; x_wconf 89' lang='lat' dir='ltr'>erit</span> <span class='ocrx_word' id='word_1_592' title='bbox 2079 3899 2271 3958; x_wconf 91' lang='lat' dir='ltr'>omnis</span> <span class='ocrx_word' id='word_1_593' title='bbox 2295 3900 2450 3959; x_wconf 88' lang='lat' dir='ltr'>lebes</span> <span class='ocrx_word' id='word_1_594' title='bbox 2482 3902 2541 3959; x_wconf 88' lang='lat' dir='ltr'>iu</span> <span class='ocrx_word' id='word_1_595' title='bbox 2562 3901 2944 3975; x_wconf 87' lang='lat' dir='ltr'>Hierusalem,</span> <span class='ocrx_word' id='word_1_596' title='bbox 2975 3912 3031 3961; x_wconf 90' lang='lat' dir='ltr'>et</span> <span class='ocrx_word' id='word_1_597' title='bbox 3058 3905 3118 3962; x_wconf 94' lang='lat' dir='ltr'>in</span> <span class='ocrx_word' id='word_1_598' title='bbox 3146 3905 3177 3963; x_wconf 78' lang='grc' dir='ltr'>,Ι</span> <span class='ocrx_word' id='word_1_599' title='bbox 3185 3905 3296 3964; x_wconf 88' lang='lat' dir='ltr'>uda</span> <span class='ocrx_word' id='word_1_600' title='bbox 3345 3892 3659 3964; x_wconf 88' lang='lat' dir='ltr'>sanctiﬁca-</span> 
     </span>
    </p>
   </div>
   <div class='ocr_carea' id='block_1_69' title="bbox 155 3981 3656 4070">
    <p class='ocr_par' dir='ltr' id='par_1_69' title="bbox 155 3981 3656 4070">
     <span class='ocr_line' id='line_1_69' title="bbox 155 3981 3656 4070; baseline 0 -17"><span class='ocrx_word' id='word_1_601' title='bbox 155 4009 332 4067; x_wconf 91' lang='lat' dir='ltr'>super</span> <span class='ocrx_word' id='word_1_602' title='bbox 363 3992 596 4049; x_wconf 89' lang='lat' dir='ltr'>frenum</span> <span class='ocrx_word' id='word_1_603' title='bbox 618 3987 752 4061; x_wconf 87' lang='lat' dir='ltr'>equi</span> <span class='ocrx_word' id='word_1_604' title='bbox 774 3993 877 4055; x_wconf 88' lang='lat' dir='ltr'>est,</span> <span class='ocrx_word' id='word_1_605' title='bbox 898 3990 1159 4043; x_wconf 88' lang='lat' dir='ltr'>sanctum</span> <span class='ocrx_word' id='word_1_606' title='bbox 1190 3981 1433 4041; x_wconf 90' lang='lat' dir='ltr'>Domino</span> <span class='ocrx_word' id='word_1_607' title='bbox 1455 3985 1634 4055; x_wconf 84' lang='lat' dir='ltr'>(Zach.</span> <span class='ocrx_word' id='word_1_608' title='bbox 1668 3984 1813 4054; x_wconf 80' lang='lat' dir='ltr'><strong>XIV).</strong></span> <span class='ocrx_word' id='word_1_609' title='bbox 1836 4006 1857 4034; x_wconf 75' lang='grc' dir='ltr'><strong>ιι</strong></span> <span class='ocrx_word' id='word_1_610' title='bbox 1952 3993 2042 4046; x_wconf 91' lang='lat' dir='ltr'>tus</span> <span class='ocrx_word' id='word_1_611' title='bbox 2070 3988 2317 4047; x_wconf 83' lang='lat' dir='ltr'>Domino</span> <span class='ocrx_word' id='word_1_612' title='bbox 2348 3992 2709 4048; x_wconf 78' lang='lat' dir='ltr'>exercituum</span> <span class='ocrx_word' id='word_1_613' title='bbox 2742 3995 2921 4063; x_wconf 84' lang='lat' dir='ltr'>(Zacb.</span> <span class='ocrx_word' id='word_1_614' title='bbox 2972 3995 3123 4063; x_wconf 85' lang='lat' dir='ltr'><strong>XIV).</strong></span> <span class='ocrx_word' id='word_1_615' title='bbox 3157 4017 3184 4045; x_wconf 74' lang='grc' dir='ltr'>ι»</span> <span class='ocrx_word' id='word_1_616' title='bbox 3220 3994 3459 4055; x_wconf 87' lang='lat' dir='ltr'>Lebetes</span> <span class='ocrx_word' id='word_1_617' title='bbox 3490 3996 3656 4070; x_wconf 90' lang='lat' dir='ltr'>plane</span> 
     </span>
    </p>
   </div>
   <div class='ocr_carea' id='block_1_70' title="bbox 155 4071 3655 4149">
    <p class='ocr_par' dir='ltr' id='par_1_70' title="bbox 155 4071 3655 4149">
     <span class='ocr_line' id='line_1_70' title="bbox 155 4071 3655 4149; baseline -0 -7"><span class='ocrx_word' id='word_1_618' title='bbox 155 4084 331 4142; x_wconf 88' lang='lat' dir='ltr'>Porro</span> <span class='ocrx_word' id='word_1_619' title='bbox 365 4088 557 4140; x_wconf 90' lang='lat' dir='ltr'>autem</span> <span class='ocrx_word' id='word_1_620' title='bbox 588 4085 720 4136; x_wconf 88' lang='lat' dir='ltr'>ante</span> <span class='ocrx_word' id='word_1_621' title='bbox 781 4073 1095 4135; x_wconf 88' lang='lat' dir='ltr'>Salvatoris</span> <span class='ocrx_word' id='word_1_622' title='bbox 1139 4074 1453 4131; x_wconf 90' lang='lat' dir='ltr'>adventum</span> <span class='ocrx_word' id='word_1_623' title='bbox 1492 4071 1633 4147; x_wconf 91' lang='lat' dir='ltr'>quid</span> <span class='ocrx_word' id='word_1_624' title='bbox 1681 4087 1866 4145; x_wconf 88' lang='lat' dir='ltr'>genus</span> <span class='ocrx_word' id='word_1_625' title='bbox 1948 4074 2011 4133; x_wconf 91' lang='lat' dir='ltr'>in</span> <span class='ocrx_word' id='word_1_626' title='bbox 2044 4075 2271 4149; x_wconf 88' lang='lat' dir='ltr'>phialas</span> <span class='ocrx_word' id='word_1_627' title='bbox 2314 4077 2504 4147; x_wconf 83' lang='lat' dir='ltr'>verti;</span> <span class='ocrx_word' id='word_1_628' title='bbox 2556 4084 2610 4134; x_wconf 89' lang='lat' dir='ltr'>et</span> <span class='ocrx_word' id='word_1_629' title='bbox 2652 4092 2857 4135; x_wconf 86' lang='lat' dir='ltr'>zonam</span> <span class='ocrx_word' id='word_1_630' title='bbox 2890 4093 3127 4137; x_wconf 90' lang='lat' dir='ltr'>auream</span> <span class='ocrx_word' id='word_1_631' title='bbox 3177 4084 3326 4139; x_wconf 89' lang='lat' dir='ltr'>circa</span> <span class='ocrx_word' id='word_1_632' title='bbox 3366 4082 3655 4148; x_wconf 83' lang='lat' dir='ltr'>mamillas</span> 
     </span>
    </p>
   </div>
   <div class='ocr_carea' id='block_1_71' title="bbox 157 4162 3654 4245">
    <p class='ocr_par' dir='ltr' id='par_1_71' title="bbox 157 4162 3654 4245">
     <span class='ocr_line' id='line_1_71' title="bbox 157 4162 3654 4245; baseline 0.001 -14"><span class='ocrx_word' id='word_1_633' title='bbox 157 4174 505 4241; x_wconf 89' lang='lat' dir='ltr'>humanum,</span> <span class='ocrx_word' id='word_1_634' title='bbox 562 4168 676 4227; x_wconf 91' lang='lat' dir='ltr'>nisi</span> <span class='ocrx_word' id='word_1_635' title='bbox 734 4168 891 4225; x_wconf 90' lang='lat' dir='ltr'>velut</span> <span class='ocrx_word' id='word_1_636' title='bbox 946 4164 1196 4223; x_wconf 88' lang='lat' dir='ltr'>infrenis</span> <span class='ocrx_word' id='word_1_637' title='bbox 1247 4181 1434 4238; x_wconf 89' lang='lat' dir='ltr'>equus</span> <span class='ocrx_word' id='word_1_638' title='bbox 1505 4170 1646 4243; x_wconf 86' lang='lat' dir='ltr'>erat,</span> <span class='ocrx_word' id='word_1_639' title='bbox 1706 4162 1863 4237; x_wconf 74' lang='lat' dir='ltr'>qI‘Iod</span> <span class='ocrx_word' id='word_1_640' title='bbox 1947 4165 2149 4223; x_wconf 89' lang='lat' dir='ltr'>haberi</span> <span class='ocrx_word' id='word_1_641' title='bbox 2194 4167 2566 4241; x_wconf 72' lang='lat' dir='ltr'>praecipiebat</span> <span class='ocrx_word' id='word_1_642' title='bbox 2596 4168 2882 4227; x_wconf 90' lang='lat' dir='ltr'>Dominus</span> <span class='ocrx_word' id='word_1_643' title='bbox 2910 4170 2971 4226; x_wconf 92' lang='lat' dir='ltr'>in</span> <span class='ocrx_word' id='word_1_644' title='bbox 3019 4171 3353 4245; x_wconf 85' lang='lat' dir='ltr'>Evangelio,</span> <span class='ocrx_word' id='word_1_645' title='bbox 3406 4189 3541 4233; x_wconf 90' lang='lat' dir='ltr'>cum</span> <span class='ocrx_word' id='word_1_646' title='bbox 3564 4175 3654 4235; x_wconf 89' lang='lat' dir='ltr'>di-</span> 
     </span>
    </p>
   </div>
   <div class='ocr_carea' id='block_1_72' title="bbox 154 4250 3655 4336">
    <p class='ocr_par' dir='ltr' id='par_1_72' title="bbox 154 4250 3655 4336">
     <span class='ocr_line' id='line_1_72' title="bbox 154 4250 3655 4336; baseline -0.005 -14"><span class='ocrx_word' id='word_1_647' title='bbox 154 4264 371 4336; x_wconf 82' lang='lat' dir='ltr'>ubique</span> <span class='ocrx_word' id='word_1_648' title='bbox 410 4278 509 4335; x_wconf 88' lang='lat' dir='ltr'>per</span> <span class='ocrx_word' id='word_1_649' title='bbox 533 4260 892 4330; x_wconf 89' lang='lat' dir='ltr'>voluptatum</span> <span class='ocrx_word' id='word_1_650' title='bbox 934 4270 1172 4313; x_wconf 90' lang='lat' dir='ltr'>suarum</span> <span class='ocrx_word' id='word_1_651' title='bbox 1206 4269 1434 4336; x_wconf 84' lang='lat' dir='ltr'>campos</span> <span class='ocrx_word' id='word_1_652' title='bbox 1458 4253 1692 4311; x_wconf 88' lang='lat' dir='ltr'>libertas</span> <span class='ocrx_word' id='word_1_653' title='bbox 1719 4250 1862 4306; x_wconf 88' lang='lat'>500</span> <span class='ocrx_word' id='word_1_654' title='bbox 1945 4254 2147 4312; x_wconf 89' lang='lat' dir='ltr'>cebat:</span> <span class='ocrx_word' id='word_1_655' title='bbox 2209 4278 2235 4305; x_wconf 79' lang='grc' dir='ltr'>«ι</span> <span class='ocrx_word' id='word_1_656' title='bbox 2278 4254 2484 4313; x_wconf 86' lang='lat' dir='ltr'>Cavete</span> <span class='ocrx_word' id='word_1_657' title='bbox 2514 4272 2586 4315; x_wconf 90' lang='lat' dir='ltr'>ne</span> <span class='ocrx_word' id='word_1_658' title='bbox 2612 4256 2929 4330; x_wconf 64' lang='lat' dir='ltr'>graventur</span> <span class='ocrx_word' id='word_1_659' title='bbox 2964 4261 3134 4319; x_wconf 68' lang='lat' dir='ltr'>corda</span> <span class='ocrx_word' id='word_1_660' title='bbox 3184 4270 3371 4322; x_wconf 63' lang='lat' dir='ltr'>vestra</span> <span class='ocrx_word' id='word_1_661' title='bbox 3414 4264 3485 4334; x_wconf 58' lang='lat' dir='ltr'>in</span> <span class='ocrx_word' id='word_1_662' title='bbox 3537 4280 3655 4324; x_wconf 65' lang='lat' dir='ltr'><strong>cra,</strong></span> 
     </span>
    </p>
   </div>
   <div class='ocr_carea' id='block_1_73' title="bbox 148 4333 3653 4433">
    <p class='ocr_par' dir='ltr' id='par_1_73' title="bbox 148 4333 3653 4433">
     <span class='ocr_line' id='line_1_73' title="bbox 148 4333 3653 4433; baseline 0.002 -27"><span class='ocrx_word' id='word_1_663' title='bbox 148 4333 440 4407; x_wconf 78' lang='lat' dir='ltr'>infrunita</span> <span class='ocrx_word' id='word_1_664' title='bbox 472 4346 726 4419; x_wconf 87' lang='lat' dir='ltr'>raptabat</span> <span class='ocrx_word' id='word_1_665' title='bbox 754 4342 781 4402; x_wconf 85' lang='lat'><strong><em>?</em></strong></span> <span class='ocrx_word' id='word_1_666' title='bbox 809 4342 923 4433; x_wconf 67' lang='lat' dir='ltr'>Sed</span> <span class='ocrx_word' id='word_1_667' title='bbox 952 4343 1038 4400; x_wconf 90' lang='lat' dir='ltr'>ori</span> <span class='ocrx_word' id='word_1_668' title='bbox 1088 4333 1487 4415; x_wconf 67' lang='lat' dir='ltr'>ejus&#39;frenum</span> <span class='ocrx_word' id='word_1_669' title='bbox 1518 4340 1863 4433; x_wconf 75' lang='lat' dir='ltr'>Redemptor</span> <span class='ocrx_word' id='word_1_670' title='bbox 1946 4343 2080 4415; x_wconf 88' lang='lat' dir='ltr'>pula</span> <span class='ocrx_word' id='word_1_671' title='bbox 2105 4350 2158 4433; x_wconf 84' lang='lat' dir='ltr'>et</span> <span class='ocrx_word' id='word_1_672' title='bbox 2173 4342 2461 4413; x_wconf 88' lang='lat' dir='ltr'>ebrietate,</span> <span class='ocrx_word' id='word_1_673' title='bbox 2489 4346 2710 4403; x_wconf 90' lang='lat' dir='ltr'>etcuris</span> <span class='ocrx_word' id='word_1_674' title='bbox 2741 4347 2917 4420; x_wconf 89' lang='lat' dir='ltr'>hujus</span> <span class='ocrx_word' id='word_1_675' title='bbox 2945 4350 3141 4408; x_wconf 67' lang='lat' dir='ltr'>saeculi</span> <span class='ocrx_word' id='word_1_676' title='bbox 3161 4352 3311 4422; x_wconf 87' lang='lat' dir='ltr'>(Luc.</span> <span class='ocrx_word' id='word_1_677' title='bbox 3332 4333 3499 4422; x_wconf 66' lang='lat' dir='ltr'><strong>XXI):</strong></span> <span class='ocrx_word' id='word_1_678' title='bbox 3523 4378 3549 4406; x_wconf 69' lang='grc' dir='ltr'>ι</span> <span class='ocrx_word' id='word_1_679' title='bbox 3589 4353 3653 4412; x_wconf 90' lang='lat' dir='ltr'>in</span> 
     </span>
    </p>
   </div>
   <div class='ocr_carea' id='block_1_74' title="bbox 156 4430 3657 4519">
    <p class='ocr_par' dir='ltr' id='par_1_74' title="bbox 156 4430 3657 4519">
     <span class='ocr_line' id='line_1_74' title="bbox 156 4430 3657 4519; baseline 0.003 -24"><span class='ocrx_word' id='word_1_680' title='bbox 156 4446 349 4495; x_wconf 89' lang='lat' dir='ltr'>noster</span> <span class='ocrx_word' id='word_1_681' title='bbox 371 4435 662 4506; x_wconf 89' lang='lat' dir='ltr'>adhibuit,</span> <span class='ocrx_word' id='word_1_682' title='bbox 693 4430 828 4492; x_wconf 83' lang='lat' dir='ltr'>cum</span> <span class='ocrx_word' id='word_1_683' title='bbox 872 4438 1138 4490; x_wconf 88' lang='lat' dir='ltr'>sanctum</span> <span class='ocrx_word' id='word_1_684' title='bbox 1180 4430 1589 4503; x_wconf 85' lang='lat' dir='ltr'>Evangelium,</span> <span class='ocrx_word' id='word_1_685' title='bbox 1619 4448 1763 4519; x_wconf 27' lang='lat' dir='ltr'>‘quo,</span> <span class='ocrx_word' id='word_1_686' title='bbox 1782 4432 1864 4490; x_wconf 90' lang='lat' dir='ltr'>vi-</span> <span class='ocrx_word' id='word_1_687' title='bbox 1882 4432 2178 4519; x_wconf 77' lang='lat' dir='ltr'>ncrapula</span> <span class='ocrx_word' id='word_1_688' title='bbox 2202 4434 2506 4503; x_wconf 86' lang='lat' dir='ltr'>scilicet,et</span> <span class='ocrx_word' id='word_1_689' title='bbox 2527 4435 2798 4494; x_wconf 86' lang='lat' dir='ltr'>ebrietate</span> <span class='ocrx_word' id='word_1_690' title='bbox 2826 4438 3071 4512; x_wconf 83' lang='lat' dir='ltr'>lebetes;</span> <span class='ocrx_word' id='word_1_691' title='bbox 3097 4442 3158 4499; x_wconf 90' lang='lat' dir='ltr'>in</span> <span class='ocrx_word' id='word_1_692' title='bbox 3184 4444 3340 4503; x_wconf 86' lang='lat' dir='ltr'>curis</span> <span class='ocrx_word' id='word_1_693' title='bbox 3360 4445 3535 4519; x_wconf 89' lang='lat' dir='ltr'>hujus</span> <span class='ocrx_word' id='word_1_694' title='bbox 3557 4462 3657 4505; x_wconf 75' lang='lat' dir='ltr'>sae-</span> 
     </span>
    </p>
   </div>
   <div class='ocr_carea' id='block_1_75' title="bbox 157 4486 3648 4608">
    <p class='ocr_par' dir='ltr' id='par_1_75' title="bbox 157 4486 3648 4608">
     <span class='ocr_line' id='line_1_75' title="bbox 157 4486 3648 4512; baseline 0.002 -17"><span class='ocrx_word' id='word_1_695' title='bbox 157 4486 338 4495; x_wconf 60' lang='grc' dir='ltr'>μυω.</span> <span class='ocrx_word' id='word_1_696' title='bbox 372 4486 662 4506; x_wconf 73' lang='lat'>..-..--._--,</span> <span class='ocrx_word' id='word_1_697' title='bbox 697 4486 828 4492; x_wconf 71' lang='lat'>-_-_</span> <span class='ocrx_word' id='word_1_698' title='bbox 873 4486 1137 4490; x_wconf 46' lang='grc' dir='ltr'>μνη-τη-</span> <span class='ocrx_word' id='word_1_699' title='bbox 1180 4486 1221 4488; x_wconf 76' lang='lat'>_</span> <span class='ocrx_word' id='word_1_700' title='bbox 1245 4486 1251 4490; x_wconf 90' lang='lat'>.</span> <span class='ocrx_word' id='word_1_701' title='bbox 1274 4486 1589 4503; x_wconf 39' lang='grc' dir='ltr'>ηςη-κκμμς,</span> <span class='ocrx_word' id='word_1_702' title='bbox 1637 4486 1840 4504; x_wconf 48' lang='lat' dir='ltr'>1h..-</span> <span class='ocrx_word' id='word_1_703' title='bbox 1954 4486 2071 4505; x_wconf 62' lang='grc' dir='ltr'>--η-</span> <span class='ocrx_word' id='word_1_704' title='bbox 2089 4486 2177 4490; x_wconf 47' lang='grc' dir='ltr'>τ--τ</span> <span class='ocrx_word' id='word_1_705' title='bbox 2202 4486 2504 4503; x_wconf 41' lang='grc' dir='ltr'>--ψ---ιν-</span> <span class='ocrx_word' id='word_1_706' title='bbox 2530 4486 2796 4494; x_wconf 47' lang='lat' dir='ltr'>“um”</span> <span class='ocrx_word' id='word_1_707' title='bbox 2826 4486 3071 4512; x_wconf 62' lang='grc' dir='ltr'>-..ην-νυ,</span> <span class='ocrx_word' id='word_1_708' title='bbox 3097 4486 3158 4499; x_wconf 63' lang='grc' dir='ltr'>ι..</span> <span class='ocrx_word' id='word_1_709' title='bbox 3184 4486 3438 4503; x_wconf 57' lang='lat' dir='ltr'>cum&quot;...</span> <span class='ocrx_word' id='word_1_710' title='bbox 3468 4486 3535 4504; x_wconf 68' lang='grc' dir='ltr'>,ω</span> <span class='ocrx_word' id='word_1_711' title='bbox 3557 4486 3648 4505; x_wconf 70' lang='grc' dir='ltr'>οω-</span> 
     </span>
     <span class='ocr_line' id='line_1_76' title="bbox 157 4486 3648 4608; baseline 0.003 -24"><span class='ocrx_word' id='word_1_712' title='bbox 157 4527 364 4585; x_wconf 86' lang='lat' dir='ltr'>delicet</span> <span class='ocrx_word' id='word_1_713' title='bbox 398 4526 592 4583; x_wconf 90' lang='lat' dir='ltr'>omnia</span> <span class='ocrx_word' id='word_1_714' title='bbox 642 4521 951 4596; x_wconf 74' lang='lat' dir='ltr'>petulantia</span> <span class='ocrx_word' id='word_1_715' title='bbox 1003 4521 1256 4581; x_wconf 69' lang='lat' dir='ltr'>lascivia:</span> <span class='ocrx_word' id='word_1_716' title='bbox 1300 4520 1440 4579; x_wconf 87' lang='lat' dir='ltr'>vitia</span> <span class='ocrx_word' id='word_1_717' title='bbox 1485 4512 1864 4595; x_wconf 72' lang='lat' dir='ltr'>compescun-</span> <span class='ocrx_word' id='word_1_718' title='bbox 1882 4486 2233 4605; x_wconf 35' lang='lat' dir='ltr'>DIculi&#39;5,01</span> <span class='ocrx_word' id='word_1_719' title='bbox 2269 4538 2471 4580; x_wconf 90' lang='lat' dir='ltr'>zonam</span> <span class='ocrx_word' id='word_1_720' title='bbox 2505 4524 2831 4584; x_wconf 89' lang='lat' dir='ltr'>habendam</span> <span class='ocrx_word' id='word_1_721' title='bbox 2857 4527 3005 4587; x_wconf 89' lang='lat' dir='ltr'>circa</span> <span class='ocrx_word' id='word_1_722' title='bbox 3054 4530 3344 4591; x_wconf 89' lang='lat' dir='ltr'>mamillas</span> <span class='ocrx_word' id='word_1_723' title='bbox 3370 4486 3648 4608; x_wconf 59' lang='lat' dir='ltr'>inIellige.</span> 
     </span>
    </p>
   </div>
   <div class='ocr_carea' id='block_1_76' title="bbox 161 4612 3651 4700">
    <p class='ocr_par' dir='ltr' id='par_1_76' title="bbox 161 4612 3651 4700">
     <span class='ocr_line' id='line_1_77' title="bbox 161 4612 3651 4700; baseline 0.003 -25"><span class='ocrx_word' id='word_1_724' title='bbox 161 4625 273 4686; x_wconf 92' lang='lat' dir='ltr'>tur,</span> <span class='ocrx_word' id='word_1_725' title='bbox 299 4616 531 4690; x_wconf 89' lang='lat' dir='ltr'>objecit.</span> <span class='ocrx_word' id='word_1_726' title='bbox 576 4614 889 4688; x_wconf 79' lang='lat' dir='ltr'>Superboc</span> <span class='ocrx_word' id='word_1_727' title='bbox 927 4620 1122 4671; x_wconf 87' lang='lat' dir='ltr'>autem</span> <span class='ocrx_word' id='word_1_728' title='bbox 1154 4613 1385 4670; x_wconf 88' lang='lat' dir='ltr'>frenum</span> <span class='ocrx_word' id='word_1_729' title='bbox 1440 4620 1704 4671; x_wconf 89' lang='lat' dir='ltr'>sanctum</span> <span class='ocrx_word' id='word_1_730' title='bbox 1751 4612 1862 4670; x_wconf 91' lang='lat' dir='ltr'>Do-</span> <span class='ocrx_word' id='word_1_731' title='bbox 1948 4612 2189 4700; x_wconf 80' lang='lat' dir='ltr'>Lebetes</span> <span class='ocrx_word' id='word_1_732' title='bbox 2220 4612 2395 4700; x_wconf 67' lang='lat' dir='ltr'>plane</span> <span class='ocrx_word' id='word_1_733' title='bbox 2432 4613 2667 4673; x_wconf 90' lang='lat' dir='ltr'>illorum</span> <span class='ocrx_word' id='word_1_734' title='bbox 2716 4626 2881 4677; x_wconf 89' lang='lat' dir='ltr'>erant</span> <span class='ocrx_word' id='word_1_735' title='bbox 2932 4627 3177 4694; x_wconf 88' lang='lat' dir='ltr'>pectora,</span> <span class='ocrx_word' id='word_1_736' title='bbox 3238 4624 3341 4698; x_wconf 88' lang='lat' dir='ltr'>qui</span> <span class='ocrx_word' id='word_1_737' title='bbox 3390 4627 3651 4700; x_wconf 86' lang='lat' dir='ltr'>suspira-</span> 
     </span>
    </p>
   </div>
   <div class='ocr_carea' id='block_1_77' title="bbox 154 4697 3651 4782">
    <p class='ocr_par' dir='ltr' id='par_1_77' title="bbox 154 4697 3651 4782">
     <span class='ocr_line' id='line_1_78' title="bbox 154 4697 3651 4782; baseline 0.003 -18"><span class='ocrx_word' id='word_1_738' title='bbox 154 4706 324 4777; x_wconf 84' lang='lat' dir='ltr'>mini,</span> <span class='ocrx_word' id='word_1_739' title='bbox 362 4708 466 4767; x_wconf 89' lang='lat' dir='ltr'>hoc</span> <span class='ocrx_word' id='word_1_740' title='bbox 490 4713 592 4776; x_wconf 84' lang='lat' dir='ltr'>est,</span> <span class='ocrx_word' id='word_1_741' title='bbox 626 4720 770 4762; x_wconf 87' lang='lat' dir='ltr'>crux</span> <span class='ocrx_word' id='word_1_742' title='bbox 802 4702 1210 4778; x_wconf 85' lang='lat' dir='ltr'>ponitur,quia</span> <span class='ocrx_word' id='word_1_743' title='bbox 1236 4709 1440 4759; x_wconf 88' lang='lat' dir='ltr'>cuncta</span> <span class='ocrx_word' id='word_1_744' title='bbox 1471 4702 1651 4759; x_wconf 87' lang='lat' dir='ltr'>sancti</span> <span class='ocrx_word' id='word_1_745' title='bbox 1680 4701 1864 4759; x_wconf 88' lang='lat' dir='ltr'>Evau-</span> <span class='ocrx_word' id='word_1_746' title='bbox 1945 4699 2086 4756; x_wconf 89' lang='lat' dir='ltr'>bant</span> <span class='ocrx_word' id='word_1_747' title='bbox 2119 4697 2299 4771; x_wconf 87' lang='lat' dir='ltr'>pisces</span> <span class='ocrx_word' id='word_1_748' title='bbox 2328 4698 2581 4773; x_wconf 64' lang='lat' dir='ltr'>Egypti,</span> <span class='ocrx_word' id='word_1_749' title='bbox 2620 4703 2723 4777; x_wconf 92' lang='lat' dir='ltr'>qui</span> <span class='ocrx_word' id='word_1_750' title='bbox 2768 4714 3113 4766; x_wconf 88' lang='lat' dir='ltr'>nauseantes</span> <span class='ocrx_word' id='word_1_751' title='bbox 3160 4697 3394 4782; x_wconf 85' lang='lat' dir='ltr'>manna,</span> <span class='ocrx_word' id='word_1_752' title='bbox 3424 4697 3651 4773; x_wconf 77' lang='lat' dir='ltr'>esurie-</span> 
     </span>
    </p>
   </div>
   <div class='ocr_carea' id='block_1_78' title="bbox 154 4789 3651 4872">
    <p class='ocr_par' dir='ltr' id='par_1_78' title="bbox 154 4789 3651 4872">
     <span class='ocr_line' id='line_1_79' title="bbox 154 4789 3651 4872; baseline 0.003 -19"><span class='ocrx_word' id='word_1_753' title='bbox 154 4799 289 4871; x_wconf 83' lang='lat' dir='ltr'>gelii</span> <span class='ocrx_word' id='word_1_754' title='bbox 368 4806 649 4871; x_wconf 63' lang='lat' dir='ltr'>praecepta</span> <span class='ocrx_word' id='word_1_755' title='bbox 699 4812 927 4854; x_wconf 89' lang='lat' dir='ltr'>crucem</span> <span class='ocrx_word' id='word_1_756' title='bbox 998 4794 1216 4867; x_wconf 86' lang='lat' dir='ltr'>spirant</span> <span class='ocrx_word' id='word_1_757' title='bbox 1276 4803 1353 4864; x_wconf 89' lang='lat' dir='ltr'>et,</span> <span class='ocrx_word' id='word_1_758' title='bbox 1422 4801 1483 4854; x_wconf 91' lang='lat' dir='ltr'>ut</span> <span class='ocrx_word' id='word_1_759' title='bbox 1543 4810 1689 4853; x_wconf 83' lang='lat' dir='ltr'>crux</span> <span class='ocrx_word' id='word_1_760' title='bbox 1738 4800 1864 4867; x_wconf 89' lang='lat' dir='ltr'>post</span> <span class='ocrx_word' id='word_1_761' title='bbox 1945 4789 2395 4863; x_wconf 77' lang='lat' dir='ltr'>bant-pepones,</span> <span class='ocrx_word' id='word_1_762' title='bbox 2430 4791 2736 4852; x_wconf 89' lang='lat' dir='ltr'>inhiabant</span> <span class='ocrx_word' id='word_1_763' title='bbox 2779 4812 2964 4872; x_wconf 71' lang='lat' dir='ltr'>czepas</span> <span class='ocrx_word' id='word_1_764' title='bbox 3011 4807 3067 4857; x_wconf 90' lang='lat' dir='ltr'>et</span> <span class='ocrx_word' id='word_1_765' title='bbox 3094 4800 3249 4860; x_wconf 84' lang='lat' dir='ltr'>allia.</span> <span class='ocrx_word' id='word_1_766' title='bbox 3303 4804 3398 4861; x_wconf 90' lang='lat' dir='ltr'>An</span> <span class='ocrx_word' id='word_1_767' title='bbox 3438 4805 3651 4866; x_wconf 89' lang='lat' dir='ltr'>lebetes</span> 
     </span>
    </p>
   </div>
   <div class='ocr_carea' id='block_1_79' title="bbox 155 4885 1060 4971">
    <p class='ocr_par' dir='ltr' id='par_1_79' title="bbox 155 4885 1060 4971">
     <span class='ocr_line' id='line_1_80' title="bbox 155 4885 1060 4971; baseline -0.004 -26"><span class='ocrx_word' id='word_1_768' title='bbox 155 4888 446 4948; x_wconf 86' lang='lat' dir='ltr'>Christum</span> <span class='ocrx_word' id='word_1_769' title='bbox 482 4894 757 4971; x_wconf 60' lang='lat' dir='ltr'>portetur,</span> <span class='ocrx_word' id='word_1_770' title='bbox 791 4885 1060 4943; x_wconf 90' lang='lat' dir='ltr'>invitant.</span> 
     </span>
    </p>
   </div>
   <div class='ocr_carea' id='block_1_80' title="bbox 822 5059 1203 5118">
    <p class='ocr_par' dir='ltr' id='par_1_80' title="bbox 822 5059 1203 5118">
     <span class='ocr_line' id='line_1_81' title="bbox 822 5059 1203 5118; baseline -0.005 0"><span class='ocrx_word' id='word_1_771' title='bbox 822 5060 1065 5118; x_wconf 74' lang='lat' dir='ltr'>CAPUT</span> <span class='ocrx_word' id='word_1_772' title='bbox 1100 5059 1203 5117; x_wconf 89' lang='lat' dir='ltr'><strong>III.</strong></span> 
     </span>
    </p>
   </div>
   <div class='ocr_carea' id='block_1_81' title="bbox 275 5188 1743 5259">
    <p class='ocr_par' dir='ltr' id='par_1_81' title="bbox 275 5188 1743 5259">
     <span class='ocr_line' id='line_1_82' title="bbox 275 5188 1743 5259; baseline -0.003 -13"><span class='ocrx_word' id='word_1_773' title='bbox 275 5192 427 5259; x_wconf 75' lang='lat' dir='ltr'>Quod</span> <span class='ocrx_word' id='word_1_774' title='bbox 456 5189 726 5245; x_wconf 72' lang='lat' dir='ltr'>sacerdoti</span> <span class='ocrx_word' id='word_1_775' title='bbox 752 5189 836 5243; x_wconf 72' lang='lat' dir='ltr'>vel</span> <span class='ocrx_word' id='word_1_776' title='bbox 868 5189 1098 5241; x_wconf 83' lang='lat' dir='ltr'>minima</span> <span class='ocrx_word' id='word_1_777' title='bbox 1131 5188 1377 5241; x_wconf 76' lang='lat' dir='ltr'>criminis</span> <span class='ocrx_word' id='word_1_778' title='bbox 1412 5189 1651 5259; x_wconf 80' lang='lat' dir='ltr'>suspicio</span> <span class='ocrx_word' id='word_1_779' title='bbox 1670 5191 1743 5242; x_wconf 82' lang='lat' dir='ltr'>sit</span> 
     </span>
    </p>
   </div>
   <div class='ocr_carea' id='block_1_82' title="bbox 864 5277 1152 5345">
    <p class='ocr_par' dir='ltr' id='par_1_82' title="bbox 864 5277 1152 5345">
     <span class='ocr_line' id='line_1_83' title="bbox 864 5277 1152 5345; baseline 0.01 -14"><span class='ocrx_word' id='word_1_780' title='bbox 864 5277 1152 5345; x_wconf 81' lang='lat' dir='ltr'>fugienda.</span> 
     </span>
    </p>
   </div>
   <div class='ocr_carea' id='block_1_83' title="bbox 226 5416 1854 5499">
    <p class='ocr_par' dir='ltr' id='par_1_83' title="bbox 226 5416 1854 5499">
     <span class='ocr_line' id='line_1_84' title="bbox 226 5416 1854 5499; baseline -0.002 -21"><span class='ocrx_word' id='word_1_781' title='bbox 226 5421 291 5478; x_wconf 91' lang='lat' dir='ltr'><strong>Id</strong></span> <span class='ocrx_word' id='word_1_782' title='bbox 330 5420 521 5493; x_wconf 89' lang='lat' dir='ltr'>ipsum</span> <span class='ocrx_word' id='word_1_783' title='bbox 543 5418 812 5492; x_wconf 79' lang='lat' dir='ltr'>&#39;signabat</span> <span class='ocrx_word' id='word_1_784' title='bbox 836 5424 891 5476; x_wconf 90' lang='lat' dir='ltr'>et</span> <span class='ocrx_word' id='word_1_785' title='bbox 914 5416 1132 5499; x_wconf 80' lang='lat' dir='ltr'>lamina</span> <span class='ocrx_word' id='word_1_786' title='bbox 1152 5417 1250 5475; x_wconf 87' lang='lat' dir='ltr'>illa</span> <span class='ocrx_word' id='word_1_787' title='bbox 1267 5433 1460 5489; x_wconf 88' lang='lat' dir='ltr'>aurea,</span> <span class='ocrx_word' id='word_1_788' title='bbox 1484 5432 1658 5492; x_wconf 87' lang='lat' dir='ltr'>quam</span> <span class='ocrx_word' id='word_1_789' title='bbox 1689 5433 1854 5476; x_wconf 87' lang='lat' dir='ltr'>sum-</span> 
     </span>
    </p>
   </div>
   <div class='ocr_carea' id='block_1_84' title="bbox 154 5508 1854 5584">
    <p class='ocr_par' dir='ltr' id='par_1_84' title="bbox 154 5508 1854 5584">
     <span class='ocr_line' id='line_1_85' title="bbox 154 5508 1854 5584; baseline -0.001 -15"><span class='ocrx_word' id='word_1_790' title='bbox 154 5527 286 5569; x_wconf 87' lang='lat' dir='ltr'>mus</span> <span class='ocrx_word' id='word_1_791' title='bbox 325 5509 584 5568; x_wconf 89' lang='lat' dir='ltr'>sacerdos</span> <span class='ocrx_word' id='word_1_792' title='bbox 613 5510 673 5567; x_wconf 91' lang='lat' dir='ltr'>in</span> <span class='ocrx_word' id='word_1_793' title='bbox 704 5509 946 5582; x_wconf 88' lang='lat' dir='ltr'>gloriam</span> <span class='ocrx_word' id='word_1_794' title='bbox 991 5517 1045 5568; x_wconf 88' lang='lat' dir='ltr'>et</span> <span class='ocrx_word' id='word_1_795' title='bbox 1073 5510 1334 5569; x_wconf 89' lang='lat' dir='ltr'>decorem</span> <span class='ocrx_word' id='word_1_796' title='bbox 1385 5509 1615 5584; x_wconf 89' lang='lat' dir='ltr'>gerebat</span> <span class='ocrx_word' id='word_1_797' title='bbox 1667 5508 1729 5567; x_wconf 91' lang='lat' dir='ltr'>in</span> <span class='ocrx_word' id='word_1_798' title='bbox 1759 5526 1854 5568; x_wconf 86' lang='lat' dir='ltr'>ca-</span> 
     </span>
    </p>
   </div>
   <div class='ocr_carea' id='block_1_85' title="bbox 149 5600 1853 5677">
    <p class='ocr_par' dir='ltr' id='par_1_85' title="bbox 149 5600 1853 5677">
     <span class='ocr_line' id='line_1_86' title="bbox 149 5600 1853 5677; baseline -0.002 -17"><span class='ocrx_word' id='word_1_799' title='bbox 149 5603 287 5677; x_wconf 91' lang='lat' dir='ltr'>pite,</span> <span class='ocrx_word' id='word_1_800' title='bbox 334 5601 430 5659; x_wconf 91' lang='lat' dir='ltr'>cui</span> <span class='ocrx_word' id='word_1_801' title='bbox 486 5600 753 5658; x_wconf 88' lang='lat' dir='ltr'>videlicet</span> <span class='ocrx_word' id='word_1_802' title='bbox 803 5616 1015 5659; x_wconf 89' lang='lat' dir='ltr'>nomen</span> <span class='ocrx_word' id='word_1_803' title='bbox 1069 5600 1302 5661; x_wconf 90' lang='lat' dir='ltr'>Domini</span> <span class='ocrx_word' id='word_1_804' title='bbox 1351 5606 1853 5673; x_wconf 86' lang='lat' dir='ltr'>tetragrammaton</span> 
     </span>
    </p>
   </div>
   <div class='ocr_carea' id='block_1_86' title="bbox 148 5688 1853 5765">
    <p class='ocr_par' dir='ltr' id='par_1_86' title="bbox 148 5688 1853 5765">
     <span class='ocr_line' id='line_1_87' title="bbox 148 5688 1853 5765; baseline -0.003 -13"><span class='ocrx_word' id='word_1_805' title='bbox 148 5698 268 5752; x_wconf 89' lang='lat' dir='ltr'>erat</span> <span class='ocrx_word' id='word_1_806' title='bbox 311 5691 655 5765; x_wconf 89' lang='lat' dir='ltr'>inscriptum</span> <span class='ocrx_word' id='word_1_807' title='bbox 701 5693 900 5759; x_wconf 68' lang='lat' dir='ltr'>(Emod.</span> <span class='ocrx_word' id='word_1_808' title='bbox 933 5698 1172 5760; x_wconf 79' lang='lat' dir='ltr'><strong>XXVIII).</strong></span> <span class='ocrx_word' id='word_1_809' title='bbox 1221 5692 1382 5752; x_wconf 90' lang='lat' dir='ltr'>Sicut</span> <span class='ocrx_word' id='word_1_810' title='bbox 1410 5688 1568 5749; x_wconf 86' lang='lat' dir='ltr'>enim</span> <span class='ocrx_word' id='word_1_811' title='bbox 1607 5694 1853 5762; x_wconf 88' lang='lat' dir='ltr'>quatuor</span> 
     </span>
    </p>
   </div>
   <div class='ocr_carea' id='block_1_87' title="bbox 1944 4880 3651 4963">
    <p class='ocr_par' dir='ltr' id='par_1_87' title="bbox 1944 4880 3651 4963">
     <span class='ocr_line' id='line_1_88' title="bbox 1944 4880 3651 4963; baseline 0.012 -28"><span class='ocrx_word' id='word_1_812' title='bbox 1944 4892 2059 4935; x_wconf 90' lang='lat' dir='ltr'>non</span> <span class='ocrx_word' id='word_1_813' title='bbox 2088 4885 2269 4941; x_wconf 89' lang='lat' dir='ltr'>erant.</span> <span class='ocrx_word' id='word_1_814' title='bbox 2297 4880 2400 4953; x_wconf 91' lang='lat' dir='ltr'>qui</span> <span class='ocrx_word' id='word_1_815' title='bbox 2423 4880 2711 4943; x_wconf 88' lang='lat' dir='ltr'>ferventes</span> <span class='ocrx_word' id='word_1_816' title='bbox 2736 4885 3077 4959; x_wconf 86' lang='lat' dir='ltr'>clamabant,</span> <span class='ocrx_word' id='word_1_817' title='bbox 3094 4889 3233 4963; x_wconf 90' lang='lat' dir='ltr'>quia</span> <span class='ocrx_word' id='word_1_818' title='bbox 3257 4915 3281 4941; x_wconf 75' lang='grc' dir='ltr'><strong>α</strong></span> <span class='ocrx_word' id='word_1_819' title='bbox 3309 4892 3651 4955; x_wconf 88' lang='lat' dir='ltr'>sedebamus</span> 
     </span>
    </p>
   </div>
   <div class='ocr_carea' id='block_1_88' title="bbox 1943 4970 3649 5057">
    <p class='ocr_par' dir='ltr' id='par_1_88' title="bbox 1943 4970 3649 5057">
     <span class='ocr_line' id='line_1_89' title="bbox 1943 4970 3649 5057; baseline 0.009 -28"><span class='ocrx_word' id='word_1_820' title='bbox 1943 4986 2114 5044; x_wconf 88' lang='lat' dir='ltr'>super</span> <span class='ocrx_word' id='word_1_821' title='bbox 2141 4970 2283 5030; x_wconf 90' lang='lat' dir='ltr'>ollas</span> <span class='ocrx_word' id='word_1_822' title='bbox 2302 4973 2615 5033; x_wconf 84' lang='lat' dir='ltr'>carnium?</span> <span class='ocrx_word' id='word_1_823' title='bbox 2639 4999 2663 5025; x_wconf 74' lang='grc' dir='ltr'>ι</span> <span class='ocrx_word' id='word_1_824' title='bbox 2699 4980 2896 5049; x_wconf 85' lang='lat' dir='ltr'>(Epod.</span> <span class='ocrx_word' id='word_1_825' title='bbox 2936 4985 3088 5049; x_wconf 77' lang='lat' dir='ltr'><strong>XVI.)</strong></span> <span class='ocrx_word' id='word_1_826' title='bbox 3116 4979 3222 5039; x_wconf 92' lang='lat' dir='ltr'>Illa</span> <span class='ocrx_word' id='word_1_827' title='bbox 3243 4983 3456 5057; x_wconf 90' lang='lat' dir='ltr'>quippe</span> <span class='ocrx_word' id='word_1_828' title='bbox 3479 4986 3649 5046; x_wconf 87' lang='lat' dir='ltr'>corda</span> 
     </span>
    </p>
   </div>
   <div class='ocr_carea' id='block_1_89' title="bbox 1942 5060 3648 5151">
    <p class='ocr_par' dir='ltr' id='par_1_89' title="bbox 1942 5060 3648 5151">
     <span class='ocr_line' id='line_1_90' title="bbox 1942 5060 3648 5151; baseline 0.011 -33"><span class='ocrx_word' id='word_1_829' title='bbox 1942 5060 2154 5151; x_wconf 83' lang='lat' dir='ltr'>lebetes</span> <span class='ocrx_word' id='word_1_830' title='bbox 2181 5069 2336 5137; x_wconf 91' lang='lat' dir='ltr'>sunt,</span> <span class='ocrx_word' id='word_1_831' title='bbox 2368 5065 2430 5124; x_wconf 89' lang='lat' dir='ltr'>in</span> <span class='ocrx_word' id='word_1_832' title='bbox 2460 5066 2672 5139; x_wconf 89' lang='lat' dir='ltr'>quibus</span> <span class='ocrx_word' id='word_1_833' title='bbox 2699 5068 2947 5128; x_wconf 88' lang='lat' dir='ltr'>edacitas</span> <span class='ocrx_word' id='word_1_834' title='bbox 2992 5080 3208 5145; x_wconf 86' lang='lat' dir='ltr'>regnat,</span> <span class='ocrx_word' id='word_1_835' title='bbox 3234 5082 3290 5132; x_wconf 90' lang='lat' dir='ltr'>et</span> <span class='ocrx_word' id='word_1_836' title='bbox 3334 5091 3436 5148; x_wconf 91' lang='lat' dir='ltr'>per</span> <span class='ocrx_word' id='word_1_837' title='bbox 3479 5077 3648 5151; x_wconf 91' lang='lat' dir='ltr'>cupi-</span> 
     </span>
    </p>
   </div>
   <div class='ocr_carea' id='block_1_90' title="bbox 1945 5150 3647 5237">
    <p class='ocr_par' dir='ltr' id='par_1_90' title="bbox 1945 5150 3647 5237">
     <span class='ocr_line' id='line_1_91' title="bbox 1945 5150 3647 5237; baseline 0.009 -29"><span class='ocrx_word' id='word_1_838' title='bbox 1945 5150 2141 5237; x_wconf 88' lang='lat' dir='ltr'>ditatis</span> <span class='ocrx_word' id='word_1_839' title='bbox 2188 5161 2396 5211; x_wconf 69' lang='lat' dir='ltr'>zestum</span> <span class='ocrx_word' id='word_1_840' title='bbox 2436 5162 2847 5228; x_wconf 79' lang='lat' dir='ltr'>excoquuntur</span> <span class='ocrx_word' id='word_1_841' title='bbox 2890 5158 3085 5219; x_wconf 84' lang='lat' dir='ltr'>edulia</span> <span class='ocrx_word' id='word_1_842' title='bbox 3133 5168 3188 5219; x_wconf 90' lang='lat' dir='ltr'>et</span> <span class='ocrx_word' id='word_1_843' title='bbox 3213 5162 3376 5237; x_wconf 91' lang='lat' dir='ltr'>copia</span> <span class='ocrx_word' id='word_1_844' title='bbox 3420 5150 3647 5223; x_wconf 86' lang='lat' dir='ltr'>diversa</span> 
     </span>
    </p>
   </div>
   <div class='ocr_carea' id='block_1_91' title="bbox 1944 5236 3643 5326">
    <p class='ocr_par' dir='ltr' id='par_1_91' title="bbox 1944 5236 3643 5326">
     <span class='ocr_line' id='line_1_92' title="bbox 1944 5236 3643 5326; baseline 0.011 -32"><span class='ocrx_word' id='word_1_845' title='bbox 1944 5236 2228 5299; x_wconf 90' lang='lat' dir='ltr'>ciborum.</span> <span class='ocrx_word' id='word_1_846' title='bbox 2265 5239 2375 5299; x_wconf 88' lang='lat' dir='ltr'>Sed</span> <span class='ocrx_word' id='word_1_847' title='bbox 2401 5242 2461 5299; x_wconf 93' lang='lat' dir='ltr'>hi</span> <span class='ocrx_word' id='word_1_848' title='bbox 2500 5242 2712 5302; x_wconf 87' lang='lat' dir='ltr'>lebetes</span> <span class='ocrx_word' id='word_1_849' title='bbox 2742 5254 3160 5309; x_wconf 87' lang='lat' dir='ltr'>convertuntur</span> <span class='ocrx_word' id='word_1_850' title='bbox 3185 5250 3247 5308; x_wconf 90' lang='lat' dir='ltr'>in</span> <span class='ocrx_word' id='word_1_851' title='bbox 3288 5236 3541 5326; x_wconf 87' lang='lat' dir='ltr'>phialas,</span> <span class='ocrx_word' id='word_1_852' title='bbox 3588 5262 3643 5312; x_wconf 89' lang='lat' dir='ltr'>et</span> 
     </span>
    </p>
   </div>
   <div class='ocr_carea' id='block_1_92' title="bbox 1941 5334 3644 5417">
    <p class='ocr_par' dir='ltr' id='par_1_92' title="bbox 1941 5334 3644 5417">
     <span class='ocr_line' id='line_1_93' title="bbox 1941 5334 3644 5417; baseline 0.011 -31"><span class='ocrx_word' id='word_1_853' title='bbox 1941 5337 2078 5387; x_wconf 88' lang='lat' dir='ltr'>sunt</span> <span class='ocrx_word' id='word_1_854' title='bbox 2131 5347 2323 5390; x_wconf 90' lang='lat' dir='ltr'>coram</span> <span class='ocrx_word' id='word_1_855' title='bbox 2380 5334 2568 5408; x_wconf 89' lang='lat' dir='ltr'>altari,</span> <span class='ocrx_word' id='word_1_856' title='bbox 2644 5352 2710 5394; x_wconf 90' lang='lat' dir='ltr'>ac</span> <span class='ocrx_word' id='word_1_857' title='bbox 2763 5337 3097 5398; x_wconf 86' lang='lat' dir='ltr'>sanctificati</span> <span class='ocrx_word' id='word_1_858' title='bbox 3174 5341 3444 5417; x_wconf 89' lang='lat' dir='ltr'>Domino,</span> <span class='ocrx_word' id='word_1_859' title='bbox 3508 5360 3644 5404; x_wconf 88' lang='lat' dir='ltr'>cum</span> 
     </span>
    </p>
   </div>
   <div class='ocr_carea' id='block_1_93' title="bbox 1942 5419 3642 5513">
    <p class='ocr_par' dir='ltr' id='par_1_93' title="bbox 1942 5419 3642 5513">
     <span class='ocr_line' id='line_1_94' title="bbox 1942 5419 3642 5513; baseline 0.005 -33"><span class='ocrx_word' id='word_1_860' title='bbox 1942 5419 2217 5480; x_wconf 89' lang='lat' dir='ltr'>Sanctum</span> <span class='ocrx_word' id='word_1_861' title='bbox 2250 5424 2480 5484; x_wconf 85' lang='lat' dir='ltr'>Domini</span> <span class='ocrx_word' id='word_1_862' title='bbox 2510 5428 2675 5499; x_wconf 83' lang='lat' dir='ltr'>equis</span> <span class='ocrx_word' id='word_1_863' title='bbox 2701 5428 2863 5498; x_wconf 83' lang='lat' dir='ltr'>freno</span> <span class='ocrx_word' id='word_1_864' title='bbox 2885 5430 3315 5504; x_wconf 88' lang='lat' dir='ltr'>superponitur,</span> <span class='ocrx_word' id='word_1_865' title='bbox 3363 5448 3495 5492; x_wconf 91' lang='lat' dir='ltr'>cum</span> <span class='ocrx_word' id='word_1_866' title='bbox 3541 5431 3642 5513; x_wconf 42' lang='lat' dir='ltr'>de:</span> 
     </span>
    </p>
   </div>
   <div class='ocr_carea' id='block_1_94' title="bbox 1936 5510 3638 5584">
    <p class='ocr_par' dir='ltr' id='par_1_94' title="bbox 1936 5510 3638 5584">
     <span class='ocr_line' id='line_1_95' title="bbox 1936 5510 3638 5584; baseline 0.008 -17"><span class='ocrx_word' id='word_1_867' title='bbox 1936 5510 2114 5584; x_wconf 88' lang='lat' dir='ltr'>nique</span> <span class='ocrx_word' id='word_1_868' title='bbox 2155 5529 2294 5571; x_wconf 88' lang='lat' dir='ltr'>zona</span> <span class='ocrx_word' id='word_1_869' title='bbox 2341 5531 2518 5584; x_wconf 87' lang='lat' dir='ltr'>aurea</span> <span class='ocrx_word' id='word_1_870' title='bbox 2562 5519 2839 5577; x_wconf 88' lang='lat' dir='ltr'>mamillis</span> <span class='ocrx_word' id='word_1_871' title='bbox 2886 5520 3262 5582; x_wconf 84' lang='lat' dir='ltr'>interioribus</span> <span class='ocrx_word' id='word_1_872' title='bbox 3309 5510 3638 5582; x_wconf 74' lang='lat' dir='ltr'>adhibetur.</span> 
     </span>
    </p>
   </div>
   <div class='ocr_carea' id='block_1_95' title="bbox 1935 5597 3643 5674">
    <p class='ocr_par' dir='ltr' id='par_1_95' title="bbox 1935 5597 3643 5674">
     <span class='ocr_line' id='line_1_96' title="bbox 1935 5597 3643 5674; baseline 0.012 -20"><span class='ocrx_word' id='word_1_873' title='bbox 1935 5597 2103 5656; x_wconf 91' lang='lat' dir='ltr'>Tunc</span> <span class='ocrx_word' id='word_1_874' title='bbox 2142 5600 2424 5661; x_wconf 90' lang='lat' dir='ltr'>nimirum</span> <span class='ocrx_word' id='word_1_875' title='bbox 2464 5604 2675 5665; x_wconf 86' lang='lat' dir='ltr'>lebetes</span> <span class='ocrx_word' id='word_1_876' title='bbox 2715 5614 2771 5665; x_wconf 94' lang='lat' dir='ltr'>et</span> <span class='ocrx_word' id='word_1_877' title='bbox 2824 5606 2956 5667; x_wconf 66' lang='lat' dir='ltr'>ollae</span> <span class='ocrx_word' id='word_1_878' title='bbox 2996 5611 3258 5671; x_wconf 81' lang='lat' dir='ltr'>Carnium</span> <span class='ocrx_word' id='word_1_879' title='bbox 3287 5619 3643 5674; x_wconf 87' lang='lat' dir='ltr'>convertun-</span> 
     </span>
    </p>
   </div>
   <div class='ocr_carea' id='block_1_96' title="bbox 1938 5688 3642 5774">
    <p class='ocr_par' dir='ltr' id='par_1_96' title="bbox 1938 5688 3642 5774">
     <span class='ocr_line' id='line_1_97' title="bbox 1938 5688 3642 5774; baseline 0.011 -28"><span class='ocrx_word' id='word_1_880' title='bbox 1938 5692 2029 5748; x_wconf 90' lang='lat' dir='ltr'>tur</span> <span class='ocrx_word' id='word_1_881' title='bbox 2072 5688 2134 5747; x_wconf 91' lang='lat' dir='ltr'>in</span> <span class='ocrx_word' id='word_1_882' title='bbox 2181 5692 2404 5765; x_wconf 88' lang='lat' dir='ltr'>phialas</span> <span class='ocrx_word' id='word_1_883' title='bbox 2430 5710 2657 5769; x_wconf 87' lang='lat' dir='ltr'>aureas,</span> <span class='ocrx_word' id='word_1_884' title='bbox 2707 5698 2972 5759; x_wconf 90' lang='lat' dir='ltr'>videlicet</span> <span class='ocrx_word' id='word_1_885' title='bbox 3006 5700 3205 5774; x_wconf 87' lang='lat' dir='ltr'>plenas</span> <span class='ocrx_word' id='word_1_886' title='bbox 3242 5705 3642 5766; x_wconf 86' lang='lat' dir='ltr'>odoramento-</span> 
     </span>
    </p>
   </div>
  </div>
