4080 6194
2263 172 2274 201 ι

315 302 425 362 497
840 296 1092 359 OPUSC.
1135 297 1343 357 XXVI.
1385 331 1452 367 -:
1491 292 1789 362 CONTRA
1828 300 2215 363 INSCITIAM
2254 298 2349 357 ET
2387 296 2759 357 INCURIAM
2798 296 3300 358 CLERICORUM.
3716 293 3824 352 498

318 444 472 498 rum,
521 442 653 503 quae
699 431 835 486 sunt
872 426 1161 485 orationes
1216 430 1547 485 sanctorum
1589 431 1784 501 (Apoc.
1829 435 1910 498 v).
1962 429 2091 492 EtA
2111 441 2187 486 ex
2226 440 2469 484 munere
2497 425 2714 483 summi
2759 423 3049 498 largitoris
3079 422 3317 496 accepit,
3363 420 3570 479 merito
3591 419 3732 493 jam,
3766 427 3823 478 et

311 516 445 575 istze
468 521 768 590 ponuntur
794 531 989 574 coram
1017 514 1183 572 altari
1207 514 1417 588 phialae
1445 531 1577 588 qum
1602 516 1765 589 prius
1792 517 1929 575 dum
1956 517 2031 576 le—
2112 515 2175 573 in
2209 515 2353 573 alios
2373 514 2630 572 adhibita
2657 505 2867 573 manus
2890 512 3258 587 impositione
3299 510 3672 568 transfundit.
3706 510 3819 570 Sed

312 608 475 666 betes
510 612 721 676 essent,
770 606 961 680 potius
1003 605 1386 665 versabantur
1428 607 1491 665 in
1543 608 1746 666 nidore
1792 610 2023 668 culinm.
2111 619 2236 677 ego,
2287 600 2453 677 quasi
2496 604 2598 678 qui
2628 605 2852 678 loquor,
2885 604 3122 673 oblitus,
3155 603 3294 661 dum
3328 616 3658 660 sermonem
3684 599 3818 658 diu-

392 692 540 751 502
570 696 735 754 Tunc
781 702 976 754 autem
1023 710 1189 753 mens
1238 695 1548 754 sacerdotis
1589 701 1672 754 est
1702 696 1895 768 phiala
1921 714 2026 756 au-
2113 700 2226 757 tius
2268 698 2559 783 protraho,
2592 704 2801 755 metam
2847 696 3174 771 compendii
3213 693 3532 768 epistolaris
3581 694 3817 783 excedo.
3874 720 3879 723 -

312 800 432 855 rea,
510 790 682 858 atque
758 784 1149 843 odoramentis
1206 784 1616 859 spiritualium
1701 792 2026 844 aromatum
2108 786 2239 845 Jam
2280 786 2458 859 igitur
2506 786 2613 843 ista
2660 785 2964 855 sufﬁciant,
3003 791 3225 842 tantum
3260 783 3451 855 utqui
3496 799 3529 839 a
3579 782 3819 840 benedi-

309 875 506 948 plena,
537 890 672 932 cum
700 874 1064 931 orationibus
1092 890 1160 933 ac
1194 874 1307 948 piis
1353 875 1625 948 operibus
1657 882 1741 933 est
1769 876 2021 947 vigilan-
2106 879 2296 936 ctione
2326 893 2631 950 cmperam,
2658 878 2902 935 verbum
2933 879 2993 934 in
3027 875 3421 947 benedictione
3450 874 3811 932 concludam.

309 968 397 1019 ter
426 961 668 1019 intenta.
707 961 779 1018 Et
807 962 935 1018 haec
962 955 1156 1034 phiala
1198 978 1390 1020 coram
1433 963 1599 1020 altari
1631 979 1755 1021 esse
1786 963 2020 1036 dicitur,
2180 968 2429 1027 Dextera
2470 968 2592 1037 Dei,
2630 969 2978 1026 venerabilis
3012 976 3192 1042 pater,
3236 966 3355 1024 suis
3388 972 3438 1023 te
3465 965 3815 1023 benedictio—
3864 1045 3883 1048 _

308 1050 450 1123 quia
477 1065 667 1118 omne,
700 1049 853 1123 quod
891 1052 1286 1127 cogitat,,Deo
1324 1054 1640 1111 sacrarium
1670 1054 1877 1113 oti'erre
1905 1071 2024 1113 non
2107 1057 2283 1115 nibus
2338 1056 2583 1130 repleat;
2623 1063 2677 1114 et
2704 1074 2875 1130 grege
2924 1057 3231 1125 comitante
3271 1054 3579 1114 commisso
3621 1055 3817 1129 regnis

311 1145 512 1198 cessat.
555 1140 627 1197 Et
668 1146 807 1197 tunc
842 1138 1007 1200 ‘l’ebes
1047 1142 1154 1200 iste
1190 1144 1578 1202 sanctiﬁcatus
1623 1151 1708 1203 est
1754 1144 2025 1217 Domino,
2111 1146 2442 1204 coelestibus
2472 1146 2816 1204 introducat.

310 1232 486 1301 atque
535 1226 665 1285 ideo
713 1229 1158 1309 consecrationis
1185 1230 1449 1303 gratiam,
1500 1247 1678 1303 quam
1718 1232 1841 1306 ipse
1868 1232 2031 1291 intus
2468 1238 2555 1293 Sit
2601 1254 2791 1291 nomen
2834 1239 3054 1292 Domini
3100 1237 3458 1293 benedictum.

663 1563 987 1663 503-594
1072 1585 1923 1699 OPUSCULUM
2007 1589 2274 1700 VICI

1850 1590 1923 1698 v1
2007 1526 2785 1701 VICESIMUM
2872 1590 3461 1704 SEXTUM.

1094 1804 1407 1866 CONTRA
1463 1805 1864 1869 INSCITIAM
1914 1809 2019 1869 ET
2072 1808 2455 1870 INCURIAM
2502 1807 3022 1871 CLERICORUM.

1854 2004 2187 2011 __..i__.........H-
2226 2004 2265 2009 ι..

300 2139 752 2222 ΑΒϐυῌβΝΤῐψ.
786 2171 853 2182 ——-
885 2138 1261 2222 Sacerdotuni
1288 2141 1602 2222 inscitiam,
1637 2144 2110 2222 imperitiamque
2140 2144 2519 2222 singularem,
2570 2147 2632 2205 in
2676 2146 2853 2222 sacris
2889 2162 3123 2222 quoque
3165 2146 3699 2222 rebus-incuriam_,
3758 2154 3821 2222 et:

380 2159 752 2199 tGUMENTUM.
786 2171 853 2182 —-
885 2159 1256 2200 baceroomm
1288 2159 1602 2214 inscitiam,
1637 2159 1716 2202 1m
1761 2159 2110 2220 eriuamque
2140 2159 2519 2217 smgmarem,
2570 2162 2632 2205 1n
2676 2162 2853 2206 sacris
2889 2162 3123 2222 quoque
3165 2159 3699 2218 renusnncurmm,
3758 2159 3811 2206 et

380 2210 821 2299 negligentiam,
856 2227 957 2270 seu
988 2213 1180 2299 potius
1226 2220 1620 2299 contemptum
1652 2159 1978 2299 religionis
1999 2215 2251 2289 graviter
2280 2217 2743 2299 ᾱθῐρεῑᾳῑυιζξλρῑ
2787 2220 2912 2277 [ηερ
2936 2235 3027 2299 om
3040 2219 3134 2276 nia
3159 2235 3334 2299 quam
3366 2219 3483 2299 sint
3522 2218 3811 2299 tarnipsis

380 2283 799 2364 sacerdotibus,
830 2283 1007 2356 quam
1034 2285 1404 2364 reliquorum
1426 2283 1736 2364 hominum
1767 2283 2094 2364 ordinibus,
2116 2303 2377 2364 quorum
2407 2289 2564 2364 salus
2589 2289 2708 2364 illis
2738 2290 3049 2364 commissa
3092 2283 3196 2364 est;
3228 2290 3569 2363 perniciosa,
3600 2283 3811 2364 diserte

376 2353 666 2433 ostendit;
702 2353 1175 2433 itemque_quam_'
1194 2358 1349 2433 cauti
1374 2357 1621 2433 debeant
1673 2375 1804 2433 esse
1829 2353 2087 2433 episcopi
2110 2353 2173 2416 in
2205 2359 2418 2417 talibus
2447 2360 2519 2417 ad
2550 2360 2958 2433 ecclesiasticas
2997 2353 3761 2433 dignitates‘promovendis
3788 2383 3800 2427 ;

379 2427 1076 2554 ngteorumdem
1102 2427 1174 2485 ad
1206 2428 1359 2513 ipsos
1387 2429 1735 2491 redundent.
1771 2427 1934 2500 Quod
1960 2427 2042 2511 i’u'
2060 2436 2321 2489 extrema
2352 2438 2514 2504 parte
2549 2431 2833 2506 episc0po,
2862 2433 2933 2491 ad
2960 2427 3137 2506 quem
3167 2427 3381 2502 scribit,
3415 2438 3471 2489 et
3500 2431 3807 2504 diligenter

376 2506 761 2555 commendat.
1298 2506 1312 2513 ’
1980 2506 1990 2511 ’
3272 2538 3277 2543 ι

372 2673 601 2732 Domno
631 2673 699 2733 V.
734 2676 1197 2756 reverentissimo
1237 2676 1502 2752 episcopo
1536 2679 1767 2736 PETRUS
1809 2677 2134 2751 pecca-B(I
2173 2681 2317 2735 Petr.
2368 2676 2443 2751 v).
2490 2701 2516 2728 ιν
2562 2676 2891 2737 Sacerdotes
2957 2693 3113 2752 ergo,
3191 2677 3295 2750 qui
3366 2677 3471 2736 Dei
3544 2679 3803 2751 legitima

299 2766 389 2819 tor
412 2769 468 2820 et
492 2764 834 2822 monachus.
2096 2765 2386 2833 nesciunt,
2438 2767 2673 2824 leonum
2725 2764 2997 2824 dentibus
3050 2771 3464 2839 exponuntur;
3518 2766 3656 2839 quia
3711 2766 3805 2824 ni-

371 2851 519 2920 Quia
556 2858 629 2924 te,
663 2854 750 2911 vir
779 2856 1262 2932 reverentissime,
1318 2856 1629 2915 sacerdotii
1666 2855 1900 2916 culmen
1942 2857 2006 2914 in
2094 2855 2310 2912 mirum
2352 2854 2482 2913 illos
2527 2855 2917 2929 malignorum
2954 2854 3267 2929 spirituum
3324 2856 3509 2913 rabies
3548 2856 3803 2927 devorat,

296 2942 555 3001 Ecclesia
598 2951 791 3017 tenere
843 2947 1156 3020 conspicio,
1195 2948 1383 3006 inesse
1415 2964 1646 3023 quoque
1676 2944 1780 3005 libi
1813 2962 2008 3005 sacer-
2095 2945 2200 3018 qui
2237 2945 2657 3004 sacrificiorum
2689 2946 2875 3004 cultui
2911 2946 3234 3004 temerariis
3256 2947 3497 3009 ausibus
3530 2947 3823 3005 insisten--

293 3030 549 3090 dotalem
599 3035 863 3094 animum
904 3036 1249 3094 ﬁducialiter
1290 3037 1481 3105 credo,
1533 3037 1797 3096 dolorem
1821 3036 2010 3094 cordis
2107 3040 2209 3106 tes,
2260 3036 2510 3109 qualiter
2572 3036 2726 3094 Deus
2778 3036 2887 3095 rite
2951 3036 3188 3107 colatur,
3247 3037 3535 3111 ignorant.
3594 3036 3839 3112 Sicque

295 3122 436 3192 mei,
496 3124 599 3198 qui
656 3141 749 3183 me
801 3126 873 3185 de
912 3126 1305 3186 sacerdotibus
1334 3128 1570 3195 cruciat,
1629 3127 1731 3186 tibi
1784 3126 2020 3200 potissi-
2102 3125 2432 3199 funguntur
2478 3125 2663 3185 oiiicio
2707 3127 3089 3194 sacerdotum,
3128 3132 3191 3184 ut
3220 3127 3585 3185 sacerdotalis
3628 3126 3804 3185 cilicii

298 3227 468 3271 mum
522 3216 961 3275 communicare
1005 3219 1272 3276 decerno.
1325 3217 1435 3276 Per
1475 3217 1816 3292 episcopalis
1856 3217 2011 3277 enim
2098 3217 2358 3275 nesciant
2401 3222 2848 3281 sacramentum.
2914 3217 2986 3274 Et
3032 3217 3187 3275 sicut
3240 3233 3343 3289 per
3398 3215 3638 3275 illorum
3685 3217 3800 3275 im-

302 3299 571 3374 torporis’
606 3302 900 3376 ignaviam
955 3304 1035 3362 ita
1090 3320 1249 3363 nunc
1300 3304 1623 3379 presbyteri
1684 3304 2005 3363 litterarum
2091 3304 2358 3380 peritiam
2432 3305 2646 3362 factum
2730 3311 2833 3375 est,
2891 3304 3048 3379 quod
3134 3303 3428 3376 Scriptura
3504 3308 3795 3363 testatur:

298 3391 668 3465 reperiuntur
689 3398 975 3467 expertes,
1006 3398 1072 3453 ut
1100 3410 1219 3453 non
1238 3395 1418 3453 modo
1446 3410 1670 3466 eorum,
1702 3395 2008 3469 quaeleget-
2096 3417 2118 3446 ιι
2164 3390 2565 3468 Unaquaeque,
2640 3393 2849 3466 inquit,
2929 3396 3073 3467 gens
3136 3392 3413 3450 fabricata
3470 3399 3556 3451 est
3612 3393 3850 3454 Deum:

297 3480 438 3550 rint,
486 3481 933 3556 intelligentiam
976 3499 1096 3543 non
1153 3485 1466 3558 attingant,
1524 3485 1622 3544 sed
1674 3483 2007 3558 syllabatim
2081 3500 2286 3567 suum,
2346 3492 2782 3560 posueruntque
2843 3499 2942 3543 eos
3000 3485 3063 3542 in
3120 3483 3273 3542 fanis
3328 3483 3594 3555 excelsis,
3664 3501 3813 3559 quae-

295 3583 528 3644 quoque
579 3571 682 3655 vix
726 3572 849 3646 ipsa
900 3573 1256 3633 decurrentis
1303 3574 1535 3633 articuli
1568 3574 1850 3634 elementa
1880 3573 2004 3632 bal-
2086 3576 2351 3634 fecerunt
2401 3574 2737 3644 Samaritae;
2790 3590 2932 3648 gens
2977 3580 3033 3634 et
3069 3591 3213 3648 gens
3246 3574 3307 3632 in
3353 3574 3600 3635 urbibus
3650 3576 3794 3649 suis,

292 3658 540 3719 butiaut.
575 3663 645 3722 Et
672 3663 813 3737 quid
832 3664 952 3738 jam
982 3681 1085 3739 pro
1110 3665 1321 3740 populo
1345 3666 1407 3723 in
1432 3666 1554 3725 suis
1574 3667 1850 3739 precibus
1876 3683 2005 3741 sup-
2087 3663 2149 3721 in
2200 3663 2417 3739 quibus
2472 3662 2814 3721 habitabant
2863 3668 2969 3732 (IV
3014 3669 3146 3734 Reg.
3203 3668 3377 3735 XVII).
3422 3685 3450 3719 »
3489 3664 3574 3723 Ita
3631 3681 3795 3725 nunc

292 3748 489 3823 plicat,
518 3751 620 3824 qui
651 3751 805 3825 quod
837 3752 1096 3826 loquitur
1133 3755 1257 3826 ipse
1288 3752 1447 3813 velut
1474 3753 1701 3814 alienus
1728 3756 2002 3833 ignorat?
2083 3766 2185 3825 per
2230 3750 2814 3824 pseudosacerdotum
2857 3750 3269 3825 ignorantiam,
3319 3750 3423 3825 qui
3459 3751 3663 3810 docere
3688 3752 3790 3811 Dei

295 3835 587 3913 Scriptum
614 3846 699 3898 est
724 3840 929 3899 enim:
964 3866 986 3892 α
1028 3845 1133 3910 Qui
1158 3846 1378 3912 ignorat
1404 3844 1752 3912 ignorabitur
1802 3845 1851 3916 (Ι
1880 3846 1997 3902 Cor.
2082 3840 2366 3915 pepulum
2418 3840 2707 3911 nesciunt,
2768 3840 2896 3897 ﬁeri
2947 3838 3248 3897 dolemus:
3303 3845 3366 3895 ut
3422 3839 3641 3897 scilicet
3686 3840 3788 3898 alii

194 3922 205 3939 '
290 3929 445 3999 XIV).
493 3950 520 3977 »
565 3926 636 3984 Et
663 3944 795 3987 cum
832 3929 1143 4002 Apostolus
1166 3930 1514 4006 obsequium
1538 3937 1801 3989 nostrum
1832 3931 2002 3988 ratio-
2080 3946 2335 4005 quorum
2384 3928 2541 3988 Deus
2587 3933 2790 3987 venter
2819 3934 2923 3998 est,
2962 3934 3016 3985 et
3059 3935 3285 3985 terrena
3316 3928 3565 4000 sapiunt,
3614 3926 3790 3986 luxu-

290 4016 490 4106 nabile
521 4033 662 4106 esse
708 4020 1004 4093 praecipiat
1041 4024 1213 4090 (Rom.
1250 4025 1380 4091 XII),
1430 4012 1719 4094 quomodo
1751 4019 1873 4078 illic
1906 4021 2228 4106 ra-Criam
2275 4020 2465 4078 colant
2515 4022 2744 4091 (Ph'lz'p.
2794 4020 2920 4089 In);
2979 4016 3079 4075 alii
3126 4016 3449 4088 avaritiam,
3504 4033 3638 4092 qum
3703 4024 3790 4075 est

289 4105 569 4165 tionabile
597 4106 714 4183 erit
743 4107 1254 4183 obsequium,.ubi
1295 4111 1362 4179 is,
1402 4110 1505 4183 qui
1532 4109 1719 4177 oﬁ‘ert,
1751 4108 1997 4167 oblatio-
2080 4110 2370 4170 idolorum
2403 4110 2672 4182 servitus,
2711 4114 3065 4168 venerentur
3095 4111 3315 4178 (Coloss.
3356 4110 3472 4181 IlI);
3500 4108 3600 4175 alii
3632 4110 3789 4182 rapi-

291 4194 386 4252 nis
435 4209 558 4253 suze
603 4211 717 4254 non
770 4197 1019 4270 concipit
1065 4196 1468 4256 intellectum?
1529 4197 1793 4271 Cumque
1846 4197 1999 4256 Deus
2081 4200 2195 4272 nis,
2253 4200 2351 4258 alii
2412 4199 2703 4275 periuriis,
2770 4198 2871 4257 alii
2926 4198 3276 4264 homicidiis,
3332 4198 3433 4257 alii
3490 4198 3788 4257 veneficiis

289 4285 657 4357 omnipotens
716 4287 780 4344 in
857 4286 1228 4344 offerentibus
1282 4288 1567 4346 mentium
1621 4286 1807 4361 magis
1865 4295 2000 4347 vota

289 4374 631 4445 consideret,
706 4389 881 4448 quam
949 4375 1251 4450 strepitum
1303 4377 1460 4435 vocis
1512 4378 1806 4453 attendat;
1857 4378 1998 4453 quid

168 4457 180 4463 ’
287 4466 351 4523 in
404 4465 527 4523 suis
560 4464 836 4523 obtinere
883 4466 1151 4538 precibus
1199 4463 1405 4536 valeat,
1447 4451 1548 4540 qui
1591 4468 1742 4543 quod
1798 4451 1995 4539 nescit,

286 4550 612 4626 implorat?
680 4551 902 4621 Quibus
959 4556 1101 4628 quid
1159 4555 1318 4613 aliud
1373 4557 1607 4616 evenire
1668 4558 1996 4627 putandum

286 4649 393 4712 est,
453 4640 567 4699 nisi
620 4642 777 4715 quod
826 4642 947 4702 illis
1001 4632 1417 4711 sacerdotibus‘
1462 4646 1786 4719 contigerit,
1851 4662 1997 4721 quos

284 4737 414 4805 post
466 4730 853 4804 captivitatem
895 4733 1196 4793 Israelitici
1233 4736 1429 4810 populi
1470 4753 1573 4795 rex
1620 4736 1994 4811 Assyriorum

288 4818 349 4876 in
401 4818 650 4876 urbibus
691 4818 970 4879 Samaria;
1007 4823 1399 4893 constituerat,
1457 4830 1513 4881 et
1566 4824 1751 4882 divini
1805 4823 1996 4882 cultus

282 4908 663 4989 cgeremonias
690 4908 1077 4982 ignorabant?
1134 4913 1279 4972 Nam
1308 4930 1442 4972 cum
1492 4913 1779 4971 nescirent
1810 4912 1994 4971 Deum

276 5000 450 5074 juxta
505 4998 811 5073 legalium‘
849 5003 1257 5075 mandatorum
1305 5006 1730 5064 observantiam
1784 4994 1992 5077 colere,

284 5087 518 5147 leonum
572 5105 670 5148 eos
713 5092 900 5151 rabies
950 5095 1285 5166 perimebat.
1343 5096 1657 5171 Scripturze
1706 5095 1996 5169 siquidem

284 5179 408 5239 haec
436 5181 611 5240 verba
641 5189 818 5242 sunt:
862 5209 889 5232 ‹‹
926 5184 1385 5261 Nuntiatumque
1430 5193 1517 5269 est
1569 5186 1687 5261 regi
1724 5187 1996 5260 Assyrio-

279 5282 435 5339 rum,
490 5273 691 5342 gentes
752 5286 897 5343 quas
958 5273 1323 5343 transtulisti,
1384 5280 1438 5332 et
1496 5274 1755 5332 habitare
1812 5274 1996 5331 fecisti

280 5356 343 5416 in
373 5356 707 5417 civitatibus
737 5360 1035 5434 Samaria},
1069 5363 1340 5436 ignorant
1368 5364 1623 5439 legitima
1648 5363 1750 5422 Dei
1784 5369 1949 5422 terra;
1979 5381 1994 5433 ;

2008 5411 2057 5469 D

2081 4288 2353 4362 sacrilega
2394 4288 2698 4347 devotione
2740 4287 3106 4358 deserviant;
3155 4296 3214 4345 et
3257 4286 3338 4345 sic
3376 4287 3622 4346 diversis
3672 4287 3786 4345 cri-

2082 4380 2366 4450 minibus,
2407 4387 2683 4452 tanquam
2731 4378 3079 4448 simulacris,
3121 4383 3178 4436 et
3220 4377 3595 4452 sculptilibus
3620 4377 3787 4436 obse-

2081 4470 2291 4545 quium
2313 4451 2609 4527 servitutis
2626 4467 2984 4541 impendant.
3017 4466 3433 4543 Unusquisque
3454 4451 3620 4540 cujus
3642 4483 3789 4541 opus

2079 4560 2231 4630 facit,
2298 4559 2461 4616 illius
2505 4565 2561 4616 et
2610 4574 2815 4616 servus
2858 4557 3200 4631 appellatur,
3255 4559 3325 4615 de
3377 4558 3595 4633 quibus
3651 4558 3792 4616 dicit

2078 4648 2427 4721 Apostolus:
2474 4645 2679 4716 «Quia
2725 4646 2953 4703 tradidit
3001 4646 3132 4704 illos
3181 4646 3337 4704 Deus
3392 4647 3453 4704 in
3503 4647 3789 4706 desideria

2078 4736 2264 4795 cordis
2303 4750 2526 4804 eorum,
2572 4734 2635 4791 in
2678 4733 3133 4805 immunditiam,
3165 4740 3229 4792 ut
3266 4734 3637 4792 contumeliis
3663 4736 3787 4793 atii-

2066 4827 2235 4901 ,ciant
2262 4839 2500 4897 corpora
2529 4816 2637 4881 sua
2666 4823 2725 4879 in
2758 4820 3102 4896 semetipsis,
3143 4820 3244 4896 qui
3278 4827 3789 4880 commutaverunt

2078 4915 2379 4975 veritatem
2429 4914 2531 4972 Dei
2574 4913 2635 4970 in
2672 4912 3061 4983 mendacium,
3094 4916 3149 4971 et
3185 4910 3512 4981 coluerunt,
3565 4919 3620 4968 et
3664 4927 3785 4969 ser-

2078 5006 2311 5064 vierunt
2356 5010 2633 5063 creaturae
2683 5001 2873 5077 potius
2926 5015 3102 5075 quam
3162 5000 3413 5059 Creatori
3457 5000 3623 5069 (Rom.
3661 4999 3719 5071 Ι.)
3756 5020 3819 5087 »κ

2080 5093 2192 5164 Qui
2242 5091 2523 5151 nimirum
2585 5108 2686 5165 per
2750 5092 2943 5162 tidem,
3001 5106 3178 5165 quam
3232 5095 3448 5159 tenent,
3513 5087 3785 5147 Ecclesiae

2080 5184 2402 5260 parietibus
2459 5183 2871 5254 includuntur;
2928 5183 3025 5240 sed
3067 5197 3165 5255 per
3207 5179 3467 5252 reprobaa
3501 5178 3633 5237 vita)
3665 5195 3785 5237 me-

2081 5276 2282 5344 ritum,
2315 5273 2677 5347 extrinsecus
2707 5278 2859 5330 sunt.
2900 5293 2926 5325 «
2969 5271 3330 5329 Conﬁtentur
3352 5270 3510 5327 enim
3533 5285 3593 5327 se
3616 5285 3784 5328 nosse

2083 5363 2289 5441 Deum,
2338 5362 2501 5421 factis
2543 5366 2735 5420 autem
2784 5367 2997 5433 negant
3029 5361 3161 5426 (Tit.
3192 5370 3253 5428 1).
3300 5380 3325 5410 »
3362 5359 3522 5417 Fidei
3573 5361 3785 5435 quippe

278 5452 340 5506 et
378 5447 627 5533 immisit
669 5450 730 5507 in
760 5442 857 5511 eos
891 5453 1176 5514 Dominus
1228 5456 1440 5525 leones,
1488 5462 1542 5515 et
1596 5473 1723 5517 ecce
1768 5442 2257 5517 interii-."verba
2299 5449 2687 5525 praetendunt,
2729 5449 2827 5535 sed
2875 5447 3187 5521 impietatis
3227 5448 3500 5521 operibus
3546 5448 3782 5517 inhian-

276 5537 445 5596 ciunt
491 5553 608 5607 eos,
662 5555 729 5598 eo
780 5542 941 5616 quod
991 5543 1261 5617 ignorent
1308 5545 1482 5603 ritum
1529 5545 1632 5603 Dei
1675 5552 1842 5604 terrae
1891 5550 1997 5614 (IV
2079 5548 2163 5601 ter
2203 5543 2499 5601 insistunt.
2550 5541 2715 5600 Unde
2743 5547 2797 5599 et
2827 5540 2948 5598 illic
2974 5538 3219 5612 legitur:
3257 5561 3278 5591 α
3317 5539 3579 5598 Fuerunt
3605 5541 3784 5614 igitur

232 5624 237 5629 “
277 5631 412 5696 Reg.
450 5632 629 5698 xvn).
677 5651 698 5679 ιι
741 5628 947 5690 Petrus
988 5639 1180 5692 autem
1221 5633 1402 5693 dicit:
1459 5656 1479 5685 ι
1520 5633 1665 5705 Quia
1700 5635 1991 5707 diabolus,

278 5722 561 5789 tanquam
600 5716 689 5775 leo
725 5720 983 5793 rugiens,
1015 5720 1223 5780 circuit
1258 5739 1529 5798 qumrens
1553 5741 1726 5798 quem
1760 5725 1995 5785 devoret

2077 5638 2275 5708 gentes
2318 5634 2444 5692 istze
2476 5633 2742 5697 timentes
2772 5631 3010 5706 quidem
3039 5629 3244 5700 Deum,
3273 5630 3370 5689 sed
3396 5631 3783 5690 nihilominus

2076 5729 2132 5783 et
2160 5723 2333 5782 idolis
2360 5722 2481 5782 suis
2508 5723 2824 5781 servientes
2850 5724 2955 5791 (IV
2976 5724 3105 5790 Reg.
3137 5721 3310 5792 XVII).
3346 5746 3371 5770 »
3408 5720 3563 5791 Quos
3584 5722 3783 5794 utique
