4080 6194
211 290 317 352 499

667 294 727 354 s.
771 293 995 355 PETRI
1031 295 1357 356 DAMIANI
1396 268 1558 357 opp.
1598 296 1851 357 TOMUS
1893 296 2034 359 SEU
2074 300 2267 364 PARS
2305 303 2409 364 III.
2453 334 2519 347 —
2559 302 2951 363 OPUSCULA
2989 300 3245 360 VARIA.

3486 300 3706 361 -500

214 415 510 489 redarguit
558 412 782 475 Veritas
837 416 986 491 ipsa,
1035 404 1169 478 cum
1210 419 1387 479 dicit:
1431 441 1461 475 ι
1498 420 1679 480 Nemo
1736 425 1983 496 potestA
1999 438 2245 483 censura
2270 432 2545 497 coerceat,
2575 426 2668 484 vel
2698 425 3060 500 subxpudicaa
3096 424 3521 499 quodammodo
3544 426 3706 486 locu-

216 505 720 565 duobus-dominis
747 507 964 566 servire
990 511 1205 579 (Matth.
1240 512 1341 579 VI).
1385 530 1415 564 »

687 654 833 713 505
862 657 1107 717 CAPUT
1140 658 1460 739 PRIMUM.

214 760 370 827 Quod
410 759 654 830 imperiti
696 775 802 814 non
850 764 979 813 sunt
1024 759 1099 814 ad
1144 761 1508 814 sacerdotium
1542 760 1919 831 promovendi.

291 867 439 926 Cum
485 882 629 939 ergo.
675 882 778 940 per
817 866 1180 924 sacerdotum
1212 866 1546 924 vecordium
1574 865 1923 939 imperitiam

217 957 379 1032 plebs
426 956 655 1025 indocta
712 956 997 1030 depereat,
1048 972 1152 1030 par
1200 956 1405 1027 fuerat,
1472 962 1538 1013 ut
1590 954 1927 1029 episcopalis

220 1048 473 1124 gravitas
516 1064 549 1105 a
596 1047 797 1107 talium
844 1063 906 1119 se
954 1047 1313 1122 promotione
1374 1046 1770 1120 suspenderct,
1820 1060 1927 1103 nec

219 1138 443 1196 alienos
519 1152 791 1195 excessus
866 1137 929 1194 in
999 1152 1059 1193 se
1122 1135 1423 1193 temeraria
1474 1134 1926 1207 praecipitatione

221 1225 591 1293 transferret;
665 1224 987 1297 prmsertim
1058 1240 1194 1282 cum
1254 1223 1559 1281 Timotheo
1618 1223 1926 1297 ApostOlus

220 1315 405 1373 dicat:
447 1337 475 1366 σ
509 1314 715 1371 Manus
742 1313 853 1371 cito
878 1314 1101 1371 nemini
1136 1313 1505 1387 imposueris,
1552 1328 1741 1384 neque
1768 1326 1926 1370 com-

220 1408 612 1467 municaveris
662 1408 906 1480 peccatis
954 1407 1160 1465 alienis
1200 1409 1246 1480 (Ι
1285 1411 1423 1463 Tim.
1470 1408 1554 1476 v).
1591 1428 1614 1454 ι
1649 1404 1929 1481 Quisquis

221 1500 379 1558 enim
408 1499 503 1557 vel
532 1497 775 1571 turpiter
805 1498 1055 1571 lapsum,
1088 1498 1179 1554 vel
1227 1497 1449 1555 divinae
1480 1495 1632 1568 legis
1660 1495 1930 1570 ignarum

221 1590 292 1648 ad
324 1604 554 1647 sacrum
586 1586 853 1661 provehit
878 1586 1166 1656 ordinem,
1199 1586 1325 1659 ejus
1354 1602 1415 1643 se
1448 1586 1694 1658 peccatis
1737 1584 1930 1643 invol-

222 1679 328 1747 vit,
380 1677 475 1735 cui
528 1674 799 1749 peccandi
858 1675 1160 1733 materiam
1209 1675 1415 1733 tradit:
1476 1680 1533 1732 et
1588 1691 1707 1733 non
1762 1675 1932 1733 modo

2004 514 2180 573 tionis
2210 517 2602 576 moderamine
2629 517 2821 575 sobria
2848 515 3022 575 verba
3054 516 3368 591 depromat.

2087 602 2230 660 506
2260 604 2413 663 Illud
2456 607 2630 663 etiam
2661 611 2897 678 quantae
2941 604 3300 663 confusionis
3334 603 3709 678 opprobrium

2004 697 2107 763 est,
2140 694 2292 768 quod
2336 695 2604 753 nonnulli
2648 697 2797 754 circa
2826 695 2971 753 sacri
3009 695 3207 753 altaris
3232 693 3507 753 utensilia
3538 690 3711 753 tantae

2004 783 2373 857 negligentia:
2402 792 2557 855 sunt,
2588 790 2644 843 et
2671 793 2786 843 tam
2814 785 3006 858 segnis
3033 785 3301 855 incuriae,
3327 790 3395 843 ut
3419 790 3706 857 stanneos,

2007 870 2101 928 vel
2124 871 2297 929 etiam
2327 874 2594 947 supparis
2626 874 3031 947 cujuscunque
3057 873 3274 931 metalli
3307 872 3512 931 calices
3538 872 3708 947 longo

2008 961 2123 1019 situ
2152 962 2507 1022 scabredinis
2544 965 2935 1022 inhorrescere
2970 963 3253 1037 patienter
3285 963 3599 1037 aspiciant;
3644 964 3709 1035 in

2008 1052 2272 1125 squalido
2312 1055 2490 1113 linteo
2532 1055 2901 1115 Dominicum
2956 1070 3163 1130 corpus
3228 1055 3469 1130 oﬂ'e'rant
3522 1061 3577 1112 et
3625 1054 3711 1112 in-

2007 1141 2282 1209 volvant;
2312 1149 2368 1199 et
2391 1143 2546 1216 quod
2574 1159 2690 1201 non
2721 1128 3276 1213 dignareturpotens
3304 1141 3572 1215 quilibet,
3604 1141 3710 1213 qui

2007 1234 2203 1288 tamen
2242 1230 2459 1287 vermis
2499 1238 2602 1301 est,
2647 1229 2892 1303 prOpriis
2930 1228 3206 1286 adhibere
3245 1227 3431 1296 labiis,
3492 1229 3553 1285 in
3604 1230 3712 1287 hoc

2008 1319 2105 1379 isti
2150 1316 2358 1395 corpus
2390 1337 2529 1383 non.
2550 1330 2825 1379 verentur
2858 1321 3156 1394 imponere
3188 1317 3516 1377 Salvatoris.
3562 1318 3710 1388 Quid

2012 1422 2182 1480 porro
2253 1406 2325 1465 de
2394 1407 2696 1465 conscissis
2749 1423 2816 1465 ac
2880 1406 3340 1480 putrescentibus
3417 1421 3713 1464 sacrorum

2012 1496 2283 1555 altarium
2319 1498 2607 1573 prandeis,
2649 1496 2790 1573 quid
2823 1496 2894 1555 de
2929 1498 3173 1556 diversis
3202 1498 3357 1555 vasis
3410 1497 3481 1554 ad
3533 1490 3717 1555 ecCle-

2014 1584 2239 1644 siastica
2304 1571 2628 1646 ministeria
2668 1571 3040 1654 vneCessariis,
3111 1584 3251 1657 quid
3335 1583 3584 1659 denique
3644 1584 3717 1641 de

2014 1671 2462 1731 sacerdotalibus
2506 1672 2743 1747 eloquar
2792 1672 3187 1731 indumentis?
3228 1672 3377 1743 Quid
3432 1676 3718 1746 postremo

224 1763 318 1821 his
342 1778 421 1833 se,
455 1762 670 1835 quibus
700 1761 801 1820 ille
823 1764 944 1836 jam
969 1763 1271 1821 involutus
1299 1757 1383 1821 est
1415 1762 1758 1821 criminibus
1781 1764 1993 1837 obli-B
2014 1762 2085 1819 de
2134 1762 2428 1821 codicibus
2469 1763 2678 1833 dicam,
2720 1762 2783 1820 in
2823 1762 3040 1836 quibus
3087 1762 3370 1821 nimirum
3420 1762 3546 1819 hmo
3594 1761 3719 1834 ipsa

226 1858 340 1925 gat,
370 1852 469 1909 sed
498 1852 589 1909 his
615 1852 810 1924 etiam,
843 1868 979 1927 quae
1010 1855 1428 1922 commissurus
1456 1860 1561 1926 est,
1592 1869 1695 1928 per
1723 1854 1931 1913 antici-

232 1942 523 2015 pationem
544 1942 871 2000 obnoxium
897 1950 1079 2016 parat.

299 2034 399 2092 Est
438 2034 622 2104 aliud,
665 2034 819 2107 quod
869 2035 1017 2093 mihi
1069 2035 1141 2095 de
1202 2035 1593 2094 sacerdotibus
1640 2035 1936 2095 saecularis

230 2123 453 2183 ordinis
490 2122 789 2197 displicet;
841 2124 981 2200 quia
1031 2124 1180 2184 sicut
1213 2124 1593 2183 saecularibus
1628 2125 1798 2183 mista
1843 2138 1935 2181 re-

229 2211 510 2285 gionariae
534 2211 827 2271 civilitatis
853 2213 1209 2272 habitatione
1239 2213 1559 2285 collimant,
1605 2213 1686 2272 ita
1720 2211 1937 2271 nihilo-

230 2300 428 2358 minus
474 2298 734 2373 plerique
778 2302 852 2360 ab
891 2302 1583 2363 eorumconversatione
1627 2307 1682 2359 et
1732 2302 1937 2359 incon-

228 2390 363 2447 ditis
390 2390 651 2449 moribus
680 2405 794 2449 non
827 2390 1156 2450 discordant
1182 2411 1195 2463 ;
1227 2393 1383 2451 curis
1413 2389 1798 2450 szecularibus
1841 2389 1936 2447 in-

229 2478 560 2537 differenter
604 2480 953 2551 inserviunt,
985 2480 1059 2538 ab
1093 2481 1259 2540 otiosi
1291 2496 1351 2539 se
1380 2479 1665 2539 sermonis
1703 2478 1938 2551 ineptiis

233 2583 351 2625 non
400 2576 809 2641 compescunt;
855 2570 975 2628 imo
1020 2587 1123 2645 per
1150 2572 1277 2630 lites
1309 2578 1367 2629 et
1385 2572 1579 2645 jurgia
1610 2570 1943 2642 frequenter

232 2674 265 2716 a
319 2660 722 2732 proximorum
760 2674 1003 2718 suorum
1055 2662 1331 2719 charitate
1381 2661 1670 2726 resiliunt,
1712 2667 1769 2717 et
1805 2674 1942 2716 cum

235 2748 456 2819 livoris,
480 2748 570 2806 vel
595 2748 904 2820 cujuslibet
922 2750 1658 2822 terrenaaconcupisr‘entiaa
1683 2748 1946 2805 ﬂammas

235 2837 299 2893 in
334 2834 458 2892 suis
507 2834 832 2907 pectoribus
866 2835 1088 2892 fervere
1125 2851 1241 2893 non
1276 2836 1561 2907 nesciunt,
1599 2834 1945 2892 venerandis

241 2929 435 2981 tamen
475 2923 756 2982 altaribus
793 2941 853 2982 se
883 2925 1254 2998 impudenter
1280 2926 1573 2999 ingerunt,
1622 2926 1777 2984 etab
1804 2926 1945 2983 offe-

244 3011 408 3069 rendi
437 3012 778 3069 sacrosancti
815 3012 1111 3072 libaminis
1141 3013 1459 3072 ministerio
1498 3030 1613 3072 non
1647 3014 1940 3073 recedunt.

2014 1854 2248 1925 quoqu‘e
2284 1850 2473 1925 legere
2518 1852 2799 1910 inoffense
2840 1868 2959 1911 non
2999 1848 3324 1926 possumus,
3369 1867 3500 1925 quae
3534 1849 3719 1908 tenaci

2014 1944 2204 2002 adhuc
2238 1944 2515 2003 memoria
2553 1946 2960 2003 reservamus?
3004 1943 3147 2013 Quae
3183 1943 3464 2002 nimirum
3503 1941 3717 2010 omnia,

2018 2034 2201 2091 oculis
2257 2034 2510 2107 subjecta
2563 2035 2954 2119 cernentibus,
3020 2041 3077 2092 et
3136 2033 3365 2092 levibus
3420 2031 3722 2119 ercutiunt

2018 2123 2222 2192 risum,
2271 2130 2326 2181 et
2373 2123 2659 2197 sapientes
2699 2116 3013 2198 provocant
3052 2124 3125 2181 ad
3174 2122 3515 2199 lamentum.
3558 2116 3724 2181 Unde

2018 2212 2225 2286 primas
2270 2212 2568 2285 dignitatis
2615 2213 3007 2284 sacerdotibus
3054 2212 3215 2270 valde
3248 2211 3571 2270 Cavendum
3616 2216 3724 2279 est,

2025 2306 2082 2358 et
2131 2300 2464 2359 terribiliter
2510 2302 2962 2370 formidandum,
3012 2317 3087 2359 ne
3126 2300 3283 2387 quod
3322 2300 3395 2357 ab
3440 2297 3728 2387 illis,_qui

2024 2387 2300 2446 videntur
2347 2388 2604 2460 subesse,
2658 2389 3047 2462 delinquitur;
3094 2385 3167 2447 ab
3209 2390 3300 2447 his
3344 2387 3448 2462 qui
3494 2385 3731 2461 potioris

2025 2483 2162 2535 sunt
2193 2478 2425 2552 gradus,
2476 2486 2532 2537 et
2573 2478 2791 2553 quibus
2820 2481 2943 2538 haec
2972 2479 3310 2554 corrigenda
3338 2484 3493 2549 sunt,
3534 2477 3730 2549 requi-

2004 2575 2205 2630 ratur.
2262 2568 2475 2626 Nullus
2518 2568 2688 2641 plane
2724 2569 3078 2639 mortalium,
3112 2577 3176 2627 ut
3205 2569 3498 2638 existimo,
3539 2567 3726 2640 majus

2025 2655 2246 2727 aliquid
2285 2655 2349 2712 in
2396 2656 2614 2713 divinis
2671 2659 2896 2730 peragit
2942 2657 3335 2725 sacramentis,
3384 2672 3560 2731 quam
3614 2655 3724 2729 ipsi

2028 2759 2260 2818 quoque
2311 2746 2412 2819 qui
2453 2746 2745 2803 saecularis
2782 2755 2921 2804 sunt
2957 2734 3176 2805 ordinis
3212 2747 3550 2803 sacerdotes.
3597 2744 3730 2804 Esto

2029 2835 2336 2909 siquidem,
2363 2838 2519 2910 quod
2544 2838 2902 2910 patriarchae,
2940 2838 3032 2897 vel
3056 2837 3435 2911 metropolitaa
3462 2836 3733 2911 quilibet,

2028 2926 2372 3000 etpepiscopi
2401 2935 2754 2998 consecrent,
2793 2928 3063 2986 divinum
3105 2927 3357 2985 chrisma
3401 2927 3727 2997 conﬁciant,

2028 3022 2084 3072 et
2120 3023 2342 3085 caetera,
2376 3030 2508 3089 quae
2538 3016 2661 3074 suis
2697 3016 3016 3089 specialiter
3052 3008 3387 3090 competunt
3419 3014 3741 3087 privilegiis

241 3102 369 3161 Non
425 3102 804 3174 attendentes,
845 3105 997 3179 quod
1038 3104 1142 3162 ﬁlii
1192 3106 1386 3163 Aaron
1437 3105 1648 3163 idcirco
1698 3103 2425 3189 coelestiscexperimenta
2450 3112 2802 3176 percurrent.
2838 3103 2947 3164 Sed
2982 3120 3173 3178 neque
3195 3105 3513 3178 episcopus,
3549 3116 3742 3176 neque

152 3204 159 3217 ί
242 3189 395 3263 ignis
425 3190 692 3248 incendio
718 3190 1060 3249 concremati
1093 3197 1251 3255 sunt,
1303 3192 1443 3265 quia
1468 3193 1725 3252 alienum
1758 3195 1950 3267 ignem

241 3278 448 3345 offerre
476 3279 537 3337 in
566 3279 670 3337 Dei
707 3280 986 3338 sacriﬁcio
1029 3287 1569 3355 praesumpserunt:
1613 3307 1639 3333 α
1671 3284 1950 3358 Arreptis,

244 3370 441 3444 inquit
481 3368 793 3443 Scriptura,
836 3365 1037 3429 Nadab
1073 3377 1129 3429 et
1158 3371 1337 3436 Abiu.
1372 3372 1480 3430 ﬁlii
1511 3374 1727 3439 Aaron,
1764 3374 1954 3433 thuri-

243 3461 401 3521 bulis
449 3463 589 3533 suis,
625 3470 941 3537 posuerunt
974 3463 1191 3537 ignem,
1234 3469 1290 3521 et
1335 3464 1640 3523 incensum
1685 3466 1954 3540 desuper,

247 3554 553 3613 offerentes
599 3570 793 3613 coram
844 3554 1091 3613 Domino
1128 3555 1323 3627 ignem
1353 3554 1635 3626 alienum,
1669 3557 1822 3631 quod
1873 3558 1958 3615 eis

248 3646 601 3713 praeceptum
630 3654 747 3697 non
770 3645 890 3697 erat
921 3643 1113 3708 (Leuit.
1144 3644 1239 3708 x);
1278 3662 1298 3689 ι
1334 3654 1589 3713 moxque
1618 3642 1948 3716 subjungit:

260 3750 284 3777 α
318 3726 390 3784 Et
442 3742 710 3801 egressus
777 3726 929 3800 ignis
986 3742 1019 3785 a
1077 3727 1327 3786 Domino
1388 3728 1687 3787 devoravit
1738 3745 1852 3800 eos,
1906 3734 1963 3787 et

255 3818 472 3876 mortui
522 3822 656 3877 sunt
708 3832 900 3875 coram
949 3818 1198 3877 Domino
1234 3820 1432 3883 (IbidJ.
1475 3842 1494 3867 ι
1527 3818 1675 3877 Nam
1714 3834 1849 3876 cum
1890 3819 1964 3877 ad

256 3906 619 3964 olferendum
644 3905 787 3989 .Deo
819 3905 1095 3964 terribilis
1121 3905 1468 3963 sacramenti
1494 3906 1767 3964 libamen-
1804 3921 1966 3963 acce-

258 3995 472 4065 dimus,
524 3995 849 4054 cavendum
881 3995 1048 4053 valde
1080 4000 1185 4065 est,
1218 3991 1293 4053 ne
1318 3995 1579 4054 alienum
1607 3996 1825 4069 ignem,
1860 3995 1970 4053 hoc

259 4092 363 4158 est,
388 4086 650 4144 libidinis
676 4087 991 4156 ﬂammam,
1019 4087 1111 4145 vel
1137 4088 1535 4161 cujuscunque
1560 4085 1689 4144 vitii
1712 4084 1970 4143 fomitem

262 4176 416 4234 inter
463 4173 741 4232 salutares
796 4174 1009 4234 hostias
1061 4175 1408 4233 deferamus.
1467 4173 1578 4233 Sed
1634 4173 1734 4231 ille
1784 4172 1977 4246 potius

264 4263 421 4337 ignis
469 4262 527 4320 in
574 4271 903 4322 nostrarum
935 4264 1219 4322 mentium
1254 4263 1568 4322 thuribulis
1613 4263 1829 4333 ardeat,
1874 4262 1978 4320 illa

268 4367 366 4410 cor
394 4358 658 4411 nostrum
686 4352 873 4411 divini
920 4353 1135 4411 amoris
1180 4353 1412 4411 ﬂamma
1442 4354 1767 4423 succendat,
1799 4369 1977 4427 quam

270 4441 376 4502 Dei
401 4443 637 4517 spiritus
658 4460 759 4516 per
780 4438 1136 4502 invisibilem
1160 4444 1403 4516 gratiam
1423 4444 1635 4501 nostris
1658 4442 1977 4501 visceribus

271 4531 659 4590 administrat.
691 4532 1060 4591 Admonendi
1103 4538 1239 4591 sunt
1267 4532 1460 4606 itaque
1494 4532 1596 4607 qui
1623 4531 1802 4588 sacris
1831 4532 1978 4589 alta-

273 4619 819 4680 ribus.ministrare
867 4622 1206 4695 disponunt,
1240 4626 1306 4679 ut
1365 4636 1482 4678 non
1536 4620 1705 4679 modo
1758 4638 1856 4680 cor
1909 4622 1983 4680 ab

276 4710 650 4771 aestuantium
701 4712 1040 4785 passionum
1088 4710 1224 4783 igne
1271 4704 1757 4781 custodiant,’sed
1808 4711 1984 4770 etiam

251 4802 562 4875 “linguam,
595 4816 726 4875 quaa
759 4801 912 4859 inter
942 4800 1128 4860 Deum
1157 4806 1213 4857 et
1248 4815 1356 4857 nos
1403 4799 1830 4873 quodammodo
1857 4816 1980 4858 me-

278 4892 495 4951 diatrix
542 4897 645 4963 est,
696 4908 730 4949 a
776 4892 1120 4966 supervacui
1154 4888 1439 4949 sermonis
1469 4889 1700 4949 levitate
1750 4906 1981 4965 compe-

281 4983 711 5042 scant.‘Petrus
752 4984 910 5041 enim
941 4977 1160 5054 (Matth.
1206 4994 1390 5050 xxv1;
1440 4982 1613 5038 Marc.
1663 4994 1801 5052 XIV;
1849 4985 1979 5039 Luc.

283 5089 444 5149 XXII;
467 5078 625 5134 John.
656 5081 849 5148 XVIII),
886 5077 1025 5150 quia
1056 5092 1212 5135 ream
1239 5093 1427 5148 suam,
1458 5077 1720 5151 linguam
1746 5075 1983 5139 scilicet,

283 5167 598 5242 deliquisse
632 5166 925 5239 cognovit,
968 5166 1095 5239 ejus
1134 5166 1285 5223 inter
1312 5183 1374 5225 se
1404 5172 1460 5225 et
1487 5167 1670 5225 Deum
1714 5171 1989 5239 tanquam

285 5258 634 5317 mediatricis
662 5256 879 5316 habere
910 5256 1293 5329 patrocinium
1340 5257 1625 5315 recusavit
1651 5277 1663 5324 ;
1718 5254 1815 5313 sed
1847 5256 1990 5313 dum

286 5361 479 5406 amare
522 5346 700 5418 ﬂevit,
752 5345 1234 5406 reconciliationis
1264 5362 1389 5405 suae
1418 5361 1577 5420 spem
1617 5344 1677 5401 in
1707 5343 1991 5417 lacryma-

290 5452 422 5496 rum
468 5436 891 5497 interventione
938 5436 1252 5508 constituit,
1289 5443 1344 5495 et
1389 5434 1592 5504 oculis,
1630 5433 1847 5508 quibus
1874 5449 1990 5492 non

293 5532 643 5601 peccaverat,
694 5527 928 5585 veniam
982 5527 1328 5601 impetravit.
1374 5525 1461 5586 Sit
1502 5540 1636 5597 ergo
1686 5539 1871 5599 usque
1920 5525 1991 5582 ad

290 5619 602 5678 missarum
648 5618 968 5691 peragenda
1008 5618 1282 5692 mysteria
1310 5616 1491 5676 saliva
1530 5616 1747 5689 linguae
1782 5619 1994 5673 nostris

289 5706 455 5785 virgo
499 5709 586 5768 vel
636 5714 810 5781 casta,
843 5713 910 5767 ut
936 5709 1029 5768 vel
1064 5727 1124 5769 se
1148 5712 1256 5769 sub
1286 5709 1556 5783 virginali
1587 5706 1994 5771 taciturnitatis

814 5948 841 5961 \

2036 3193 2307 3263 chrisma,
2364 3210 2553 3268 neque
2596 3195 2759 3253 aliud
2822 3195 2963 3273 quid
3016 3195 3079 3253 in
3127 3193 3526 3253 ecclesiasticis
3569 3207 3746 3251 sacra-

2036 3280 2247 3338 mentis
2304 3281 2494 3354 majus
2532 3297 2711 3355 quam
2740 3298 2947 3356 corpus
2993 3289 3051 3340 et
3096 3281 3333 3355 sanguis
3363 3288 3448 3339 est
3481 3279 3742 3340 Salvato-

2038 3370 2136 3428 ris.
2190 3371 2274 3429 Ea
2324 3387 2482 3447 ergo,
2542 3388 2674 3447 quae
2730 3365 2950 3446 potiora
3002 3379 3061 3430 et
3113 3371 3454 3431 sublimiora
3491 3377 3629 3427 sunt
3680 3367 3745 3424 in

2039 3457 2315 3529 Ecclesia,
2351 3458 2671 3535 presbyteri
2707 3477 2840 3520 cum
2872 3461 3193 3535 pontiﬁcali
3234 3459 3511 3533 dignitate
3566 3456 3746 3531 parti-

2039 3548 2251 3621 cipant.
2323 3549 2394 3607 Et
2466 3550 2735 3624 quamvis
2808 3550 2931 3609 suis
3002 3550 3221 3626 quique
3295 3546 3582 3606 limitibus
3643 3546 3743 3618 ju-

2040 3636 2288 3696 beantur
2365 3654 2490 3697 esse
2561 3641 2837 3711 contenti,
2902 3639 3082 3697 iidem
3156 3637 3265 3712 ipsi
3328 3637 3430 3710 qui
3490 3641 3627 3693 sunt
3683 3631 3742 3690 in

2043 3725 2392 3798 quibusdam
2419 3742 2713 3801 suppares,
2744 3728 2807 3786 in
2839 3727 3347 3787 excellentioribus
3379 3726 3552 3784 rebus
3578 3724 3749 3783 inve-

2046 3814 2291 3873 niuntur
2311 3816 2585 3890 aequales.

2729 3957 2974 4019 CAPUT
2999 3959 3075 4018 II.

2053 4070 2206 4136 Quod
2230 4072 2417 4126 nullus
2455 4074 2681 4140 gravius
2705 4075 2895 4143 peccat
2933 4074 3099 4141 quam
3132 4070 3417 4142 presbyter
3441 4068 3639 4130 malus,
3671 4067 3757 4121 vel

2761 4163 3068 4232 imperitus.
3426 4178 3431 4183 ·

2026 4049 2055 4067 ν

2130 4266 2340 4324 Nullus
2395 4266 2571 4339 igitur
2605 4265 2859 4340 gravius
2909 4258 3274 4323 convincitur
3316 4274 3548 4334 peccare
3585 4272 3761 4332 quam

2058 4353 2374 4427 presbyter,
2429 4354 2531 4426 qui
2592 4353 2684 4411 vel
2735 4369 2849 4427 per.
2880 4352 3249 4425 imperitiam,
3302 4350 3410 4421 ‘vel
3461 4346 3761 4422 reprobam

2059 4446 2256 4512 vitam,
2272 4443 2415 4501 dum
2433 4434 2673 4515 indigne
2695 4443 3003 4514 ministrat,
3019 4449 3303 4514 quantum
3324 4438 3398 4496 ad
3413 4454 3474 4496 se
3494 4434 3764 4495 salutaris

2064 4532 2313 4590 victima)
2370 4539 2726 4589 sacramenta
2773 4531 3144 4590 contaminat.
3212 4527 3356 4598 Regi
3410 4526 3599 4600 plane,
3672 4523 3765 4581 vel

2066 4621 2392 4680 sublimiori
2421 4622 2632 4695 cuique
2659 4637 2921 4695 personas
2952 4620 3001 4679 si
3027 4619 3160 4694 quis
3199 4632 3313 4691 per,
3328 4617 3541 4675 vitium
3573 4614 3766 4672 detra—

2066 4712 2275 4772 ctionis
2304 4711 2660 4786 obloquitur,
2687 4711 2779 4770 vel
2808 4710 2980 4769 etiam
3012 4710 3071 4768 in
3110 4706 3456 4781 diripienda,
3502 4704 3625 4761 sive
3659 4698 3792 4759 de-'

2069 4802 2360 4861 molienda
2409 4817 2605 4860 rerum
2654 4816 2894 4859 suarum
2940 4798 3205 4858 facultate
3245 4801 3553 4870 grassatur,
3600 4789 3777 4849 facile

2068 4893 2217 4952 redit
2261 4892 2323 4951 in
2368 4892 2632 4967 gratiam,
2670 4891 2718 4949 si
2762 4890 2938 4963 digne
2974 4887 3333 4948 satisfaciens
3374 4881 3641 4941 emendat
3678 4878 3767 4938 of-

2070 4982 2313 5041 fensam.
2350 4982 2425 5039 At
2454 4981 2502 5038 si
2536 4980 2806 5041 manibus
2836 4978 3084 5047 excedit,
3115 4976 3165 5034 si
3194 4977 3259 5033 in
3306 4972 3432 5045 ejus
3466 4981 3771 5045 personam

2070 5072 2339 5131 audacter
2366 5071 2610 5146 prosilit,
2649 5070 2697 5129 si
2728 5069 3008 5129 hostiliter
3044 5066 3234 5135 irruit,
3261 5065 3405 5143 quia
3441 5076 3559 5119 non
3600 5073 3773 5133 pecu-

2074 5163 2281 5235 niaria,
2321 5160 2418 5220 sed
2467 5160 2789 5219 criminalis
2825 5164 2911 5216 est
2960 5170 3153 5224 causa,
3198 5153 3349 5211 nihil
3387 5151 3460 5210 ab
3501 5166 3570 5209 eo
3615 5147 3776 5235 aliud

2072 5234 2347 5323 exigitur,
2403 5262 2580 5323 quam
2623 5246 2910 5306 vindicta:
2953 5250 3009 5301 et
3050 5257 3166 5300 non
3201 5240 3325 5314 jam
3368 5239 3523 5296 inter
3564 5251 3663 5294 eos
3706 5234 3779 5292 de

2072 5340 2428 5415 reparatione
2492 5344 2802 5411 sequestra:
2842 5334 3009 5409 pacis
3071 5331 3282 5406 agitur,
3338 5329 3439 5387 sed
3508 5327 3580 5385 de
3658 5324 3780 5415 sola

2073 5414 2357 5491 duntaxat
2395 5426 2651 5502 augendi
2688 5425 2908 5483 fenoris
2952 5422 3174 5482 ultione
3211 5424 3499 5478 tractatur.
3551 5415 3637 5473 Ita
3687 5414 3781 5473 ni-
3876 5483 3881 5486 ἠ

2075 5524 2290 5583 mirum
2319 5520 2481 5580 aliud
2506 5525 2589 5577 est
2617 5518 2679 5576 in
2710 5519 2896 5577 Deum
2926 5530 3027 5587 per
3056 5513 3314 5571 diversos
3343 5508 3542 5569 modos
3572 5508 3783 5566 huma-

2076 5610 2521 5686 nae’fragilitatis
2551 5608 2847 5676 excedere,
2881 5605 3042 5663 aliud
3070 5603 3130 5661 in
3159 5599 3500 5661 sacrosancti
3527 5597 3785 5671 corporis

2075 5705 2201 5778 ejus
2229 5710 2283 5763 et
2312 5701 2619 5778 sanguinis
2650 5698 2940 5758 oblatione
2981 5712 3230 5772 peccare.
3279 5693 3445 5753 Sicut
3484 5689 3648 5777 aliud
3697 5698 3787 5749 est
