4080 6194
290 305 392 365 501

813 303 1066 366 OPUSC.
1108 305 1316 366 XXVI.
1355 337 1425 350 -
1463 305 1760 366 CONTRA
1797 301 2186 371 INSCITIAM
2225 300 2320 361 ET
2358 302 2731 367 INCURIAM
2769 304 3268 374 CLERICORUM.

3411 197 3463 231 η

3688 320 3794 380 502

215 483 232 496 ,
288 425 655 511 promulgata
692 426 868 499 regias
905 427 1048 501 legis
1077 428 1260 487 edicta
1288 429 1599 503 negligere,
1628 429 1788 488 aliud
1817 425 2164 501 ipsumAlis
2227 441 2346 485 non
2395 426 2594 486 obviat
2658 431 2911 507 Patrum,
2967 437 3068 511 qui
3120 445 3428 511 paternum
3487 458 3606 501 non
3662 443 3792 501 vio-

289 500 593 589 specaliter
655 525 852 590 regem
936 500 1161 576 vibrato
1237 500 1489 592 propria;
1579 517 1723 574 507
1806 500 2016 576 manus

284 607 486 681 jaculo
552 607 832 667 sauciare.
917 609 1113 668 Multis
1188 626 1399 684 nempe
1467 609 1781 669 sceleribus
1852 607 2014 682 plebs

289 697 605 757 Israelitica
658 714 718 757 se
775 699 1108 776 frequenter
1159 701 1502 774 immiscuit,
1557 701 1656 761 sed
1706 715 2012 774 nunquam

293 804 359 847 se
386 794 502 846 tam
532 788 841 865 crudeliter
880 790 1112 865 polluit,
1158 808 1334 866 quam
1373 798 1512 851 tunc
1534 808 1668 851 cum
1694 791 2009 850 Dominum

293 879 609 939 crucifixit.
658 883 727 938 Et
765 887 916 940 certe
957 883 1060 956 qui
1099 883 1470 942 Dominicum
1519 899 1728 956 corpus
1775 881 2010 956 pollutis

297 974 539 1028 tractare
570 971 842 1029 manibus
878 987 998 1051 non_
1027 979 1282 1044 veretur,
1320 973 1785 1046 crucifigentium
1808 972 2011 1030 Jesum

293 1061 580 1134 particeps
623 1076 746 1119 esse
797 1063 1181 1122 convincitur.
1226 1063 1453 1134 Quibus
1499 1063 1781 1122 nimirum
1832 1078 2009 1136 expa-

299 1150 588 1208 vescenda
637 1151 815 1210 nimis
870 1159 954 1211 est
1023 1153 1332 1226 apostolica
1381 1154 1482 1212 illa
1543 1154 1846 1224 sententia,
1898 1169 2013 1227 qua

301 1241 519 1301 dicitur
549 1261 561 1299 :
596 1267 622 1291 κ
656 1242 1020 1316 Impossibile
1039 1250 1124 1302 est
1151 1260 1267 1315 eos,
1297 1245 1398 1318 qui
1425 1245 1603 1303 semel
1633 1251 1768 1303 sunt
1795 1243 2014 1301 illumi-

298 1332 445 1402 nati,
473 1338 855 1405 gustaverunt
888 1333 1062 1392 etiam
1089 1335 1310 1394 donum
1338 1335 1588 1406 caeleste,
1617 1343 1672 1394 et
1709 1335 2012 1409 participes

301 1422 439 1480 facti
485 1428 624 1481 sunt
662 1422 911 1496 Spiritus
943 1423 1142 1494 sancti,
1195 1432 1577 1498 gustaverunt
1622 1423 2011 1482 nihilominus

301 1509 527 1568 bonum
557 1511 661 1569 Dei
701 1513 968 1583 verbum,
1007 1514 1374 1590 virtutesque
1405 1514 1620 1580 saeculi
1655 1515 1907 1585 venturi,
1955 1518 2011 1571 et

298 1598 555 1673 prolapsi
595 1607 753 1672 sunt,
782 1618 984 1661 rursus
1019 1603 1286 1661 renovari
1316 1605 1389 1662 ad
1419 1605 1840 1678 paenitentiam,
1876 1619 2011 1661 rur-

300 1704 438 1747 sum
462 1691 863 1761 crucifigentes
894 1692 1266 1767 sibimetipsis
1288 1693 1504 1752 Filium
1525 1693 1645 1758 Dei,
1677 1699 1732 1751 et
1760 1691 2011 1751 ostentui

2098 516 2177 574 lat
2204 517 2556 590 institutum,
2610 522 2766 582 unde
2818 524 3043 601 Moyses
3063 528 3184 586 ait:
3219 527 3363 585 508
3415 556 3442 582 «
3471 531 3682 591 Offerat
3715 533 3795 590 si-

2096 604 2297 665 milam
2351 607 2595 668 calidam
2648 612 2710 670 in
2772 613 3004 674 odorem
3061 619 3476 679 suavissimum
3509 621 3794 694 :Domino

2095 695 2375 769 sacerdos,
2417 699 2519 772 qui
2570 701 2718 774 patri
2769 703 2902 776 jure
2967 709 3306 767 successerit
3360 710 3548 782 (Leuit.
3608 710 3706 782 VI).
3762 733 3789 757 »

2093 783 2212 844 Ille’
2228 788 2440 872 quippe
2481 790 2741 849 sacerdos
2771 794 2914 865 patri
2936 795 3068 868 jure
3103 798 3377 867 succedit,
3434 798 3535 872 qui
3577 804 3794 856 sancto~

2092 891 2224 934 rum
2279 877 2515 934 Patrum
2553 879 2971 952 ingenuitatem
3019 883 3084 941 in
3144 886 3469 958 conspicuis
3521 887 3791 960 operibus

2093 967 2388 1041 exprimit,
2425 969 2527 1041 qui
2559 972 2847 1042 majorum
2884 988 3126 1032 suorum
3167 977 3490 1049 prosapiam
3520 992 3621 1050 per
3652 991 3791 1049 spu-

2092 1057 2197 1114 riaa
2226 1058 2680 1116 conversationis
2705 1059 3088 1131 ignominiam
3122 1079 3238 1120 non
3272 1064 3614 1132 confundit;
3643 1063 3787 1122 alio-

2092 1147 2236 1220 quin
2269 1145 2537 1221 quisquis
2564 1147 2664 1205 ille
2691 1154 2792 1220 est,
2824 1150 2925 1225 qui
2953 1151 3114 1209 velut
3141 1168 3174 1209 a
3203 1153 3389 1211 titulis
3417 1168 3786 1228 proavorum,

2094 1241 2150 1294 et
2197 1236 2347 1294 clara
2399 1234 2772 1309 generositate
2832 1239 3154 1312 degenerat,
3194 1243 3295 1316 qui
3327 1259 3386 1301 se
3439 1259 3554 1310 non
3603 1242 3792 1316 legiti-

2093 1341 2277 1397 mum,
2313 1326 2410 1384 sed
2442 1327 2837 1386 adulterinum
2876 1329 2970 1387 vel
3000 1336 3339 1390 extraneum
3372 1333 3578 1391 alienis
3609 1332 3788 1390 mori-

2092 1414 2202 1472 bus
2243 1423 2629 1492 repraesentat,
2680 1417 3028 1490 ejiciendum
3081 1437 3142 1478 se
3187 1422 3258 1480 de
3304 1422 3617 1481 sacerdotio
3669 1420 3795 1480 evi-

2092 1502 2291 1576 denter
2320 1504 2551 1563 indicat.
2586 1505 2749 1564 Unde
2770 1513 2825 1564 et
2853 1506 2915 1565 in
2943 1508 3091 1566 libro
3121 1510 3318 1568 Esdraa
3346 1495 3415 1568 de
3439 1509 3792 1585 quibusdam

2092 1594 2303 1654 dicitur
2335 1618 2346 1652 :
2404 1619 2429 1643 «ι
2463 1594 2608 1664 Quia
2644 1595 3007 1669 quaesierunt
3056 1600 3401 1671 scripturam
3437 1599 3790 1673 genealogus

2093 1703 2236 1756 suas,
2290 1691 2343 1743 et
2371 1699 2492 1742 non
2527 1683 2900 1754 invenerunt,
2955 1684 3199 1758 ideoque
3235 1687 3400 1760 ejecti
3433 1697 3569 1747 sunt
3598 1689 3668 1747 de
3697 1704 3792 1747 sa-

299 1778 582 1838 habentes
615 1783 798 1849 (Hebr.
840 1792 944 1847 vr).
977 1786 1028 1842 A
1058 1784 1224 1843 nullo
1261 1784 1433 1858 plane
1463 1784 1616 1843 Deus
1646 1783 2071 1856 omnipotensB
2095 1774 2344 1833 cerdotiO
2391 1777 2442 1840 (Ι
2465 1773 2627 1830 Εεάνο
2664 1777 2727 1840 II)
2753 1791 2766 1843 ;
2803 1795 2824 1824 ι
2857 1773 3070 1847 quibus
3095 1782 3150 1832 et
3182 1775 3288 1833 hoc
3317 1777 3580 1849 protinus
3610 1777 3791 1835 inter-

299 1869 542 1942 majoris
566 1872 797 1944 injuriae
826 1874 1232 1948 praajudicium
1260 1875 1476 1940 tolerat,
1499 1875 1619 1933 imo
1644 1875 1896 1933 deterius
1918 1891 2015 1934 ne-

301 1973 402 2016 mo
447 1967 662 2032 peccat,
701 1977 878 2035 quam
908 1963 1188 2034 sacerdos,
1221 1963 1326 2037 qui
1359 1963 1807 2036 prohibentibus
1838 1979 2012 2021 cano-

301 2049 484 2108 nibus
514 2051 753 2126 indigne
783 2053 1083 2132 sacrificat.
1132 2053 1317 2112 Aliter
1357 2055 1420 2112 in
1463 2069 1815 2128 quocunque
1843 2055 2012 2112 modo

204 2129 220 2140 ’
300 2148 603 2215 peccantes
635 2129 1146 2219 quasiﬁDominum
1184 2146 1247 2204 in
1276 2145 1446 2203 rebus
1472 2145 1599 2217 ejus
1627 2143 2010 2216 offendimus;

300 2232 546 2307 indigne
578 2249 719 2292 vero
759 2234 1165 2306 sacrificantes,
1227 2235 1388 2293 velut
1436 2235 1496 2292 in
1545 2251 1849 2308 personam
1887 2236 2012 2309 ejus

301 2336 517 2380 manus
565 2321 809 2397 injicere
878 2340 995 2383 non
1045 2325 1337 2395 timemus,
1397 2338 1531 2381 cum
1585 2325 1861 2398 scriptum
1907 2324 2006 2382 sit:

303 2435 328 2462 ι
359 2412 421 2470 Si
453 2415 772 2487 peccaverit
804 2415 897 2472 vir
922 2414 982 2472 in
1013 2415 1227 2483 virum,
1255 2413 1469 2488 placari
1514 2413 1562 2472 ei
1597 2420 1780 2486 potest
1815 2415 1967 2472 Deus
1995 2433 2007 2471 :

297 2504 352 2563 si
376 2513 570 2565 autem
599 2507 664 2565 in
691 2508 876 2566 Deum
897 2507 1219 2581 peccaverit
1235 2507 1344 2576 vir,
1369 2508 1498 2582 quis
1517 2507 1702 2566 orabit
1720 2523 1823 2580 pro
1848 2509 1956 2566 eo?
1981 2532 2006 2556 ››

297 2601 349 2670 (I
385 2602 516 2666 Reg.
552 2597 634 2665 II.)
681 2595 830 2654 Eant
875 2612 1010 2670 ergo
1051 2612 1208 2655 nunc
1237 2597 1577 2672 presbyteri,
1607 2602 1663 2655 et
1688 2595 1804 2670 pro
1833 2597 2010 2655 lucris

297 2689 480 2762 hujus
548 2688 686 2745 vitae
742 2687 922 2746 sacris
978 2704 1039 2746 se
1089 2689 1367 2748 altaribus
1423 2690 1707 2763 ingerant,
1761 2706 1863 2763 pro
1902 2707 2008 2748 suo

297 2792 539 2852 suaeque
565 2776 1090 2851 consanguinitatis
1109 2777 1314 2836 aﬂ‘ectu
1341 2794 1414 2836 ex
1435 2779 1698 2837 ﬁdelium
1723 2779 2010 2838 oblatione

296 2867 626 2937 ditescant;
683 2883 800 2925 non
848 2866 1118 2925 videlicet
1160 2875 1226 2925 ut
1281 2868 1520 2942 pupillis
1550 2883 1614 2926 ac
1669 2870 1864 2928 viduis
1901 2869 2010 2928 ali-

297 2963 496 3013 menta
526 2955 887 3029 provideant,
943 2971 1060 3014 non
1108 2963 1174 3014 ut
1209 2957 1467 3015 subsidia
1508 2959 2010 3032 peregrinantibus

300 3045 772 3118 subministrant,
825 3045 924 3103 sed
968 3052 1032 3104 ut
1084 3045 1220 3118 sibi,
1269 3047 1360 3105 vel
1430 3046 1552 3106 suis
1603 3048 1793 3122 turpia
1853 3049 2011 3109 lucra

298 3142 666 3192 convectent.
699 3135 869 3206 Eant,
924 3135 1188 3209 inquam,
1229 3141 1283 3193 et
1329 3151 1390 3193 se
1437 3153 1691 3210 suosque
1726 3138 2072 3212 duntaxatc

298 3224 542 3284 demissi
603 3225 697 3284 sui
754 3225 1137 3299 acquisitione
1190 3225 1470 3297 reﬁciant,
1529 3232 1594 3283 ut
1643 3227 2012 3299 postmodum

297 3318 577 3377 medullis
602 3319 724 3376 suis
745 3320 898 3392 ignis
914 3319 1117 3378 aeterni
1137 3318 1472 3391 voraginem
1489 3326 1740 3391 pascant.
1767 3319 2012 3389 Quanta)

297 3409 522 3468 scilicet
547 3409 936 3469 damnationis
986 3416 1073 3468 est
1115 3426 1232 3479 eos,
1263 3409 1364 3483 qui
1393 3415 1622 3483 peccata
1670 3409 1866 3483 populi
1913 3426 2007 3468 eod

299 3503 533 3561 medere
562 3493 967 3577 prohibentur,
1017 3519 1090 3561 ex
1115 3501 1411 3576 acquisitis
1439 3500 1613 3559 rebus
1639 3516 1757 3559 non
1787 3501 2008 3559 codices

301 3609 516 3663 emere,
556 3607 674 3650 non
722 3598 1082 3664 ornamenta,
1117 3591 1210 3649 v‘el
1244 3589 1521 3648 utensilia
1567 3588 1690 3647 suis
1735 3588 2008 3648 Ecclesiis

293 3683 620 3757 providere,
678 3681 778 3739 sed
837 3682 900 3756 in
968 3680 1342 3748 necessitatis,
1408 3679 1508 3737 vel
1562 3679 2006 3737 necessitudinis

297 3781 569 3848 sumptus
621 3759 828 3831 cuncta
899 3773 1200 3847 prodigere
1230 3771 1258 3829 ?
1319 3770 1647 3830 Praesertim
1697 3785 1829 3828 cum
1880 3771 2009 3829 haec

296 3861 511 3926 idcirco
559 3861 953 3920 sacerdotibus
983 3861 1372 3930 conferantur,
1411 3866 1474 3917 ut
1524 3858 1635 3931 ipsi
1664 3873 1766 3930 pro
1795 3856 2006 3931 populo

294 3949 568 4025 precibus
600 3966 668 4007 ac
696 3949 846 4007 votis
879 3949 1168 4016 insistere,
1212 3947 1454 4020 ejusque
1483 3944 1731 4003 debeant
1778 3950 2006 4014 peccata

297 4045 544 4110 portare.
606 4039 758 4095 Hinc
815 4042 902 4094 est
951 4037 1105 4110 quod
1161 4035 1397 4093 Eleazar
1435 4039 1491 4090 et
1545 4031 1816 4101 Themar,
1865 4030 2005 4088 ﬁliis

294 4129 512 4196 Aaron,
539 4126 766 4203 Moyses
797 4127 878 4185 ait
908 4151 921 4185 :
956 4145 984 4180 ‹‹
1008 4125 1122 4185 Cur
1140 4141 1259 4184 non
1281 4122 1609 4182 comedistis
1633 4121 1878 4179 hostiam
1901 4135 2003 4194 pro

295 4224 528 4290 peccato
565 4217 628 4274 in
657 4217 779 4275 loco
808 4224 1027 4288 sancto,
1080 4217 1180 4290 qui
1214 4215 1420 4275 Sancta
1447 4218 1772 4272 sanctorum
1811 4215 1917 4280 est,
1951 4214 2006 4267 et

293 4308 427 4366 data
454 4315 540 4366 est
574 4308 756 4380 vobis,
798 4317 862 4366 ut
898 4309 1132 4382 portetis
1162 4307 1530 4381 iniquitatem
1583 4300 1999 4372 multitudinis,

291 4401 349 4475 et
378 4395 588 4469 rogetis
617 4411 720 4468 pro
747 4411 814 4453 ea
843 4396 906 4454 in
937 4401 1244 4468 conspectu
1292 4392 1526 4451 Domini
1554 4393 1580 4450 ?
1636 4391 1829 4465 (Leuit.
1857 4391 1940 4462 X.)
1971 4415 1998 4439 ιο

291 4482 409 4543 Sed
463 4499 598 4543 cum
637 4500 839 4557 passus
883 4484 958 4542 sit
1010 4483 1293 4542 Dominus
1346 4482 1410 4539 in
1441 4496 1608 4570 cruce
1657 4495 1761 4553 pro
1816 4479 2065 4570 saluteD

284 4573 516 4643 mundi,
548 4589 709 4634 nunc
745 4579 1026 4631 mactatur
1055 4573 1118 4630 in
1163 4569 1332 4629 altari
1361 4585 1464 4644 pro
1492 4569 1670 4628 unius
1699 4568 1998 4627 commodo

280 4670 338 4722 et
368 4661 639 4722 facultate
667 4662 1004 4737 presbyteri.
1046 4661 1212 4718 Tunc
1239 4659 1558 4717 crucifixus
1585 4663 1670 4714 est
1699 4672 1800 4729 pro
1828 4657 2000 4715 totius

282 4752 485 4826 populi
535 4751 932 4824 multitudine,
963 4765 1124 4810 nunc
1153 4749 1320 4821 quasi
1375 4763 1478 4820 pro
1533 4745 1712 4803 unius
1743 4745 1999 4803 homun-

277 4841 468 4900 cionis
500 4840 748 4899 utilitate
797 4840 1068 4898 salutaris
1124 4837 1310 4896 hostia
1360 4835 1591 4892 videtur
1629 4832 1842 4892 offerri.
1895 4831 1998 4890 Isti

281 4932 456 5005 plane
513 4936 841 4988 sanctorum
873 4927 1131 4998 Patrum,
1197 4925 1300 5001 qui
1337 4924 1481 4982 dum
1544 4922 1609 4980 in
1666 4919 2001 4979 sacerdotali

191 5005 203 5014 ’
281 5019 488 5080 ordine
513 5019 836 5077 ﬂoruerunt
858 5033 974 5076 non
1001 5014 1249 5090 legitimi
1275 5013 1406 5082 ﬁlii,
1438 5011 1535 5070 sed
1565 5012 1752 5086 potius
1770 5009 2003 5070 dicendi

285 5115 422 5167 sunt
453 5122 764 5175 manzeres,
798 5111 970 5179 atque
1000 5104 1130 5163 ideo
1155 5119 1273 5162 non
1304 5101 1596 5160 immerito
1622 5100 1773 5158 inter
1799 5115 2002 5158 eorum

291 5215 409 5256 non
456 5203 949 5256 connumerantur
996 5193 1276 5252 hzeredes.
1318 5191 1413 5250 Illi
1469 5189 1777 5265 siquidem,
1830 5188 2001 5263 juxta

289 5287 667 5357 Hieremiam,
705 5285 1114 5345 nutriebantur
1141 5283 1204 5350 in
1235 5281 1492 5352 croceis;
1534 5280 1654 5354 isti,
1711 5280 1856 5355 proh
1895 5280 1998 5338 do-

294 5380 379 5438 lor
409 5381 422 5436 l
456 5396 547 5438 am
559 5379 773 5454 plexati
803 5384 939 5438 sunt
965 5385 1213 5437 stercora
1237 5378 1456 5448 (Thren.
1486 5377 1592 5447 Iv).

960 5518 1203 5579 CAPUT
1234 5516 1338 5577 III.

807 5627 940 5695 Quis
963 5628 1038 5683 sit
1068 5643 1187 5683 vere
1214 5626 1487 5684 sacerdos.

363 5739 473 5800 Hic
526 5739 697 5813 plane
752 5737 886 5814 jure
936 5738 1202 5814 fungitur
1252 5737 1584 5820 sacerdotio,
1648 5735 1751 5812 qui
1830 5746 2002 5810 regu-

2096 1865 2314 1922 dictum
2364 1869 2470 1934 est,
2509 1869 2575 1920 ut
2619 1877 2736 1920 non
2789 1864 3152 1941 comederent
3202 1866 3272 1924 de
3304 1867 3514 1925 sanctis
3565 1873 3792 1926 sancto-

2095 1969 2248 2012 rum.
2291 1951 2452 2011 Sicut
2489 1968 2623 2026 ergo
2645 1950 2754 2022 illi,
2786 1954 2887 2027 qui
2915 1952 3335 2028 ingenuitatem
3365 1955 3788 2014 venerabilium

2094 2041 2329 2100 Patrum
2360 2047 2569 2099 sanctae
2598 2042 3051 2100 conversationis
3091 2043 3386 2102 honestate
3425 2050 3790 2114 conservant,

2093 2131 2156 2190 in
2198 2130 2475 2203 dignitate
2525 2131 2888 2189 sacerdotalis
2926 2130 3098 2190 ofﬁcii
3138 2133 3340 2191 merito
3374 2139 3741 2206 perseverant
3775 2150 3788 2189 :

2094 2221 2175 2279 sic
2199 2237 2230 2278 e
2266 2220 2494 2278 diverso
2541 2220 2649 2292 qui
2688 2236 2722 2278 a
2770 2221 3219 2294 praecedentium
3269 2222 3503 2281 Patrum
3543 2223 3789 2296 degene-

2094 2315 2222 2368 rant
2265 2309 2506 2377 meritis,
2541 2309 2786 2380 dignum
2821 2316 2924 2380 est,
2956 2315 3021 2368 ut
3050 2310 3223 2368 etiam
3273 2299 3525 2384 paternae
3554 2313 3788 2385 priven-

2094 2404 2188 2456 tur
2225 2397 2413 2456 ofﬁcio
2453 2397 2767 2471 dignitatis.
2824 2399 2892 2456 Et
2946 2399 3048 2471 qui
3101 2399 3233 2456 facti
3289 2405 3426 2456 sunt
3477 2415 3512 2456 a
3554 2399 3789 2458 Patrum

2095 2501 2334 2545 suorum
2399 2486 2656 2545 claritate
2713 2486 3043 2551 dissimiles,
3102 2486 3163 2543 in
3211 2493 3447 2559 paterno
3500 2503 3618 2547 non
3665 2505 3792 2548 ma-

2094 2582 2267 2634 neant
2294 2574 2482 2634 ofﬁcio
2509 2574 2826 2633 sacerdotes
2859 2593 2873 2644 ;
2903 2581 2958 2631 et
2988 2573 3318 2632 nullatenus
3351 2576 3409 2632 in
3434 2591 3634 2635 eorum
3653 2577 3788 2649 jura

2091 2665 2417 2740 succedant,
2461 2680 2494 2721 a
2523 2679 2774 2738 quorum
2807 2663 2988 2722 nobili
3016 2664 3372 2736 ingenuitate
3418 2666 3786 2738 degenerant.
3826 2673 3832 2682 ‘

2091 2755 2247 2824 Quos
2275 2769 2477 2812 omnes
2504 2752 2666 2811 velut
2706 2753 2779 2810 ab
2808 2769 2926 2811 una
2955 2768 3196 2826 persona
3224 2769 3324 2828 per
3365 2754 3506 2812 Osee
3545 2755 3792 2827 prophe-

2094 2849 2208 2900 tam
2270 2841 2554 2900 Dominus
2607 2841 2889 2915 reprobat,
2949 2841 3182 2899 dicens:
3235 2864 3255 2892 «ι
3288 2841 3435 2910 Quia
3487 2842 3790 2902 scientiam

2094 2929 2376 3004 repulisti;
2417 2928 2690 3004 repellam
2739 2937 2812 2996 te,
2841 2945 2923 3008 ne
2971 2929 3283 2987 sacerdotio
3313 2931 3573 3001 fungaris
3597 2930 3786 3002 mihi;

2092 3025 2149 3078 et
2171 3019 2385 3078 oblitus
2413 3034 2474 3077 es
2503 3018 2646 3092 legis
2679 3017 2775 3076 Dei
2819 3019 2923 3090 tui,
2957 3017 3266 3075 obliviscar
3285 3025 3351 3080 et
3397 3034 3502 3091 ego
3534 3019 3788 3079 filiorum

2096 3114 2361 3176 tuorum;
2385 3114 2440 3165 et
2465 3107 2784 3166 secundum
2813 3106 3251 3165 multitudinem
3277 3121 3477 3165 eorum
3501 3109 3583 3166 sic
3603 3124 3795 3182 pecca-

2099 3189 2308 3255 verunt
2337 3196 2503 3268 mihi,
2522 3197 2779 3271 .gloriam
2806 3212 3006 3255 eorum
3028 3196 3089 3253 in
3116 3196 3498 3267 ignominiam
3529 3214 3792 3276 commu-

2092 3287 2242 3358 tabo,
2275 3293 2503 3360 peccata
2547 3286 2748 3360 populi
2791 3285 2904 3343 mei
2935 3285 3252 3363 comedent,
3286 3293 3342 3343 et
3387 3287 3459 3344 ad
3511 3286 3790 3361 iniquita-

2092 3384 2208 3435 tem
2247 3392 2448 3434 eorum
2473 3375 2863 3433 sublevabunt
2895 3376 3120 3433 animas
3151 3391 3352 3433 eorum
3380 3394 3394 3444 ;
3425 3381 3480 3433 et
3505 3377 3614 3434 erit
3643 3379 3794 3436 sicut

2088 3467 2356 3542 populus,
2405 3467 2488 3523 sic
2524 3466 2832 3535 sacerdos;
2881 3472 2936 3522 et
2987 3465 3232 3524 visitabo
3269 3482 3442 3540 super
3481 3482 3618 3525 eum
3667 3467 3792 3526 vias
3843 3498 3846 3502 -

2090 3560 2234 3632 ejus,
2274 3565 2328 3616 et
2381 3559 2750 3631 cogitationes
2808 3558 2935 3631 ejus
2999 3555 3235 3614 reddam
3289 3554 3344 3614 ei
3405 3559 3555 3627 (Osee
3607 3564 3713 3630 Iv).
3763 3582 3784 3610 Ι

2090 3646 2233 3705 Nolo
2261 3654 2340 3706 tot
2370 3663 2571 3705 eorum
2597 3662 2936 3704 enumerare
2961 3645 3196 3719 ﬂagitia,
3228 3661 3359 3719 quae
3392 3646 3483 3704 vel
3527 3647 3591 3705 in
3627 3647 3791 3735 pbla-

2086 3737 2243 3795 tione
2282 3737 2561 3812 mysterii,
2595 3736 2688 3794 vel
2717 3735 2868 3794 inter
2894 3735 3018 3811 ipsa
3066 3752 3298 3811 quoque
3341 3739 3792 3811 regenerationis

2086 3826 2363 3884 humanae
2390 3832 3094 3898 perpetrantsacramenta
3123 3850 3135 3883 :
3173 3826 3442 3884 videlicet
3473 3827 3534 3886 in
3580 3829 3788 3888 scruti-

2087 3915 2224 3986 niis,
2262 3917 2322 3973 in
2350 3914 2630 3989 symbolis
2665 3920 2838 3987 atque
2863 3915 2939 3973 in.
2967 3914 3327 3988 baptismatis
3358 3915 3573 3974 lavacri
3608 3934 3788 3976 sacra-

2083 4010 2303 4063 mento.
2343 4003 2556 4063 Omitto
2585 4019 2796 4077 pmem
2832 4003 2893 4059 in
2948 4001 3229 4060 salutares
3276 4002 3492 4059 hostias
3544 4017 3788 4061 conver-

2086 4095 2349 4164 tendum,
2393 4093 2497 4167 qui
2545 4107 2975 4165 nonnunquam
3025 4098 3158 4149 ante
3204 4092 3267 4148 fit
3298 4091 3582 4162 mucidus,
3612 4107 3788 4167 quam

2087 4184 2471 4243 sanctificetur
2499 4183 2726 4243 oblatus
2759 4201 2771 4240 :
2816 4183 3008 4256 ipsum
3038 4197 3270 4256 quoque
3301 4181 3642 4255 mysterium
3674 4198 3792 4240 non

2086 4277 2238 4336 intra
2266 4276 2389 4335 dies
2427 4282 2551 4334 octo
2582 4273 2963 4342 consumitur,
2997 4272 3093 4330 sed
3124 4272 3470 4346 plerumque
3496 4271 3568 4329 ad
3599 4272 3792 4331 omni-

2085 4368 2335 4442 potentis
2378 4366 2481 4424 Dei
2525 4364 2804 4440 injuriam
2843 4363 2901 4420 in
2955 4377 3214 4420 mensem
3248 4362 3498 4428 tertium,
3531 4379 3792 4421 reserva-

2085 4467 2198 4519 tur.
2237 4459 2521 4518 Praeterea
2562 4457 2716 4531 quod
2754 4453 3069 4528 aliquando
3112 4469 3262 4528 aqua
3291 4455 3430 4512 vino
3461 4453 3522 4510 in
3572 4454 3787 4512 eucha-

2084 4551 2242 4610 ristia
2291 4567 2406 4609 non
2448 4549 2745 4616 miscetur,
2794 4552 2848 4604 et
2899 4545 2980 4603 sic
3035 4544 3462 4618 quodammodo
3495 4559 3592 4617 per
3627 4560 3787 4603 erro-

2083 4657 2204 4699 rem
2235 4641 2443 4699 occulti
2486 4637 2814 4698 schismatis
2840 4653 2872 4694 a
2911 4635 3136 4694 Christo
3184 4633 3431 4708 populus
3461 4641 3782 4707 separatur.

2082 4717 2240 4797 Haec,
2271 4733 2329 4785 e‘t
2355 4727 2449 4785 his
2497 4726 2711 4784 similia
2754 4718 2928 4781 taedet
2955 4723 3108 4780 ultra
3139 4721 3493 4795 protendere,
3547 4736 3620 4779 ne
3647 4722 3786 4780 dum

2077 4821 2299 4880 diutius
2378 4821 2486 4879 ista
2565 4812 2987 4894 prosequimur,
3060 4815 3402 4875 Christianas
3485 4814 3782 4889 religionis

2079 4910 2452 4986 Opprobrium
2481 4915 2674 4970 texere
2714 4909 3035 4968 videamur.

2748 5052 2990 5112 CAPUT
3020 5052 3120 5112 IV.

2083 5172 2236 5242 Quod
2291 5167 2529 5243 episcopi
2580 5167 2872 5236 vigilantes
2927 5180 3036 5220 esse
3094 5160 3286 5219 debent
3350 5165 3410 5218 in
3474 5161 3777 5217 coercendis

2641 5261 2955 5328 clericorum
2976 5257 3228 5327 ﬂagitiis.

2159 5367 2318 5426 Unde
2369 5363 2750 5440 satagendum
2802 5366 2886 5421 est
2933 5359 3144 5418 sanctis
3191 5356 3493 5432 episcopis,
3559 5359 3623 5415 ut
3688 5357 3779 5416 his

2084 5456 2273 5527 malis,
2302 5471 2435 5531 quae
2481 5456 2541 5513 in
2595 5468 2793 5513 necem
2831 5447 3141 5509 Christiani
3176 5446 3376 5522 populi
3424 5451 3778 5521 grassantur,

2085 5553 2427 5617 occurrant;
2470 5551 2526 5604 et
2572 5544 2958 5620 apostolorum
3010 5553 3182 5614 opera
3227 5553 3330 5613 per
3375 5534 3782 5611 pseudosacer-

2085 5635 2264 5707 dotes,
2291 5633 2395 5707 qui
2445 5635 2614 5692 modo
2652 5637 2808 5701 sunt,
2840 5627 3058 5688 destrui
3100 5641 3219 5686 non
3272 5622 3626 5700 permittant,
3678 5637 3782 5680 nec

2085 5731 2202 5787 tam
2227 5722 2479 5784 arduum
2498 5721 2711 5780 Christi
2739 5719 3030 5794 patiantur
3049 5716 3236 5792 perire
3271 5715 3522 5773 laborem
3549 5717 3778 5787 propter

3661 5919 3715 5940 ’1
