  <div class='ocr_page' id='page_1' title='image "/cluster/home/n/w/nwhite01/storage/ocr_20150623/145/hvd.32044048207542/259.png"; bbox 0 0 4080 6194; ppageno 0'>
   <div class='ocr_carea' id='block_1_1' title="bbox 172 194 276 254">
    <p class='ocr_par' dir='ltr' id='par_1_1' title="bbox 172 194 276 254">
     <span class='ocr_line' id='line_1_1' title="bbox 172 194 276 254; baseline -0.019 0"><span class='ocrx_word' id='word_1_1' title='bbox 172 194 276 254; x_wconf 89' lang='grc'>503</span> 
     </span>
    </p>
   </div>
   <div class='ocr_carea' id='block_1_2' title="bbox 574 190 3202 267">
    <p class='ocr_par' dir='ltr' id='par_1_2' title="bbox 574 190 3202 267">
     <span class='ocr_line' id='line_1_2' title="bbox 574 190 3202 267; baseline -0.002 -15"><span class='ocrx_word' id='word_1_2' title='bbox 574 202 601 215; x_wconf 67' lang='grc'><em>’⁸</em></span> <span class='ocrx_word' id='word_1_3' title='bbox 631 195 689 253; x_wconf 89' lang='lat' dir='ltr'>S.</span> <span class='ocrx_word' id='word_1_4' title='bbox 736 195 958 253; x_wconf 85' lang='lat' dir='ltr'>PETRI</span> <span class='ocrx_word' id='word_1_5' title='bbox 998 196 1320 255; x_wconf 85' lang='lat' dir='ltr'><strong>DAMIANI</strong></span> <span class='ocrx_word' id='word_1_6' title='bbox 1362 197 1517 256; x_wconf 89' lang='lat' dir='ltr'>OPP.</span> <span class='ocrx_word' id='word_1_7' title='bbox 1562 197 1814 258; x_wconf 87' lang='lat' dir='ltr'>TOMUS</span> <span class='ocrx_word' id='word_1_8' title='bbox 1857 198 1995 267; x_wconf 89' lang='lat' dir='ltr'>SEU</span> <span class='ocrx_word' id='word_1_9' title='bbox 2038 195 2228 257; x_wconf 83' lang='lat' dir='ltr'>PARS</span> <span class='ocrx_word' id='word_1_10' title='bbox 2267 194 2371 254; x_wconf 90' lang='lat' dir='ltr'><strong>III.</strong></span> <span class='ocrx_word' id='word_1_11' title='bbox 2416 226 2481 237; x_wconf 91' lang='lat'><strong><em>—</em></strong></span> <span class='ocrx_word' id='word_1_12' title='bbox 2518 194 2907 254; x_wconf 86' lang='lat' dir='ltr'>OPUSCULA</span> <span class='ocrx_word' id='word_1_13' title='bbox 2945 190 3202 251; x_wconf 82' lang='lat' dir='ltr'>VARIA.</span> 
     </span>
    </p>
   </div>
   <div class='ocr_carea' id='block_1_3' title="bbox 3557 192 3658 251">
    <p class='ocr_par' dir='ltr' id='par_1_3' title="bbox 3557 192 3658 251">
     <span class='ocr_line' id='line_1_3' title="bbox 3557 192 3658 251; baseline 0 0"><span class='ocrx_word' id='word_1_14' title='bbox 3557 192 3658 251; x_wconf 71' lang='grc'>504</span> 
     </span>
    </p>
   </div>
   <div class='ocr_carea' id='block_1_4' title="bbox 173 297 3666 397">
    <p class='ocr_par' dir='ltr' id='par_1_4' title="bbox 173 297 3666 397">
     <span class='ocr_line' id='line_1_4' title="bbox 173 297 3666 397; baseline -0 -22"><span class='ocrx_word' id='word_1_15' title='bbox 173 318 500 391; x_wconf 84' lang='lat' dir='ltr'>augendam</span> <span class='ocrx_word' id='word_1_16' title='bbox 529 318 588 375; x_wconf 92' lang='lat' dir='ltr'>in</span> <span class='ocrx_word' id='word_1_17' title='bbox 618 324 845 377; x_wconf 87' lang='lat' dir='ltr'>terreno</span> <span class='ocrx_word' id='word_1_18' title='bbox 869 326 1099 395; x_wconf 68' lang='lat' dir='ltr'>quaestu</span> <span class='ocrx_word' id='word_1_19' title='bbox 1126 335 1441 393; x_wconf 90' lang='lat' dir='ltr'>paucorum</span> <span class='ocrx_word' id='word_1_20' title='bbox 1466 312 1773 381; x_wconf 88' lang='lat' dir='ltr'>hominum</span> <span class='ocrx_word' id='word_1_21' title='bbox 1802 323 2077 385; x_wconf 78' lang='lat' dir='ltr'>fa-Anon</span> <span class='ocrx_word' id='word_1_22' title='bbox 2130 297 2355 397; x_wconf 57' lang='lat' dir='ltr'>ﬁerént,</span> <span class='ocrx_word' id='word_1_23' title='bbox 2387 322 2691 397; x_wconf 87' lang='lat' dir='ltr'>quidpiam</span> <span class='ocrx_word' id='word_1_24' title='bbox 2740 318 2938 378; x_wconf 76' lang='lat' dir='ltr'>fecerit</span> <span class='ocrx_word' id='word_1_25' title='bbox 2970 339 2984 388; x_wconf 90' lang='lat'><strong>;</strong></span> <span class='ocrx_word' id='word_1_26' title='bbox 3019 317 3070 376; x_wconf 91' lang='lat' dir='ltr'>si</span> <span class='ocrx_word' id='word_1_27' title='bbox 3116 316 3398 388; x_wconf 81' lang='lat' dir='ltr'>sacerdos,</span> <span class='ocrx_word' id='word_1_28' title='bbox 3447 317 3551 390; x_wconf 90' lang='lat' dir='ltr'>qui</span> <span class='ocrx_word' id='word_1_29' title='bbox 3581 324 3666 375; x_wconf 91' lang='lat' dir='ltr'>est</span> 
     </span>
    </p>
   </div>
   <div class='ocr_carea' id='block_1_5' title="bbox 174 406 1879 485">
    <p class='ocr_par' dir='ltr' id='par_1_5' title="bbox 174 406 1879 485">
     <span class='ocr_line' id='line_1_5' title="bbox 174 406 1879 485; baseline 0.004 -20"><span class='ocrx_word' id='word_1_30' title='bbox 174 407 466 465; x_wconf 90' lang='lat' dir='ltr'>cultatem.</span> <span class='ocrx_word' id='word_1_31' title='bbox 500 406 737 466; x_wconf 82' lang='lat' dir='ltr'>Interim</span> <span class='ocrx_word' id='word_1_32' title='bbox 768 411 918 484; x_wconf 91' lang='lat' dir='ltr'>quod</span> <span class='ocrx_word' id='word_1_33' title='bbox 944 427 1107 469; x_wconf 90' lang='lat' dir='ltr'>mens</span> <span class='ocrx_word' id='word_1_34' title='bbox 1133 419 1325 482; x_wconf 80' lang='lat' dir='ltr'>scatet,</span> <span class='ocrx_word' id='word_1_35' title='bbox 1348 413 1708 485; x_wconf 85' lang='lat' dir='ltr'>supprimere</span> <span class='ocrx_word' id='word_1_36' title='bbox 1728 414 1879 483; x_wconf 87' lang='lat' dir='ltr'>volo,</span> 
     </span>
    </p>
   </div>
   <div class='ocr_carea' id='block_1_6' title="bbox 173 496 1882 577">
    <p class='ocr_par' dir='ltr' id='par_1_6' title="bbox 173 496 1882 577">
     <span class='ocr_line' id='line_1_6' title="bbox 173 496 1882 577; baseline 0.006 -24"><span class='ocrx_word' id='word_1_37' title='bbox 173 496 317 553; x_wconf 87' lang='lat'>509</span> <span class='ocrx_word' id='word_1_38' title='bbox 348 516 454 558; x_wconf 89' lang='lat' dir='ltr'>nec</span> <span class='ocrx_word' id='word_1_39' title='bbox 504 500 709 559; x_wconf 80' lang='lat' dir='ltr'>valeo:</span> <span class='ocrx_word' id='word_1_40' title='bbox 759 500 1071 561; x_wconf 79' lang='lat' dir='ltr'>scintillam</span> <span class='ocrx_word' id='word_1_41' title='bbox 1118 505 1275 563; x_wconf 87' lang='lat' dir='ltr'>zelus</span> <span class='ocrx_word' id='word_1_42' title='bbox 1326 506 1565 577; x_wconf 89' lang='lat' dir='ltr'>excutit,</span> <span class='ocrx_word' id='word_1_43' title='bbox 1600 507 1743 563; x_wconf 91' lang='lat' dir='ltr'>dum</span> <span class='ocrx_word' id='word_1_44' title='bbox 1787 521 1882 563; x_wconf 91' lang='lat' dir='ltr'>ca-</span> 
     </span>
    </p>
   </div>
   <div class='ocr_carea' id='block_1_7' title="bbox 172 588 1880 664">
    <p class='ocr_par' dir='ltr' id='par_1_7' title="bbox 172 588 1880 664">
     <span class='ocr_line' id='line_1_7' title="bbox 172 588 1880 664; baseline 0.004 -19"><span class='ocrx_word' id='word_1_45' title='bbox 172 588 402 646; x_wconf 90' lang='lat' dir='ltr'>minum</span> <span class='ocrx_word' id='word_1_46' title='bbox 442 590 812 648; x_wconf 60' lang='lat' dir='ltr'>conscientiae</span> <span class='ocrx_word' id='word_1_47' title='bbox 863 592 1025 650; x_wconf 92' lang='lat' dir='ltr'>dolor</span> <span class='ocrx_word' id='word_1_48' title='bbox 1066 592 1339 652; x_wconf 85' lang='lat' dir='ltr'>incendit.</span> <span class='ocrx_word' id='word_1_49' title='bbox 1392 594 1543 664; x_wconf 87' lang='lat' dir='ltr'>Quid</span> <span class='ocrx_word' id='word_1_50' title='bbox 1571 594 1729 652; x_wconf 88' lang='lat' dir='ltr'>enim</span> <span class='ocrx_word' id='word_1_51' title='bbox 1775 592 1880 651; x_wconf 92' lang='lat' dir='ltr'>erit</span> 
     </span>
    </p>
   </div>
   <div class='ocr_carea' id='block_1_8' title="bbox 174 677 1879 765">
    <p class='ocr_par' dir='ltr' id='par_1_8' title="bbox 174 677 1879 765">
     <span class='ocr_line' id='line_1_8' title="bbox 174 677 1879 765; baseline 0.003 -30"><span class='ocrx_word' id='word_1_52' title='bbox 174 677 243 735; x_wconf 91' lang='lat' dir='ltr'>de</span> <span class='ocrx_word' id='word_1_53' title='bbox 302 678 561 765; x_wconf 77' lang='lat' dir='ltr'>quolibet</span> <span class='ocrx_word' id='word_1_54' title='bbox 628 696 915 754; x_wconf 72' lang='lat' dir='ltr'>supremze</span> <span class='ocrx_word' id='word_1_55' title='bbox 969 683 1358 741; x_wconf 79' lang='lat' dir='ltr'>damnationis</span> <span class='ocrx_word' id='word_1_56' title='bbox 1423 684 1707 757; x_wconf 91' lang='lat' dir='ltr'>episcopo,</span> <span class='ocrx_word' id='word_1_57' title='bbox 1775 684 1879 756; x_wconf 90' lang='lat' dir='ltr'>qui</span> 
     </span>
    </p>
   </div>
   <div class='ocr_carea' id='block_1_9' title="bbox 174 767 1881 846">
    <p class='ocr_par' dir='ltr' id='par_1_9' title="bbox 174 767 1881 846">
     <span class='ocr_line' id='line_1_9' title="bbox 174 767 1881 846; baseline 0.004 -21"><span class='ocrx_word' id='word_1_58' title='bbox 174 767 333 842; x_wconf 89' lang='lat' dir='ltr'>lapso</span> <span class='ocrx_word' id='word_1_59' title='bbox 392 769 601 845; x_wconf 86' lang='lat' dir='ltr'>cuique</span> <span class='ocrx_word' id='word_1_60' title='bbox 657 772 986 846; x_wconf 80' lang='lat' dir='ltr'>presbytero</span> <span class='ocrx_word' id='word_1_61' title='bbox 1042 773 1187 832; x_wconf 89' lang='lat' dir='ltr'>tollit</span> <span class='ocrx_word' id='word_1_62' title='bbox 1244 774 1493 841; x_wconf 90' lang='lat' dir='ltr'>lucrum,</span> <span class='ocrx_word' id='word_1_63' title='bbox 1550 780 1605 831; x_wconf 90' lang='lat' dir='ltr'>et</span> <span class='ocrx_word' id='word_1_64' title='bbox 1662 774 1881 831; x_wconf 87' lang='lat' dir='ltr'>sacriﬁ-</span> 
     </span>
    </p>
   </div>
   <div class='ocr_carea' id='block_1_10' title="bbox 177 852 1883 942">
    <p class='ocr_par' dir='ltr' id='par_1_10' title="bbox 177 852 1883 942">
     <span class='ocr_line' id='line_1_10' title="bbox 177 852 1883 942; baseline 0.004 -29"><span class='ocrx_word' id='word_1_65' title='bbox 177 852 344 914; x_wconf 88' lang='lat' dir='ltr'>candi</span> <span class='ocrx_word' id='word_1_66' title='bbox 385 859 571 916; x_wconf 83' lang='lat' dir='ltr'>reddit</span> <span class='ocrx_word' id='word_1_67' title='bbox 609 859 922 918; x_wconf 82' lang='lat' dir='ltr'>otlicium?</span> <span class='ocrx_word' id='word_1_68' title='bbox 979 861 1090 918; x_wconf 90' lang='lat' dir='ltr'>Iste</span> <span class='ocrx_word' id='word_1_69' title='bbox 1144 861 1267 933; x_wconf 89' lang='lat' dir='ltr'>jam</span> <span class='ocrx_word' id='word_1_70' title='bbox 1323 878 1439 919; x_wconf 91' lang='lat' dir='ltr'>non</span> <span class='ocrx_word' id='word_1_71' title='bbox 1496 862 1883 942; x_wconf 71' lang='lat' dir='ltr'>communicat</span> 
     </span>
    </p>
   </div>
   <div class='ocr_carea' id='block_1_11' title="bbox 175 943 1883 1021">
    <p class='ocr_par' dir='ltr' id='par_1_11' title="bbox 175 943 1883 1021">
     <span class='ocr_line' id='line_1_11' title="bbox 175 943 1883 1021; baseline 0.004 -24"><span class='ocrx_word' id='word_1_72' title='bbox 175 943 419 1013; x_wconf 77' lang='lat' dir='ltr'>peccatis</span> <span class='ocrx_word' id='word_1_73' title='bbox 471 944 701 1014; x_wconf 88' lang='lat' dir='ltr'>alienis,</span> <span class='ocrx_word' id='word_1_74' title='bbox 752 945 851 1001; x_wconf 89' lang='lat' dir='ltr'>sed</span> <span class='ocrx_word' id='word_1_75' title='bbox 904 952 1103 1003; x_wconf 86' lang='lat' dir='ltr'>auctor</span> <span class='ocrx_word' id='word_1_76' title='bbox 1148 946 1390 1003; x_wconf 82' lang='lat' dir='ltr'>existit:</span> <span class='ocrx_word' id='word_1_77' title='bbox 1443 946 1561 1005; x_wconf 91' lang='lat' dir='ltr'>imo</span> <span class='ocrx_word' id='word_1_78' title='bbox 1610 954 1883 1021; x_wconf 88' lang='lat' dir='ltr'>tanquam</span> 
     </span>
    </p>
   </div>
   <div class='ocr_carea' id='block_1_12' title="bbox 174 1030 1884 1108">
    <p class='ocr_par' dir='ltr' id='par_1_12' title="bbox 174 1030 1884 1108">
     <span class='ocr_line' id='line_1_12' title="bbox 174 1030 1884 1108; baseline 0.002 -20"><span class='ocrx_word' id='word_1_79' title='bbox 174 1030 353 1089; x_wconf 83' lang='lat' dir='ltr'>Judas</span> <span class='ocrx_word' id='word_1_80' title='bbox 380 1032 698 1105; x_wconf 89' lang='lat' dir='ltr'>Iscariotes,</span> <span class='ocrx_word' id='word_1_81' title='bbox 746 1035 915 1092; x_wconf 81' lang='lat' dir='ltr'>tradit</span> <span class='ocrx_word' id='word_1_82' title='bbox 965 1035 1163 1108; x_wconf 85' lang='lat' dir='ltr'>impiis</span> <span class='ocrx_word' id='word_1_83' title='bbox 1216 1036 1486 1095; x_wconf 88' lang='lat' dir='ltr'>manibus</span> <span class='ocrx_word' id='word_1_84' title='bbox 1530 1035 1884 1094; x_wconf 87' lang='lat' dir='ltr'>Salvatorem</span> 
     </span>
    </p>
   </div>
   <div class='ocr_carea' id='block_1_13' title="bbox 175 1124 1884 1200">
    <p class='ocr_par' dir='ltr' id='par_1_13' title="bbox 175 1124 1884 1200">
     <span class='ocr_line' id='line_1_13' title="bbox 175 1124 1884 1200; baseline 0.002 -21"><span class='ocrx_word' id='word_1_85' title='bbox 175 1130 403 1197; x_wconf 87' lang='lat' dir='ltr'>propter</span> <span class='ocrx_word' id='word_1_86' title='bbox 442 1124 578 1181; x_wconf 91' lang='lat' dir='ltr'>vilis</span> <span class='ocrx_word' id='word_1_87' title='bbox 608 1125 870 1196; x_wconf 79' lang='lat' dir='ltr'>pecuniae</span> <span class='ocrx_word' id='word_1_88' title='bbox 899 1126 1278 1200; x_wconf 86' lang='lat' dir='ltr'>quantitatem</span> <span class='ocrx_word' id='word_1_89' title='bbox 1314 1144 1328 1195; x_wconf 90' lang='lat'><strong>;</strong></span> <span class='ocrx_word' id='word_1_90' title='bbox 1363 1126 1657 1184; x_wconf 75' lang='lat' dir='ltr'>Christum</span> <span class='ocrx_word' id='word_1_91' title='bbox 1692 1126 1884 1183; x_wconf 88' lang='lat' dir='ltr'>venali</span> 
     </span>
    </p>
   </div>
   <div class='ocr_carea' id='block_1_14' title="bbox 175 1212 1884 1287">
    <p class='ocr_par' dir='ltr' id='par_1_14' title="bbox 175 1212 1884 1287">
     <span class='ocr_line' id='line_1_14' title="bbox 175 1212 1884 1287; baseline 0 -18"><span class='ocrx_word' id='word_1_92' title='bbox 175 1212 521 1269; x_wconf 90' lang='lat' dir='ltr'>commercio</span> <span class='ocrx_word' id='word_1_93' title='bbox 566 1212 850 1278; x_wconf 82' lang='lat' dir='ltr'>distrahit,</span> <span class='ocrx_word' id='word_1_94' title='bbox 910 1220 965 1270; x_wconf 91' lang='lat' dir='ltr'>et</span> <span class='ocrx_word' id='word_1_95' title='bbox 1003 1229 1106 1287; x_wconf 91' lang='lat' dir='ltr'>pro</span> <span class='ocrx_word' id='word_1_96' title='bbox 1156 1228 1353 1271; x_wconf 91' lang='lat' dir='ltr'>amore</span> <span class='ocrx_word' id='word_1_97' title='bbox 1401 1212 1661 1285; x_wconf 60' lang='lat' dir='ltr'>pecunia:</span> <span class='ocrx_word' id='word_1_98' title='bbox 1713 1212 1884 1270; x_wconf 86' lang='lat' dir='ltr'>tradit</span> 
     </span>
    </p>
   </div>
   <div class='ocr_carea' id='block_1_15' title="bbox 174 1301 1885 1375">
    <p class='ocr_par' dir='ltr' id='par_1_15' title="bbox 174 1301 1885 1375">
     <span class='ocr_line' id='line_1_15' title="bbox 174 1301 1885 1375; baseline 0.001 -18"><span class='ocrx_word' id='word_1_99' title='bbox 174 1307 469 1359; x_wconf 85' lang='lat' dir='ltr'>auctorem</span> <span class='ocrx_word' id='word_1_100' title='bbox 497 1301 648 1358; x_wconf 67' lang='lat' dir='ltr'>vitae.</span> <span class='ocrx_word' id='word_1_101' title='bbox 702 1301 773 1359; x_wconf 86' lang='lat' dir='ltr'>Et</span> <span class='ocrx_word' id='word_1_102' title='bbox 804 1301 911 1359; x_wconf 89' lang='lat' dir='ltr'>iste</span> <span class='ocrx_word' id='word_1_103' title='bbox 964 1301 1225 1375; x_wconf 88' lang='lat' dir='ltr'>protinus</span> <span class='ocrx_word' id='word_1_104' title='bbox 1262 1302 1531 1360; x_wconf 91' lang='lat' dir='ltr'>omnium</span> <span class='ocrx_word' id='word_1_105' title='bbox 1568 1301 1885 1358; x_wconf 88' lang='lat' dir='ltr'>criminum</span> 
     </span>
    </p>
   </div>
   <div class='ocr_carea' id='block_1_16' title="bbox 176 1388 1885 1462">
    <p class='ocr_par' dir='ltr' id='par_1_16' title="bbox 176 1388 1885 1462">
     <span class='ocr_line' id='line_1_16' title="bbox 176 1388 1885 1462; baseline 0.002 -17"><span class='ocrx_word' id='word_1_106' title='bbox 176 1404 333 1459; x_wconf 85' lang='lat' dir='ltr'>reus,</span> <span class='ocrx_word' id='word_1_107' title='bbox 364 1405 466 1461; x_wconf 87' lang='lat' dir='ltr'>pro</span> <span class='ocrx_word' id='word_1_108' title='bbox 494 1388 709 1462; x_wconf 84' lang='lat' dir='ltr'>quibus</span> <span class='ocrx_word' id='word_1_109' title='bbox 770 1390 869 1448; x_wconf 91' lang='lat' dir='ltr'>ille</span> <span class='ocrx_word' id='word_1_110' title='bbox 925 1391 1111 1449; x_wconf 84' lang='lat' dir='ltr'>fuerat</span> <span class='ocrx_word' id='word_1_111' title='bbox 1167 1390 1617 1449; x_wconf 85' lang='lat' dir='ltr'>sacerdotalibus</span> <span class='ocrx_word' id='word_1_112' title='bbox 1679 1390 1885 1449; x_wconf 84' lang='lat' dir='ltr'>infulis</span> 
     </span>
    </p>
   </div>
   <div class='ocr_carea' id='block_1_17' title="bbox 173 1478 498 1536">
    <p class='ocr_par' dir='ltr' id='par_1_17' title="bbox 173 1478 498 1536">
     <span class='ocr_line' id='line_1_17' title="bbox 173 1478 498 1536; baseline -0.003 -2"><span class='ocrx_word' id='word_1_113' title='bbox 173 1478 498 1536; x_wconf 86' lang='lat' dir='ltr'>exuendus.</span> 
     </span>
    </p>
   </div>
   <div class='ocr_carea' id='block_1_18' title="bbox 248 1568 1885 1644">
    <p class='ocr_par' dir='ltr' id='par_1_18' title="bbox 248 1568 1885 1644">
     <span class='ocr_line' id='line_1_18' title="bbox 248 1568 1885 1644; baseline 0.001 -19"><span class='ocrx_word' id='word_1_114' title='bbox 248 1568 320 1625; x_wconf 91' lang='lat' dir='ltr'>Ut</span> <span class='ocrx_word' id='word_1_115' title='bbox 349 1582 484 1643; x_wconf 88' lang='lat' dir='ltr'>ergo</span> <span class='ocrx_word' id='word_1_116' title='bbox 526 1570 712 1643; x_wconf 80' lang='lat' dir='ltr'>stylus</span> <span class='ocrx_word' id='word_1_117' title='bbox 736 1571 804 1627; x_wconf 87' lang='lat' dir='ltr'>ad</span> <span class='ocrx_word' id='word_1_118' title='bbox 844 1572 973 1640; x_wconf 90' lang='lat' dir='ltr'>hoc,</span> <span class='ocrx_word' id='word_1_119' title='bbox 1024 1572 1179 1629; x_wconf 92' lang='lat' dir='ltr'>unde</span> <span class='ocrx_word' id='word_1_120' title='bbox 1205 1570 1500 1644; x_wconf 90' lang='lat' dir='ltr'>digressus</span> <span class='ocrx_word' id='word_1_121' title='bbox 1537 1577 1639 1641; x_wconf 92' lang='lat' dir='ltr'>est,</span> <span class='ocrx_word' id='word_1_122' title='bbox 1672 1570 1885 1640; x_wconf 84' lang='lat' dir='ltr'>redeat,</span> 
     </span>
    </p>
   </div>
   <div class='ocr_carea' id='block_1_19' title="bbox 177 1660 1944 1749">
    <p class='ocr_par' dir='ltr' id='par_1_19' title="bbox 177 1660 1944 1749">
     <span class='ocr_line' id='line_1_19' title="bbox 177 1660 1944 1749; baseline 0.001 -33"><span class='ocrx_word' id='word_1_123' title='bbox 177 1660 406 1718; x_wconf 89' lang='lat' dir='ltr'>videtur</span> <span class='ocrx_word' id='word_1_124' title='bbox 441 1662 625 1732; x_wconf 88' lang='lat' dir='ltr'>nobis,</span> <span class='ocrx_word' id='word_1_125' title='bbox 659 1662 707 1718; x_wconf 90' lang='lat' dir='ltr'>si</span> <span class='ocrx_word' id='word_1_126' title='bbox 756 1662 959 1734; x_wconf 88' lang='lat' dir='ltr'>placet,</span> <span class='ocrx_word' id='word_1_127' title='bbox 994 1662 1103 1720; x_wconf 89' lang='lat' dir='ltr'>hoc</span> <span class='ocrx_word' id='word_1_128' title='bbox 1132 1661 1412 1735; x_wconf 73' lang='lat' dir='ltr'>epismpis</span> <span class='ocrx_word' id='word_1_129' title='bbox 1453 1662 1739 1723; x_wconf 88' lang='lat' dir='ltr'>utendum</span> <span class='ocrx_word' id='word_1_130' title='bbox 1764 1675 1944 1749; x_wconf 81' lang='lat' dir='ltr'>esseB</span> 
     </span>
    </p>
   </div>
   <div class='ocr_carea' id='block_1_20' title="bbox 174 1749 1890 1825">
    <p class='ocr_par' dir='ltr' id='par_1_20' title="bbox 174 1749 1890 1825">
     <span class='ocr_line' id='line_1_20' title="bbox 174 1749 1890 1825; baseline -0.001 -18"><span class='ocrx_word' id='word_1_131' title='bbox 174 1749 435 1820; x_wconf 89' lang='lat' dir='ltr'>consilio,</span> <span class='ocrx_word' id='word_1_132' title='bbox 469 1757 532 1808; x_wconf 93' lang='lat' dir='ltr'>ut</span> <span class='ocrx_word' id='word_1_133' title='bbox 587 1750 859 1823; x_wconf 89' lang='lat' dir='ltr'>indignos</span> <span class='ocrx_word' id='word_1_134' title='bbox 894 1767 959 1809; x_wconf 94' lang='lat' dir='ltr'>ac</span> <span class='ocrx_word' id='word_1_135' title='bbox 1005 1751 1245 1825; x_wconf 86' lang='lat' dir='ltr'>turpiter</span> <span class='ocrx_word' id='word_1_136' title='bbox 1283 1751 1472 1825; x_wconf 89' lang='lat' dir='ltr'>lapsos</span> <span class='ocrx_word' id='word_1_137' title='bbox 1525 1749 1890 1808; x_wconf 82' lang='lat' dir='ltr'>administra-</span> 
     </span>
    </p>
   </div>
   <div class='ocr_carea' id='block_1_21' title="bbox 175 1839 1888 1914">
    <p class='ocr_par' dir='ltr' id='par_1_21' title="bbox 175 1839 1888 1914">
     <span class='ocr_line' id='line_1_21' title="bbox 175 1839 1888 1914; baseline -0.001 -18"><span class='ocrx_word' id='word_1_138' title='bbox 175 1839 329 1896; x_wconf 87' lang='lat' dir='ltr'>tione</span> <span class='ocrx_word' id='word_1_139' title='bbox 376 1840 729 1912; x_wconf 89' lang='lat' dir='ltr'>suspendant</span> <span class='ocrx_word' id='word_1_140' title='bbox 760 1858 774 1912; x_wconf 88' lang='lat'><strong>;</strong></span> <span class='ocrx_word' id='word_1_141' title='bbox 804 1882 805 1885; x_wconf 59' lang='grc' dir='ltr'><strong>η</strong></span> <span class='ocrx_word' id='word_1_142' title='bbox 832 1856 1004 1914; x_wconf 86' lang='lat' dir='ltr'>super</span> <span class='ocrx_word' id='word_1_143' title='bbox 1029 1856 1124 1899; x_wconf 92' lang='lat' dir='ltr'>eos</span> <span class='ocrx_word' id='word_1_144' title='bbox 1154 1846 1368 1911; x_wconf 89' lang='lat' dir='ltr'>autem,</span> <span class='ocrx_word' id='word_1_145' title='bbox 1411 1840 1530 1913; x_wconf 84' lang='lat' dir='ltr'>qui~</span> <span class='ocrx_word' id='word_1_146' title='bbox 1558 1854 1888 1911; x_wconf 75' lang='lat' dir='ltr'>permanse-</span> 
     </span>
    </p>
   </div>
   <div class='ocr_carea' id='block_1_22' title="bbox 176 1924 1909 2013">
    <p class='ocr_par' dir='ltr' id='par_1_22' title="bbox 176 1924 1909 2013">
     <span class='ocr_line' id='line_1_22' title="bbox 176 1924 1909 2013; baseline 0 -29"><span class='ocrx_word' id='word_1_147' title='bbox 176 1927 313 1998; x_wconf 85' lang='lat' dir='ltr'>rint,</span> <span class='ocrx_word' id='word_1_148' title='bbox 374 1927 611 1985; x_wconf 91' lang='lat' dir='ltr'>idoneos</span> <span class='ocrx_word' id='word_1_149' title='bbox 666 1944 698 1987; x_wconf 89' lang='lat' dir='ltr'>a</span> <span class='ocrx_word' id='word_1_150' title='bbox 748 1929 925 2013; x_wconf 80' lang='lat' dir='ltr'>latere</span> <span class='ocrx_word' id='word_1_151' title='bbox 976 1945 1088 1988; x_wconf 84' lang='lat' dir='ltr'>suo</span> <span class='ocrx_word' id='word_1_152' title='bbox 1138 1929 1314 1999; x_wconf 90' lang='lat' dir='ltr'>viros,</span> <span class='ocrx_word' id='word_1_153' title='bbox 1357 1930 1463 2002; x_wconf 87' lang='lat' dir='ltr'>qui</span> <span class='ocrx_word' id='word_1_154' title='bbox 1505 1943 1601 1986; x_wconf 91' lang='lat' dir='ltr'>eos</span> <span class='ocrx_word' id='word_1_155' title='bbox 1648 1924 1909 1986; x_wconf 75' lang='lat' dir='ltr'>debeaut’</span> 
     </span>
    </p>
   </div>
   <div class='ocr_carea' id='block_1_23' title="bbox 178 2015 1890 2088">
    <p class='ocr_par' dir='ltr' id='par_1_23' title="bbox 178 2015 1890 2088">
     <span class='ocr_line' id='line_1_23' title="bbox 178 2015 1890 2088; baseline 0.001 -17"><span class='ocrx_word' id='word_1_156' title='bbox 178 2015 512 2088; x_wconf 86' lang='lat' dir='ltr'>frequenter</span> <span class='ocrx_word' id='word_1_157' title='bbox 566 2016 842 2088; x_wconf 82' lang='lat' dir='ltr'>invisere,</span> <span class='ocrx_word' id='word_1_158' title='bbox 902 2024 959 2075; x_wconf 89' lang='lat' dir='ltr'>et</span> <span class='ocrx_word' id='word_1_159' title='bbox 1008 2018 1300 2076; x_wconf 89' lang='lat' dir='ltr'>custodire</span> <span class='ocrx_word' id='word_1_160' title='bbox 1353 2018 1733 2076; x_wconf 88' lang='lat' dir='ltr'>constituant.</span> <span class='ocrx_word' id='word_1_161' title='bbox 1783 2015 1890 2074; x_wconf 88' lang='lat' dir='ltr'>Cui</span> 
     </span>
    </p>
   </div>
   <div class='ocr_carea' id='block_1_24' title="bbox 177 2106 1890 2183">
    <p class='ocr_par' dir='ltr' id='par_1_24' title="bbox 177 2106 1890 2183">
     <span class='ocr_line' id='line_1_24' title="bbox 177 2106 1890 2183; baseline 0.001 -21"><span class='ocrx_word' id='word_1_162' title='bbox 177 2106 370 2163; x_wconf 87' lang='lat' dir='ltr'>simile</span> <span class='ocrx_word' id='word_1_163' title='bbox 400 2123 502 2165; x_wconf 87' lang='lat' dir='ltr'>rex</span> <span class='ocrx_word' id='word_1_164' title='bbox 535 2108 707 2166; x_wconf 89' lang='lat' dir='ltr'>etiam</span> <span class='ocrx_word' id='word_1_165' title='bbox 749 2110 1125 2183; x_wconf 83' lang='lat' dir='ltr'>Assyriorum</span> <span class='ocrx_word' id='word_1_166' title='bbox 1157 2110 1309 2179; x_wconf 85' lang='lat' dir='ltr'>fecit,</span> <span class='ocrx_word' id='word_1_167' title='bbox 1360 2125 1494 2167; x_wconf 92' lang='lat' dir='ltr'>cum</span> <span class='ocrx_word' id='word_1_168' title='bbox 1539 2108 1890 2166; x_wconf 86' lang='lat' dir='ltr'>sacerdotem</span> 
     </span>
    </p>
   </div>
   <div class='ocr_carea' id='block_1_25' title="bbox 90 2192 1891 2257">
    <p class='ocr_par' dir='ltr' id='par_1_25' title="bbox 90 2192 1891 2257">
     <span class='ocr_line' id='line_1_25' title="bbox 90 2192 1891 2257; baseline 0.002 -8"><span class='ocrx_word' id='word_1_169' title='bbox 90 2254 91 2257; x_wconf 31' lang='grc' dir='ltr'><strong>η</strong></span> <span class='ocrx_word' id='word_1_170' title='bbox 179 2193 249 2250; x_wconf 91' lang='lat' dir='ltr'>ad</span> <span class='ocrx_word' id='word_1_171' title='bbox 280 2192 650 2253; x_wconf 90' lang='lat' dir='ltr'>instruendos</span> <span class='ocrx_word' id='word_1_172' title='bbox 684 2204 919 2254; x_wconf 66' lang='lat' dir='ltr'>caeteros</span> <span class='ocrx_word' id='word_1_173' title='bbox 962 2198 1285 2256; x_wconf 84' lang='lat' dir='ltr'>Samariam</span> <span class='ocrx_word' id='word_1_174' title='bbox 1315 2197 1669 2254; x_wconf 89' lang='lat' dir='ltr'>destinavit:</span> <span class='ocrx_word' id='word_1_175' title='bbox 1709 2220 1729 2247; x_wconf 75' lang='grc' dir='ltr'>ι</span> <span class='ocrx_word' id='word_1_176' title='bbox 1770 2195 1891 2253; x_wconf 94' lang='lat' dir='ltr'>Du-</span> 
     </span>
    </p>
   </div>
   <div class='ocr_carea' id='block_1_26' title="bbox 180 2283 1895 2357">
    <p class='ocr_par' dir='ltr' id='par_1_26' title="bbox 180 2283 1895 2357">
     <span class='ocr_line' id='line_1_26' title="bbox 180 2283 1895 2357; baseline 0.001 -18"><span class='ocrx_word' id='word_1_177' title='bbox 180 2283 310 2353; x_wconf 89' lang='lat' dir='ltr'>cite,</span> <span class='ocrx_word' id='word_1_178' title='bbox 346 2305 364 2331; x_wconf 71' lang='grc' dir='ltr'><strong>υ</strong></span> <span class='ocrx_word' id='word_1_179' title='bbox 402 2283 614 2356; x_wconf 85' lang='lat' dir='ltr'>inquit,</span> <span class='ocrx_word' id='word_1_180' title='bbox 646 2308 665 2334; x_wconf 82' lang='grc' dir='ltr'>ι</span> <span class='ocrx_word' id='word_1_181' title='bbox 690 2284 809 2343; x_wconf 93' lang='lat' dir='ltr'>illic</span> <span class='ocrx_word' id='word_1_182' title='bbox 838 2302 1024 2344; x_wconf 90' lang='lat' dir='ltr'>unum</span> <span class='ocrx_word' id='word_1_183' title='bbox 1052 2287 1122 2344; x_wconf 89' lang='lat' dir='ltr'>de</span> <span class='ocrx_word' id='word_1_184' title='bbox 1150 2286 1564 2355; x_wconf 86' lang='lat' dir='ltr'>sacerdotibus,</span> <span class='ocrx_word' id='word_1_185' title='bbox 1592 2298 1737 2357; x_wconf 89' lang='lat' dir='ltr'>quos</span> <span class='ocrx_word' id='word_1_186' title='bbox 1760 2283 1895 2341; x_wconf 88' lang='lat' dir='ltr'>inde</span> 
     </span>
    </p>
   </div>
   <div class='ocr_carea' id='block_1_27' title="bbox 181 2372 1898 2446">
    <p class='ocr_par' dir='ltr' id='par_1_27' title="bbox 181 2372 1898 2446">
     <span class='ocr_line' id='line_1_27' title="bbox 181 2372 1898 2446; baseline -0.001 -14"><span class='ocrx_word' id='word_1_187' title='bbox 181 2372 435 2445; x_wconf 88' lang='lat' dir='ltr'>captivos</span> <span class='ocrx_word' id='word_1_188' title='bbox 470 2374 817 2439; x_wconf 80' lang='lat' dir='ltr'>adduxistis,</span> <span class='ocrx_word' id='word_1_189' title='bbox 872 2382 935 2433; x_wconf 89' lang='lat' dir='ltr'>ut</span> <span class='ocrx_word' id='word_1_190' title='bbox 990 2377 1207 2434; x_wconf 87' lang='lat' dir='ltr'>habitet</span> <span class='ocrx_word' id='word_1_191' title='bbox 1258 2391 1391 2434; x_wconf 91' lang='lat' dir='ltr'>cum</span> <span class='ocrx_word' id='word_1_192' title='bbox 1442 2376 1546 2446; x_wconf 86' lang='lat' dir='ltr'>eis,</span> <span class='ocrx_word' id='word_1_193' title='bbox 1594 2382 1650 2432; x_wconf 91' lang='lat' dir='ltr'>et</span> <span class='ocrx_word' id='word_1_194' title='bbox 1700 2375 1898 2432; x_wconf 87' lang='lat' dir='ltr'>doceat</span> 
     </span>
    </p>
   </div>
   <div class='ocr_carea' id='block_1_28' title="bbox 182 2463 1899 2536">
    <p class='ocr_par' dir='ltr' id='par_1_28' title="bbox 182 2463 1899 2536">
     <span class='ocr_line' id='line_1_28' title="bbox 182 2463 1899 2536; baseline -0.001 -15"><span class='ocrx_word' id='word_1_195' title='bbox 182 2478 277 2521; x_wconf 89' lang='lat' dir='ltr'>eos</span> <span class='ocrx_word' id='word_1_196' title='bbox 315 2463 571 2533; x_wconf 75' lang='lat' dir='ltr'>legitima</span> <span class='ocrx_word' id='word_1_197' title='bbox 621 2463 719 2520; x_wconf 88' lang='lat' dir='ltr'>Dei</span> <span class='ocrx_word' id='word_1_198' title='bbox 768 2470 935 2522; x_wconf 69' lang='lat' dir='ltr'>terrae</span> <span class='ocrx_word' id='word_1_199' title='bbox 981 2468 1081 2536; x_wconf 88' lang='lat' dir='ltr'>(IV</span> <span class='ocrx_word' id='word_1_200' title='bbox 1106 2469 1237 2533; x_wconf 82' lang='lat' dir='ltr'>Reg.</span> <span class='ocrx_word' id='word_1_201' title='bbox 1275 2466 1512 2536; x_wconf 51' lang='lat' dir='ltr'>XVII).‘»</span> <span class='ocrx_word' id='word_1_202' title='bbox 1567 2463 1677 2532; x_wconf 87' lang='lat' dir='ltr'>Qui</span> <span class='ocrx_word' id='word_1_203' title='bbox 1726 2463 1899 2521; x_wconf 91' lang='lat' dir='ltr'>nimi-</span> 
     </span>
    </p>
   </div>
   <div class='ocr_carea' id='block_1_29' title="bbox 181 2551 1898 2627">
    <p class='ocr_par' dir='ltr' id='par_1_29' title="bbox 181 2551 1898 2627">
     <span class='ocr_line' id='line_1_29' title="bbox 181 2551 1898 2627; baseline 0.001 -19"><span class='ocrx_word' id='word_1_204' title='bbox 181 2567 313 2609; x_wconf 87' lang='lat' dir='ltr'>rum</span> <span class='ocrx_word' id='word_1_205' title='bbox 348 2551 627 2622; x_wconf 87' lang='lat' dir='ltr'>sacerdos,</span> <span class='ocrx_word' id='word_1_206' title='bbox 662 2551 811 2610; x_wconf 88' lang='lat' dir='ltr'>sicut</span> <span class='ocrx_word' id='word_1_207' title='bbox 855 2554 1151 2627; x_wconf 86' lang='lat' dir='ltr'>Scriptura</span> <span class='ocrx_word' id='word_1_208' title='bbox 1181 2553 1570 2626; x_wconf 70' lang='lat' dir='ltr'>prOSrquitur,</span> <span class='ocrx_word' id='word_1_209' title='bbox 1616 2553 1898 2611; x_wconf 87' lang='lat' dir='ltr'>habitavit</span> 
     </span>
    </p>
   </div>
   <div class='ocr_carea' id='block_1_30' title="bbox 182 2642 1892 2717">
    <p class='ocr_par' dir='ltr' id='par_1_30' title="bbox 182 2642 1892 2717">
     <span class='ocr_line' id='line_1_30' title="bbox 182 2642 1892 2717; baseline 0.002 -19"><span class='ocrx_word' id='word_1_210' title='bbox 182 2642 245 2699; x_wconf 90' lang='lat' dir='ltr'>in</span> <span class='ocrx_word' id='word_1_211' title='bbox 277 2642 496 2713; x_wconf 87' lang='lat' dir='ltr'>Bethel,</span> <span class='ocrx_word' id='word_1_212' title='bbox 549 2649 602 2700; x_wconf 92' lang='lat' dir='ltr'>et</span> <span class='ocrx_word' id='word_1_213' title='bbox 646 2642 884 2700; x_wconf 90' lang='lat' dir='ltr'>docebat</span> <span class='ocrx_word' id='word_1_214' title='bbox 927 2644 1215 2717; x_wconf 88' lang='lat' dir='ltr'>quomodo</span> <span class='ocrx_word' id='word_1_215' title='bbox 1258 2645 1511 2702; x_wconf 91' lang='lat' dir='ltr'>colerent</span> <span class='ocrx_word' id='word_1_216' title='bbox 1555 2644 1892 2703; x_wconf 92' lang='lat' dir='ltr'>Dominum.</span> 
     </span>
    </p>
   </div>
   <div class='ocr_carea' id='block_1_31' title="bbox 184 2731 1894 2808">
    <p class='ocr_par' dir='ltr' id='par_1_31' title="bbox 184 2731 1894 2808">
     <span class='ocr_line' id='line_1_31' title="bbox 184 2731 1894 2808; baseline 0.003 -20"><span class='ocrx_word' id='word_1_217' title='bbox 184 2731 245 2789; x_wconf 92' lang='lat' dir='ltr'>1n</span> <span class='ocrx_word' id='word_1_218' title='bbox 288 2733 485 2790; x_wconf 90' lang='lat' dir='ltr'>Bethel</span> <span class='ocrx_word' id='word_1_219' title='bbox 530 2750 685 2806; x_wconf 88' lang='lat' dir='ltr'>ergo,</span> <span class='ocrx_word' id='word_1_220' title='bbox 734 2735 843 2792; x_wconf 93' lang='lat' dir='ltr'>hoc</span> <span class='ocrx_word' id='word_1_221' title='bbox 888 2743 992 2806; x_wconf 90' lang='lat' dir='ltr'>est,</span> <span class='ocrx_word' id='word_1_222' title='bbox 1026 2735 1091 2794; x_wconf 92' lang='lat' dir='ltr'>in</span> <span class='ocrx_word' id='word_1_223' title='bbox 1121 2736 1292 2795; x_wconf 92' lang='lat' dir='ltr'>domo</span> <span class='ocrx_word' id='word_1_224' title='bbox 1342 2736 1468 2806; x_wconf 91' lang='lat' dir='ltr'>Dei,</span> <span class='ocrx_word' id='word_1_225' title='bbox 1512 2737 1760 2808; x_wconf 87' lang='lat' dir='ltr'>dignum</span> <span class='ocrx_word' id='word_1_226' title='bbox 1810 2744 1894 2794; x_wconf 87' lang='lat' dir='ltr'>est</span> 
     </span>
    </p>
   </div>
   <div class='ocr_carea' id='block_1_32' title="bbox 184 2823 1917 2900">
    <p class='ocr_par' dir='ltr' id='par_1_32' title="bbox 184 2823 1917 2900">
     <span class='ocr_line' id='line_1_32' title="bbox 184 2823 1917 2900; baseline 0.005 -22"><span class='ocrx_word' id='word_1_227' title='bbox 184 2823 464 2893; x_wconf 86' lang='lat' dir='ltr'>potiorem</span> <span class='ocrx_word' id='word_1_228' title='bbox 515 2824 850 2897; x_wconf 87' lang='lat' dir='ltr'>quempiam</span> <span class='ocrx_word' id='word_1_229' title='bbox 877 2826 1211 2898; x_wconf 66' lang='lat' dir='ltr'>praesidere,</span> <span class='ocrx_word' id='word_1_230' title='bbox 1247 2827 1350 2900; x_wconf 93' lang='lat' dir='ltr'>qui</span> <span class='ocrx_word' id='word_1_231' title='bbox 1402 2828 1767 2886; x_wconf 89' lang='lat' dir='ltr'>sacerdotalis</span> <span class='ocrx_word' id='word_1_232' title='bbox 1811 2827 1917 2886; x_wconf 78' lang='lat' dir='ltr'>of--</span> 
     </span>
    </p>
   </div>
   <div class='ocr_carea' id='block_1_33' title="bbox 189 2910 1893 3001">
    <p class='ocr_par' dir='ltr' id='par_1_33' title="bbox 189 2910 1893 3001">
     <span class='ocr_line' id='line_1_33' title="bbox 189 2910 1893 3001; baseline 0.004 -33"><span class='ocrx_word' id='word_1_233' title='bbox 189 2910 307 2968; x_wconf 85' lang='lat' dir='ltr'>ﬁcii</span> <span class='ocrx_word' id='word_1_234' title='bbox 342 2912 569 3001; x_wconf 74' lang='lat' dir='ltr'>regulis</span> <span class='ocrx_word' id='word_1_235' title='bbox 616 2920 849 2972; x_wconf 63' lang='lat' dir='ltr'>caeteros</span> <span class='ocrx_word' id='word_1_236' title='bbox 891 2916 1069 2989; x_wconf 91' lang='lat' dir='ltr'>possit</span> <span class='ocrx_word' id='word_1_237' title='bbox 1097 2916 1381 2976; x_wconf 88' lang='lat' dir='ltr'>imbuere.</span> <span class='ocrx_word' id='word_1_238' title='bbox 1435 2917 1580 3001; x_wconf 69' lang='lat' dir='ltr'>Nam</span> <span class='ocrx_word' id='word_1_239' title='bbox 1621 2917 1789 2975; x_wconf 89' lang='lat' dir='ltr'>valde</span> 
     </span>
    </p>
   </div>
   <div class='ocr_carea' id='block_1_34' title="bbox 190 2996 1894 3079">
    <p class='ocr_par' dir='ltr' id='par_1_34' title="bbox 190 2996 1894 3079">
     <span class='ocr_line' id='line_1_34' title="bbox 190 2996 1894 3079; baseline 0.004 -23"><span class='ocrx_word' id='word_1_240' title='bbox 190 2998 469 3058; x_wconf 89' lang='lat' dir='ltr'>mendum</span> <span class='ocrx_word' id='word_1_241' title='bbox 521 3008 625 3072; x_wconf 87' lang='lat' dir='ltr'>est,</span> <span class='ocrx_word' id='word_1_242' title='bbox 665 3003 818 3074; x_wconf 91' lang='lat' dir='ltr'>quod</span> <span class='ocrx_word' id='word_1_243' title='bbox 867 2996 1549 3079; x_wconf 71' lang='lat' dir='ltr'>per&#39;MoysendiciturE</span> <span class='ocrx_word' id='word_1_244' title='bbox 1605 3028 1626 3056; x_wconf 76' lang='grc' dir='ltr'><strong>α</strong></span> <span class='ocrx_word' id='word_1_245' title='bbox 1659 2996 1894 3077; x_wconf 83' lang='lat' dir='ltr'>Anima,</span> 
     </span>
    </p>
   </div>
   <div class='ocr_carea' id='block_1_35' title="bbox 1961 405 3667 487">
    <p class='ocr_par' dir='ltr' id='par_1_35' title="bbox 1961 405 3667 487">
     <span class='ocr_line' id='line_1_35' title="bbox 1961 405 3667 487; baseline -0.005 -15"><span class='ocrx_word' id='word_1_246' title='bbox 1961 420 2191 485; x_wconf 89' lang='lat' dir='ltr'>unctus,</span> <span class='ocrx_word' id='word_1_247' title='bbox 2232 413 2567 487; x_wconf 86' lang='lat' dir='ltr'>peccaverit,</span> <span class='ocrx_word' id='word_1_248' title='bbox 2599 413 2938 487; x_wconf 88' lang='lat' dir='ltr'>delinquere</span> <span class='ocrx_word' id='word_1_249' title='bbox 2974 409 3189 466; x_wconf 84' lang='lat' dir='ltr'>faciens</span> <span class='ocrx_word' id='word_1_250' title='bbox 3243 405 3543 481; x_wconf 85' lang='lat' dir='ltr'>pOpulum.</span> <span class='ocrx_word' id='word_1_251' title='bbox 3579 406 3667 464; x_wconf 89' lang='lat' dir='ltr'>of-</span> 
     </span>
    </p>
   </div>
   <div class='ocr_carea' id='block_1_36' title="bbox 1962 495 3667 577">
    <p class='ocr_par' dir='ltr' id='par_1_36' title="bbox 1962 495 3667 577">
     <span class='ocr_line' id='line_1_36' title="bbox 1962 495 3667 577; baseline -0.005 -16"><span class='ocrx_word' id='word_1_252' title='bbox 1962 503 2099 561; x_wconf 89' lang='lat' dir='ltr'>feret</span> <span class='ocrx_word' id='word_1_253' title='bbox 2135 518 2235 576; x_wconf 91' lang='lat' dir='ltr'>pro</span> <span class='ocrx_word' id='word_1_254' title='bbox 2277 510 2503 577; x_wconf 90' lang='lat' dir='ltr'>peccato</span> <span class='ocrx_word' id='word_1_255' title='bbox 2532 517 2639 560; x_wconf 87' lang='lat' dir='ltr'>suo</span> <span class='ocrx_word' id='word_1_256' title='bbox 2668 500 2919 558; x_wconf 89' lang='lat' dir='ltr'>vitulum</span> <span class='ocrx_word' id='word_1_257' title='bbox 2948 497 3385 555; x_wconf 88' lang='lat' dir='ltr'>immaculatum</span> <span class='ocrx_word' id='word_1_258' title='bbox 3418 495 3667 553; x_wconf 90' lang='lat' dir='ltr'>Domino</span> 
     </span>
    </p>
   </div>
   <div class='ocr_carea' id='block_1_37' title="bbox 1963 582 3666 664">
    <p class='ocr_par' dir='ltr' id='par_1_37' title="bbox 1963 582 3666 664">
     <span class='ocr_line' id='line_1_37' title="bbox 1963 582 3666 664; baseline -0.004 -17"><span class='ocrx_word' id='word_1_259' title='bbox 1963 595 2155 660; x_wconf 75' lang='lat' dir='ltr'>(Leuit.</span> <span class='ocrx_word' id='word_1_260' title='bbox 2190 600 2295 659; x_wconf 87' lang='lat' dir='ltr'><strong>IV).</strong></span> <span class='ocrx_word' id='word_1_261' title='bbox 2326 616 2352 641; x_wconf 82' lang='lat'><strong>»</strong></span> <span class='ocrx_word' id='word_1_262' title='bbox 2398 592 2485 648; x_wconf 87' lang='lat' dir='ltr'>Ex</span> <span class='ocrx_word' id='word_1_263' title='bbox 2514 590 2728 664; x_wconf 87' lang='lat' dir='ltr'>quibus</span> <span class='ocrx_word' id='word_1_264' title='bbox 2754 586 2943 645; x_wconf 89' lang='lat' dir='ltr'>verbis</span> <span class='ocrx_word' id='word_1_265' title='bbox 2973 585 3122 643; x_wconf 92' lang='lat' dir='ltr'>illud</span> <span class='ocrx_word' id='word_1_266' title='bbox 3173 582 3539 642; x_wconf 81' lang='lat' dir='ltr'>formidolosa</span> <span class='ocrx_word' id='word_1_267' title='bbox 3560 597 3666 647; x_wconf 87' lang='lat' dir='ltr'>no-</span> 
     </span>
    </p>
   </div>
   <div class='ocr_carea' id='block_1_38' title="bbox 1966 674 3664 754">
    <p class='ocr_par' dir='ltr' id='par_1_38' title="bbox 1966 674 3664 754">
     <span class='ocr_line' id='line_1_38' title="bbox 1966 674 3664 754; baseline -0.005 -18"><span class='ocrx_word' id='word_1_268' title='bbox 1966 680 2206 738; x_wconf 90' lang='lat' dir='ltr'>tandum</span> <span class='ocrx_word' id='word_1_269' title='bbox 2235 688 2337 750; x_wconf 90' lang='lat' dir='ltr'>est,</span> <span class='ocrx_word' id='word_1_270' title='bbox 2368 679 2521 754; x_wconf 89' lang='lat' dir='ltr'>quod</span> <span class='ocrx_word' id='word_1_271' title='bbox 2550 680 2631 737; x_wconf 86' lang='lat' dir='ltr'>ait</span> <span class='ocrx_word' id='word_1_272' title='bbox 2660 701 2675 736; x_wconf 94' lang='lat'>:</span> <span class='ocrx_word' id='word_1_273' title='bbox 2712 703 2737 730; x_wconf 75' lang='grc' dir='ltr'><strong><em>α</em></strong></span> <span class='ocrx_word' id='word_1_274' title='bbox 2773 678 2833 735; x_wconf 89' lang='lat' dir='ltr'>Si</span> <span class='ocrx_word' id='word_1_275' title='bbox 2864 676 3144 739; x_wconf 85' lang='lat' dir='ltr'>sacerdos,</span> <span class='ocrx_word' id='word_1_276' title='bbox 3182 674 3283 747; x_wconf 90' lang='lat' dir='ltr'>qui</span> <span class='ocrx_word' id='word_1_277' title='bbox 3316 679 3527 731; x_wconf 91' lang='lat' dir='ltr'>unctus</span> <span class='ocrx_word' id='word_1_278' title='bbox 3560 676 3664 739; x_wconf 88' lang='lat' dir='ltr'>est,</span> 
     </span>
    </p>
   </div>
   <div class='ocr_carea' id='block_1_39' title="bbox 1962 760 3669 845">
    <p class='ocr_par' dir='ltr' id='par_1_39' title="bbox 1962 760 3669 845">
     <span class='ocr_line' id='line_1_39' title="bbox 1962 760 3669 845; baseline -0.006 -16"><span class='ocrx_word' id='word_1_279' title='bbox 1962 771 2305 845; x_wconf 87' lang='lat' dir='ltr'>peccaverit,</span> <span class='ocrx_word' id='word_1_280' title='bbox 2370 771 2711 844; x_wconf 84' lang='lat' dir='ltr'>delinquere</span> <span class='ocrx_word' id='word_1_281' title='bbox 2776 767 2992 825; x_wconf 80' lang='lat' dir='ltr'>faciens</span> <span class='ocrx_word' id='word_1_282' title='bbox 3048 763 3375 845; x_wconf 84' lang='lat' dir='ltr'>populum;</span> <span class='ocrx_word' id='word_1_283' title='bbox 3421 785 3447 812; x_wconf 70' lang='grc' dir='ltr'><strong>η</strong></span> <span class='ocrx_word' id='word_1_284' title='bbox 3531 760 3669 833; x_wconf 91' lang='lat' dir='ltr'>quia</span> 
     </span>
    </p>
   </div>
   <div class='ocr_carea' id='block_1_40' title="bbox 1965 838 3671 929">
    <p class='ocr_par' dir='ltr' id='par_1_40' title="bbox 1965 838 3671 929">
     <span class='ocr_line' id='line_1_40' title="bbox 1965 838 3671 929; baseline -0.008 -12"><span class='ocrx_word' id='word_1_285' title='bbox 1965 838 2247 917; x_wconf 78' lang='lat' dir='ltr'>nimirum</span> <span class='ocrx_word' id='word_1_286' title='bbox 2289 838 2587 923; x_wconf 76' lang='lat' dir='ltr'>sacerdos,</span> <span class='ocrx_word' id='word_1_287' title='bbox 2632 856 2735 929; x_wconf 92' lang='lat' dir='ltr'>qui</span> <span class='ocrx_word' id='word_1_288' title='bbox 2782 856 2964 927; x_wconf 84' lang='lat' dir='ltr'>legem</span> <span class='ocrx_word' id='word_1_289' title='bbox 3013 838 3459 910; x_wconf 81' lang='lat' dir='ltr'>Deinesciendo</span> <span class='ocrx_word' id='word_1_290' title='bbox 3490 848 3671 908; x_wconf 89' lang='lat' dir='ltr'>delin-</span> 
     </span>
    </p>
   </div>
   <div class='ocr_carea' id='block_1_41' title="bbox 1965 938 3670 1022">
    <p class='ocr_par' dir='ltr' id='par_1_41' title="bbox 1965 938 3670 1022">
     <span class='ocr_line' id='line_1_41' title="bbox 1965 938 3670 1022; baseline -0.007 -16"><span class='ocrx_word' id='word_1_291' title='bbox 1965 950 2112 1022; x_wconf 92' lang='lat' dir='ltr'>quit,</span> <span class='ocrx_word' id='word_1_292' title='bbox 2169 948 2292 1006; x_wconf 88' lang='lat' dir='ltr'>suis</span> <span class='ocrx_word' id='word_1_293' title='bbox 2340 947 2512 1005; x_wconf 90' lang='lat' dir='ltr'>etiam</span> <span class='ocrx_word' id='word_1_294' title='bbox 2557 946 2840 1021; x_wconf 91' lang='lat' dir='ltr'>populum</span> <span class='ocrx_word' id='word_1_295' title='bbox 2884 944 2945 1001; x_wconf 91' lang='lat' dir='ltr'>in</span> <span class='ocrx_word' id='word_1_296' title='bbox 2976 942 3242 1016; x_wconf 82' lang='lat' dir='ltr'>‘peccatis</span> <span class='ocrx_word' id='word_1_297' title='bbox 3300 938 3570 1009; x_wconf 91' lang='lat' dir='ltr'>involvit,</span> <span class='ocrx_word' id='word_1_298' title='bbox 3613 943 3670 995; x_wconf 90' lang='lat' dir='ltr'>et</span> 
     </span>
    </p>
   </div>
   <div class='ocr_carea' id='block_1_42' title="bbox 1968 1026 3667 1114">
    <p class='ocr_par' dir='ltr' id='par_1_42' title="bbox 1968 1026 3667 1114">
     <span class='ocr_line' id='line_1_42' title="bbox 1968 1026 3667 1114; baseline -0.008 -17"><span class='ocrx_word' id='word_1_299' title='bbox 1968 1054 2117 1114; x_wconf 89' lang='lat' dir='ltr'>quos</span> <span class='ocrx_word' id='word_1_300' title='bbox 2144 1037 2345 1095; x_wconf 88' lang='lat' dir='ltr'>doctus</span> <span class='ocrx_word' id='word_1_301' title='bbox 2383 1036 2639 1095; x_wconf 90' lang='lat' dir='ltr'>relevare</span> <span class='ocrx_word' id='word_1_302' title='bbox 2672 1038 2952 1109; x_wconf 88' lang='lat' dir='ltr'>potuerat,</span> <span class='ocrx_word' id='word_1_303' title='bbox 2983 1046 3179 1090; x_wconf 87' lang='lat' dir='ltr'>secum</span> <span class='ocrx_word' id='word_1_304' title='bbox 3219 1027 3400 1087; x_wconf 92' lang='lat' dir='ltr'>simul</span> <span class='ocrx_word' id='word_1_305' title='bbox 3427 1043 3526 1101; x_wconf 90' lang='lat' dir='ltr'>per</span> <span class='ocrx_word' id='word_1_306' title='bbox 3556 1026 3667 1084; x_wconf 86' lang='lat' dir='ltr'>im-</span> 
     </span>
    </p>
   </div>
   <div class='ocr_carea' id='block_1_43' title="bbox 1965 1127 3662 1209">
    <p class='ocr_par' dir='ltr' id='par_1_43' title="bbox 1965 1127 3662 1209">
     <span class='ocr_line' id='line_1_43' title="bbox 1965 1127 3662 1209; baseline -0.001 -24"><span class='ocrx_word' id='word_1_307' title='bbox 1965 1127 2231 1202; x_wconf 86' lang='lat' dir='ltr'>peritiam</span> <span class='ocrx_word' id='word_1_308' title='bbox 2259 1134 2474 1201; x_wconf 85' lang='lat' dir='ltr'>gravat.</span> <span class='ocrx_word' id='word_1_309' title='bbox 3458 1128 3499 1209; x_wconf 84' lang='lat'>_‘</span> <span class='ocrx_word' id='word_1_310' title='bbox 3600 1152 3603 1155; x_wconf 55' lang='grc' dir='ltr'>π</span> <span class='ocrx_word' id='word_1_311' title='bbox 3654 1196 3662 1209; x_wconf 29' lang='grc' dir='ltr'>ι</span> 
     </span>
    </p>
   </div>
   <div class='ocr_carea' id='block_1_44' title="bbox 2039 1206 3666 1290">
    <p class='ocr_par' dir='ltr' id='par_1_44' title="bbox 2039 1206 3666 1290">
     <span class='ocr_line' id='line_1_44' title="bbox 2039 1206 3666 1290; baseline -0.009 -14"><span class='ocrx_word' id='word_1_312' title='bbox 2039 1218 2130 1276; x_wconf 91' lang='lat' dir='ltr'>Tu</span> <span class='ocrx_word' id='word_1_313' title='bbox 2164 1234 2319 1290; x_wconf 93' lang='lat' dir='ltr'>vero,</span> <span class='ocrx_word' id='word_1_314' title='bbox 2366 1214 2694 1275; x_wconf 90' lang='lat' dir='ltr'>venerande</span> <span class='ocrx_word' id='word_1_315' title='bbox 2718 1213 2830 1283; x_wconf 91' lang='lat' dir='ltr'>vir,</span> <span class='ocrx_word' id='word_1_316' title='bbox 2871 1226 3046 1286; x_wconf 89' lang='lat' dir='ltr'>quem</span> <span class='ocrx_word' id='word_1_317' title='bbox 3073 1215 3129 1267; x_wconf 90' lang='lat' dir='ltr'>et</span> <span class='ocrx_word' id='word_1_318' title='bbox 3155 1211 3275 1268; x_wconf 88' lang='lat' dir='ltr'>vita</span> <span class='ocrx_word' id='word_1_319' title='bbox 3304 1206 3666 1281; x_wconf 77' lang='lat' dir='ltr'>prmclarum,</span> 
     </span>
    </p>
   </div>
   <div class='ocr_carea' id='block_1_45' title="bbox 1966 1300 3668 1381">
    <p class='ocr_par' dir='ltr' id='par_1_45' title="bbox 1966 1300 3668 1381">
     <span class='ocr_line' id='line_1_45' title="bbox 1966 1300 3668 1381; baseline -0.007 -13"><span class='ocrx_word' id='word_1_320' title='bbox 1966 1318 2022 1369; x_wconf 89' lang='lat' dir='ltr'>et</span> <span class='ocrx_word' id='word_1_321' title='bbox 2069 1310 2329 1367; x_wconf 88' lang='lat' dir='ltr'>doctrina</span> <span class='ocrx_word' id='word_1_322' title='bbox 2383 1308 2807 1381; x_wconf 90' lang='lat' dir='ltr'>conspicuum:</span> <span class='ocrx_word' id='word_1_323' title='bbox 2858 1310 2918 1361; x_wconf 86' lang='lat' dir='ltr'>et</span> <span class='ocrx_word' id='word_1_324' title='bbox 2963 1302 3115 1376; x_wconf 91' lang='lat' dir='ltr'>quod</span> <span class='ocrx_word' id='word_1_325' title='bbox 3166 1301 3259 1364; x_wconf 87' lang='lat' dir='ltr'>his</span> <span class='ocrx_word' id='word_1_326' title='bbox 3299 1300 3668 1373; x_wconf 65' lang='lat' dir='ltr'>praestantius</span> 
     </span>
    </p>
   </div>
   <div class='ocr_carea' id='block_1_46' title="bbox 1967 1389 3669 1473">
    <p class='ocr_par' dir='ltr' id='par_1_46' title="bbox 1967 1389 3669 1473">
     <span class='ocr_line' id='line_1_46' title="bbox 1967 1389 3669 1473; baseline -0.008 -14"><span class='ocrx_word' id='word_1_327' title='bbox 1967 1407 2071 1471; x_wconf 91' lang='lat' dir='ltr'>est,</span> <span class='ocrx_word' id='word_1_328' title='bbox 2103 1397 2378 1473; x_wconf 88' lang='lat' dir='ltr'>spiritalis</span> <span class='ocrx_word' id='word_1_329' title='bbox 2404 1397 2513 1454; x_wconf 88' lang='lat' dir='ltr'>zeli</span> <span class='ocrx_word' id='word_1_330' title='bbox 2563 1398 2756 1453; x_wconf 87' lang='lat' dir='ltr'>fervor</span> <span class='ocrx_word' id='word_1_331' title='bbox 2811 1393 2996 1452; x_wconf 86' lang='lat' dir='ltr'>reddit</span> <span class='ocrx_word' id='word_1_332' title='bbox 3053 1407 3383 1461; x_wconf 89' lang='lat' dir='ltr'>accensum,</span> <span class='ocrx_word' id='word_1_333' title='bbox 3414 1391 3496 1448; x_wconf 91' lang='lat' dir='ltr'>sic</span> <span class='ocrx_word' id='word_1_334' title='bbox 3537 1389 3669 1447; x_wconf 90' lang='lat' dir='ltr'>aliis</span> 
     </span>
    </p>
   </div>
   <div class='ocr_carea' id='block_1_47' title="bbox 1962 1478 3673 1561">
    <p class='ocr_par' dir='ltr' id='par_1_47' title="bbox 1962 1478 3673 1561">
     <span class='ocr_line' id='line_1_47' title="bbox 1962 1478 3673 1561; baseline -0.006 -16"><span class='ocrx_word' id='word_1_335' title='bbox 1962 1487 2266 1561; x_wconf 77' lang='lat' dir='ltr'>juniorUm</span> <span class='ocrx_word' id='word_1_336' title='bbox 2298 1482 2634 1542; x_wconf 89' lang='lat' dir='ltr'>memineris</span> <span class='ocrx_word' id='word_1_337' title='bbox 2681 1482 2945 1554; x_wconf 81' lang='lat' dir='ltr'>delegare</span> <span class='ocrx_word' id='word_1_338' title='bbox 2988 1479 3326 1549; x_wconf 86' lang='lat' dir='ltr'>custodiam,</span> <span class='ocrx_word' id='word_1_339' title='bbox 3358 1486 3422 1537; x_wconf 81' lang='lat' dir='ltr'>ut</span> <span class='ocrx_word' id='word_1_340' title='bbox 3464 1485 3521 1535; x_wconf 91' lang='lat' dir='ltr'>et</span> <span class='ocrx_word' id='word_1_341' title='bbox 3550 1478 3673 1551; x_wconf 90' lang='lat' dir='ltr'>ipse</span> 
     </span>
    </p>
   </div>
   <div class='ocr_carea' id='block_1_48' title="bbox 1967 1562 3675 1651">
    <p class='ocr_par' dir='ltr' id='par_1_48' title="bbox 1967 1562 3675 1651">
     <span class='ocr_line' id='line_1_48' title="bbox 1967 1562 3675 1651; baseline -0.006 -15"><span class='ocrx_word' id='word_1_342' title='bbox 1967 1579 2302 1651; x_wconf 88' lang='lat' dir='ltr'>frequenter</span> <span class='ocrx_word' id='word_1_343' title='bbox 2354 1576 2473 1634; x_wconf 92' lang='lat' dir='ltr'>huc</span> <span class='ocrx_word' id='word_1_344' title='bbox 2524 1573 2776 1647; x_wconf 89' lang='lat' dir='ltr'>illucque</span> <span class='ocrx_word' id='word_1_345' title='bbox 2852 1562 3179 1629; x_wconf 81' lang='lat' dir='ltr'>discurrere</span> <span class='ocrx_word' id='word_1_346' title='bbox 3247 1585 3367 1628; x_wconf 92' lang='lat' dir='ltr'>non</span> <span class='ocrx_word' id='word_1_347' title='bbox 3423 1569 3675 1627; x_wconf 90' lang='lat' dir='ltr'>omittas.</span> 
     </span>
    </p>
   </div>
   <div class='ocr_carea' id='block_1_49' title="bbox 1969 1658 3675 1740">
    <p class='ocr_par' dir='ltr' id='par_1_49' title="bbox 1969 1658 3675 1740">
     <span class='ocr_line' id='line_1_49' title="bbox 1969 1658 3675 1740; baseline -0.006 -14"><span class='ocrx_word' id='word_1_348' title='bbox 1969 1669 2209 1728; x_wconf 85' lang='lat' dir='ltr'>Faciens</span> <span class='ocrx_word' id='word_1_349' title='bbox 2272 1665 2429 1740; x_wconf 89' lang='lat' dir='ltr'>quod</span> <span class='ocrx_word' id='word_1_350' title='bbox 2491 1666 2750 1723; x_wconf 85' lang='lat' dir='ltr'>hortatur</span> <span class='ocrx_word' id='word_1_351' title='bbox 2826 1662 3095 1722; x_wconf 88' lang='lat' dir='ltr'>Salomon</span> <span class='ocrx_word' id='word_1_352' title='bbox 3173 1660 3234 1718; x_wconf 90' lang='lat' dir='ltr'>in</span> <span class='ocrx_word' id='word_1_353' title='bbox 3304 1658 3675 1718; x_wconf 88' lang='lat' dir='ltr'>Proverbiis:</span> 
     </span>
    </p>
   </div>
   <div class='ocr_carea' id='block_1_50' title="bbox 1978 1744 3677 1825">
    <p class='ocr_par' dir='ltr' id='par_1_50' title="bbox 1978 1744 3677 1825">
     <span class='ocr_line' id='line_1_50' title="bbox 1978 1744 3677 1825; baseline -0.005 -16"><span class='ocrx_word' id='word_1_354' title='bbox 1978 1777 2005 1809; x_wconf 83' lang='grc'><strong>‹‹</strong></span> <span class='ocrx_word' id='word_1_355' title='bbox 2038 1756 2329 1825; x_wconf 90' lang='lat' dir='ltr'>Discurre,</span> <span class='ocrx_word' id='word_1_356' title='bbox 2368 1752 2596 1821; x_wconf 89' lang='lat' dir='ltr'>festina,</span> <span class='ocrx_word' id='word_1_357' title='bbox 2649 1750 2863 1809; x_wconf 90' lang='lat' dir='ltr'>suscita</span> <span class='ocrx_word' id='word_1_358' title='bbox 2913 1749 3169 1807; x_wconf 90' lang='lat' dir='ltr'>amicum</span> <span class='ocrx_word' id='word_1_359' title='bbox 3220 1752 3406 1816; x_wconf 90' lang='lat' dir='ltr'>tuum,</span> <span class='ocrx_word' id='word_1_360' title='bbox 3448 1761 3538 1813; x_wconf 36' lang='lat' dir='ltr'>,ne</span> <span class='ocrx_word' id='word_1_361' title='bbox 3575 1744 3677 1802; x_wconf 86' lang='lat' dir='ltr'>de-</span> 
     </span>
    </p>
   </div>
   <div class='ocr_carea' id='block_1_51' title="bbox 1974 1830 3679 1910">
    <p class='ocr_par' dir='ltr' id='par_1_51' title="bbox 1974 1830 3679 1910">
     <span class='ocr_line' id='line_1_51' title="bbox 1974 1830 3679 1910; baseline -0.008 -5"><span class='ocrx_word' id='word_1_362' title='bbox 1974 1846 2128 1905; x_wconf 86' lang='lat' dir='ltr'>deris</span> <span class='ocrx_word' id='word_1_363' title='bbox 2175 1858 2446 1903; x_wconf 89' lang='lat' dir='ltr'>somnum</span> <span class='ocrx_word' id='word_1_364' title='bbox 2498 1841 2684 1899; x_wconf 91' lang='lat' dir='ltr'>oculis</span> <span class='ocrx_word' id='word_1_365' title='bbox 2740 1830 2872 1910; x_wconf 81' lang='lat' dir='ltr'>tuis,</span> <span class='ocrx_word' id='word_1_366' title='bbox 2925 1855 2999 1897; x_wconf 89' lang='lat' dir='ltr'>ne</span> <span class='ocrx_word' id='word_1_367' title='bbox 3033 1835 3343 1896; x_wconf 89' lang='lat' dir='ltr'>dormitent</span> <span class='ocrx_word' id='word_1_368' title='bbox 3388 1833 3679 1909; x_wconf 70' lang='lat' dir='ltr'>palpebrze</span> 
     </span>
    </p>
   </div>
   <div class='ocr_carea' id='block_1_52' title="bbox 1977 1922 3677 2005">
    <p class='ocr_par' dir='ltr' id='par_1_52' title="bbox 1977 1922 3677 2005">
     <span class='ocr_line' id='line_1_52' title="bbox 1977 1922 3677 2005; baseline -0.009 -10"><span class='ocrx_word' id='word_1_369' title='bbox 1977 1943 2093 1995; x_wconf 69' lang='lat' dir='ltr'>tute</span> <span class='ocrx_word' id='word_1_370' title='bbox 2124 1938 2301 2005; x_wconf 83' lang='lat' dir='ltr'>(Prov.</span> <span class='ocrx_word' id='word_1_371' title='bbox 2344 1931 2444 2003; x_wconf 73' lang='lat' dir='ltr'>vr).</span> <span class='ocrx_word' id='word_1_372' title='bbox 2483 1952 2503 1981; x_wconf 64' lang='grc' dir='ltr'><strong>η</strong></span> <span class='ocrx_word' id='word_1_373' title='bbox 2564 1928 2717 1987; x_wconf 92' lang='lat' dir='ltr'>Illud</span> <span class='ocrx_word' id='word_1_374' title='bbox 2769 1942 3000 2002; x_wconf 88' lang='lat' dir='ltr'>quoque</span> <span class='ocrx_word' id='word_1_375' title='bbox 3048 1941 3181 1993; x_wconf 77' lang='lat' dir='ltr'>non,</span> <span class='ocrx_word' id='word_1_376' title='bbox 3222 1925 3469 1992; x_wconf 86' lang='lat' dir='ltr'>excidat,</span> <span class='ocrx_word' id='word_1_377' title='bbox 3524 1922 3677 1997; x_wconf 91' lang='lat' dir='ltr'>quod</span> 
     </span>
    </p>
   </div>
   <div class='ocr_carea' id='block_1_53' title="bbox 1972 2010 3717 2098">
    <p class='ocr_par' dir='ltr' id='par_1_53' title="bbox 1972 2010 3717 2098">
     <span class='ocr_line' id='line_1_53' title="bbox 1972 2010 3717 2098; baseline -0.009 -15"><span class='ocrx_word' id='word_1_378' title='bbox 1972 2022 2342 2098; x_wconf 88' lang='lat' dir='ltr'>postmodum</span> <span class='ocrx_word' id='word_1_379' title='bbox 2404 2020 2587 2077; x_wconf 90' lang='lat' dir='ltr'>dicit:</span> <span class='ocrx_word' id='word_1_380' title='bbox 2651 2042 2678 2068; x_wconf 79' lang='grc' dir='ltr'>α</span> <span class='ocrx_word' id='word_1_381' title='bbox 2715 2018 2869 2076; x_wconf 89' lang='lat' dir='ltr'>Erue</span> <span class='ocrx_word' id='word_1_382' title='bbox 2932 2032 3048 2082; x_wconf 88' lang='lat' dir='ltr'>eos,</span> <span class='ocrx_word' id='word_1_383' title='bbox 3103 2012 3207 2089; x_wconf 88' lang='lat' dir='ltr'>qui</span> <span class='ocrx_word' id='word_1_384' title='bbox 3262 2014 3559 2071; x_wconf 89' lang='lat' dir='ltr'>ducuntur</span> <span class='ocrx_word' id='word_1_385' title='bbox 3605 2010 3717 2098; x_wconf 36' lang='lat' dir='ltr'>ad’</span> 
     </span>
    </p>
   </div>
   <div class='ocr_carea' id='block_1_54' title="bbox 1977 2102 3772 2185">
    <p class='ocr_par' dir='ltr' id='par_1_54' title="bbox 1977 2102 3772 2185">
     <span class='ocr_line' id='line_1_54' title="bbox 1977 2102 3772 2185; baseline -0.007 -15"><span class='ocrx_word' id='word_1_386' title='bbox 1977 2118 2241 2180; x_wconf 91' lang='lat' dir='ltr'>mortem,</span> <span class='ocrx_word' id='word_1_387' title='bbox 2281 2117 2337 2168; x_wconf 92' lang='lat' dir='ltr'>et</span> <span class='ocrx_word' id='word_1_388' title='bbox 2361 2107 2465 2185; x_wconf 91' lang='lat' dir='ltr'>qui</span> <span class='ocrx_word' id='word_1_389' title='bbox 2498 2107 2813 2171; x_wconf 82' lang='lat' dir='ltr'>trahuntur</span> <span class='ocrx_word' id='word_1_390' title='bbox 2840 2104 2911 2163; x_wconf 80' lang='lat' dir='ltr'>ad</span> <span class='ocrx_word' id='word_1_391' title='bbox 2944 2103 3244 2161; x_wconf 89' lang='lat' dir='ltr'>interitum</span> <span class='ocrx_word' id='word_1_392' title='bbox 3287 2102 3532 2160; x_wconf 90' lang='lat' dir='ltr'>liberare</span> <span class='ocrx_word' id='word_1_393' title='bbox 3563 2117 3676 2159; x_wconf 90' lang='lat' dir='ltr'>non</span> <span class='ocrx_word' id='word_1_394' title='bbox 3764 2158 3772 2164; x_wconf 79' lang='grc'>,</span> 
     </span>
    </p>
   </div>
   <div class='ocr_carea' id='block_1_55' title="bbox 1976 2192 3681 2268">
    <p class='ocr_par' dir='ltr' id='par_1_55' title="bbox 1976 2192 3681 2268">
     <span class='ocr_line' id='line_1_55' title="bbox 1976 2192 3681 2268; baseline -0.005 -10"><span class='ocrx_word' id='word_1_395' title='bbox 1976 2216 2160 2258; x_wconf 83' lang='lat' dir='ltr'>cesses</span> <span class='ocrx_word' id='word_1_396' title='bbox 2212 2203 2391 2268; x_wconf 85' lang='lat' dir='ltr'>(Prov.</span> <span class='ocrx_word' id='word_1_397' title='bbox 2469 2200 2665 2263; x_wconf 71' lang='lat' dir='ltr'>xxrv).</span> <span class='ocrx_word' id='word_1_398' title='bbox 2711 2219 2730 2244; x_wconf 79' lang='grc' dir='ltr'>ιι</span> <span class='ocrx_word' id='word_1_399' title='bbox 2821 2192 2932 2252; x_wconf 90' lang='lat' dir='ltr'>Ubi</span> <span class='ocrx_word' id='word_1_400' title='bbox 2992 2192 3209 2249; x_wconf 87' lang='lat' dir='ltr'>scilicet</span> <span class='ocrx_word' id='word_1_401' title='bbox 3277 2199 3333 2249; x_wconf 90' lang='lat' dir='ltr'>et</span> <span class='ocrx_word' id='word_1_402' title='bbox 3384 2192 3681 2255; x_wconf 84' lang='lat' dir='ltr'>excusatio</span> 
     </span>
    </p>
   </div>
   <div class='ocr_carea' id='block_1_56' title="bbox 1980 2280 3682 2364">
    <p class='ocr_par' dir='ltr' id='par_1_56' title="bbox 1980 2280 3682 2364">
     <span class='ocr_line' id='line_1_56' title="bbox 1980 2280 3682 2364; baseline -0.006 -15"><span class='ocrx_word' id='word_1_403' title='bbox 1980 2290 2219 2364; x_wconf 82' lang='lat' dir='ltr'>tollitur,</span> <span class='ocrx_word' id='word_1_404' title='bbox 2261 2302 2394 2346; x_wconf 91' lang='lat' dir='ltr'>cum</span> <span class='ocrx_word' id='word_1_405' title='bbox 2448 2284 2798 2357; x_wconf 88' lang='lat' dir='ltr'>subjungit:</span> <span class='ocrx_word' id='word_1_406' title='bbox 2861 2308 2885 2332; x_wconf 74' lang='grc' dir='ltr'><strong>α</strong></span> <span class='ocrx_word' id='word_1_407' title='bbox 2920 2282 2980 2341; x_wconf 91' lang='lat' dir='ltr'>Si</span> <span class='ocrx_word' id='word_1_408' title='bbox 3037 2282 3257 2340; x_wconf 90' lang='lat' dir='ltr'>dixeris</span> <span class='ocrx_word' id='word_1_409' title='bbox 3280 2286 3328 2339; x_wconf 76' lang='grc' dir='ltr'>ε’</span> <span class='ocrx_word' id='word_1_410' title='bbox 3349 2280 3516 2339; x_wconf 87' lang='lat' dir='ltr'>Vires</span> <span class='ocrx_word' id='word_1_411' title='bbox 3565 2298 3682 2340; x_wconf 90' lang='lat' dir='ltr'>non</span> 
     </span>
    </p>
   </div>
   <div class='ocr_carea' id='block_1_57' title="bbox 1982 2371 3685 2453">
    <p class='ocr_par' dir='ltr' id='par_1_57' title="bbox 1982 2371 3685 2453">
     <span class='ocr_line' id='line_1_57' title="bbox 1982 2371 3685 2453; baseline -0.005 -15"><span class='ocrx_word' id='word_1_412' title='bbox 1982 2383 2315 2453; x_wconf 91' lang='lat' dir='ltr'>suppetunt,</span> <span class='ocrx_word' id='word_1_413' title='bbox 2340 2377 2441 2449; x_wconf 91' lang='lat' dir='ltr'>qui</span> <span class='ocrx_word' id='word_1_414' title='bbox 2477 2375 2765 2448; x_wconf 91' lang='lat' dir='ltr'>inspector</span> <span class='ocrx_word' id='word_1_415' title='bbox 2814 2379 2898 2430; x_wconf 91' lang='lat' dir='ltr'>est</span> <span class='ocrx_word' id='word_1_416' title='bbox 2954 2372 3164 2443; x_wconf 90' lang='lat' dir='ltr'>cordis,</span> <span class='ocrx_word' id='word_1_417' title='bbox 3239 2372 3361 2446; x_wconf 90' lang='lat' dir='ltr'>ipse</span> <span class='ocrx_word' id='word_1_418' title='bbox 3414 2371 3685 2446; x_wconf 83' lang='lat' dir='ltr'>intelligit</span> 
     </span>
    </p>
   </div>
   <div class='ocr_carea' id='block_1_58' title="bbox 1983 2462 3685 2537">
    <p class='ocr_par' dir='ltr' id='par_1_58' title="bbox 1983 2462 3685 2537">
     <span class='ocr_line' id='line_1_58' title="bbox 1983 2462 3685 2537; baseline -0.002 -13"><span class='ocrx_word' id='word_1_419' title='bbox 1983 2470 2196 2537; x_wconf 78' lang='lat' dir='ltr'>(Ibid.).</span> <span class='ocrx_word' id='word_1_420' title='bbox 2235 2488 2260 2516; x_wconf 73' lang='grc' dir='ltr'><strong>υ</strong></span> <span class='ocrx_word' id='word_1_421' title='bbox 2295 2465 2389 2524; x_wconf 90' lang='lat' dir='ltr'>Sic</span> <span class='ocrx_word' id='word_1_422' title='bbox 2418 2480 2553 2537; x_wconf 90' lang='lat' dir='ltr'>ergo</span> <span class='ocrx_word' id='word_1_423' title='bbox 2577 2478 2748 2536; x_wconf 90' lang='lat' dir='ltr'>super</span> <span class='ocrx_word' id='word_1_424' title='bbox 2778 2462 3148 2521; x_wconf 90' lang='lat' dir='ltr'>commissum</span> <span class='ocrx_word' id='word_1_425' title='bbox 3178 2477 3410 2535; x_wconf 87' lang='lat' dir='ltr'>gregem</span> <span class='ocrx_word' id='word_1_426' title='bbox 3438 2462 3685 2537; x_wconf 87' lang='lat' dir='ltr'>insignis</span> 
     </span>
    </p>
   </div>
   <div class='ocr_carea' id='block_1_59' title="bbox 1980 2551 3684 2629">
    <p class='ocr_par' dir='ltr' id='par_1_59' title="bbox 1980 2551 3684 2629">
     <span class='ocr_line' id='line_1_59' title="bbox 1980 2551 3684 2629; baseline -0.003 -15"><span class='ocrx_word' id='word_1_427' title='bbox 1980 2563 2171 2629; x_wconf 88' lang='lat' dir='ltr'>pastor</span> <span class='ocrx_word' id='word_1_428' title='bbox 2214 2554 2474 2625; x_wconf 86' lang='lat' dir='ltr'>invigila,</span> <span class='ocrx_word' id='word_1_429' title='bbox 2518 2560 2583 2612; x_wconf 91' lang='lat' dir='ltr'>ut</span> <span class='ocrx_word' id='word_1_430' title='bbox 2624 2559 2681 2610; x_wconf 92' lang='lat' dir='ltr'>et</span> <span class='ocrx_word' id='word_1_431' title='bbox 2733 2551 2973 2624; x_wconf 80' lang='lat' dir='ltr'>ignavos</span> <span class='ocrx_word' id='word_1_432' title='bbox 3026 2552 3309 2625; x_wconf 87' lang='lat' dir='ltr'>epiliones</span> <span class='ocrx_word' id='word_1_433' title='bbox 3358 2552 3430 2610; x_wconf 92' lang='lat' dir='ltr'>ab</span> <span class='ocrx_word' id='word_1_434' title='bbox 3487 2567 3684 2612; x_wconf 90' lang='lat' dir='ltr'>eorum</span> 
     </span>
    </p>
   </div>
   <div class='ocr_carea' id='block_1_60' title="bbox 1980 2638 3693 2717">
    <p class='ocr_par' dir='ltr' id='par_1_60' title="bbox 1980 2638 3693 2717">
     <span class='ocr_line' id='line_1_60' title="bbox 1980 2638 3693 2717; baseline -0.002 -14"><span class='ocrx_word' id='word_1_435' title='bbox 1980 2661 2119 2703; x_wconf 90' lang='lat' dir='ltr'>cura</span> <span class='ocrx_word' id='word_1_436' title='bbox 2174 2660 2491 2712; x_wconf 88' lang='lat' dir='ltr'>removeas,</span> <span class='ocrx_word' id='word_1_437' title='bbox 2550 2649 2606 2701; x_wconf 88' lang='lat' dir='ltr'>et</span> <span class='ocrx_word' id='word_1_438' title='bbox 2662 2643 2783 2717; x_wconf 88' lang='lat' dir='ltr'>ipse</span> <span class='ocrx_word' id='word_1_439' title='bbox 2838 2658 2971 2701; x_wconf 93' lang='lat' dir='ltr'>cum</span> <span class='ocrx_word' id='word_1_440' title='bbox 3016 2642 3197 2716; x_wconf 89' lang='lat' dir='ltr'>David</span> <span class='ocrx_word' id='word_1_441' title='bbox 3256 2638 3693 2715; x_wconf 83' lang='lat' dir='ltr'>insurgentium</span> 
     </span>
    </p>
   </div>
   <div class='ocr_carea' id='block_1_61' title="bbox 1950 2720 3680 2808">
    <p class='ocr_par' dir='ltr' id='par_1_61' title="bbox 1950 2720 3680 2808">
     <span class='ocr_line' id='line_1_61' title="bbox 1950 2720 3680 2808; baseline -0.003 -14"><span class='ocrx_word' id='word_1_442' title='bbox 1950 2750 2251 2794; x_wconf 76' lang='lat' dir='ltr'>&#39;ursorum</span> <span class='ocrx_word' id='word_1_443' title='bbox 2283 2742 2454 2808; x_wconf 86' lang='lat' dir='ltr'>atque</span> <span class='ocrx_word' id='word_1_444' title='bbox 2485 2732 2723 2791; x_wconf 88' lang='lat' dir='ltr'>leonum</span> <span class='ocrx_word' id='word_1_445' title='bbox 2754 2731 2933 2790; x_wconf 90' lang='lat' dir='ltr'>rictus</span> <span class='ocrx_word' id='word_1_446' title='bbox 2956 2720 3242 2803; x_wconf 81' lang='lat' dir='ltr'>iufringas</span> <span class='ocrx_word' id='word_1_447' title='bbox 3274 2736 3319 2803; x_wconf 89' lang='grc' dir='ltr'>(Ι</span> <span class='ocrx_word' id='word_1_448' title='bbox 3337 2736 3469 2802; x_wconf 84' lang='lat' dir='ltr'>Reg.</span> <span class='ocrx_word' id='word_1_449' title='bbox 3507 2735 3680 2803; x_wconf 78' lang='lat' dir='ltr'>xvu):</span> 
     </span>
    </p>
   </div>
   <div class='ocr_carea' id='block_1_62' title="bbox 1977 2820 3685 2895">
    <p class='ocr_par' dir='ltr' id='par_1_62' title="bbox 1977 2820 3685 2895">
     <span class='ocr_line' id='line_1_62' title="bbox 1977 2820 3685 2895; baseline -0.001 -16"><span class='ocrx_word' id='word_1_450' title='bbox 1977 2823 2101 2880; x_wconf 88' lang='lat' dir='ltr'>sive</span> <span class='ocrx_word' id='word_1_451' title='bbox 2133 2822 2306 2880; x_wconf 90' lang='lat' dir='ltr'>etiam</span> <span class='ocrx_word' id='word_1_452' title='bbox 2343 2837 2478 2880; x_wconf 92' lang='lat' dir='ltr'>cum</span> <span class='ocrx_word' id='word_1_453' title='bbox 2508 2820 2800 2878; x_wconf 86' lang='lat' dir='ltr'>Abraham</span> <span class='ocrx_word' id='word_1_454' title='bbox 2828 2827 3133 2895; x_wconf 90' lang='lat' dir='ltr'>postquam</span> <span class='ocrx_word' id='word_1_455' title='bbox 3166 2821 3331 2879; x_wconf 74' lang='lat' dir='ltr'>caesis</span> <span class='ocrx_word' id='word_1_456' title='bbox 3352 2820 3685 2879; x_wconf 78' lang='lat' dir='ltr'>Amalecitis</span> 
     </span>
    </p>
   </div>
   <div class='ocr_carea' id='block_1_63' title="bbox 1977 2910 3684 2987">
    <p class='ocr_par' dir='ltr' id='par_1_63' title="bbox 1977 2910 3684 2987">
     <span class='ocr_line' id='line_1_63' title="bbox 1977 2910 3684 2987; baseline -0.002 -16"><span class='ocrx_word' id='word_1_457' title='bbox 1977 2914 2216 2971; x_wconf 87' lang='lat' dir='ltr'>fratrem</span> <span class='ocrx_word' id='word_1_458' title='bbox 2272 2918 2441 2971; x_wconf 89' lang='lat' dir='ltr'>tuum</span> <span class='ocrx_word' id='word_1_459' title='bbox 2499 2911 2647 2969; x_wconf 87' lang='lat' dir='ltr'>Loth</span> <span class='ocrx_word' id='word_1_460' title='bbox 2708 2911 2778 2967; x_wconf 92' lang='lat' dir='ltr'>de</span> <span class='ocrx_word' id='word_1_461' title='bbox 2822 2910 2962 2983; x_wconf 90' lang='lat' dir='ltr'>jugo</span> <span class='ocrx_word' id='word_1_462' title='bbox 3014 2910 3359 2982; x_wconf 89' lang='lat' dir='ltr'>captivitatis</span> <span class='ocrx_word' id='word_1_463' title='bbox 3411 2910 3684 2987; x_wconf 88' lang='lat' dir='ltr'>eduxeris</span> 
     </span>
    </p>
   </div>
   <div class='ocr_carea' id='block_1_64' title="bbox 1979 3000 3681 3074">
    <p class='ocr_par' dir='ltr' id='par_1_64' title="bbox 1979 3000 3681 3074">
     <span class='ocr_line' id='line_1_64' title="bbox 1979 3000 3681 3074; baseline -0.001 -14"><span class='ocrx_word' id='word_1_464' title='bbox 1979 3006 2137 3073; x_wconf 79' lang='lat' dir='ltr'>(Gen.</span> <span class='ocrx_word' id='word_1_465' title='bbox 2202 3007 2354 3072; x_wconf 81' lang='lat' dir='ltr'>XIV),</span> <span class='ocrx_word' id='word_1_466' title='bbox 2411 3001 2483 3059; x_wconf 89' lang='lat' dir='ltr'>ad</span> <span class='ocrx_word' id='word_1_467' title='bbox 2536 3000 2971 3059; x_wconf 66' lang='lat' dir='ltr'>Melchisedech</span> <span class='ocrx_word' id='word_1_468' title='bbox 3010 3016 3203 3074; x_wconf 88' lang='lat' dir='ltr'>regem</span> <span class='ocrx_word' id='word_1_469' title='bbox 3247 3000 3491 3073; x_wconf 67' lang='lat' dir='ltr'>justitize</span> <span class='ocrx_word' id='word_1_470' title='bbox 3549 3015 3681 3058; x_wconf 91' lang='lat' dir='ltr'>cum</span> 
     </span>
    </p>
   </div>
   <div class='ocr_carea' id='block_1_65' title="bbox 188 3091 2884 3167">
    <p class='ocr_par' dir='ltr' id='par_1_65' title="bbox 188 3091 2884 3167">
     <span class='ocr_line' id='line_1_65' title="bbox 188 3091 2884 3167; baseline 0.001 -19"><span class='ocrx_word' id='word_1_471' title='bbox 188 3105 321 3161; x_wconf 70' lang='lat' dir='ltr'>quae</span> <span class='ocrx_word' id='word_1_472' title='bbox 370 3092 691 3164; x_wconf 89' lang='lat' dir='ltr'>peccaverit</span> <span class='ocrx_word' id='word_1_473' title='bbox 744 3109 848 3167; x_wconf 90' lang='lat' dir='ltr'>per</span> <span class='ocrx_word' id='word_1_474' title='bbox 898 3094 1295 3167; x_wconf 86' lang='lat' dir='ltr'>ignorantiam</span> <span class='ocrx_word' id='word_1_475' title='bbox 1352 3096 1423 3154; x_wconf 92' lang='lat' dir='ltr'>de</span> <span class='ocrx_word' id='word_1_476' title='bbox 1485 3096 1673 3154; x_wconf 90' lang='lat' dir='ltr'>hostia</span> <span class='ocrx_word' id='word_1_477' title='bbox 1725 3101 1781 3153; x_wconf 90' lang='lat' dir='ltr'>et</span> <span class='ocrx_word' id='word_1_478' title='bbox 1828 3091 2323 3167; x_wconf 62' lang='lat' dir='ltr'>deutriumphali</span> <span class='ocrx_word' id='word_1_479' title='bbox 2347 3093 2529 3165; x_wconf 86' lang='lat' dir='ltr'>gloria</span> <span class='ocrx_word' id='word_1_480' title='bbox 2557 3091 2884 3150; x_wconf 89' lang='lat' dir='ltr'>revertaris.</span> 
     </span>
    </p>
   </div>
   <div class='ocr_carea' id='block_1_66' title="bbox 189 3179 1903 3262">
    <p class='ocr_par' dir='ltr' id='par_1_66' title="bbox 189 3179 1903 3262">
     <span class='ocr_line' id='line_1_66' title="bbox 189 3179 1903 3262; baseline 0.004 -27"><span class='ocrx_word' id='word_1_481' title='bbox 189 3179 483 3238; x_wconf 88' lang='lat' dir='ltr'>universis</span> <span class='ocrx_word' id='word_1_482' title='bbox 513 3182 799 3241; x_wconf 89' lang='lat' dir='ltr'>mandatis</span> <span class='ocrx_word' id='word_1_483' title='bbox 822 3182 991 3248; x_wconf 86' lang='lat'>_510</span> <span class='ocrx_word' id='word_1_484' title='bbox 1037 3184 1292 3257; x_wconf 91' lang='lat' dir='ltr'>Domini,</span> <span class='ocrx_word' id='word_1_485' title='bbox 1328 3202 1461 3262; x_wconf 62' lang='lat' dir='ltr'>quae</span> <span class='ocrx_word' id='word_1_486' title='bbox 1509 3186 1799 3259; x_wconf 75' lang='lat' dir='ltr'>praecepit,</span> <span class='ocrx_word' id='word_1_487' title='bbox 1838 3192 1903 3244; x_wconf 89' lang='lat' dir='ltr'>ut</span> 
     </span>
    </p>
   </div>
   <div class='ocr_carea' id='block_1_67' title="bbox 2367 3181 3295 3240">
    <p class='ocr_par' dir='ltr' id='par_1_67' title="bbox 2367 3181 3295 3240">
     <span class='ocr_line' id='line_1_67' title="bbox 2367 3181 3295 3240; baseline -0.002 0"><span class='ocrx_word' id='word_1_488' title='bbox 2367 3186 2453 3240; x_wconf 81' lang='lat' dir='ltr'>Sit</span> <span class='ocrx_word' id='word_1_489' title='bbox 2476 3199 2669 3239; x_wconf 77' lang='lat' dir='ltr'>nomen</span> <span class='ocrx_word' id='word_1_490' title='bbox 2693 3185 2916 3239; x_wconf 68' lang='lat' dir='ltr'>Domini</span> <span class='ocrx_word' id='word_1_491' title='bbox 2940 3181 3295 3238; x_wconf 71' lang='lat' dir='ltr'>benedictum.</span> 
     </span>
    </p>
   </div>
   <div class='ocr_carea' id='block_1_68' title="bbox 3202 3296 3231 3311">
    <p class='ocr_par' dir='ltr' id='par_1_68' title="bbox 3202 3296 3231 3311">
     <span class='ocr_line' id='line_1_68' title="bbox 3202 3296 3231 3311; baseline 0 0"><span class='ocrx_word' id='word_1_492' title='bbox 3202 3296 3231 3311; x_wconf 52' lang='grc' dir='ltr'><strong>κ</strong></span> 
     </span>
    </p>
   </div>
   <div class='ocr_carea' id='block_1_69' title="bbox 467 3506 3401 3707">
    <p class='ocr_par' dir='ltr' id='par_1_69' title="bbox 467 3506 3401 3707">
     <span class='ocr_line' id='line_1_69' title="bbox 467 3506 3401 3707; baseline 0.013 -31"><span class='ocrx_word' id='word_1_493' title='bbox 467 3554 801 3617; x_wconf 54' lang='grc' dir='ltr'>εει-⁵η</span> <span class='ocrx_word' id='word_1_494' title='bbox 877 3506 1719 3691; x_wconf 87' lang='lat' dir='ltr'>OPUSCULUM</span> <span class='ocrx_word' id='word_1_495' title='bbox 1805 3575 2573 3690; x_wconf 80' lang='lat' dir='ltr'>VICESIMUM</span> <span class='ocrx_word' id='word_1_496' title='bbox 2659 3542 3401 3705; x_wconf 79' lang='lat' dir='ltr'>SEPTIMUM-</span> 
     </span>
    </p>
   </div>
   <div class='ocr_carea' id='block_1_70' title="bbox 569 3779 3294 3849">
    <p class='ocr_par' dir='ltr' id='par_1_70' title="bbox 569 3779 3294 3849">
     <span class='ocr_line' id='line_1_70' title="bbox 569 3779 3294 3849; baseline 0 -5"><span class='ocrx_word' id='word_1_497' title='bbox 569 3785 670 3844; x_wconf 86' lang='lat' dir='ltr'>DE</span> <span class='ocrx_word' id='word_1_498' title='bbox 702 3785 1035 3847; x_wconf 87' lang='lat' dir='ltr'>COMMUN</span> <span class='ocrx_word' id='word_1_499' title='bbox 1041 3786 1064 3846; x_wconf 95' lang='grc' dir='ltr'>Ι</span> <span class='ocrx_word' id='word_1_500' title='bbox 1094 3787 1277 3849; x_wconf 88' lang='lat' dir='ltr'><strong>VITA</strong></span> <span class='ocrx_word' id='word_1_501' title='bbox 1306 3779 1885 3849; x_wconf 35' lang='lat' dir='ltr'>CA&#39;NONICORUM.</span> <span class='ocrx_word' id='word_1_502' title='bbox 1918 3788 2020 3848; x_wconf 82' lang='lat' dir='ltr'>AD</span> <span class='ocrx_word' id='word_1_503' title='bbox 2052 3784 2427 3847; x_wconf 84' lang='lat' dir='ltr'>CLERICOS</span> <span class='ocrx_word' id='word_1_504' title='bbox 2458 3784 2843 3845; x_wconf 89' lang='lat' dir='ltr'>FANENSIS</span> <span class='ocrx_word' id='word_1_505' title='bbox 2871 3783 3294 3846; x_wconf 75' lang='lat' dir='ltr'>ECCLESL‘E.</span> 
     </span>
    </p>
   </div>
   <div class='ocr_carea' id='block_1_71' title="bbox 193 4107 3686 4177">
    <p class='ocr_par' dir='ltr' id='par_1_71' title="bbox 193 4107 3686 4177">
     <span class='ocr_line' id='line_1_71' title="bbox 193 4107 3686 4177; baseline 0.003 -17"><span class='ocrx_word' id='word_1_506' title='bbox 193 4107 637 4166; x_wconf 74' lang='lat' dir='ltr'>ARGUMENTUM.</span> <span class='ocrx_word' id='word_1_507' title='bbox 675 4109 902 4168; x_wconf 62' lang='lat' dir='ltr'>-—&#39;()rta</span> <span class='ocrx_word' id='word_1_508' title='bbox 946 4109 1306 4169; x_wconf 89' lang='lat' dir='ltr'>dissensione</span> <span class='ocrx_word' id='word_1_509' title='bbox 1358 4111 1512 4167; x_wconf 90' lang='lat' dir='ltr'>inter</span> <span class='ocrx_word' id='word_1_510' title='bbox 1558 4110 1849 4168; x_wconf 86' lang='lat' dir='ltr'>Fanenses</span> <span class='ocrx_word' id='word_1_511' title='bbox 1896 4109 2168 4169; x_wconf 74' lang='lat' dir='ltr'>Ecclesiae</span> <span class='ocrx_word' id='word_1_512' title='bbox 2212 4110 2540 4177; x_wconf 85' lang='lat' dir='ltr'>canonicos,</span> <span class='ocrx_word' id='word_1_513' title='bbox 2574 4109 2705 4168; x_wconf 86' lang='lat' dir='ltr'>aliis</span> <span class='ocrx_word' id='word_1_514' title='bbox 2743 4111 2803 4170; x_wconf 91' lang='lat' dir='ltr'>in</span> <span class='ocrx_word' id='word_1_515' title='bbox 2859 4120 3169 4169; x_wconf 88' lang='lat' dir='ltr'>commune</span> <span class='ocrx_word' id='word_1_516' title='bbox 3206 4110 3373 4169; x_wconf 88' lang='lat' dir='ltr'>bonis</span> <span class='ocrx_word' id='word_1_517' title='bbox 3414 4110 3686 4170; x_wconf 79' lang='lat' dir='ltr'>Ecclesiae</span> 
     </span>
    </p>
   </div>
   <div class='ocr_carea' id='block_1_72' title="bbox 262 4179 3755 4264">
    <p class='ocr_par' dir='ltr' id='par_1_72' title="bbox 262 4179 3755 4264">
     <span class='ocr_line' id='line_1_72' title="bbox 262 4179 3755 4264; baseline 0.001 -28"><span class='ocrx_word' id='word_1_518' title='bbox 262 4179 505 4264; x_wconf 79' lang='lat' dir='ltr'>collatis.</span> <span class='ocrx_word' id='word_1_519' title='bbox 547 4180 677 4237; x_wconf 89' lang='lat' dir='ltr'>aliis</span> <span class='ocrx_word' id='word_1_520' title='bbox 711 4182 1106 4264; x_wconf 38' lang='lat' dir='ltr'>seorsimmsibi</span> <span class='ocrx_word' id='word_1_521' title='bbox 1146 4182 1351 4264; x_wconf 48' lang='lat' dir='ltr'>vivere</span> <span class='ocrx_word' id='word_1_522' title='bbox 1395 4181 1744 4245; x_wconf 88' lang='lat' dir='ltr'>volentibus,</span> <span class='ocrx_word' id='word_1_523' title='bbox 1799 4182 1996 4264; x_wconf 83' lang='lat' dir='ltr'>scribit</span> <span class='ocrx_word' id='word_1_524' title='bbox 2025 4182 2098 4239; x_wconf 89' lang='lat' dir='ltr'>ad</span> <span class='ocrx_word' id='word_1_525' title='bbox 2127 4198 2243 4253; x_wconf 89' lang='lat' dir='ltr'>eos,</span> <span class='ocrx_word' id='word_1_526' title='bbox 2275 4183 2653 4264; x_wconf 76' lang='lat' dir='ltr'>hortaturque</span> <span class='ocrx_word' id='word_1_527' title='bbox 2682 4187 2745 4240; x_wconf 91' lang='lat' dir='ltr'>ut</span> <span class='ocrx_word' id='word_1_528' title='bbox 2781 4182 3051 4264; x_wconf 84' lang='lat' dir='ltr'>deposita</span> <span class='ocrx_word' id='word_1_529' title='bbox 3086 4183 3247 4240; x_wconf 91' lang='lat' dir='ltr'>omni</span> <span class='ocrx_word' id='word_1_530' title='bbox 3282 4184 3680 4264; x_wconf 73' lang='lat' dir='ltr'>contentione,</span> <span class='ocrx_word' id='word_1_531' title='bbox 3747 4256 3755 4264; x_wconf 29' lang='grc' dir='ltr'><strong><em>ο</em></strong></span> 
     </span>
    </p>
   </div>
   <div class='ocr_carea' id='block_1_73' title="bbox 263 4250 3680 4326">
    <p class='ocr_par' dir='ltr' id='par_1_73' title="bbox 263 4250 3680 4326">
     <span class='ocr_line' id='line_1_73' title="bbox 263 4250 3680 4326; baseline 0.001 -19"><span class='ocrx_word' id='word_1_532' title='bbox 263 4250 652 4326; x_wconf 69' lang='lat' dir='ltr'>apostolorum</span> <span class='ocrx_word' id='word_1_533' title='bbox 698 4252 1409 4326; x_wconf 75' lang='lat' dir='ltr'>et_primiti_vm__Ecclesire</span> <span class='ocrx_word' id='word_1_534' title='bbox 1449 4268 1664 4326; x_wconf 86' lang='lat' dir='ltr'>morem</span> <span class='ocrx_word' id='word_1_535' title='bbox 1709 4261 2069 4325; x_wconf 88' lang='lat' dir='ltr'>sequantur;</span> <span class='ocrx_word' id='word_1_536' title='bbox 2102 4250 2362 4311; x_wconf 81' lang='lat' dir='ltr'>canenici</span> <span class='ocrx_word' id='word_1_537' title='bbox 2394 4269 2509 4326; x_wconf 91' lang='lat' dir='ltr'>non</span> <span class='ocrx_word' id='word_1_538' title='bbox 2556 4250 2673 4326; x_wconf 79' lang='lat' dir='ltr'>tam</span> <span class='ocrx_word' id='word_1_539' title='bbox 2715 4250 2971 4324; x_wconf 86' lang='lat' dir='ltr'>nomine,</span> <span class='ocrx_word' id='word_1_540' title='bbox 3016 4270 3189 4326; x_wconf 85' lang='lat' dir='ltr'>quam</span> <span class='ocrx_word' id='word_1_541' title='bbox 3230 4256 3291 4310; x_wconf 80' lang='lat' dir='ltr'>re</span> <span class='ocrx_word' id='word_1_542' title='bbox 3328 4270 3452 4312; x_wconf 87' lang='lat' dir='ltr'>esse</span> <span class='ocrx_word' id='word_1_543' title='bbox 3483 4250 3680 4312; x_wconf 86' lang='lat' dir='ltr'>velint.</span> 
     </span>
    </p>
   </div>
   <div class='ocr_carea' id='block_1_74' title="bbox 265 4319 3681 4400">
    <p class='ocr_par' dir='ltr' id='par_1_74' title="bbox 265 4319 3681 4400">
     <span class='ocr_line' id='line_1_74' title="bbox 265 4319 3681 4400; baseline 0.002 -24"><span class='ocrx_word' id='word_1_544' title='bbox 265 4319 424 4400; x_wconf 81' lang='lat' dir='ltr'>Quod</span> <span class='ocrx_word' id='word_1_545' title='bbox 466 4320 665 4377; x_wconf 88' lang='lat' dir='ltr'>multis</span> <span class='ocrx_word' id='word_1_546' title='bbox 698 4319 1226 4400; x_wconf 79' lang='lat' dir='ltr'>etiam_rationibus</span> <span class='ocrx_word' id='word_1_547' title='bbox 1256 4324 1338 4381; x_wconf 89' lang='lat' dir='ltr'>eis</span> <span class='ocrx_word' id='word_1_548' title='bbox 1370 4324 1711 4400; x_wconf 71' lang='lat' dir='ltr'>persuadere</span> <span class='ocrx_word' id='word_1_549' title='bbox 1738 4319 2007 4400; x_wconf 85' lang='lat' dir='ltr'>conatur._</span> <span class='ocrx_word' id='word_1_550' title='bbox 2036 4319 2151 4382; x_wconf 85' lang='lat' dir='ltr'>non</span> <span class='ocrx_word' id='word_1_551' title='bbox 2183 4341 2345 4397; x_wconf 85' lang='lat' dir='ltr'>posse</span> <span class='ocrx_word' id='word_1_552' title='bbox 2370 4325 2541 4400; x_wconf 84' lang='lat' dir='ltr'>enim</span> <span class='ocrx_word' id='word_1_553' title='bbox 2574 4325 2731 4400; x_wconf 72' lang='lat' dir='ltr'>inter</span> <span class='ocrx_word' id='word_1_554' title='bbox 2752 4341 2848 4400; x_wconf 78' lang='lat' dir='ltr'>eos</span> <span class='ocrx_word' id='word_1_555' title='bbox 2872 4319 2995 4383; x_wconf 83' lang='lat' dir='ltr'>esse</span> <span class='ocrx_word' id='word_1_556' title='bbox 3027 4319 3304 4383; x_wconf 85' lang='lat' dir='ltr'>unionem</span> <span class='ocrx_word' id='word_1_557' title='bbox 3330 4326 3681 4395; x_wconf 89' lang='lat' dir='ltr'>animorum,</span> 
     </span>
    </p>
   </div>
   <div class='ocr_carea' id='block_1_75' title="bbox 264 4393 3089 4469">
    <p class='ocr_par' dir='ltr' id='par_1_75' title="bbox 264 4393 3089 4469">
     <span class='ocr_line' id='line_1_75' title="bbox 264 4393 3089 4469; baseline 0.002 -22"><span class='ocrx_word' id='word_1_558' title='bbox 264 4393 413 4447; x_wconf 91' lang='lat' dir='ltr'>inter</span> <span class='ocrx_word' id='word_1_559' title='bbox 443 4406 591 4466; x_wconf 89' lang='lat' dir='ltr'>quos</span> <span class='ocrx_word' id='word_1_560' title='bbox 624 4407 735 4449; x_wconf 89' lang='lat' dir='ltr'>non</span> <span class='ocrx_word' id='word_1_561' title='bbox 768 4402 852 4450; x_wconf 89' lang='lat' dir='ltr'>est</span> <span class='ocrx_word' id='word_1_562' title='bbox 880 4393 1213 4451; x_wconf 87' lang='lat' dir='ltr'>facultatum</span> <span class='ocrx_word' id='word_1_563' title='bbox 1244 4412 1256 4462; x_wconf 93' lang='lat'><strong>;</strong></span> <span class='ocrx_word' id='word_1_564' title='bbox 1288 4411 1353 4452; x_wconf 91' lang='lat' dir='ltr'>ac</span> <span class='ocrx_word' id='word_1_565' title='bbox 1371 4393 1565 4451; x_wconf 84' lang='lat' dir='ltr'>multa</span> <span class='ocrx_word' id='word_1_566' title='bbox 1603 4394 1717 4452; x_wconf 87' lang='lat' dir='ltr'>alia</span> <span class='ocrx_word' id='word_1_567' title='bbox 1751 4394 1812 4451; x_wconf 92' lang='lat' dir='ltr'>in</span> <span class='ocrx_word' id='word_1_568' title='bbox 1846 4398 2108 4455; x_wconf 91' lang='lat' dir='ltr'>eamdem</span> <span class='ocrx_word' id='word_1_569' title='bbox 2136 4393 2479 4453; x_wconf 81' lang='lat' dir='ltr'>sententiam</span> <span class='ocrx_word' id='word_1_570' title='bbox 2504 4396 2821 4469; x_wconf 89' lang='lat' dir='ltr'>perscribit.</span> <span class='ocrx_word' id='word_1_571' title='bbox 3078 4406 3089 4419; x_wconf 85' lang='lat'><strong>‘</strong></span> 
     </span>
    </p>
   </div>
   <div class='ocr_carea' id='block_1_76' title="bbox 268 4530 3687 4645">
    <p class='ocr_par' dir='ltr' id='par_1_76' title="bbox 268 4530 3687 4645">
     <span class='ocr_line' id='line_1_76' title="bbox 268 4530 3687 4645; baseline 0.001 -32"><span class='ocrx_word' id='word_1_572' title='bbox 268 4553 494 4645; x_wconf 63' lang='lat' dir='ltr'>sanctis</span> <span class='ocrx_word' id='word_1_573' title='bbox 546 4556 607 4612; x_wconf 90' lang='lat' dir='ltr'>in</span> <span class='ocrx_word' id='word_1_574' title='bbox 660 4553 886 4614; x_wconf 87' lang='lat' dir='ltr'>Christo</span> <span class='ocrx_word' id='word_1_575' title='bbox 944 4530 1216 4615; x_wconf 86' lang='lat' dir='ltr'>fratribus</span> <span class='ocrx_word' id='word_1_576' title='bbox 1282 4556 1561 4645; x_wconf 88' lang='lat' dir='ltr'>Fanensis</span> <span class='ocrx_word' id='word_1_577' title='bbox 1628 4556 1959 4618; x_wconf 73' lang='lat' dir='ltr'>EcclesizeD</span> <span class='ocrx_word' id='word_1_578' title='bbox 1985 4564 2371 4645; x_wconf 69' lang='lat' dir='ltr'>parat,&#39;turpe</span> <span class='ocrx_word' id='word_1_579' title='bbox 2416 4563 2499 4617; x_wconf 89' lang='lat' dir='ltr'>est</span> <span class='ocrx_word' id='word_1_580' title='bbox 2555 4559 2604 4617; x_wconf 91' lang='lat' dir='ltr'>si</span> <span class='ocrx_word' id='word_1_581' title='bbox 2661 4557 2753 4616; x_wconf 89' lang='lat' dir='ltr'>vel</span> <span class='ocrx_word' id='word_1_582' title='bbox 2799 4558 3109 4617; x_wconf 88' lang='lat' dir='ltr'>domestica</span> <span class='ocrx_word' id='word_1_583' title='bbox 3160 4552 3541 4632; x_wconf 77' lang='lat' dir='ltr'>conversatio,</span> <span class='ocrx_word' id='word_1_584' title='bbox 3596 4559 3687 4617; x_wconf 90' lang='lat' dir='ltr'>vel</span> 
     </span>
    </p>
   </div>
   <div class='ocr_carea' id='block_1_77' title="bbox 194 4642 1620 4719">
    <p class='ocr_par' dir='ltr' id='par_1_77' title="bbox 194 4642 1620 4719">
     <span class='ocr_line' id='line_1_77' title="bbox 194 4642 1620 4719; baseline 0 -16"><span class='ocrx_word' id='word_1_585' title='bbox 194 4643 419 4703; x_wconf 85' lang='lat' dir='ltr'>clericis</span> <span class='ocrx_word' id='word_1_586' title='bbox 449 4642 680 4703; x_wconf 81' lang='lat' dir='ltr'>PETRUS</span> <span class='ocrx_word' id='word_1_587' title='bbox 708 4650 967 4719; x_wconf 89' lang='lat' dir='ltr'>peccator</span> <span class='ocrx_word' id='word_1_588' title='bbox 1003 4646 1324 4705; x_wconf 89' lang='lat' dir='ltr'>monachus</span> <span class='ocrx_word' id='word_1_589' title='bbox 1350 4644 1620 4704; x_wconf 82' lang='lat' dir='ltr'>salutem.</span> 
     </span>
    </p>
   </div>
   <div class='ocr_carea' id='block_1_78' title="bbox 265 4734 1901 4812">
    <p class='ocr_par' dir='ltr' id='par_1_78' title="bbox 265 4734 1901 4812">
     <span class='ocr_line' id='line_1_78' title="bbox 265 4734 1901 4812; baseline -0.002 -18"><span class='ocrx_word' id='word_1_590' title='bbox 265 4734 377 4794; x_wconf 91' lang='lat' dir='ltr'>Diu</span> <span class='ocrx_word' id='word_1_591' title='bbox 423 4740 528 4808; x_wconf 90' lang='lat' dir='ltr'>est,</span> <span class='ocrx_word' id='word_1_592' title='bbox 582 4736 962 4808; x_wconf 89' lang='lat' dir='ltr'>dilectissimi,</span> <span class='ocrx_word' id='word_1_593' title='bbox 1008 4738 1163 4812; x_wconf 91' lang='lat' dir='ltr'>quod</span> <span class='ocrx_word' id='word_1_594' title='bbox 1210 4738 1271 4796; x_wconf 90' lang='lat' dir='ltr'>in</span> <span class='ocrx_word' id='word_1_595' title='bbox 1327 4738 1417 4795; x_wconf 91' lang='lat' dir='ltr'>his</span> <span class='ocrx_word' id='word_1_596' title='bbox 1462 4736 1720 4809; x_wconf 88' lang='lat' dir='ltr'>partibus</span> <span class='ocrx_word' id='word_1_597' title='bbox 1749 4737 1901 4793; x_wconf 86' lang='lat' dir='ltr'>fama</span> 
     </span>
    </p>
   </div>
   <div class='ocr_carea' id='block_1_79' title="bbox 194 4823 1903 4898">
    <p class='ocr_par' dir='ltr' id='par_1_79' title="bbox 194 4823 1903 4898">
     <span class='ocr_line' id='line_1_79' title="bbox 194 4823 1903 4898; baseline -0.001 -15"><span class='ocrx_word' id='word_1_598' title='bbox 194 4823 474 4896; x_wconf 81' lang='lat' dir='ltr'>vulgavit,</span> <span class='ocrx_word' id='word_1_599' title='bbox 515 4840 631 4883; x_wconf 89' lang='lat' dir='ltr'>non</span> <span class='ocrx_word' id='word_1_600' title='bbox 662 4840 857 4898; x_wconf 78' lang='lat' dir='ltr'>paer</span> <span class='ocrx_word' id='word_1_601' title='bbox 892 4824 1203 4884; x_wconf 89' lang='lat' dir='ltr'>simultatis</span> <span class='ocrx_word' id='word_1_602' title='bbox 1249 4826 1401 4883; x_wconf 88' lang='lat' dir='ltr'>inter</span> <span class='ocrx_word' id='word_1_603' title='bbox 1452 4841 1554 4883; x_wconf 87' lang='lat' dir='ltr'>vos</span> <span class='ocrx_word' id='word_1_604' title='bbox 1602 4824 1903 4882; x_wconf 87' lang='lat' dir='ltr'>emersisse</span> 
     </span>
    </p>
   </div>
   <div class='ocr_carea' id='block_1_80' title="bbox 194 4912 1901 4991">
    <p class='ocr_par' dir='ltr' id='par_1_80' title="bbox 194 4912 1901 4991">
     <span class='ocr_line' id='line_1_80' title="bbox 194 4912 1901 4991; baseline 0 -20"><span class='ocrx_word' id='word_1_605' title='bbox 194 4912 563 4984; x_wconf 88' lang='lat' dir='ltr'>discordiam,</span> <span class='ocrx_word' id='word_1_606' title='bbox 603 4916 675 4973; x_wconf 91' lang='lat' dir='ltr'>ob</span> <span class='ocrx_word' id='word_1_607' title='bbox 730 4916 783 4973; x_wconf 89' lang='lat' dir='ltr'>id</span> <span class='ocrx_word' id='word_1_608' title='bbox 832 4914 1118 4987; x_wconf 71' lang='lat' dir='ltr'>videlicet,</span> <span class='ocrx_word' id='word_1_609' title='bbox 1158 4917 1295 4991; x_wconf 86' lang='lat' dir='ltr'>quia</span> <span class='ocrx_word' id='word_1_610' title='bbox 1328 4916 1596 4975; x_wconf 87' lang='lat' dir='ltr'>nonnulli</span> <span class='ocrx_word' id='word_1_611' title='bbox 1643 4914 1901 4974; x_wconf 74' lang='lat' dir='ltr'>vestrum</span> 
     </span>
    </p>
   </div>
   <div class='ocr_carea' id='block_1_81' title="bbox 196 5005 1902 5085">
    <p class='ocr_par' dir='ltr' id='par_1_81' title="bbox 196 5005 1902 5085">
     <span class='ocr_line' id='line_1_81' title="bbox 196 5005 1902 5085; baseline 0.002 -24"><span class='ocrx_word' id='word_1_612' title='bbox 196 5005 646 5079; x_wconf 87' lang='lat' dir='ltr'>aggrederentur</span> <span class='ocrx_word' id='word_1_613' title='bbox 688 5007 747 5064; x_wconf 89' lang='lat' dir='ltr'>in</span> <span class='ocrx_word' id='word_1_614' title='bbox 784 5008 1058 5085; x_wconf 73' lang='lat' dir='ltr'>canonica</span> <span class='ocrx_word' id='word_1_615' title='bbox 1106 5006 1474 5079; x_wconf 83' lang='lat' dir='ltr'>regularitate</span> <span class='ocrx_word' id='word_1_616' title='bbox 1523 5008 1738 5076; x_wconf 89' lang='lat' dir='ltr'>vivere,</span> <span class='ocrx_word' id='word_1_617' title='bbox 1778 5006 1902 5080; x_wconf 91' lang='lat' dir='ltr'>ple-</span> 
     </span>
    </p>
   </div>
   <div class='ocr_carea' id='block_1_82' title="bbox 198 5094 1898 5170">
    <p class='ocr_par' dir='ltr' id='par_1_82' title="bbox 198 5094 1898 5170">
     <span class='ocr_line' id='line_1_82' title="bbox 198 5094 1898 5170; baseline 0.001 -16"><span class='ocrx_word' id='word_1_618' title='bbox 198 5096 364 5170; x_wconf 89' lang='lat' dir='ltr'>rique</span> <span class='ocrx_word' id='word_1_619' title='bbox 414 5102 609 5155; x_wconf 89' lang='lat' dir='ltr'>autcm</span> <span class='ocrx_word' id='word_1_620' title='bbox 676 5113 791 5155; x_wconf 90' lang='lat' dir='ltr'>non</span> <span class='ocrx_word' id='word_1_621' title='bbox 847 5094 1297 5169; x_wconf 83' lang='lat' dir='ltr'>acquiescerent,</span> <span class='ocrx_word' id='word_1_622' title='bbox 1362 5099 1621 5156; x_wconf 86' lang='lat' dir='ltr'>volentes</span> <span class='ocrx_word' id='word_1_623' title='bbox 1677 5104 1898 5155; x_wconf 89' lang='lat' dir='ltr'>tantum</span> 
     </span>
    </p>
   </div>
   <div class='ocr_carea' id='block_1_83' title="bbox 193 5178 1900 5262">
    <p class='ocr_par' dir='ltr' id='par_1_83' title="bbox 193 5178 1900 5262">
     <span class='ocr_line' id='line_1_83' title="bbox 193 5178 1900 5262; baseline 0.001 -19"><span class='ocrx_word' id='word_1_624' title='bbox 193 5185 347 5258; x_wconf 89' lang='lat' dir='ltr'>apud</span> <span class='ocrx_word' id='word_1_625' title='bbox 397 5203 458 5245; x_wconf 92' lang='lat' dir='ltr'>se</span> <span class='ocrx_word' id='word_1_626' title='bbox 496 5187 557 5245; x_wconf 90' lang='lat' dir='ltr'>in</span> <span class='ocrx_word' id='word_1_627' title='bbox 605 5187 726 5245; x_wconf 92' lang='lat' dir='ltr'>suis</span> <span class='ocrx_word' id='word_1_628' title='bbox 759 5178 1201 5262; x_wconf 80' lang='lat' dir='ltr'>proprietatibus</span> <span class='ocrx_word' id='word_1_629' title='bbox 1247 5188 1520 5247; x_wconf 90' lang='lat' dir='ltr'>habitare.</span> <span class='ocrx_word' id='word_1_630' title='bbox 1564 5188 1726 5258; x_wconf 90' lang='lat' dir='ltr'>Quod</span> <span class='ocrx_word' id='word_1_631' title='bbox 1768 5188 1900 5261; x_wconf 88' lang='lat' dir='ltr'>qui-</span> 
     </span>
    </p>
   </div>
   <div class='ocr_carea' id='block_1_84' title="bbox 194 5273 1900 5355">
    <p class='ocr_par' dir='ltr' id='par_1_84' title="bbox 194 5273 1900 5355">
     <span class='ocr_line' id='line_1_84' title="bbox 194 5273 1900 5355; baseline 0.001 -25"><span class='ocrx_word' id='word_1_632' title='bbox 194 5273 325 5355; x_wconf 86' lang='lat' dir='ltr'>dem</span> <span class='ocrx_word' id='word_1_633' title='bbox 368 5290 481 5333; x_wconf 93' lang='lat' dir='ltr'>non</span> <span class='ocrx_word' id='word_1_634' title='bbox 532 5277 832 5348; x_wconf 87' lang='lat' dir='ltr'>miramur,</span> <span class='ocrx_word' id='word_1_635' title='bbox 871 5278 1010 5349; x_wconf 90' lang='lat' dir='ltr'>quia</span> <span class='ocrx_word' id='word_1_636' title='bbox 1048 5292 1245 5335; x_wconf 89' lang='lat' dir='ltr'>rarum</span> <span class='ocrx_word' id='word_1_637' title='bbox 1278 5292 1393 5337; x_wconf 89' lang='lat' dir='ltr'>non</span> <span class='ocrx_word' id='word_1_638' title='bbox 1440 5283 1547 5345; x_wconf 88' lang='lat' dir='ltr'>est,</span> <span class='ocrx_word' id='word_1_639' title='bbox 1595 5276 1691 5333; x_wconf 92' lang='lat' dir='ltr'>sed</span> <span class='ocrx_word' id='word_1_640' title='bbox 1738 5274 1900 5332; x_wconf 84' lang='lat' dir='ltr'>dole-</span> 
     </span>
    </p>
   </div>
   <div class='ocr_carea' id='block_1_85' title="bbox 200 5365 1903 5441">
    <p class='ocr_par' dir='ltr' id='par_1_85' title="bbox 200 5365 1903 5441">
     <span class='ocr_line' id='line_1_85' title="bbox 200 5365 1903 5441; baseline 0.001 -20"><span class='ocrx_word' id='word_1_641' title='bbox 200 5380 332 5421; x_wconf 92' lang='lat' dir='ltr'>mus</span> <span class='ocrx_word' id='word_1_642' title='bbox 361 5366 570 5437; x_wconf 89' lang='lat' dir='ltr'>potius,</span> <span class='ocrx_word' id='word_1_643' title='bbox 600 5368 736 5441; x_wconf 89' lang='lat' dir='ltr'>quia</span> <span class='ocrx_word' id='word_1_644' title='bbox 764 5367 1139 5425; x_wconf 90' lang='lat' dir='ltr'>inhonestum</span> <span class='ocrx_word' id='word_1_645' title='bbox 1170 5374 1273 5426; x_wconf 88' lang='lat' dir='ltr'>est.</span> <span class='ocrx_word' id='word_1_646' title='bbox 1311 5367 1460 5425; x_wconf 86' lang='lat' dir='ltr'>Satis</span> <span class='ocrx_word' id='word_1_647' title='bbox 1497 5367 1651 5423; x_wconf 88' lang='lat' dir='ltr'>enim</span> <span class='ocrx_word' id='word_1_648' title='bbox 1674 5365 1903 5423; x_wconf 86' lang='lat' dir='ltr'>videtur</span> 
     </span>
    </p>
   </div>
   <div class='ocr_carea' id='block_1_86' title="bbox 195 5451 1904 5529">
    <p class='ocr_par' dir='ltr' id='par_1_86' title="bbox 195 5451 1904 5529">
     <span class='ocr_line' id='line_1_86' title="bbox 195 5451 1904 5529; baseline 0.001 -20"><span class='ocrx_word' id='word_1_649' title='bbox 195 5451 534 5525; x_wconf 75' lang='lat' dir='ltr'>absurdum,</span> <span class='ocrx_word' id='word_1_650' title='bbox 576 5460 639 5510; x_wconf 90' lang='lat' dir='ltr'>ut</span> <span class='ocrx_word' id='word_1_651' title='bbox 667 5454 863 5513; x_wconf 89' lang='lat' dir='ltr'>clerici</span> <span class='ocrx_word' id='word_1_652' title='bbox 910 5456 1044 5529; x_wconf 90' lang='lat' dir='ltr'>quis</span> <span class='ocrx_word' id='word_1_653' title='bbox 1082 5456 1396 5529; x_wconf 73' lang='lat' dir='ltr'>prmtondat</span> <span class='ocrx_word' id='word_1_654' title='bbox 1433 5456 1493 5511; x_wconf 89' lang='lat' dir='ltr'>in</span> <span class='ocrx_word' id='word_1_655' title='bbox 1539 5454 1745 5511; x_wconf 89' lang='lat' dir='ltr'>ordine</span> <span class='ocrx_word' id='word_1_656' title='bbox 1781 5470 1904 5528; x_wconf 90' lang='lat' dir='ltr'>spe-</span> 
     </span>
    </p>
   </div>
   <div class='ocr_carea' id='block_1_87' title="bbox 195 5542 1895 5611">
    <p class='ocr_par' dir='ltr' id='par_1_87' title="bbox 195 5542 1895 5611">
     <span class='ocr_line' id='line_1_87' title="bbox 195 5542 1895 5611; baseline 0.001 -12"><span class='ocrx_word' id='word_1_657' title='bbox 195 5542 365 5611; x_wconf 89' lang='lat' dir='ltr'>ciem,</span> <span class='ocrx_word' id='word_1_658' title='bbox 394 5548 449 5600; x_wconf 89' lang='lat' dir='ltr'>et</span> <span class='ocrx_word' id='word_1_659' title='bbox 480 5542 850 5602; x_wconf 66' lang='lat' dir='ltr'>smcularium</span> <span class='ocrx_word' id='word_1_660' title='bbox 884 5550 1073 5602; x_wconf 87' lang='lat' dir='ltr'>teneat</span> <span class='ocrx_word' id='word_1_661' title='bbox 1096 5544 1343 5600; x_wconf 86' lang='lat' dir='ltr'>vivendo</span> <span class='ocrx_word' id='word_1_662' title='bbox 1368 5544 1895 5602; x_wconf 83' lang='lat' dir='ltr'>conversationem:</span> 
     </span>
    </p>
   </div>
   <div class='ocr_carea' id='block_1_88' title="bbox 199 5633 1927 5713">
    <p class='ocr_par' dir='ltr' id='par_1_88' title="bbox 199 5633 1927 5713">
     <span class='ocr_line' id='line_1_88' title="bbox 199 5633 1927 5713; baseline 0.001 -23"><span class='ocrx_word' id='word_1_663' title='bbox 199 5641 254 5691; x_wconf 74' lang='lat' dir='ltr'>et</span> <span class='ocrx_word' id='word_1_664' title='bbox 281 5649 451 5708; x_wconf 85' lang='lat' dir='ltr'>quem</span> <span class='ocrx_word' id='word_1_665' title='bbox 488 5652 517 5691; x_wconf 85' lang='lat' dir='ltr'>a</span> <span class='ocrx_word' id='word_1_666' title='bbox 555 5633 833 5701; x_wconf 61' lang='lat' dir='ltr'>micorum</span> <span class='ocrx_word' id='word_1_667' title='bbox 882 5634 1066 5693; x_wconf 89' lang='lat' dir='ltr'>turbis</span> <span class='ocrx_word' id='word_1_668' title='bbox 1108 5633 1479 5707; x_wconf 83' lang='lat' dir='ltr'>professionis</span> <span class='ocrx_word' id='word_1_669' title='bbox 1522 5635 1775 5713; x_wconf 66' lang='lat' dir='ltr'>gonditio</span> <span class='ocrx_word' id='word_1_670' title='bbox 1808 5635 1927 5692; x_wconf 87' lang='lat' dir='ltr'>se-’</span> 
     </span>
    </p>
   </div>
   <div class='ocr_carea' id='block_1_89' title="bbox 1983 4649 3690 4724">
    <p class='ocr_par' dir='ltr' id='par_1_89' title="bbox 1983 4649 3690 4724">
     <span class='ocr_line' id='line_1_89' title="bbox 1983 4649 3690 4724; baseline 0 -17"><span class='ocrx_word' id='word_1_671' title='bbox 1983 4649 2195 4724; x_wconf 71' lang='lat' dir='ltr'>peculii</span> <span class='ocrx_word' id='word_1_672' title='bbox 2237 4650 2624 4708; x_wconf 90' lang='lat' dir='ltr'>abominanda</span> <span class='ocrx_word' id='word_1_673' title='bbox 2665 4650 2979 4724; x_wconf 87' lang='lat' dir='ltr'>proprietas</span> <span class='ocrx_word' id='word_1_674' title='bbox 3023 4651 3233 4708; x_wconf 89' lang='lat' dir='ltr'>laicum</span> <span class='ocrx_word' id='word_1_675' title='bbox 3278 4666 3400 4708; x_wconf 80' lang='lat' dir='ltr'>esse</span> <span class='ocrx_word' id='word_1_676' title='bbox 3442 4650 3690 4707; x_wconf 89' lang='lat' dir='ltr'>convin-</span> 
     </span>
    </p>
   </div>
   <div class='ocr_carea' id='block_1_90' title="bbox 1983 4738 3684 4813">
    <p class='ocr_par' dir='ltr' id='par_1_90' title="bbox 1983 4738 3684 4813">
     <span class='ocr_line' id='line_1_90' title="bbox 1983 4738 3684 4813; baseline -0.001 -15"><span class='ocrx_word' id='word_1_677' title='bbox 1983 4745 2090 4798; x_wconf 88' lang='lat' dir='ltr'>cat.</span> <span class='ocrx_word' id='word_1_678' title='bbox 2139 4738 2287 4809; x_wconf 84' lang='lat' dir='ltr'>Quid</span> <span class='ocrx_word' id='word_1_679' title='bbox 2337 4739 2494 4796; x_wconf 91' lang='lat' dir='ltr'>enim</span> <span class='ocrx_word' id='word_1_680' title='bbox 2542 4739 2705 4797; x_wconf 91' lang='lat' dir='ltr'>illius</span> <span class='ocrx_word' id='word_1_681' title='bbox 2760 4739 2967 4813; x_wconf 90' lang='lat' dir='ltr'>poterit</span> <span class='ocrx_word' id='word_1_682' title='bbox 3016 4739 3539 4813; x_wconf 89' lang='lat' dir='ltr'>concupiscentiam</span> <span class='ocrx_word' id='word_1_683' title='bbox 3594 4755 3684 4797; x_wconf 90' lang='lat' dir='ltr'>sa-</span> 
     </span>
    </p>
   </div>
   <div class='ocr_carea' id='block_1_91' title="bbox 1960 4818 3683 4901">
    <p class='ocr_par' dir='ltr' id='par_1_91' title="bbox 1960 4818 3683 4901">
     <span class='ocr_line' id='line_1_91' title="bbox 1960 4818 3683 4901; baseline -0.001 -14"><span class='ocrx_word' id='word_1_684' title='bbox 1960 4828 2145 4899; x_wconf 82' lang='lat' dir='ltr'>tiare,</span> <span class='ocrx_word' id='word_1_685' title='bbox 2187 4828 2283 4885; x_wconf 92' lang='lat' dir='ltr'>cui</span> <span class='ocrx_word' id='word_1_686' title='bbox 2324 4843 2441 4885; x_wconf 90' lang='lat' dir='ltr'>non</span> <span class='ocrx_word' id='word_1_687' title='bbox 2484 4833 2667 4901; x_wconf 89' lang='lat' dir='ltr'>potest</span> <span class='ocrx_word' id='word_1_688' title='bbox 2696 4827 2818 4901; x_wconf 87' lang='lat' dir='ltr'>ipse</span> <span class='ocrx_word' id='word_1_689' title='bbox 2856 4828 3007 4887; x_wconf 88' lang='lat' dir='ltr'>Deus</span> <span class='ocrx_word' id='word_1_690' title='bbox 3044 4828 3107 4886; x_wconf 88' lang='lat' dir='ltr'>in</span> <span class='ocrx_word' id='word_1_691' title='bbox 3136 4818 3493 4898; x_wconf 86' lang='lat' dir='ltr'>possessione</span> <span class='ocrx_word' id='word_1_692' title='bbox 3522 4826 3683 4887; x_wconf 80' lang='lat' dir='ltr'>sufﬁ-</span> 
     </span>
    </p>
   </div>
   <div class='ocr_carea' id='block_1_92' title="bbox 1983 4916 3687 5001">
    <p class='ocr_par' dir='ltr' id='par_1_92' title="bbox 1983 4916 3687 5001">
     <span class='ocr_line' id='line_1_92' title="bbox 1983 4916 3687 5001; baseline -0.001 -25"><span class='ocrx_word' id='word_1_693' title='bbox 1983 4919 2158 4977; x_wconf 86' lang='lat' dir='ltr'>cere?</span> <span class='ocrx_word' id='word_1_694' title='bbox 2201 4916 2455 5001; x_wconf 82' lang='lat' dir='ltr'>Clericus</span> <span class='ocrx_word' id='word_1_695' title='bbox 2483 4920 2718 4992; x_wconf 89' lang='lat' dir='ltr'>quippe,</span> <span class='ocrx_word' id='word_1_696' title='bbox 2757 4919 2903 4977; x_wconf 89' lang='lat' dir='ltr'>sicut</span> <span class='ocrx_word' id='word_1_697' title='bbox 2929 4920 3099 4991; x_wconf 87' lang='lat' dir='ltr'>juxta</span> <span class='ocrx_word' id='word_1_698' title='bbox 3144 4920 3233 4977; x_wconf 90' lang='lat' dir='ltr'>sui</span> <span class='ocrx_word' id='word_1_699' title='bbox 3278 4918 3687 4993; x_wconf 79' lang='lat' dir='ltr'>etymologiam</span> 
     </span>
    </p>
   </div>
   <div class='ocr_carea' id='block_1_93' title="bbox 1984 5004 3689 5080">
    <p class='ocr_par' dir='ltr' id='par_1_93' title="bbox 1984 5004 3689 5080">
     <span class='ocr_line' id='line_1_93' title="bbox 1984 5004 3689 5080; baseline -0.002 -14"><span class='ocrx_word' id='word_1_700' title='bbox 1984 5008 2274 5075; x_wconf 88' lang='lat' dir='ltr'>vocabuli,</span> <span class='ocrx_word' id='word_1_701' title='bbox 2309 5007 2431 5080; x_wconf 88' lang='lat' dir='ltr'>ipse</span> <span class='ocrx_word' id='word_1_702' title='bbox 2456 5021 2578 5064; x_wconf 90' lang='lat' dir='ltr'>sors</span> <span class='ocrx_word' id='word_1_703' title='bbox 2612 5004 2716 5062; x_wconf 91' lang='lat' dir='ltr'>Dei</span> <span class='ocrx_word' id='word_1_704' title='bbox 2763 5012 2867 5079; x_wconf 83' lang='lat' dir='ltr'>est,</span> <span class='ocrx_word' id='word_1_705' title='bbox 2914 5006 2991 5065; x_wconf 89' lang='lat' dir='ltr'>ita</span> <span class='ocrx_word' id='word_1_706' title='bbox 3017 5006 3414 5066; x_wconf 82' lang='lat' dir='ltr'>nihilominus</span> <span class='ocrx_word' id='word_1_707' title='bbox 3443 5014 3497 5065; x_wconf 80' lang='lat' dir='ltr'>et</span> <span class='ocrx_word' id='word_1_708' title='bbox 3532 5007 3689 5065; x_wconf 89' lang='lat' dir='ltr'>Deus</span> 
     </span>
    </p>
   </div>
   <div class='ocr_carea' id='block_1_94' title="bbox 1983 5090 3688 5171">
    <p class='ocr_par' dir='ltr' id='par_1_94' title="bbox 1983 5090 3688 5171">
     <span class='ocr_line' id='line_1_94' title="bbox 1983 5090 3688 5171; baseline -0.003 -15"><span class='ocrx_word' id='word_1_709' title='bbox 1983 5096 2351 5171; x_wconf 90' lang='lat' dir='ltr'>omnipotens</span> <span class='ocrx_word' id='word_1_710' title='bbox 2399 5098 2526 5170; x_wconf 86' lang='lat' dir='ltr'>ejus</span> <span class='ocrx_word' id='word_1_711' title='bbox 2578 5090 2701 5154; x_wconf 82' lang='lat' dir='ltr'>esse</span> <span class='ocrx_word' id='word_1_712' title='bbox 2752 5096 2936 5169; x_wconf 90' lang='lat' dir='ltr'>portio</span> <span class='ocrx_word' id='word_1_713' title='bbox 3006 5095 3357 5169; x_wconf 89' lang='lat' dir='ltr'>perhibetur.</span> <span class='ocrx_word' id='word_1_714' title='bbox 3422 5096 3588 5155; x_wconf 91' lang='lat' dir='ltr'>Unde</span> <span class='ocrx_word' id='word_1_715' title='bbox 3634 5101 3688 5151; x_wconf 90' lang='lat' dir='ltr'>et</span> 
     </span>
    </p>
   </div>
   <div class='ocr_carea' id='block_1_95' title="bbox 1983 5184 3689 5269">
    <p class='ocr_par' dir='ltr' id='par_1_95' title="bbox 1983 5184 3689 5269">
     <span class='ocr_line' id='line_1_95' title="bbox 1983 5184 3689 5269; baseline -0.002 -25"><span class='ocrx_word' id='word_1_716' title='bbox 1983 5186 2263 5245; x_wconf 88' lang='lat' dir='ltr'>Jeremias</span> <span class='ocrx_word' id='word_1_717' title='bbox 2313 5186 2442 5243; x_wconf 85' lang='lat' dir='ltr'>ait:</span> <span class='ocrx_word' id='word_1_718' title='bbox 2503 5185 2702 5243; x_wconf 87' lang='lat' dir='ltr'>«Pars</span> <span class='ocrx_word' id='word_1_719' title='bbox 2753 5200 2902 5255; x_wconf 88' lang='lat' dir='ltr'>mea,</span> <span class='ocrx_word' id='word_1_720' title='bbox 2950 5184 3247 5251; x_wconf 89' lang='lat' dir='ltr'>Dominus,</span> <span class='ocrx_word' id='word_1_721' title='bbox 3296 5185 3470 5269; x_wconf 52' lang='lat' dir='ltr'>dixit.</span> <span class='ocrx_word' id='word_1_722' title='bbox 3495 5184 3689 5243; x_wconf 89' lang='lat' dir='ltr'>anima</span> 
     </span>
    </p>
   </div>
   <div class='ocr_carea' id='block_1_96' title="bbox 1986 5276 3691 5351">
    <p class='ocr_par' dir='ltr' id='par_1_96' title="bbox 1986 5276 3691 5351">
     <span class='ocr_line' id='line_1_96' title="bbox 1986 5276 3691 5351; baseline 0 -16"><span class='ocrx_word' id='word_1_723' title='bbox 1986 5293 2155 5336; x_wconf 82' lang='lat' dir='ltr'>mea:</span> <span class='ocrx_word' id='word_1_724' title='bbox 2208 5283 2505 5351; x_wconf 90' lang='lat' dir='ltr'>propterea</span> <span class='ocrx_word' id='word_1_725' title='bbox 2548 5276 2891 5349; x_wconf 84' lang='lat' dir='ltr'>exspectabo</span> <span class='ocrx_word' id='word_1_726' title='bbox 2939 5283 3071 5333; x_wconf 81' lang='lat' dir='ltr'>eum</span> <span class='ocrx_word' id='word_1_727' title='bbox 3140 5279 3360 5343; x_wconf 85' lang='lat' dir='ltr'>(Thren.</span> <span class='ocrx_word' id='word_1_728' title='bbox 3407 5282 3514 5345; x_wconf 87' lang='lat' dir='ltr'><strong>III).</strong></span> <span class='ocrx_word' id='word_1_729' title='bbox 3552 5299 3573 5325; x_wconf 80' lang='grc' dir='ltr'><strong><em>η</em></strong></span> <span class='ocrx_word' id='word_1_730' title='bbox 3622 5278 3691 5335; x_wconf 89' lang='lat' dir='ltr'>Et</span> 
     </span>
    </p>
   </div>
   <div class='ocr_carea' id='block_1_97' title="bbox 1986 5363 3691 5438">
    <p class='ocr_par' dir='ltr' id='par_1_97' title="bbox 1986 5363 3691 5438">
     <span class='ocr_line' id='line_1_97' title="bbox 1986 5363 3691 5438; baseline 0 -14"><span class='ocrx_word' id='word_1_731' title='bbox 1986 5366 2125 5424; x_wconf 88' lang='lat' dir='ltr'>alibi</span> <span class='ocrx_word' id='word_1_732' title='bbox 2172 5366 2365 5424; x_wconf 92' lang='lat' dir='ltr'>Deus:</span> <span class='ocrx_word' id='word_1_733' title='bbox 2408 5364 2582 5438; x_wconf 85' lang='lat' dir='ltr'>Opus,</span> <span class='ocrx_word' id='word_1_734' title='bbox 2637 5363 2852 5437; x_wconf 88' lang='lat' dir='ltr'>inquit,</span> <span class='ocrx_word' id='word_1_735' title='bbox 2908 5386 2929 5414; x_wconf 74' lang='grc' dir='ltr'>ι</span> <span class='ocrx_word' id='word_1_736' title='bbox 2971 5380 3255 5431; x_wconf 82' lang='lat' dir='ltr'>manuum</span> <span class='ocrx_word' id='word_1_737' title='bbox 3311 5381 3573 5424; x_wconf 89' lang='lat' dir='ltr'>mearum</span> <span class='ocrx_word' id='word_1_738' title='bbox 3628 5372 3691 5424; x_wconf 85' lang='lat' dir='ltr'>tu</span> 
     </span>
    </p>
   </div>
   <div class='ocr_carea' id='block_1_98' title="bbox 1987 5452 3691 5526">
    <p class='ocr_par' dir='ltr' id='par_1_98' title="bbox 1987 5452 3691 5526">
     <span class='ocr_line' id='line_1_98' title="bbox 1987 5452 3691 5526; baseline -0.002 -12"><span class='ocrx_word' id='word_1_739' title='bbox 1987 5472 2065 5524; x_wconf 89' lang='lat' dir='ltr'>es,</span> <span class='ocrx_word' id='word_1_740' title='bbox 2100 5455 2407 5513; x_wconf 64' lang='lat' dir='ltr'>haereditas</span> <span class='ocrx_word' id='word_1_741' title='bbox 2448 5469 2574 5511; x_wconf 90' lang='lat' dir='ltr'>mea</span> <span class='ocrx_word' id='word_1_742' title='bbox 2621 5452 2797 5511; x_wconf 89' lang='lat' dir='ltr'>Israel</span> <span class='ocrx_word' id='word_1_743' title='bbox 2831 5456 2954 5525; x_wconf 88' lang='lat' dir='ltr'>(Isa.</span> <span class='ocrx_word' id='word_1_744' title='bbox 2993 5458 3146 5523; x_wconf 79' lang='lat' dir='ltr'>XIX).</span> <span class='ocrx_word' id='word_1_745' title='bbox 3187 5477 3212 5504; x_wconf 76' lang='grc' dir='ltr'><strong>υ</strong></span> <span class='ocrx_word' id='word_1_746' title='bbox 3255 5452 3328 5513; x_wconf 90' lang='lat' dir='ltr'>Si-</span> <span class='ocrx_word' id='word_1_747' title='bbox 3355 5454 3537 5526; x_wconf 76' lang='lat' dir='ltr'>igitur</span> <span class='ocrx_word' id='word_1_748' title='bbox 3577 5454 3691 5512; x_wconf 91' lang='lat' dir='ltr'>cie-</span> 
     </span>
    </p>
   </div>
   <div class='ocr_carea' id='block_1_99' title="bbox 1986 5540 3691 5615">
    <p class='ocr_par' dir='ltr' id='par_1_99' title="bbox 1986 5540 3691 5615">
     <span class='ocr_line' id='line_1_99' title="bbox 1986 5540 3691 5615; baseline -0.001 -13"><span class='ocrx_word' id='word_1_749' title='bbox 1986 5546 2141 5603; x_wconf 79' lang='lat' dir='ltr'>ricus</span> <span class='ocrx_word' id='word_1_750' title='bbox 2169 5541 2271 5600; x_wconf 87' lang='lat' dir='ltr'>Dei</span> <span class='ocrx_word' id='word_1_751' title='bbox 2302 5548 2385 5600; x_wconf 90' lang='lat' dir='ltr'>est</span> <span class='ocrx_word' id='word_1_752' title='bbox 2415 5541 2618 5614; x_wconf 89' lang='lat' dir='ltr'>portio,</span> <span class='ocrx_word' id='word_1_753' title='bbox 2663 5547 2717 5599; x_wconf 90' lang='lat' dir='ltr'>et</span> <span class='ocrx_word' id='word_1_754' title='bbox 2761 5541 2917 5599; x_wconf 92' lang='lat' dir='ltr'>Deus</span> <span class='ocrx_word' id='word_1_755' title='bbox 2946 5541 3128 5615; x_wconf 89' lang='lat' dir='ltr'>portio</span> <span class='ocrx_word' id='word_1_756' title='bbox 3164 5542 3308 5614; x_wconf 89' lang='lat' dir='ltr'>ejus,</span> <span class='ocrx_word' id='word_1_757' title='bbox 3354 5557 3466 5601; x_wconf 92' lang='lat' dir='ltr'>non</span> <span class='ocrx_word' id='word_1_758' title='bbox 3502 5540 3691 5600; x_wconf 89' lang='lat' dir='ltr'>levem</span> 
     </span>
    </p>
   </div>
   <div class='ocr_carea' id='block_1_100' title="bbox 1986 5630 3693 5705">
    <p class='ocr_par' dir='ltr' id='par_1_100' title="bbox 1986 5630 3693 5705">
     <span class='ocr_line' id='line_1_100' title="bbox 1986 5630 3693 5705; baseline -0.004 -12"><span class='ocrx_word' id='word_1_759' title='bbox 1986 5634 2233 5693; x_wconf 87' lang='lat' dir='ltr'>Creatori</span> <span class='ocrx_word' id='word_1_760' title='bbox 2266 5649 2372 5691; x_wconf 92' lang='lat' dir='ltr'>suo</span> <span class='ocrx_word' id='word_1_761' title='bbox 2406 5632 2815 5691; x_wconf 88' lang='lat' dir='ltr'>contumeliam</span> <span class='ocrx_word' id='word_1_762' title='bbox 2849 5630 3078 5690; x_wconf 86' lang='lat' dir='ltr'>videtur</span> <span class='ocrx_word' id='word_1_763' title='bbox 3120 5630 3351 5703; x_wconf 84' lang='lat' dir='ltr'>inferre,</span> <span class='ocrx_word' id='word_1_764' title='bbox 3381 5632 3481 5705; x_wconf 87' lang='lat' dir='ltr'>qui</span> <span class='ocrx_word' id='word_1_765' title='bbox 3518 5645 3693 5703; x_wconf 89' lang='lat' dir='ltr'>super</span> 
     </span>
    </p>
   </div>
  </div>
