4080 6194
228 243 348 326 505

1110 256 1362 318 OPUSC.
1405 259 1640 320 XXVII.
1686 294 1751 303 -—
1793 262 1885 320 DE
1924 259 2267 365 COMMIlNI
2306 263 2486 325 VITA
2524 266 2863 327 CANONIC.

3624 271 3731 332 506

226 390 343 448 hoc
370 385 664 463 singulare
710 383 992 442 talentum
1039 390 1323 443 terrenam
1372 390 1580 443 aestuat
1632 387 2203 460 pecuniamAﬁgan‘t
2258 389 2499 447 tentoria
2529 393 2747 461 (Ibid).
2782 418 2807 442 »
2840 392 2900 450 Si
2946 393 3128 466 igitur
3172 410 3247 452 ex
3285 400 3565 470 praecepto
3613 395 3730 454 Do-

223 480 555 539 cumulare.
586 477 731 535 Nam
760 481 816 533 et
861 475 918 533 in
956 474 1105 532 libro
1132 476 1370 534 Numeri
1418 476 1487 534 de
1520 478 1741 535 Levitis
1789 479 1941 537 Deus

224 567 721 643 Moysi-praecipit,
770 565 1011 623 dicens:
1052 588 1078 614 α
1129 566 1321 625 Tolles
1370 568 1597 626 Levitas
1641 569 1785 627 mihi
1838 588 1939 644 pro

222 644 812 733 omni'priniogenito
856 655 1109 714 ﬁliorum
1145 657 1317 715 Israel
1352 678 1365 715 :
1400 659 1517 731 Ego
1556 675 1686 717 sum
1740 661 1937 719 Domi-

224 765 389 806 nus:
450 753 503 804 et
547 759 749 819 pecora
795 759 999 813 eorum
1044 760 1147 818 pro
1196 746 1487 804 universis
1540 749 1941 821 primogenitis

224 849 504 910 pecorum
556 832 814 890 ﬁliorum
868 831 1043 889 Israel
1112 834 1288 905 (Num.
1336 836 1499 902 111).»
1554 837 1623 895 Et
1679 839 1937 896 iterum:

230 950 258 977 ιι
294 925 461 984 Tolle
492 923 722 982 Levitas
752 939 853 996 pro
882 923 1284 997 primogenitis
1334 925 1589 986 ﬁliorum
1640 928 1841 999 Israel,
1884 937 1939 986 et

224 1032 435 1092 pecora
467 1015 804 1073 Levitarum
852 1029 954 1086 pro
996 1015 1299 1086 pecoribus
1343 1033 1545 1076 eorum
1578 1041 1591 1091 ;
1650 1032 1939 1096 eruntque

225 1105 453 1164 Levites
483 1103 616 1161 mei.
658 1102 776 1175 Ego
817 1116 947 1160 sum
988 1103 1277 1161 Dominus
1308 1124 1322 1175 ;
1362 1106 1421 1164 in
1466 1112 1765 1184 praeceptis
1796 1112 1939 1170 meis

224 1193 534 1252 ambulent
581 1193 789 1260 (Ibid).
820 1216 871 1239 ››»
903 1193 989 1249 Ac
1032 1192 1080 1249 si
1135 1195 1500 1253 manifestius
1549 1198 1744 1258 dicat:
1788 1202 1941 1261 sicut

224 1298 326 1341 eos
355 1282 498 1339 mihi
526 1280 587 1338 in
623 1281 915 1355 proprium
945 1280 1040 1359 jus
1077 1283 1403 1355 specialiter
1430 1286 1682 1360 vindico,
1712 1292 1794 1348 sic
1826 1293 1937 1350 mi-

224 1374 293 1432 lii
319 1373 535 1447 jugiter
562 1371 856 1429 deservire
882 1371 1102 1447 absque
1132 1374 1297 1431 omni
1350 1366 1591 1437 terrente
1641 1396 1939 1440 conversa-

232 1461 409 1519 tionis
456 1460 815 1533 subjectione
866 1460 1157 1532 decerno;
1213 1478 1320 1521 nec
1371 1479 1468 1522 eos
1522 1466 1680 1524 velut
1739 1484 1937 1528 servos

208 1551 371 1625 .jugo
410 1550 772 1633 negotiorum
820 1549 1191 1609 saecularium
1225 1553 1408 1625 patior
1436 1555 1768 1629 ignobiliter
1797 1559 1935 1617 sub-

2024 480 2171 537 mini
2205 480 2423 539 Levitze
2462 482 2645 542 castra
2681 500 2784 542 sua
2825 486 2995 559 juxta
3038 486 3479 545 tabernaculum
3517 486 3728 560 ﬁgunt,

2026 585 2131 627 nec
2195 571 2456 630 secedere
2504 573 2889 644 tabernaculo,
2948 575 3040 633 vel
3097 577 3247 634 inter
3294 576 3490 635 turbas
3519 577 3729 635 habere

2025 659 2341 732 hospitium
2370 664 2827 735 permittuntur;
2884 682 2987 723 cur
3012 683 3167 724 nunc
3205 667 3400 725 clerici
3437 669 3607 740 juxta
3643 668 3728 727 di-

2022 750 2176 808 vina)
2207 752 2636 836 constitutionis
2679 755 2932 814 edictum
2977 758 3323 815 abhorreant
3358 758 3511 832 apud
3540 759 3730 818 Eccle-

2023 837 2165 895 siam
2201 842 2428 913 degere,
2460 850 2523 901 ut
2565 851 2720 901 tanto
2756 844 3025 915 liberius,
3078 853 3296 919 quanto
3336 847 3613 919 quietius,
3663 847 3727 906 in

2022 928 2166 984 sacri
2213 928 2427 1003 eloquii
2480 931 2707 988 valeant
2759 934 3127 991 meditatione
3159 933 3409 993 vacare?
3438 941 3493 991 et
3520 935 3724 993 saltem

2023 1018 2129 1075 hoc
2190 1028 2459 1092 preestent
2509 1022 2798 1092 Ecclesiae,
2867 1040 3042 1099 quam
3116 1025 3464 1099 evangelicae
3524 1026 3726 1098 gratiae

2023 1103 2293 1177 splendor
2322 1106 2592 1177 illustrat,
2621 1112 2771 1183 quod
2805 1111 2891 1169 illi
2953 1111 3284 1170 deferebant
3332 1113 3723 1185 tabernaculo,
3764 1154 3767 1157 ι

2022 1198 2173 1270 quod
2219 1199 2342 1255 sub
2383 1199 2727 1269 ignorantiae
2796 1203 3047 1261 tenebris
3094 1204 3467 1277 aenigmatum
3523 1205 3727 1278 ﬁguras

2022 1285 2307 1344 velabant.
2371 1288 2439 1345 Et
2492 1298 2643 1347 certe
2698 1291 2866 1350 valde
2915 1300 3333 1367 przeposterum
3372 1300 3475 1362 est,
3530 1294 3579 1351 si
3630 1294 3730 1351 illa

2019 1390 2177 1433 nunc
2207 1377 2524 1449 denegetur
2571 1380 2891 1439 reverentia
2922 1382 3169 1454 veritati,
3201 1398 3332 1455 quae
3363 1391 3503 1442 tunc
3528 1384 3727 1443 adum-

2019 1466 2196 1525 brata:
2239 1468 2602 1550 deferebatur
2652 1473 2912 1545 imagini.
2950 1473 3095 1549 Nam
3145 1475 3298 1547 quod
3349 1474 3499 1534 illud
3536 1476 3724 1535 taber-

2019 1556 2298 1615 naculum
2324 1575 2442 1616 non
2468 1560 2593 1632 ipsa
2619 1562 2853 1630 veritas,
2887 1564 2985 1619 sed
3035 1563 3225 1636 potius
3244 1566 3431 1622 .i‘uerit
3466 1566 3739 1625 veritatis

215 1639 345 1714 jici,
378 1640 479 1714 qui
506 1640 651 1697 meis
667 1638 958 1713 obsequiis
977 1640 1173 1711 dediti,
1209 1641 1773 1718 libertatisingenuze
1800 1657 1945 1708 sunt
2018 1646 2342 1718 exemplar,
2378 1652 2611 1706 testatur
2659 1649 2968 1721 Dominus,
3011 1652 3151 1709 dum
3191 1652 3453 1726 prmcipit
3488 1654 3673 1728 Moysi
3711 1677 3726 1712 :

220 1730 399 1789 titulo
427 1731 695 1789 decorati.

745 1898 757 1909 ·
775 1878 1021 1941 C’APUT
1064 1880 1379 1942 PRIMUM.

216 1990 381 2054 Quod
433 1991 617 2045 clerici
665 2006 774 2046 non
835 1992 1033 2047 habent
1082 1992 1475 2064 proprietatem
1534 2010 1734 2058 rem,
1794 2012 1933 2066 quas

924 2083 1228 2152 possident.

211 2294 353 2338 rum
402 2279 573 2336 etiam
619 2294 823 2352 pecora
870 2279 1155 2339 Dominus
1207 2296 1311 2339 sua
1350 2298 1473 2339 esse
1529 2288 1807 2355 testatur;
1867 2289 1931 2341 ut

206 2367 521 2442 perspicue
542 2368 756 2439 doceat,
807 2370 963 2442 quod
1010 2371 1052 2427 ii
1101 2370 1205 2443 qui
1258 2369 1656 2428 ecclesiasticis
1708 2372 1930 2428 manci-

207 2464 430 2531 pantur
459 2458 779 2532 obsequiis,
808 2459 1302 2518 Deodebentnon
1349 2460 1519 2518 modo
1561 2476 1682 2517 suae
1721 2460 1933 2519 seduli-

210 2545 349 2604 tatis
374 2553 429 2605 et
458 2545 669 2606 laboris
713 2546 1100 2619 impendium,
1148 2546 1245 2604 sed
1297 2547 1471 2604 etiam
1525 2545 1929 2620 proprietatem

212 2652 454 2711 quoque
476 2622 703 2705 carum,
734 2652 879 2709 quas
903 2637 1218 2709 possident,
1261 2637 1604 2695 facultatum
1640 2654 1653 2693 :
1708 2636 1927 2694 sciant-

208 2743 333 2801 que
367 2742 447 2796 se,
506 2727 680 2785 simul
728 2735 783 2785 et
818 2722 935 2786 sua
982 2727 1135 2801 juris
1188 2743 1312 2785 esse
1362 2742 1479 2784 non
1536 2726 1776 2800 proprii,
1827 2726 1926 2783 sed

211 2815 428 2874 divini.
460 2814 585 2874 Hoc
613 2824 807 2875 autem
841 2822 1096 2891 tempore
1127 2818 1370 2889 clericis,
1403 2816 1557 2892 quod
1587 2817 1657 2874 de
1684 2816 1925 2893 quihus-

216 2906 357 2965 dam
407 2906 629 2982 loquor,
669 2924 874 2982 parum
926 2909 1182 2978 videtur,
1229 2911 1278 2967 si
1318 2926 1445 2967 .sua
1498 2908 1634 2977 Deo,
1679 2907 1930 2966 vivendo

214 2992 546 3065 carnaliter,
603 2996 952 3055 subtrahant
988 3017 1002 3068 ;
1037 2998 1153 3057 nisi
1198 2997 1371 3055 etiam
1427 2995 1501 3053 ab
1532 2994 1930 3053 ecclesiasticae

1952 1747 2049 1806 B«
2100 1732 2264 1803 Vide,
2321 1736 2537 1810 inquit,
2588 1738 2783 1796 omnia
2831 1738 2998 1797 facito
3050 1741 3371 1799 secundum
3420 1742 3573 1815 quo‘d
3624 1742 3730 1801 tibi

2016 1828 2399 1882 monstratum
2425 1826 2601 1895 estin
2634 1832 2830 1885 monte
2861 1831 3061 1897 (Eccod.
3093 1841 3225 1887 xxv
3259 1852 3271 1899 ;
3316 1832 3480 1887 Hebr.
3512 1834 3663 1901 vui).
3695 1850 3723 1884 »

2015 1913 2181 1983 Quod
2224 1930 2359 1986 ergo
2405 1915 2631 1988 Moyses
2676 1917 2823 1974 vidit
2874 1917 2937 1975 in
2986 1926 3201 1988 monte,
3261 1921 3476 1977 veritas
3530 1923 3725 1977 nostra

2018 2006 2125 2063 fuit
2161 2023 2174 2075 ;
2205 2007 2361 2079 quod
2392 2007 2669 2065 Israelitis
2716 2008 3156 2067 tabernaculum
3200 2010 3350 2081 fecit,
3395 2009 3585 2082 imago
3612 2010 3725 2069 fuit

1948 2088 2419 2154 ‘tantummodo
2494 2097 2771 2156 veritatis.
2844 2098 3095 2157 Ministri
3174 2105 3312 2158 tunc
3367 2099 3726 2159 tabernaculi

282 2190 367 2247 Et
390 2180 712 2248 notandum
740 2191 1044 2264 quod-nou
1078 2191 1267 2253 solum
1311 2191 1559 2263 Levitas,
1595 2194 1693 2251 sed
1726 2174 1951 2269 levita-I

2015 2188 2390 2246 comedebant
2420 2205 2633 2247 manna
2680 2190 2877 2262 procul
2917 2190 3095 2248 dubio
3144 2191 3447 2263 morituri;
3502 2193 3566 2249 in
3612 2191 3724 2250 Ec-

2014 2274 2187 2331 clesia
2217 2291 2352 2332 vero
2379 2274 2589 2333 Christi
2633 2284 2989 2335 sacramenta
3033 2279 3404 2352 percipimus,
3444 2279 3507 2337 in
3557 2286 3724 2338 teter-

2012 2361 2191 2419 nitate
2223 2362 2454 2420 victuri.
2499 2363 2581 2421 De.
2629 2380 2742 2438 qua
2788 2364 3054 2424 videlicet
3098 2365 3355 2425 Ecclesia
3391 2366 3528 2424 dicit
3570 2367 3723 2441 Pau-

2014 2448 2150 2507 lus:
2200 2475 2227 2499 «
2276 2450 2421 2521 Quia
2472 2458 2556 2510 est
2606 2453 3045 2512 tabernaculum
3094 2471 3323 2526 verum,
3386 2457 3540 2527 quod
3592 2454 3727 2513 ﬁxit

2013 2541 2187 2613 Deus,
2241 2548 2294 2599 et
2352 2558 2467 2599 non
2528 2544 2701 2602 homo
2759 2546 2959 2625 (Hebr.
3000 2549 3146 2613 Vm).
3205 2568 3231 2595 »
3292 2545 3468 2604 Porro
3526 2554 3723 2604 autem

2015 2633 2293 2722 templum
2340 2630 2662 2699 Salomonis
2687 2651 2861 2707 quam
2881 2637 3070 2708 juges,
3104 2644 3399 2722 quamque
3450 2636 3726 2696 sollicitas

2016 2721 2417 2780 ministrorum
2477 2724 2753 2781 habuisse
2812 2723 3036 2796 legatur
3084 2721 3390 2798 excubias,
3445 2727 3584 2801 quia
3620 2743 3723 2786 vos

2012 2813 2278 2886 ignorare
2328 2830 2445 2871 non
2500 2814 2814 2885 credimus,
2867 2815 3117 2874 scribere
3168 2818 3528 2891 superﬂuum
3562 2817 3722 2890 judi-

2013 2918 2232 2960 camus.
2279 2902 2419 2972 Quis
2467 2905 2623 2963 enim
2671 2904 2820 2962 illud
2862 2888 3378 2981 przesertimdibri
3413 2888 3722 2979 ‘Para—lipo-

2013 3004 2226 3048 menon
2266 2992 2566 3064 perspicue
2620 3008 2736 3049 non
2790 2992 3069 3064 advertat,
3103 2993 3242 3068 quia
3275 2994 3575 3054 constituit
3619 2993 3723 3053 Sa-

218 3083 645 3157 procurationis
671 3086 935 3144 excubiis
962 3103 1064 3162 per
1086 3086 1423 3159 angiportus
1443 3092 1498 3143 et
1528 3085 1925 3142 nundinarum
1949 3100 1992 3165 C
2016 3078 2209 3137 lomon
2250 3080 2435 3153 juxta,
2473 3082 2908 3155 dispositionem
2958 3082 3136 3156 patris
3183 3082 3277 3140 sui
3320 3082 3505 3143 David
3534 3083 3723 3141 ofﬁcia

221 3172 499 3232 stationes
528 3174 841 3253 habitando
868 3176 1154 3235 secedant.
1190 3177 1483 3235 Nimirum
1512 3175 1753 3235 suavius
1776 3174 1931 3249 judi-

220 3269 443 3333 cantes,
480 3263 527 3321 si
559 3258 891 3338 caupon‘um
924 3267 1189 3325 tabernas
1225 3266 1520 3335 olfaciant,
1557 3281 1734 3338 quam
1760 3265 1807 3322 si
1838 3264 1926 3321 di-

220 3350 351 3409 vini
380 3354 614 3411 sacrarii
646 3354 905 3427 quotidie
931 3355 1110 3414 limen
1135 3362 1340 3427 terant,
1369 3354 1667 3427 magisque
1693 3353 1930 3413 delectat

220 3455 323 3500 eos
362 3442 675 3501 textricum
726 3461 996 3520 gynzecea
1051 3446 1401 3519 conspicere,
1458 3459 1634 3521 quam
1682 3443 1930 3509 cmlestis

222 3531 449 3605 eloquii
502 3534 731 3607 paginis
792 3535 1091 3595 incubare.
1158 3535 1384 3608 Pauper
1443 3534 1617 3608 plane
1697 3533 1931 3592 Samuel

223 3624 281 3689 (Ι
304 3622 437 3693 Reg.
480 3624 513 3693 1)
571 3632 695 3698 post
745 3624 1186 3683 ablactationem
1254 3640 1623 3698 nequaquam
1692 3624 1932 3682 domum

221 3726 364 3771 cum
400 3714 734 3786 parentibus
772 3712 917 3768 513
944 3712 1181 3786 l-emeat,
1236 3715 1333 3773 sed
1384 3715 1534 3773 circa
1574 3713 1770 3787 templi
1816 3713 1929 3770 mi-

222 3801 533 3859 nisterium
568 3802 787 3876 jugiter
820 3812 1166 3878 perseverat.
1198 3805 1471 3875 Joannes,
1504 3811 1567 3863 ut
1606 3804 1932 3861 innocentis

220 3889 363 3948 vitae
395 3890 741 3950 munditiam
770 3898 975 3959 teneat,
1010 3893 1081 3951 ad
1132 3892 1455 3967 squalentis
1497 3892 1675 3950 eremi
1726 3892 1929 3951 solitu-

217 3978 419 4036 dinem
450 3987 643 4039 tenera
666 3982 858 4041 adhuc
882 3989 1048 4041 astate
1074 3976 1554 4059 festinat'tMatth.
1573 3995 1656 4054 In;
1688 3986 1861 4039 Marc.
1886 3996 1925 4055 I;

218 4072 353 4125 Luc.
385 4074 472 4141 III)
527 4095 538 4128 :
591 4071 829 4147 illicque
856 4075 1097 4147 gratiam
1131 4075 1476 4148 prephetiCte
1504 4071 1929 4146 praedicationis

214 4159 457 4233 accepit,
493 4176 667 4234 quam
693 4163 753 4220 in
790 4163 973 4221 turbis
1010 4163 1385 4238 popularibus
1412 4162 1649 4240 degens,
1694 4177 1928 4235 prome-

217 4247 335 4305 reri
374 4264 487 4306 non
519 4252 720 4323 potuit.
767 4254 936 4312 Nunc
961 4262 1157 4314 autem
1203 4260 1451 4322 econtra,
1484 4254 1525 4311 ii
1580 4254 1681 4326 qui
1710 4251 1927 4311 divinis

210 4344 355 4394 sunt
381 4341 743 4400 czeremoniis
774 4344 1108 4418 mancipati,
1140 4343 1411 4401 Ecclesia)
1434 4342 1682 4400 sacraria
1708 4349 1925 4401 remota

209 4433 619 4501 contemnunt,
682 4432 939 4490 habitare
987 4448 1123 4492 vero
1172 4433 1323 4490 inter
1362 4432 1608 4490 forensis
1656 4432 1968 4506 strepitus;

210 4530 519 4575 murmura
539 4521 976 4595 concupiscunt.

291 4603 402 4661 Sed
428 4606 739 4666 audiamus
771 4610 909 4684 quid
936 4610 1007 4669 de
1040 4609 1325 4669 metandis
1363 4609 1671 4669 levitarum
1723 4610 1924 4667 castris

211 4694 525 4753 auctoritas
564 4696 767 4755 divina
796 4694 1126 4772 praecipiat,
1180 4700 1375 4774 sicque
1438 4696 1746 4773 possumus
1792 4698 1923 4771 jure

212 4783 584 4856 perpendere,
619 4786 721 4844 ubi
747 4787 1115 4859 potissimum
1145 4789 1333 4846 clerici
1366 4787 1610 4847 debeant
1642 4787 1915 4869 habitare.

214 4899 237 4920 ει
278 4874 547 4945 Tribum,
578 4876 793 4950 inquit,
823 4877 966 4935 Levi
999 4878 1117 4936 noli
1168 4892 1492 4948 numerare,
1532 4893 1717 4949 neque
1742 4892 1943 4949 penest

206 4979 503 5023 summam
533 4967 733 5025 θοι-θη
764 4984 896 5027 cum
940 4969 1076 5027 ﬁliis
1107 4969 1285 5027 Israel
1315 4989 1329 5041 ;
1364 4969 1461 5028 sed
1514 4969 1797 5033 constitue
1825 4984 1920 5038 eos

205 5070 387 5127 super
426 5055 864 5117 tabernaculum
899 5060 1235 5130 testimonii,
1267 5066 1321 5118 et
1371 5067 1577 5118 cuncta
1603 5075 1741 5117 vasa
1773 5059 1917 5133 ejus,
1976 5115 1980 5119 .

202 5152 261 5200 et
290 5141 578 5219 quidquid
617 5146 685 5203 ad
717 5149 1094 5205 czeremonias
1124 5149 1383 5221 ’pertinet
1416 5172 1428 5206 :
1468 5149 1578 5223 ipsi
1615 5150 1921 5223 portabunt

204 5232 648 5292 tabernaculum
678 5242 734 5293 et
763 5238 959 5295 omnia
990 5238 1261 5297 utensilia
1292 5239 1436 5312 ejus,
1465 5247 1519 5297 et
1541 5241 1650 5296 erit
1696 5239 1752 5296 in
1807 5238 1918 5295 mi-

204 5321 469 5391 nisterio,
499 5338 563 5380 ac
584 5340 683 5397 per
700 5341 913 5400 gyrum
943 5327 1690 5387 tabernaculimetabuntur
1733 5332 1915 5410 (Num.

201 5415 266 5479 1).
308 5437 332 5459 »ι
377 5411 654 5485 Et’paulo
686 5422 834 5487 post,
892 5433 1025 5475 cum
1074 5420 1448 5492 praemisisset
1486 5439 1497 5477 :
1560 5442 1585 5469 ιι
1617 5418 1919 5487 Metabun-

200 5509 303 5559 tur
330 5507 528 5560 autem
550 5511 731 5562 castra
764 5505 869 5564 ﬁlii
906 5506 1081 5566 Israel
1121 5510 1525 5583 unusquisque
1552 5526 1651 5583 per
1682 5517 1919 5579 turmas,

195 5596 254 5647 et
283 5605 524 5661 cuneos,
557 5600 729 5666 atque
763 5596 1119 5656 exercitum
1169 5613 1342 5657 suum
1376 5599 1559 5670 (Ibid)
1593 5616 1605 5665 ;
1641 5619 1662 5647 υ
1715 5604 1923 5671 pnesto

197 5680 564 5752 subjunxit:
613 5708 635 5737 ει
673 5685 849 5744 Porro
899 5688 1118 5747 Levita:
1158 5705 1259 5764 per
1303 5704 1518 5765 gyrum
1563 5689 1920 5755 tabernaculi

2017 3171 2375 3249 sacerdotum
2389 3167 2464 3228 'in
2502 3172 2842 3232 ministeriis
2871 3171 3013 3243 suis,
3046 3180 3100 3235 et
3146 3172 3377 3231 Levitas
3408 3173 3468 3231 in
3519 3172 3723 3231 ordine

2016 3273 2144 3329 suo,
2212 3267 2278 3316 ut
2338 3261 2640 3340 laudarent
2704 3269 2759 3318 et
2813 3262 3213 3319 ministrarent
3278 3277 3470 3319 coram
3532 3277 3719 3320 sacer-

2014 3348 2245 3407 dotibus
2286 3350 2457 3424 juxta
2503 3352 2683 3409 ritum
2728 3351 3193 3429 uniuscujusque
3241 3351 3377 3422 diei,
3417 3357 3472 3408 et
3504 3351 3719 3426 janito-

2014 3455 2104 3497 res
2156 3440 2217 3496 in
2270 3440 2657 3501 divisionibus
2717 3442 2840 3503 suis
2903 3442 3006 3515 per
3057 3447 3280 3514 portam
3333 3448 3388 3500 et
3447 3442 3720 3516 portam?

2017 3529 2088 3601 (Π
2108 3532 2294 3588 Phi-al.
2330 3531 2478 3603 VIII.)

2602 3654 2750 3711 514
2774 3656 3018 3717 CAPUT
3049 3657 3125 3721 II.

2086 3765 2240 3831 Quod
2280 3769 2330 3822 is
2366 3773 2597 3838 nequeat
2619 3769 2742 3824 dici
2786 3773 3096 3835 canonicus,
3130 3773 3229 3840 qui
3252 3785 3360 3826 non
3385 3772 3460 3826 sit
3478 3744 3646 3840 \regu-

2782 3862 2939 3916 laris.

2095 3977 2155 4040 Si
2185 3977 2362 4051 igitur
2390 3975 2498 4048 illi,
2538 3976 2640 4050 qui
2682 3991 2756 4035 ex
2809 3975 3079 4034 mandato
3133 3975 3275 4049 legis
3311 3976 3717 4051 conjugalibus

2010 4076 2174 4130 erant
2230 4067 2453 4142 copulis
2502 4066 2758 4139 obligati,
2828 4072 2998 4124 tantae
3060 4066 3383 4124 sedulitatis
3438 4067 3717 4125 excubias

2011 4163 2131 4222 suis
2174 4142 2513 4220 sanctuariis
2557 4159 2955 4228 exhibebant;
3009 4157 3151 4232 quid
3194 4172 3351 4216 nunc
3388 4158 3716 4217 faciendum

2008 4260 2093 4311 est
2126 4250 2368 4319 clericis,
2399 4250 2499 4322 qui
2533 4248 2796 4306 videlicet
2827 4249 3102 4307 castitatis
3135 4248 3424 4323 manditia
3464 4249 3715 4322 praediti,

2008 4360 2041 4401 a
2069 4360 2215 4400 cunc
2248 4344 2258 4397 ζ
2332 4348 2461 4397 aint
2490 4340 2739 4397 carnalis
2765 4339 3097 4397 commercii
3131 4339 3384 4413 vinculis
3424 4339 3719 4399 absoluti?

2011 4434 2186 4491 Plane
2224 4448 2338 4507 quo
2376 4431 2710 4511 pactogquis
2736 4430 2924 4487 valeat
2953 4429 3066 4487 dici
3111 4431 3446 4502 canonicus,
3481 4430 3595 4488 nisi
3644 4431 3719 4489 sit

2009 4520 2649 4596 regularis?qu0modo
2679 4520 3018 4589 monachus,
3070 4520 3185 4577 nisi
3228 4520 3398 4591 juxta
3447 4520 3569 4577 vim
3624 4521 3715 4591 sui

2006 4611 2260 4683 nominis
2310 4610 2383 4668 sit
2423 4609 2597 4683 etiam
2633 4608 3241 4681 singularis?.Volunt
3284 4610 3575 4683 siquidem
3619 4627 3714 4667 ca-

2006 4701 2304 4768 nonicum,
2334 4682 2573 4766 hoc'est,
2605 4697 2865 4767 regulare
2896 4712 3105 4753 nomen
3156 4696 3387 4767 habere,
3442 4698 3538 4756 sed
3595 4715 3708 4757 non

2006 4778 2348 4865 regniariter
2397 4789 2615 4846 vivere.
2671 4786 2956 4855 Ambiunt
3036 4788 3369 4843 communia
3442 4789 3712 4847 Ecclesiae

2005 4880 2153 4938 dona
2196 4877 2474 4945 dividere,
2526 4881 2908 4947 aspernantur
2943 4880 3141 4931 autem
3187 4875 3339 4948 apud
3395 4877 3710 4935 Ecclesiam

2004 4968 2392 5029 communiter
2426 4982 2485 5024 se
2516 4965 2744 5024 habere.
2780 4964 3094 5022 Enimvero
3134 4981 3249 5023 non
3300 4971 3385 5024 est
3424 4968 3547 5025 hzec
3593 4969 3709 5042 pri-
3766 4966 3769 4969 ’

2006 5060 2226 5119 mitisz
2282 5056 2554 5116 Ecclesiae
2622 5056 2822 5125 forma,
2886 5055 3024 5114 satis
3081 5055 3367 5113 exorbitat
3411 5058 3482 5115 ab
3543 5058 3709 5116 insti-

2005 5151 2248 5211 tutionis
2274 5149 2603 5223 apostolicae
2641 5148 2949 5221 disciplina
2982 5173 2993 5206 :
3036 5148 3253 5220 quibus
3288 5148 3565 5206 nimirum
3594 5158 3712 5207 erat

2002 5258 2098 5299 cor
2139 5257 2347 5310 unum,
2390 5246 2444 5298 et
2482 5242 2678 5297 anima
2731 5254 2866 5304 una,
2905 5244 2959 5296 et
3006 5238 3335 5295 vendebant
3386 5254 3551 5311 agros
3605 5254 3711 5312 po-

1978 5330 2333 5403 ’nebantque
2370 5329 2551 5402 pretia
2599 5328 2668 5385 ad
2723 5329 2894 5402 pedes
2940 5327 3351 5400 apostolorum,
3384 5334 3438 5385 et
3483 5326 3729 5387 dividet

2004 5421 2143 5477 bant
2171 5418 2417 5493 singulis
2442 5425 2609 5493 prout
2641 5417 2851 5491 cuique
2876 5432 3022 5491 opus
3049 5423 3169 5475 erat
3203 5441 3215 5474 :
3248 5432 3357 5486 nec
3397 5418 3705 5493 quisquam

2005 5525 2226 5577 eorum,
2258 5525 2389 5582 quae
2422 5507 2768 5581 possidebat,
2807 5506 3027 5579 aliquid
3075 5523 3250 5566 suum
3290 5522 3417 5579 esse
3457 5508 3702 5581 dicebat,

2006 5600 2097 5657 sed
2132 5606 2296 5659 erant
2324 5600 2442 5658 illis
2484 5598 2679 5657 omnia
2713 5598 3045 5656 communia
3080 5598 3222 5670 (Act.
3265 5600 3341 5671 ui.
3390 5599 3459 5655 At
3489 5606 3701 5668 contra,

2006 5688 2165 5747 ﬁlius
2214 5686 2492 5771 prodigus
2543 5688 2694 5746 dixit
2750 5688 2941 5779 patri:
3004 5687 3141 5745 «Da
3186 5688 3327 5747 mihi
3384 5689 3705 5764 portionem
