4080 6194
273 310 379 369 507

729 313 784 372 S.
828 314 1051 375 PETRI
1092 316 1414 377 DAMIANI
1452 317 1607 375 OPP.
1654 316 1903 378 TOMUS
1948 318 2089 378 SEU
2130 319 2322 380 PARS
2362 322 2463 381 III.
2500 336 2573 364 ‘-—
2613 319 2999 380 OPUSCULA
3038 320 3295 381 VABIA.

3658 323 3760 383 508

272 449 403 507 quae
435 451 527 494 me
558 438 873 511 contingit;
906 461 925 489 ν
961 446 1017 497 et
1044 441 1128 499 sic
1149 441 1665 516 dissipavitomnia
1694 443 1846 501 bona
1875 446 2038 507 suaA
2060 450 2191 517 tate,
2245 446 2302 503 in
2355 447 2471 505 Deo
2513 452 2707 506 manet
2759 451 2937 515 (Joan.
2994 450 3078 516 Iv)
3111 464 3124 517 ;
3156 460 3273 503 non
3324 417 3521 506 minus
3556 444 3763 520 impro-

273 538 407 581 cum
463 524 879 585 meretricibus.
938 527 1048 586 Hic
1089 528 1340 601 profecto
1407 530 1716 589 electorum
1776 547 1974 605 repro-

272 612 597 688 borumque
650 615 821 676 lineas
876 618 1305 690 discernuntur,
1357 621 1495 694 quia
1536 622 1813 679 nimirum
1856 622 1973 693 isti,

276 717 406 775 qua:
446 702 555 759 sibi
604 710 737 759 sunt
794 706 1046 777 propria,
1101 708 1355 778 gaudent
1402 723 1537 764 cum
1588 707 1718 766 aliis
1768 709 1977 767 habere

274 790 651 861 communia;
719 792 807 849 illi
861 800 1053 851 autem
1107 798 1254 853 sicut
1296 812 1349 853 .a
1402 797 1695 855 charitatis
1748 800 1976 870 glutino

275 881 543 938 scindunt
584 888 823 952 mentes,
864 884 942 941 ita
991 886 1377 945 nihilominus
1418 904 1756 947 communes
1784 906 1817 945 a
1858 892 1975 948 fra-

275 970 460 1028 tribus
507 970 777 1029 dividunt
824 972 1139 1033 facultates.
1188 976 1291 1033 Ubi
1327 991 1463 1033 vero
1502 977 1711 1036 divisio
1758 996 1971 1050 rerum,

276 1058 355 1115 ibi
383 1060 580 1132 procul
609 1058 789 1117 dubio
826 1076 940 1117 non
982 1070 1066 1120 est
1111 1064 1300 1121 unitas
1329 1068 1679 1125 animorum.
1717 1068 1977 1127 Charitas

278 1144 489 1218 quippe
539 1148 1012 1205 communionem
1070 1150 1205 1209 facit
1242 1171 1259 1221 ;
1316 1154 1558 1211 avaritia
1605 1154 1975 1215 divisionem.

280 1233 444 1290 Unde
493 1241 546 1290 et
594 1235 779 1294 Lucas
836 1238 1018 1296 dicit:
1057 1261 1077 1289 σ
1138 1240 1237 1297 Ait
1275 1242 1511 1315 quidam
1567 1243 1637 1299 de
1701 1244 1868 1301 turba
1907 1248 1977 1304 ad

273 1321 471 1379 Jesum
514 1326 649 1395 (non
692 1325 762 1383 de
805 1328 1028 1400 magnis
1074 1330 1311 1401 scilicet,
1360 1333 1456 1390 sed
1504 1334 1573 1391 de
1624 1335 1787 1392 turba
1835 1346 1974 1409 erat,

278 1410 413 1485 quia
491 1414 722 1472 fetentis
795 1417 1056 1475 avaritize
1115 1420 1380 1493 squalore
1454 1424 1783 1497 sordebat):
1856 1429 1976 1485 Ma-

276 1500 470 1570 gister,
504 1502 717 1577 inquit,
750 1506 841 1563 dic
870 1507 1027 1564 fratri
1058 1524 1206 1581 meo,
1241 1517 1308 1568 ut
1332 1510 1550 1570 dividat
1588 1531 1813 1574 mecum
1853 1520 1979 1577 ba:-

277 1590 597 1650 reditatem.
659 1616 685 1643 »
739 1594 1000 1668 Cumque
1047 1600 1474 1670 respondisset:
1520 1627 1546 1649 ‹‹
1594 1602 1801 1675 Homo,
1852 1606 1982 1680 quis

280 1696 372 1738 me
422 1681 720 1738 constituit
759 1683 1015 1754 judicem
1082 1692 1137 1743 et
1186 1687 1497 1747 divisorem
1552 1692 1703 1750 inter
1756 1694 1901 1753 vos?
1952 1720 1977 1746 π

2058 537 2285 597 bandus
2331 545 2435 608 est,
2476 538 2579 612 qui
2616 536 2831 595 excidit
2874 552 2907 593 a
2950 536 3245 607 charitate,
3275 552 3451 615 quam
3483 534 3585 609 qui
3614 540 3769 599 errat

2058 643 2090 685 a
2119 628 2254 685 ﬁde.
2287 628 2346 687 Si
2376 629 2507 703 quis
2531 628 2689 686 enim
2717 632 2891 686 totam
2922 627 3108 701 legem
3137 622 3549 697 observaverit,
3580 626 3766 685 offen-

2058 717 2155 775 dat
2190 726 2385 775 autem
2424 718 2487 776 in
2524 735 2661 789 uno,
2696 718 2804 776 hoc
2863 723 2965 787 est,
3013 719 3073 775 in
3126 716 3422 787 charitate,
3464 718 3647 774 factus
3683 720 3771 774 est

2059 808 2321 865 omnium
2371 825 2505 866 reus
2553 814 2690 877 (Jac.
2723 812 2785 877 II)
2820 826 2831 865 :
2890 824 2954 865 ac
2996 823 3099 881 per
3148 808 3255 864 hoc
3293 807 3466 863 etiam
3508 806 3769 878 perfidiae

2058 897 2332 972 probatur
2359 898 2669 956 obnoxius.
2706 896 2881 955 Plane
2910 897 2959 953 si
3000 897 3169 969 juxta
3214 895 3367 953 Petri
3398 911 3593 953 vocem
3637 895 3766 952 dia-

2058 987 2248 1057 bolus,
2310 996 2583 1061 tanquam
2618 988 2704 1046 leo
2748 988 2985 1060 rugiens
3014 986 3218 1044 circuit
3269 1002 3553 1061 quaarens'
3592 1002 3767 1060 quem

2059 1077 2290 1135 devoret
2350 1082 2395 1145 (Ι
2440 1081 2583 1133 Petr.
2623 1082 2681 1143 v)
2712 1095 2727 1146 ;
2791 1076 2891 1150 qui
2946 1075 3183 1132 fraterni
3241 1076 3513 1133 consortii
3572 1075 3769 1133 caulas

2060 1167 2291 1236 deserit,
2323 1167 2622 1224 ultroneus
2662 1182 2721 1223 se
2755 1171 3009 1223 cruentae
3048 1164 3263 1223 bellum
3315 1165 3603 1223 morsibus
3646 1166 3767 1222 tra-'

2061 1253 2162 1311 dit.
2219 1254 2441 1311 Bucula
2489 1269 2739 1328 namque
2786 1254 2848 1309 in
2900 1260 3158 1311 armento
3196 1268 3583 1326 compascens,
3642 1253 3767 1326 lupi

2061 1359 2177 1401 non
2216 1344 2375 1400 timet
2404 1344 2703 1407 incursum
2735 1362 2749 1415 ;
2782 1358 2917 1401 cum
2968 1358 3123 1411 vero
3158 1342 3415 1415 solivaga
3469 1343 3773 1415 praesumit

2062 1434 2341 1491 silvarum
2422 1434 2601 1492 lustra
2664 1434 3334 1507 percurrere,-ferarum
3404 1433 3773 1507 compellitur

2063 1522 2386 1595 ingluviem
2414 1523 2642 1580 satiare.
2675 1522 3000 1580 'I‘urmatim
3032 1538 3263 1580 anseres
3317 1522 3624 1581 volitantes
3672 1538 3772 1579 ac-

2066 1612 2327 1684 cipitrem
2400 1612 2876 1686 parvipendunt;
2947 1613 3263 1688 aliquando
3316 1615 3417 1685 qui
3472 1610 3770 1683 defuerit,
3870 1696 3873 1697 ν

2066 1708 2246 1758 rostro
2274 1701 2589 1773 perfossus,
2630 1717 2725 1758 ex.
2754 1701 3050 1774 unguibus
3100 1717 3218 1758 non
3258 1701 3467 1759 evadit.
3502 1704 3653 1775 Apes
3705 1702 3767 1759 in

279 1770 542 1865 protinus
604 1770 804 1865 intulit
836 1772 945 1865 bis,
989 1775 1422 1865 quiastahant:
1463 1800 1481 1828 α
1524 1777 1741 1845 Videte,
1790 1790 1843 1839 et
1888 1770 2333 1862 ca-Balveariis
2359 1770 2717 1863 congregatae
2744 1770 3098 1861 melliﬁcant,
3119 1798 3173 1849 et
3200 1792 3465 1865 quandiu
3486 1770 3772 1849 in_unum

280 1865 406 1917 vete
432 1860 504 1916 ab
527 1860 686 1917 omni
717 1863 979 1933 avaritia,
1012 1864 1149 1936 quia
1169 1880 1287 1922 non
1320 1866 1379 1923 in
1402 1866 1758 1927 abundantia
1788 1875 1984 1945 cujus-

282 1960 457 2019 quam
485 1945 602 2003 vita
629 1948 755 2020 ejus
782 1957 865 2006 est
896 1966 970 2007 ex
1008 1951 1101 2009 his
1134 1968 1265 2024 quas
1313 1954 1565 2026 possidet
1605 1960 1750 2027 (Luc.
1786 1962 1910 2033 XII).
1957 1984 1977 2010 ο

280 2037 507 2106 Quibus
559 2041 809 2112 profecto
870 2042 1062 2101 verbis
1132 2051 1391 2115 patenter
1446 2048 1664 2107 Veritas
1744 2052 1978 2125 indicat,

281 2128 420 2203 quia
457 2130 729 2188 nonnulli
760 2132 970 2191 idcirco
996 2134 1255 2192 dividere
1304 2138 1633 2195 communia
1676 2142 1931 2212 gestiunt
1964 2168 1976 2215 ;

283 2217 417 2289 quia
481 2218 810 2291 cupiditatis
866 2228 921 2279 et
979 2224 1241 2282 avaritia)
1294 2226 1518 2284 facibus
1584 2228 1977 2291 inardescunt.

282 2308 540 2367 Ananias
585 2318 639 2368 et
679 2310 939 2385 Sapbira,
974 2330 1089 2372 non
1134 2316 1272 2389 quia
1310 2320 1645 2376 communia
1686 2320 1978 2394 dividunt,

283 2399 379 2456 sed
411 2400 687 2473 quoniam
727 2409 1013 2461 retentum
1053 2403 1273 2476 aliquid
1306 2406 1375 2463 de
1401 2407 1647 2480 propriis
1675 2425 1983 2471 commune

281 2506 397 2548 non
456 2491 692 2562 faciunt,
753 2508 1038 2567 corporeae
1087 2496 1289 2553 mortis
1324 2499 1607 2556 sententia
1654 2502 1980 2571 percellun-

282 2588 375 2640 tur
408 2585 553 2653 (Act.
592 2586 671 2656 v).
713 2584 890 2643 Judas
935 2587 1071 2659 quia
1112 2603 1228 2645 non
1278 2588 1387 2646 fuit
1427 2588 1798 2649 denariorum
1846 2610 1981 2652 cum

279 2674 502 2732 czeteris
541 2678 951 2736 communione
989 2684 1312 2749 contentus,
1358 2680 1419 2737 in
1456 2681 1785 2740 traditionis
1815 2700 1981 2742 vora-

281 2763 476 2835 ginem
506 2779 811 2831 corruens;
834 2768 904 2823 de
947 2768 1357 2826 communione
1395 2768 1598 2827 cecidit
1635 2772 1986 2843 apostolatus

282 2853 496 2923 (Matth.
536 2865 727 2921 XXVI;
761 2857 889 2911 Luc.
945 2868 1118 2914 XXII:
1172 2861 1328 2914 Joan.
1381 2861 1573 2928 XVIII).
1636 2860 1742 2917 Lot
1788 2862 1984 2920 dimit-

184 3008 191 3011 ν
284 2949 408 2999 teus
434 2942 683 3001 Abrahze
713 2945 1007 3018 dispertita
1033 2950 1393 3021 possessione
1416 2949 1788 3019 consortium,
1825 2953 1986 3013 duris

284 3031 501 3087 servire
546 3032 910 3105 compellitur
947 3036 1198 3094 vinculis
1244 3036 1620 3095 barbarorum
1662 3041 1819 3107 (Gen.
1854 3053 1981 3111 XIII,

2066 1885 2292 1947 coeunt,
2354 1894 2426 1936 ex
2483 1895 2680 1937 eorum
2738 1880 3040 1938 laboribus
3106 1881 3306 1939 dulces
3364 1881 3483 1939 favi
3536 1881 3775 1953 regibus

2064 1974 2439 2041 apponuntur
2473 1988 2483 2025 :
2517 1974 2572 2025 at
2604 1968 2653 2025 si
2700 1956 3019 2036 dissiliunt,
3052 1984 3117 2026 ac
3154 1969 3354 2027 relicto
3392 1970 3539 2027 duce
3591 1986 3772 2043 vaga-

2066 2056 2280 2113 bundte
2332 2050 2694 2130 pervolitant,
2733 2056 2902 2113 famis
2952 2073 3184 2115 necesse
3212 2066 3297 2116 est
3347 2058 3542 2129 inopia
3573 2064 3773 2115 conta—

2065 2143 2317 2200 bescant.
2368 2144 2636 2202 Hostium
2696 2144 2944 2203 vallatus
2973 2146 3224 2217 insidiis,
3283 2148 3333 2205 si
3378 2163 3511 2206 cum
3553 2162 3619 2204 eo
3657 2162 3775 2221 quo

2064 2234 2435 2307 constipatur,
2496 2234 2798 2303 abstiterit,
2853 2236 3160 2295 hostilibus
3220 2254 3280 2295 se
3326 2237 3539 2310 jaculis
3576 2238 3774 2311 praeda

2068 2322 2250 2379 factus
2281 2324 2537 2395 exponit.
2594 2323 2848 2380 Ecclesia
2901 2340 3108 2398 nempe
3158 2326 3391 2397 Christi,
3443 2326 3587 2383 sicut
3634 2340 3770 2398 pro-

2064 2411 2289 2483 phetica
2351 2418 2637 2469 testantur
2690 2413 2978 2491 oracula“
3011 2421 3196 2473 castra
3252 2416 3354 2474 Dei
3410 2422 3545 2474 sunt
3614 2418 3771 2483 (Gen.

2064 2506 2297 2569 XXXII):
2330 2502 2390 2558 in'
2422 2518 2554 2575 quae
2585 2501 2846 2560 videlicet
2884 2504 3110 2563 hostilis
3140 2506 3390 2578 impetus
3421 2521 3536 2563 non
3568 2505 3777 2562 irrum-

2063 2590 2165 2663 pit,
2199 2589 2379 2647 donec
2422 2591 2699 2648 virtutum
2739 2592 2916 2648 armis
2948 2593 3207 2663 accincti,
3234 2594 3293 2651 in
3335 2608 3604 2666 compage
3634 2593 3773 2650 cha-

2068 2678 2269 2747 ritatis,
2314 2685 2367 2735 et
2415 2678 2472 2735 in
2519 2679 2734 2737 unitate
2773 2680 3008 2753 spiritus
3040 2684 3251 2741 Christi
3285 2682 3496 2740 milites
3537 2681 3778 2753 conglo-

2066 2765 2297 2822 bantur.
2331 2770 2379 2823 A
2412 2767 2623 2839 quibus
2653 2767 2931 2823 nimirum
2964 2768 3232 2840 quisquis
3278 2767 3528 2825 infelicis
3566 2769 3775 2824 Achan

2069 2855 2343 2927 imitator,
2375 2872 2567 2913 aurea:
2601 2857 2817 2929 regulae
2858 2856 2947 2913 vel
2983 2856 3206 2927 argenti
3256 2856 3568 2929 cupiditate
3614 2855 3778 2912 divi-

2067 2944 2244 3015 ditur,
2277 2944 2398 3001 veri
2427 2944 2621 3013 .losue,
2650 2962 2715 3001 ac
2736 2941 3040 3003 communi
3080 2946 3251 3019 totius
3299 2945 3498 3017 populi
3538 2950 3774 3001 senten-

2068 3036 2145 3093 tia
2178 3036 2463 3109 lapidatur
2489 3042 2620 3106 (Jos.
2656 3042 2784 3105 VII).

284 3122 617 3189 XIX).Esau
648 3126 895 3183 venandi
928 3127 1117 3185 studio
1136 3144 1236 3199 per
1265 3127 1519 3186 saltuum
1550 3130 1731 3187 lustra
1758 3131 2044 3223 discur-C
2137 3122 2491 3197 Quapropter
2536 3125 2770 3183 obsecro
2814 3117 3172 3182 sanctitatem
3226 3130 3497 3197 vestram,
3554 3126 3774 3183 charis-

283 3232 433 3289 rens,
466 3218 845 3293 primogenita
876 3222 1123 3296 perdidit
1143 3226 1292 3294 (Gen.
1317 3232 1466 3295 XXV)
1516 3225 1689 3285 Jacob
1718 3227 1985 3301 simplici-

282 3316 365 3367 ter
396 3310 457 3368 in
496 3310 879 3371 tabernaculis
928 3314 1205 3384 residens,
1264 3314 1688 3388 plenitudinem
1731 3324 1984 3389 paternae

280 3399 698 3459 benedictionis
719 3402 933 3475 accepit
961 3404 1124 3469 (Ibid.
1160 3412 1381 3472 XXVII).

855 3541 999 3598 515
1028 3544 1273 3604 CAPUT
1301 3546 1405 3604 III.

382 3658 535 3726 Quod
563 3658 815 3713 monachi
838 3658 1224 3720 discurrentes,
1254 3674 1359 3713 non
1390 3657 1643 3712 monachi
1677 3654 1897 3712 dicendi

841 3743 985 3802 sunt,
1015 3739 1110 3792 sed
1137 3740 1420 3806 gyrovagi.
1619 3755 1622 3759 '

354 3849 418 3907 In
470 3848 806 3907 monachico
839 3862 975 3904 sane
1012 3847 1236 3915 ordine,
1276 3862 1423 3921 quos
1475 3847 1537 3905 in
1576 3846 1847 3905 claustris
1879 3848 1986 3905 sub

280 3938 504 3997 abbatis
560 3936 805 4009 imperio
856 3935 1199 4007 regulariter
1270 3951 1503 3993 manere
1576 3934 1984 4008 conspicimus,

284 4034 702 4104 consequenter
753 4025 955 4098 utique
1025 4027 1337 4085 monachos
1390 4026 1787 4100 appellamus;
1844 4041 1988 4098 quos

281 4120 475 4179 autem
508 4117 804 4191 proprium
832 4116 1144 4191 possidere,
1176 4116 1573 4174 indifferenter
1595 4118 1711 4174 huc
1731 4115 1988 4188 illucque

280 4210 621 4276 discurrere,
654 4204 870 4262 solutos
906 4205 1129 4277 legibus
1174 4207 1345 4277 juxta
1379 4207 1625 4278 propria:
1672 4204 1988 4263 voluntatis

281 4297 587 4355 arbitrium
612 4295 874 4352 difﬂuere
907 4294 1217 4362 cernimus,
1265 4308 1383 4351 non
1418 4295 1857 4364 monachorum,
1890 4294 1987 4351 sed

240 4454 245 4460 ί
283 4399 709 4461 gyrovagorum
746 4382 954 4455 potius,
985 4382 1073 4439 vel
1107 4384 1529 4439 Sarabaitarum
1573 4381 1776 4454 dignos
1816 4398 1988 4440 voca-

286 4476 424 4533 bulo
470 4473 819 4546 judicamus.
867 4471 1017 4529 Sunt
1068 4471 1265 4544 itaque
1314 4469 1626 4530 Sarabaitaa
1673 4472 1985 4529 monacho-

286 4579 437 4634 rum,
466 4570 601 4621 sunt
631 4562 805 4619 etiam
834 4562 1193 4625 clericorum.
1226 4561 1375 4619 Dicit
1426 4569 1618 4625 autem
1656 4561 1978 4620 Dominus:

288 4678 313 4708 «
346 4654 455 4724 Qui
485 4670 599 4712 non
631 4660 714 4711 est
754 4669 1004 4723 mecum,
1038 4652 1346 4711 adversum
1381 4668 1472 4709 me
1500 4655 1621 4720 est;
1655 4658 1709 4708 et
1735 4651 1838 4725 qui
1870 4667 2007 4708 non

284 4741 503 4815 colligit
530 4757 778 4811 mecum,
812 4741 1027 4815 spargit
1059 4743 1270 4811 (Matth.
1307 4753 1393 4798 XII
1428 4758 1441 4811 ;
1490 4743 1620 4796 Luc.
1667 4742 1771 4806 XI).
1805 4762 1826 4790 η
1886 4732 1987 4797 Isti

289 4852 493 4910 nempe
524 4834 623 4910 qui
664 4850 797 4893 cum
839 4834 955 4893 Deo
1005 4833 1065 4890 in
1116 4833 1367 4891 fraterna
1410 4834 1685 4891 charitate
1714 4848 1828 4890 non
1871 4832 1989 4890 col-

288 4925 493 4999 ligunt,
552 4924 694 4981 dum
744 4922 1107 4996 marsupium
1157 4922 1442 4980 mentium
1490 4937 1591 4994 per
1642 4921 1989 4980 discordiam

284 5017 579 5086 scindunt,
629 5014 917 5072 virtutum
951 5014 1166 5085 fruges,
1207 5013 1254 5070 si
1302 5028 1437 5087 quae
1486 5018 1641 5083 sunt,
1680 5015 1845 5087 quasi
1884 5031 1987 5087 per

285 5108 541 5165 foramen
600 5112 947 5179 spargentes,
1015 5105 1309 5163 amittunt.
1369 5102 1535 5162 Unde
1598 5110 1653 5174 et
1708 5106 1987 5179 propheta

279 5198 348 5256 de
408 5198 580 5269 stulto
634 5197 759 5256 viro
818 5197 1003 5255 dicit:
1055 5218 1074 5247 α
1109 5195 1256 5265 Quia
1311 5196 1678 5269 congregavit
1732 5196 1985 5269 divitias,

282 5293 335 5344 et
360 5287 581 5345 dimisit
608 5303 704 5346 eas
739 5286 798 5344 in
835 5286 1127 5345 sacculum
1158 5292 1462 5359 pertusum
1490 5288 1704 5356 (Aggaei
1724 5286 1780 5357 I).
1814 5311 1839 5333 ››

354 5377 528 5437 Porro
567 5395 682 5437 non
722 5378 807 5435 illi
860 5377 967 5435 soli
1018 5376 1367 5435 schismatici
1417 5382 1552 5433 sunt
1599 5375 1846 5445 dicendi,
1884 5376 1985 5449 qui

286 5465 412 5522 fidei
447 5466 730 5524 unitatem
761 5465 1030 5524 dividunt
1056 5483 1071 5535 ;
1103 5465 1200 5522 sed
1225 5464 1268 5520 ii
1297 5465 1491 5531 etiam,
1528 5464 1630 5536 qui
1661 5480 1719 5521 se
1750 5479 1847 5537 per
1870 5464 1983 5522 ela-

290 5553 463 5612 tionis
498 5554 591 5611 vel
617 5553 878 5617 avaritia:
916 5550 1122 5609 vitium
1162 5567 1196 5607 a
1227 5550 1477 5608 fraterna
1501 5549 1775 5607 charitate
1800 5550 1986 5608 divel-

286 5645 430 5702 lunt.
463 5642 576 5701 Nec
605 5643 763 5702 enim
795 5642 979 5716 major
1016 5648 1101 5700 est
1131 5641 1270 5699 fides
1321 5656 1497 5714 quam
1526 5640 1795 5699 Charitas.
1841 5641 1985 5699 Nam

286 5751 420 5795 cum
460 5735 612 5795 Deus
643 5735 765 5807 ipse
800 5734 873 5792 sit
923 5733 1192 5803 Charitas,
1227 5739 1282 5791 et
1315 5733 1417 5807 qui
1464 5738 1657 5793 manet
1705 5731 1767 5792 in
1796 5732 1984 5794 chari-

1997 4526 2045 4584 D

2067 3214 2242 3285 simi;
2276 3213 2521 3285 expulso
2560 3213 2986 3271 Pharisaeorum
3032 3215 3316 3272 fermento
3361 3219 3579 3283 (Matth.
3621 3218 3773 3285 XVI),

2066 3303 2385 3360 nativitatis
2432 3311 2642 3362 vestrae
2690 3305 2890 3363 domos
2919 3320 3052 3362 cum
3106 3305 3403 3383 Abraham
3449 3305 3775 3377 patriarcha

2066 3394 2381 3467 relinquite
2412 3396 2560 3465 (Gen.
2592 3400 2722 3465 x11),
2751 3395 2809 3451 in
2835 3410 2953 3452 uno
2983 3410 3083 3453 vos
3111 3395 3408 3454 creaaculo
3435 3412 3569 3454 cum
3612 3398 3771 3469 Apo-

2066 3482 2226 3540 stolis
2278 3481 2427 3538 .516
2474 3485 2628 3557 apud
2676 3484 2989 3542 Ecclesiam
3038 3492 3377 3557 congregate
3425 3487 3575 3552 (Act.
3628 3491 3694 3552 II)
3754 3504 3768 3541 :

2065 3568 2295 3642 propria
2320 3586 2569 3645 quaeque
2598 3587 2730 3629 cum
2760 3571 3021 3629 Barnaba
3051 3578 3106 3629 et
3138 3570 3429 3646 Stephano
3477 3573 3617 3644 (Act.
3669 3573 3770 3643 1v),

2068 3660 2222 3717 veris
2266 3660 2483 3717 scilicet
2530 3661 3120 3727 abrenuntiatoribus,
3166 3662 3223 3718 in
3271 3677 3587 3719 commune
3630 3677 3772 3719 con-

2076 3752 2233 3821 ferte,
2268 3751 2420 3809 utin
2461 3752 2713 3808 fraterna
2744 3768 2845 3809 vos
2887 3752 3275 3809 unanimitate
3322 3753 3605 3821 viventes,
3637 3750 3772 3825 Spi-

2075 3841 2219 3899 ritus
2278 3848 2509 3899 sanctus
2559 3841 2765 3899 merito
2821 3842 3094 3911 dignetur
3144 3842 3415 3899 invisere.
3455 3842 3571 3899 Vos
3616 3842 3776 3900 enim

2071 3930 2151 3988 sal
2185 3938 2349 3989 terra;
2382 3950 2395 4001 ;
2440 3931 2535 3988 sed
2565 3930 2713 3989 sicut
2751 3930 2969 3988 Veritas
3011 3932 3151 3989 dicit
3191 3951 3203 3988 :
3243 3958 3269 3981 ‹‹
3302 3932 3362 3991 Si
3394 3932 3478 3989 sal
3519 3947 3775 3990 evanue-

2070 4021 2163 4091 rit,
2187 4022 2247 4079 in
2269 4038 2382 4096 quo
2407 4021 2753 4080 condietur?
2775 4047 2797 4071 ι»
2824 4025 3041 4094 (Matth.
3059 4022 3136 4094 v.)
3160 4021 3387 4096 Exiguo
3404 4023 3614 4096 quippe
3639 4021 3779 4078 salis

2072 4109 2251 4171 multa
2291 4113 2655 4182 dulcescunt,
2711 4119 2765 4169 et
2809 4129 2983 4187 parvo
3016 4113 3358 4191 clericorum
3408 4128 3650 4171 numero
3690 4118 3771 4170 to-

2024 4238 2039 4246 -
2071 4201 2185 4257 tius
2232 4199 2575 4258 Christianae
2616 4201 2796 4273 plebis
2825 4202 3089 4259 eruditur
3131 4210 3185 4258 et
3229 4201 3541 4259 instruitur
3584 4201 3779 4258 multi-

2052 4291 2227 4347 -tud0.
2286 4288 2449 4347 Sicut
2500 4290 2659 4346 enim
2712 4290 2963 4363 episcopi
3022 4289 3328 4348 duodecim
3384 4289 3785 4363 apostolorum

2067 4388 2391 4437 noscuntur
2460 4377 2719 4436 obtinere
2786 4378 3119 4450 primatum,
3189 4379 3267 4436 ita
3334 4384 3389 4435 et
3456 4380 3779 4438 sacerdotes

2070 4472 2339 4529 Ecclesiae
2380 4470 2744 4543 septuaginta
2784 4466 3206 4543 discipulorum
3252 4470 3516 4528 ordinem
3562 4487 3778 4544 reprae-

2070 4566 2319 4617 sentant.
2368 4558 2531 4627 Quod
2560 4556 2810 4629 profecto
2835 4549 3071 4617 ‘mansio
3104 4559 3205 4617 illa
3250 4559 3549 4629 Israelitici
3574 4558 3779 4632 populi
3868 4597 3872 4601 ς

2070 4648 2131 4704 in
2162 4648 2354 4704 Helim
2381 4648 2620 4719 figurate
2653 4645 2917 4719 designat
2945 4652 3130 4716 (Num.
3162 4650 3400 4719 XXXIII).
3433 4648 3521 4706 Ibi
3588 4650 3777 4707 nimi—

2072 4756 2204 4798 rum
2233 4741 2537 4799 duodecim
2589 4742 2949 4816 profluebant
2982 4741 3277 4815 apostolici
3310 4741 3516 4809 fontes,
3549 4743 3653 4816 qui
3682 4742 3775 4800 di-

2074 4833 2198 4890 vini
2228 4832 2391 4897 verbi
2430 4834 2717 4891 imbribus
2735 4832 2956 4890 arentia
2998 4833 3305 4890 hominum
3342 4831 3513 4890 corda
3542 4834 3779 4906 perfun-

2072 4923 2293 4980 derent.
2359 4922 2441 4980 lbi
2498 4923 2863 4997 septuaginta
2937 4921 3205 4979 virebant
3250 4921 3477 4997 palmae,
3539 4922 3789 4979 totidem

2071 5013 2337 5072 videlicet
2373 5014 2662 5086 discipuli,
2696 5014 2797 5087 qui
2841 5012 3062 5070 mundo
3108 5011 3411 5069 diabolicae
3454 5011 3776 5085 tyrannidis

2070 5108 2346 5164 servitute
2398 5106 2685 5183 depresso,
2746 5103 3000 5161 victorias
3074 5101 3283 5160 Christi
3327 5102 3547 5174 palmas
3603 5101 3777 5159 infer-

2070 5201 2218 5250 rent.
2276 5192 2371 5250 Illi
2422 5192 2715 5266 siquidem
2763 5192 2949 5249 fontes
2996 5189 3323 5263 palmarum
3360 5188 3593 5246 arbores
3636 5187 3771 5246 irri-

2069 5286 2227 5355 gant,
2268 5282 2372 5357 qui
2403 5282 2549 5341 sacri
2580 5281 2879 5353 pontifices
2922 5278 3117 5337 verbis
3165 5278 3432 5348 afﬂuunt,
3483 5276 3639 5335 unde
3667 5292 3774 5335 cto-

2070 5372 2177 5431 teri
2209 5370 2526 5430 sacerdotes
2564 5370 2834 5431 Ecclesiae
2884 5368 2953 5425 in-
2989 5382 3087 5440 spe
3133 5366 3456 5425 ccnlestium
3496 5367 3772 5439 praemio-

2070 5478 2203 5521 rum
2255 5463 2378 5521 sine
2420 5461 2738 5519 cessatione
2786 5459 3125 5517 virescunt:
3172 5458 3274 5530 qui
3319 5456 3605 5515 nimirum
3669 5456 3771 5513 de-

2071 5553 2297 5627 cuplato
2326 5554 2647 5626 septenario
2676 5566 2941 5620 numero,
2973 5551 3081 5608 hoc
3118 5548 3445 5621 significare
3480 5546 3770 5616 videntur,

2069 5657 2132 5703 ut
2163 5660 2261 5718 per
2314 5643 2664 5716 septiformis
2707 5642 2908 5714 gratiae
2958 5640 3241 5713 Spiritum
3276 5639 3416 5713 legis
3454 5637 3773 5711 Decalogus

2070 5734 2399 5812 impleatur.
2442 5733 2587 5793 Istos
2635 5732 2829 5811 itaque
2875 5729 3235 5805 septuaginta
3271 5727 3586 5804 discipulos
3636 5741 3773 5785 cum
