  <div class='ocr_page' id='page_1' title='image "/cluster/home/n/w/nwhite01/storage/ocr_20150623/145/hvd.32044048207542/262.png"; bbox 0 0 4080 6194; ppageno 0'>
   <div class='ocr_carea' id='block_1_1' title="bbox 194 319 823 381">
    <p class='ocr_par' dir='ltr' id='par_1_1' title="bbox 194 319 823 381">
     <span class='ocr_line' id='line_1_1' title="bbox 194 319 823 381; baseline -0.006 0"><span class='ocrx_word' id='word_1_1' title='bbox 194 319 314 381; x_wconf 83' lang='grc'>509</span> <span class='ocrx_word' id='word_1_2' title='bbox 794 356 823 377; x_wconf 43' lang='grc' dir='ltr'>κ</span> 
     </span>
    </p>
   </div>
   <div class='ocr_carea' id='block_1_2' title="bbox 1099 321 2855 394">
    <p class='ocr_par' dir='ltr' id='par_1_2' title="bbox 1099 321 2855 394">
     <span class='ocr_line' id='line_1_2' title="bbox 1099 321 2855 394; baseline 0.006 -11"><span class='ocrx_word' id='word_1_3' title='bbox 1099 321 1351 385; x_wconf 88' lang='lat' dir='ltr'>OPUSC.</span> <span class='ocrx_word' id='word_1_4' title='bbox 1399 326 1627 388; x_wconf 82' lang='lat' dir='ltr'>XXVII.</span> <span class='ocrx_word' id='word_1_5' title='bbox 1670 359 1739 372; x_wconf 94' lang='lat'><strong>—</strong></span> <span class='ocrx_word' id='word_1_6' title='bbox 1779 329 1873 388; x_wconf 91' lang='lat' dir='ltr'><strong>DE</strong></span> <span class='ocrx_word' id='word_1_7' title='bbox 1914 327 2255 390; x_wconf 85' lang='lat' dir='ltr'>COMMUNI</span> <span class='ocrx_word' id='word_1_8' title='bbox 2292 332 2474 394; x_wconf 85' lang='lat' dir='ltr'>VITA</span> <span class='ocrx_word' id='word_1_9' title='bbox 2513 330 2855 394; x_wconf 84' lang='lat' dir='ltr'>CANONIC.</span> 
     </span>
    </p>
   </div>
   <div class='ocr_carea' id='block_1_3' title="bbox 3607 340 3716 401">
    <p class='ocr_par' dir='ltr' id='par_1_3' title="bbox 3607 340 3716 401">
     <span class='ocr_line' id='line_1_3' title="bbox 3607 340 3716 401; baseline 0.037 -3"><span class='ocrx_word' id='word_1_10' title='bbox 3607 340 3716 401; x_wconf 82' lang='grc'>510</span> 
     </span>
    </p>
   </div>
   <div class='ocr_carea' id='block_1_4' title="bbox 187 430 3713 534">
    <p class='ocr_par' dir='ltr' id='par_1_4' title="bbox 187 430 3713 534">
     <span class='ocr_line' id='line_1_4' title="bbox 187 430 3713 534; baseline 0.006 -28"><span class='ocrx_word' id='word_1_11' title='bbox 187 447 375 507; x_wconf 86' lang='lat' dir='ltr'>binos</span> <span class='ocrx_word' id='word_1_12' title='bbox 416 453 551 507; x_wconf 92' lang='lat' dir='ltr'>ante</span> <span class='ocrx_word' id='word_1_13' title='bbox 592 430 800 508; x_wconf 85' lang='lat' dir='ltr'>faciem</span> <span class='ocrx_word' id='word_1_14' title='bbox 844 464 1009 509; x_wconf 85' lang='lat' dir='ltr'>suam</span> <span class='ocrx_word' id='word_1_15' title='bbox 1057 451 1346 512; x_wconf 86' lang='lat' dir='ltr'>Dominus</span> <span class='ocrx_word' id='word_1_16' title='bbox 1379 453 1649 526; x_wconf 85' lang='lat' dir='ltr'>mitteret,</span> <span class='ocrx_word' id='word_1_17' title='bbox 1698 460 1757 513; x_wconf 89' lang='lat' dir='ltr'>et</span> <span class='ocrx_word' id='word_1_18' title='bbox 1805 456 2137 525; x_wconf 75' lang='lat' dir='ltr'>eos,Arum</span> <span class='ocrx_word' id='word_1_19' title='bbox 2177 459 2459 518; x_wconf 85' lang='lat' dir='ltr'>consortio</span> <span class='ocrx_word' id='word_1_20' title='bbox 2491 460 2901 534; x_wconf 87' lang='lat' dir='ltr'>perfruuntur,</span> <span class='ocrx_word' id='word_1_21' title='bbox 2942 467 2999 520; x_wconf 92' lang='lat' dir='ltr'>et</span> <span class='ocrx_word' id='word_1_22' title='bbox 3043 468 3538 524; x_wconf 82' lang='lat' dir='ltr'>sacramentorum</span> <span class='ocrx_word' id='word_1_23' title='bbox 3593 444 3713 525; x_wconf 55' lang='lat' dir='ltr'>cm?</span> 
     </span>
    </p>
   </div>
   <div class='ocr_carea' id='block_1_5' title="bbox 190 536 1925 617">
    <p class='ocr_par' dir='ltr' id='par_1_5' title="bbox 190 536 1925 617">
     <span class='ocr_line' id='line_1_5' title="bbox 190 536 1925 617; baseline 0.005 -23"><span class='ocrx_word' id='word_1_24' title='bbox 190 538 303 611; x_wconf 87' lang='lat' dir='ltr'>qui</span> <span class='ocrx_word' id='word_1_25' title='bbox 332 536 479 595; x_wconf 91' lang='lat' dir='ltr'>alios</span> <span class='ocrx_word' id='word_1_26' title='bbox 521 537 748 597; x_wconf 92' lang='lat' dir='ltr'>docturi</span> <span class='ocrx_word' id='word_1_27' title='bbox 795 543 980 612; x_wconf 91' lang='lat' dir='ltr'>erant,</span> <span class='ocrx_word' id='word_1_28' title='bbox 1014 546 1080 599; x_wconf 90' lang='lat' dir='ltr'>ut</span> <span class='ocrx_word' id='word_1_29' title='bbox 1110 545 1165 599; x_wconf 90' lang='lat' dir='ltr'>et</span> <span class='ocrx_word' id='word_1_30' title='bbox 1191 541 1302 615; x_wconf 88' lang='lat' dir='ltr'>ipsi</span> <span class='ocrx_word' id='word_1_31' title='bbox 1333 542 1925 617; x_wconf 90' lang='lat' dir='ltr'>irreprehensibiliter</span> 
     </span>
    </p>
   </div>
   <div class='ocr_carea' id='block_1_6' title="bbox 191 623 1923 706">
    <p class='ocr_par' dir='ltr' id='par_1_6' title="bbox 191 623 1923 706">
     <span class='ocr_line' id='line_1_6' title="bbox 191 623 1923 706; baseline 0.005 -23"><span class='ocrx_word' id='word_1_32' title='bbox 191 623 487 692; x_wconf 78' lang='lat' dir='ltr'>viverent,</span> <span class='ocrx_word' id='word_1_33' title='bbox 516 625 869 695; x_wconf 90' lang='lat' dir='ltr'>admoneret,</span> <span class='ocrx_word' id='word_1_34' title='bbox 898 628 962 685; x_wconf 91' lang='lat' dir='ltr'>in</span> <span class='ocrx_word' id='word_1_35' title='bbox 1008 628 1133 701; x_wconf 92' lang='lat' dir='ltr'>ipso</span> <span class='ocrx_word' id='word_1_36' title='bbox 1175 629 1418 688; x_wconf 90' lang='lat' dir='ltr'>docendi</span> <span class='ocrx_word' id='word_1_37' title='bbox 1448 631 1737 706; x_wconf 91' lang='lat' dir='ltr'>principio</span> <span class='ocrx_word' id='word_1_38' title='bbox 1791 638 1923 691; x_wconf 86' lang='lat' dir='ltr'>tan-</span> 
     </span>
    </p>
   </div>
   <div class='ocr_carea' id='block_1_7' title="bbox 188 715 1923 793">
    <p class='ocr_par' dir='ltr' id='par_1_7' title="bbox 188 715 1923 793">
     <span class='ocr_line' id='line_1_7' title="bbox 188 715 1923 793; baseline 0.005 -24"><span class='ocrx_word' id='word_1_39' title='bbox 188 728 379 785; x_wconf 86' lang='lat' dir='ltr'>quam</span> <span class='ocrx_word' id='word_1_40' title='bbox 428 715 791 787; x_wconf 81' lang='lat' dir='ltr'>permaxime</span> <span class='ocrx_word' id='word_1_41' title='bbox 842 716 1237 774; x_wconf 91' lang='lat' dir='ltr'>necessarium</span> <span class='ocrx_word' id='word_1_42' title='bbox 1294 733 1361 775; x_wconf 91' lang='lat' dir='ltr'>ac</span> <span class='ocrx_word' id='word_1_43' title='bbox 1410 718 1728 792; x_wconf 84' lang='lat' dir='ltr'>principale</span> <span class='ocrx_word' id='word_1_44' title='bbox 1770 736 1923 793; x_wconf 77' lang='lat' dir='ltr'>prae-</span> 
     </span>
    </p>
   </div>
   <div class='ocr_carea' id='block_1_8' title="bbox 190 802 1922 879">
    <p class='ocr_par' dir='ltr' id='par_1_8' title="bbox 190 802 1922 879">
     <span class='ocr_line' id='line_1_8' title="bbox 190 802 1922 879; baseline 0.005 -20"><span class='ocrx_word' id='word_1_45' title='bbox 190 802 381 873; x_wconf 86' lang='lat' dir='ltr'>misit,</span> <span class='ocrx_word' id='word_1_46' title='bbox 412 810 475 861; x_wconf 89' lang='lat' dir='ltr'>ut</span> <span class='ocrx_word' id='word_1_47' title='bbox 518 804 903 876; x_wconf 83' lang='lat' dir='ltr'>pecuniarum</span> <span class='ocrx_word' id='word_1_48' title='bbox 950 805 1112 864; x_wconf 91' lang='lat' dir='ltr'>lucra</span> <span class='ocrx_word' id='word_1_49' title='bbox 1157 815 1614 879; x_wconf 81' lang='lat' dir='ltr'>contemnerent,</span> <span class='ocrx_word' id='word_1_50' title='bbox 1660 810 1922 868; x_wconf 69' lang='lat' dir='ltr'>avaritiae</span> 
     </span>
    </p>
   </div>
   <div class='ocr_carea' id='block_1_9' title="bbox 192 891 1920 970">
    <p class='ocr_par' dir='ltr' id='par_1_9' title="bbox 192 891 1920 970">
     <span class='ocr_line' id='line_1_9' title="bbox 192 891 1920 970; baseline 0.006 -22"><span class='ocrx_word' id='word_1_51' title='bbox 192 891 399 949; x_wconf 85' lang='lat' dir='ltr'>sordes</span> <span class='ocrx_word' id='word_1_52' title='bbox 440 892 774 967; x_wconf 87' lang='lat' dir='ltr'>abjicerent,</span> <span class='ocrx_word' id='word_1_53' title='bbox 820 896 1185 969; x_wconf 89' lang='lat' dir='ltr'>pr0prietatis</span> <span class='ocrx_word' id='word_1_54' title='bbox 1228 899 1522 970; x_wconf 86' lang='lat' dir='ltr'>peculium</span> <span class='ocrx_word' id='word_1_55' title='bbox 1570 915 1685 957; x_wconf 93' lang='lat' dir='ltr'>non</span> <span class='ocrx_word' id='word_1_56' title='bbox 1741 900 1920 958; x_wconf 91' lang='lat' dir='ltr'>habe-</span> 
     </span>
    </p>
   </div>
   <div class='ocr_carea' id='block_1_10' title="bbox 192 981 1920 1064">
    <p class='ocr_par' dir='ltr' id='par_1_10' title="bbox 192 981 1920 1064">
     <span class='ocr_line' id='line_1_10' title="bbox 192 981 1920 1064; baseline 0.005 -26"><span class='ocrx_word' id='word_1_57' title='bbox 192 988 349 1039; x_wconf 87' lang='lat' dir='ltr'>rent.</span> <span class='ocrx_word' id='word_1_58' title='bbox 378 1005 406 1031; x_wconf 79' lang='grc' dir='ltr'>ι</span> <span class='ocrx_word' id='word_1_59' title='bbox 431 981 639 1054; x_wconf 80' lang='lat' dir='ltr'>Nolite,</span> <span class='ocrx_word' id='word_1_60' title='bbox 662 985 876 1058; x_wconf 86' lang='lat' dir='ltr'>inquit,</span> <span class='ocrx_word' id='word_1_61' title='bbox 899 994 1124 1059; x_wconf 88' lang='lat' dir='ltr'>portare</span> <span class='ocrx_word' id='word_1_62' title='bbox 1148 989 1465 1059; x_wconf 89' lang='lat' dir='ltr'>sacculum,</span> <span class='ocrx_word' id='word_1_63' title='bbox 1490 1005 1678 1064; x_wconf 86' lang='lat' dir='ltr'>neque</span> <span class='ocrx_word' id='word_1_64' title='bbox 1703 1005 1920 1062; x_wconf 92' lang='lat' dir='ltr'>peram,</span> 
     </span>
    </p>
   </div>
   <div class='ocr_carea' id='block_1_11' title="bbox 192 1072 1924 1153">
    <p class='ocr_par' dir='ltr' id='par_1_11' title="bbox 192 1072 1924 1153">
     <span class='ocr_line' id='line_1_11' title="bbox 192 1072 1924 1153; baseline 0.005 -24"><span class='ocrx_word' id='word_1_65' title='bbox 192 1087 394 1144; x_wconf 89' lang='lat' dir='ltr'>neque</span> <span class='ocrx_word' id='word_1_66' title='bbox 417 1072 801 1133; x_wconf 85' lang='lat' dir='ltr'>calceamenta</span> <span class='ocrx_word' id='word_1_67' title='bbox 818 1078 1063 1148; x_wconf 84' lang='lat' dir='ltr'>tLuc.X).</span> <span class='ocrx_word' id='word_1_68' title='bbox 1086 1100 1113 1127; x_wconf 71' lang='grc' dir='ltr'>ιι</span> <span class='ocrx_word' id='word_1_69' title='bbox 1132 1076 1239 1135; x_wconf 90' lang='lat' dir='ltr'>Per</span> <span class='ocrx_word' id='word_1_70' title='bbox 1252 1077 1510 1136; x_wconf 84' lang='lat' dir='ltr'>Marcum</span> <span class='ocrx_word' id='word_1_71' title='bbox 1534 1094 1768 1153; x_wconf 90' lang='lat' dir='ltr'>quoque</span> <span class='ocrx_word' id='word_1_72' title='bbox 1795 1095 1924 1152; x_wconf 91' lang='lat' dir='ltr'>pro-</span> 
     </span>
    </p>
   </div>
   <div class='ocr_carea' id='block_1_12' title="bbox 195 1160 1919 1242">
    <p class='ocr_par' dir='ltr' id='par_1_12' title="bbox 195 1160 1919 1242">
     <span class='ocr_line' id='line_1_12' title="bbox 195 1160 1919 1242; baseline 0.005 -25"><span class='ocrx_word' id='word_1_73' title='bbox 195 1160 384 1231; x_wconf 86' lang='lat' dir='ltr'>hibet,</span> <span class='ocrx_word' id='word_1_74' title='bbox 414 1169 480 1235; x_wconf 87' lang='lat' dir='ltr'>ut</span> <span class='ocrx_word' id='word_1_75' title='bbox 511 1177 704 1237; x_wconf 87' lang='lat' dir='ltr'>neque</span> <span class='ocrx_word' id='word_1_76' title='bbox 734 1178 961 1235; x_wconf 91' lang='lat' dir='ltr'>panem,</span> <span class='ocrx_word' id='word_1_77' title='bbox 994 1180 1183 1238; x_wconf 91' lang='lat' dir='ltr'>neque</span> <span class='ocrx_word' id='word_1_78' title='bbox 1231 1182 1311 1223; x_wconf 63' lang='lat' dir='ltr'>aes</span> <span class='ocrx_word' id='word_1_79' title='bbox 1342 1167 1401 1223; x_wconf 91' lang='lat' dir='ltr'>in</span> <span class='ocrx_word' id='word_1_80' title='bbox 1435 1166 1593 1225; x_wconf 86' lang='lat' dir='ltr'>zonis</span> <span class='ocrx_word' id='word_1_81' title='bbox 1622 1168 1919 1242; x_wconf 82' lang='lat' dir='ltr'>haberent,</span> 
     </span>
    </p>
   </div>
   <div class='ocr_carea' id='block_1_13' title="bbox 196 1248 1918 1329">
    <p class='ocr_par' dir='ltr' id='par_1_13' title="bbox 196 1248 1918 1329">
     <span class='ocr_line' id='line_1_13' title="bbox 196 1248 1918 1329; baseline 0.005 -23"><span class='ocrx_word' id='word_1_82' title='bbox 196 1262 398 1320; x_wconf 86' lang='lat' dir='ltr'>neque</span> <span class='ocrx_word' id='word_1_83' title='bbox 442 1248 671 1307; x_wconf 92' lang='lat' dir='ltr'>duabus</span> <span class='ocrx_word' id='word_1_84' title='bbox 722 1249 937 1308; x_wconf 87' lang='lat' dir='ltr'>tunicis</span> <span class='ocrx_word' id='word_1_85' title='bbox 984 1251 1198 1325; x_wconf 90' lang='lat' dir='ltr'>induti,</span> <span class='ocrx_word' id='word_1_86' title='bbox 1231 1254 1331 1311; x_wconf 90' lang='lat' dir='ltr'>sed</span> <span class='ocrx_word' id='word_1_87' title='bbox 1360 1254 1637 1313; x_wconf 89' lang='lat' dir='ltr'>sandaliis</span> <span class='ocrx_word' id='word_1_88' title='bbox 1664 1256 1918 1329; x_wconf 90' lang='lat' dir='ltr'>calceati,</span> 
     </span>
    </p>
   </div>
   <div class='ocr_carea' id='block_1_14' title="bbox 196 1339 1915 1423">
    <p class='ocr_par' dir='ltr' id='par_1_14' title="bbox 196 1339 1915 1423">
     <span class='ocr_line' id='line_1_14' title="bbox 196 1339 1915 1423; baseline 0.006 -27"><span class='ocrx_word' id='word_1_89' title='bbox 196 1339 432 1413; x_wconf 87' lang='lat' dir='ltr'>virgam</span> <span class='ocrx_word' id='word_1_90' title='bbox 462 1341 861 1399; x_wconf 85' lang='lat' dir='ltr'>tantummodo</span> <span class='ocrx_word' id='word_1_91' title='bbox 890 1344 1176 1415; x_wconf 74' lang='lat' dir='ltr'>gestantes</span> <span class='ocrx_word' id='word_1_92' title='bbox 1224 1344 1555 1405; x_wconf 86' lang='lat' dir='ltr'>incederent</span> <span class='ocrx_word' id='word_1_93' title='bbox 1586 1351 1779 1419; x_wconf 81' lang='lat' dir='ltr'>(Marc.</span> <span class='ocrx_word' id='word_1_94' title='bbox 1814 1352 1915 1423; x_wconf 86' lang='lat' dir='ltr'><strong>VI).</strong></span> 
     </span>
    </p>
   </div>
   <div class='ocr_carea' id='block_1_15' title="bbox 198 1429 1915 1512">
    <p class='ocr_par' dir='ltr' id='par_1_15' title="bbox 198 1429 1915 1512">
     <span class='ocr_line' id='line_1_15' title="bbox 198 1429 1915 1512; baseline 0.008 -26"><span class='ocrx_word' id='word_1_95' title='bbox 198 1429 326 1488; x_wconf 88' lang='lat' dir='ltr'>Cur</span> <span class='ocrx_word' id='word_1_96' title='bbox 365 1438 560 1489; x_wconf 89' lang='lat' dir='ltr'>autem</span> <span class='ocrx_word' id='word_1_97' title='bbox 595 1433 703 1489; x_wconf 91' lang='lat' dir='ltr'>hoc</span> <span class='ocrx_word' id='word_1_98' title='bbox 752 1431 964 1490; x_wconf 86' lang='lat' dir='ltr'>factum</span> <span class='ocrx_word' id='word_1_99' title='bbox 1004 1434 1138 1493; x_wconf 85' lang='lat' dir='ltr'>est?</span> <span class='ocrx_word' id='word_1_100' title='bbox 1179 1436 1455 1511; x_wconf 89' lang='lat' dir='ltr'>Nunquid</span> <span class='ocrx_word' id='word_1_101' title='bbox 1508 1447 1736 1512; x_wconf 83' lang='lat' dir='ltr'>propter</span> <span class='ocrx_word' id='word_1_102' title='bbox 1783 1441 1915 1501; x_wconf 91' lang='lat' dir='ltr'>illos</span> 
     </span>
    </p>
   </div>
   <div class='ocr_carea' id='block_1_16' title="bbox 199 1520 1920 1604">
    <p class='ocr_par' dir='ltr' id='par_1_16' title="bbox 199 1520 1920 1604">
     <span class='ocr_line' id='line_1_16' title="bbox 199 1520 1920 1604; baseline 0.008 -27"><span class='ocrx_word' id='word_1_103' title='bbox 199 1524 433 1579; x_wconf 83' lang='lat' dir='ltr'>tantum</span> <span class='ocrx_word' id='word_1_104' title='bbox 459 1530 482 1579; x_wconf 64' lang='grc' dir='ltr'><strong>ἲ</strong></span> <span class='ocrx_word' id='word_1_105' title='bbox 519 1520 630 1580; x_wconf 90' lang='lat' dir='ltr'>Sed</span> <span class='ocrx_word' id='word_1_106' title='bbox 660 1527 800 1591; x_wconf 83' lang='lat' dir='ltr'>esto,</span> <span class='ocrx_word' id='word_1_107' title='bbox 830 1531 896 1581; x_wconf 94' lang='lat' dir='ltr'>ut</span> <span class='ocrx_word' id='word_1_108' title='bbox 920 1533 1153 1599; x_wconf 88' lang='lat' dir='ltr'>pr0pter</span> <span class='ocrx_word' id='word_1_109' title='bbox 1175 1526 1308 1586; x_wconf 90' lang='lat' dir='ltr'>illos</span> <span class='ocrx_word' id='word_1_110' title='bbox 1338 1529 1414 1586; x_wconf 89' lang='lat' dir='ltr'>sit</span> <span class='ocrx_word' id='word_1_111' title='bbox 1440 1529 1655 1587; x_wconf 88' lang='lat' dir='ltr'>factum</span> <span class='ocrx_word' id='word_1_112' title='bbox 1682 1548 1699 1601; x_wconf 89' lang='lat'><strong>;</strong></span> <span class='ocrx_word' id='word_1_113' title='bbox 1741 1547 1920 1604; x_wconf 89' lang='lat' dir='ltr'>quare</span> 
     </span>
    </p>
   </div>
   <div class='ocr_carea' id='block_1_17' title="bbox 194 1609 1916 1694">
    <p class='ocr_par' dir='ltr' id='par_1_17' title="bbox 194 1609 1916 1694">
     <span class='ocr_line' id='line_1_17' title="bbox 194 1609 1916 1694; baseline 0.007 -28"><span class='ocrx_word' id='word_1_114' title='bbox 194 1616 395 1668; x_wconf 90' lang='lat' dir='ltr'>autem</span> <span class='ocrx_word' id='word_1_115' title='bbox 448 1609 753 1685; x_wconf 91' lang='lat' dir='ltr'>scriptum,</span> <span class='ocrx_word' id='word_1_116' title='bbox 798 1622 1029 1685; x_wconf 83' lang='lat' dir='ltr'>propter</span> <span class='ocrx_word' id='word_1_117' title='bbox 1074 1615 1234 1675; x_wconf 79' lang='lat' dir='ltr'>nos?</span> <span class='ocrx_word' id='word_1_118' title='bbox 1281 1643 1306 1668; x_wconf 84' lang='grc' dir='ltr'>ιι</span> <span class='ocrx_word' id='word_1_119' title='bbox 1338 1617 1714 1694; x_wconf 65' lang='lat' dir='ltr'>Quaecunque</span> <span class='ocrx_word' id='word_1_120' title='bbox 1761 1621 1916 1679; x_wconf 92' lang='lat' dir='ltr'>enim</span> 
     </span>
    </p>
   </div>
   <div class='ocr_carea' id='block_1_18' title="bbox 194 1700 1919 1783">
    <p class='ocr_par' dir='ltr' id='par_1_18' title="bbox 194 1700 1919 1783">
     <span class='ocr_line' id='line_1_18' title="bbox 194 1700 1919 1783; baseline 0.006 -26"><span class='ocrx_word' id='word_1_121' title='bbox 194 1700 414 1774; x_wconf 88' lang='lat' dir='ltr'>scripta</span> <span class='ocrx_word' id='word_1_122' title='bbox 465 1708 625 1771; x_wconf 91' lang='lat' dir='ltr'>sunt,</span> <span class='ocrx_word' id='word_1_123' title='bbox 693 1701 764 1758; x_wconf 91' lang='lat' dir='ltr'>ad</span> <span class='ocrx_word' id='word_1_124' title='bbox 828 1710 1085 1763; x_wconf 91' lang='lat' dir='ltr'>nostram</span> <span class='ocrx_word' id='word_1_125' title='bbox 1142 1706 1464 1765; x_wconf 85' lang='lat' dir='ltr'>doctrinam</span> <span class='ocrx_word' id='word_1_126' title='bbox 1521 1710 1730 1783; x_wconf 90' lang='lat' dir='ltr'>scripta</span> <span class='ocrx_word' id='word_1_127' title='bbox 1784 1716 1919 1767; x_wconf 92' lang='lat' dir='ltr'>sunt</span> 
     </span>
    </p>
   </div>
   <div class='ocr_carea' id='block_1_19' title="bbox 2005 544 3709 625">
    <p class='ocr_par' dir='ltr' id='par_1_19' title="bbox 2005 544 3709 625">
     <span class='ocr_line' id='line_1_19' title="bbox 2005 544 3709 625; baseline 0.006 -24"><span class='ocrx_word' id='word_1_128' title='bbox 2005 544 2240 603; x_wconf 91' lang='lat' dir='ltr'>lestium</span> <span class='ocrx_word' id='word_1_129' title='bbox 2318 547 2437 606; x_wconf 92' lang='lat' dir='ltr'>Deo</span> <span class='ocrx_word' id='word_1_130' title='bbox 2513 553 2904 622; x_wconf 85' lang='lat' dir='ltr'>cooperatores</span> <span class='ocrx_word' id='word_1_131' title='bbox 2979 556 3035 611; x_wconf 90' lang='lat' dir='ltr'>et</span> <span class='ocrx_word' id='word_1_132' title='bbox 3110 550 3553 625; x_wconf 46' lang='lat' dir='ltr'>dispensatores.</span> <span class='ocrx_word' id='word_1_133' title='bbox 3582 552 3709 611; x_wconf 81' lang='lat' dir='ltr'>exi-</span> 
     </span>
    </p>
   </div>
   <div class='ocr_carea' id='block_1_20' title="bbox 2005 642 2184 696">
    <p class='ocr_par' dir='ltr' id='par_1_20' title="bbox 2005 642 2184 696">
     <span class='ocr_line' id='line_1_20' title="bbox 2005 642 2184 696; baseline 0.006 -1"><span class='ocrx_word' id='word_1_134' title='bbox 2005 642 2184 696; x_wconf 88' lang='lat' dir='ltr'>stunt.</span> 
     </span>
    </p>
   </div>
   <div class='ocr_carea' id='block_1_21' title="bbox 2671 777 3048 840">
    <p class='ocr_par' dir='ltr' id='par_1_21' title="bbox 2671 777 3048 840">
     <span class='ocr_line' id='line_1_21' title="bbox 2671 777 3048 840; baseline 0.005 -3"><span class='ocrx_word' id='word_1_135' title='bbox 2671 777 2915 838; x_wconf 84' lang='lat' dir='ltr'>CAPUT</span> <span class='ocrx_word' id='word_1_136' title='bbox 2945 778 3048 840; x_wconf 88' lang='lat' dir='ltr'>IV.</span> 
     </span>
    </p>
   </div>
   <div class='ocr_carea' id='block_1_22' title="bbox 2182 920 3535 995">
    <p class='ocr_par' dir='ltr' id='par_1_22' title="bbox 2182 920 3535 995">
     <span class='ocr_line' id='line_1_22' title="bbox 2182 920 3535 995; baseline 0.003 -18"><span class='ocrx_word' id='word_1_137' title='bbox 2182 920 2336 989; x_wconf 85' lang='lat' dir='ltr'>Quod</span> <span class='ocrx_word' id='word_1_138' title='bbox 2371 921 2495 977; x_wconf 79' lang='lat' dir='ltr'>boni</span> <span class='ocrx_word' id='word_1_139' title='bbox 2528 923 2795 977; x_wconf 76' lang='lat' dir='ltr'>malorum</span> <span class='ocrx_word' id='word_1_140' title='bbox 2834 925 3088 979; x_wconf 77' lang='lat' dir='ltr'>societate</span> <span class='ocrx_word' id='word_1_141' title='bbox 3124 929 3535 995; x_wconf 74' lang='lat' dir='ltr'>pervertzmtur.</span> 
     </span>
    </p>
   </div>
   <div class='ocr_carea' id='block_1_23' title="bbox 2076 1070 3709 1157">
    <p class='ocr_par' dir='ltr' id='par_1_23' title="bbox 2076 1070 3709 1157">
     <span class='ocr_line' id='line_1_23' title="bbox 2076 1070 3709 1157; baseline 0.004 -21"><span class='ocrx_word' id='word_1_142' title='bbox 2076 1070 2274 1153; x_wconf 86' lang='lat' dir='ltr'>Neque</span> <span class='ocrx_word' id='word_1_143' title='bbox 2303 1079 2411 1137; x_wconf 89' lang='lat' dir='ltr'>hoc</span> <span class='ocrx_word' id='word_1_144' title='bbox 2437 1095 2543 1137; x_wconf 89' lang='lat' dir='ltr'>nos</span> <span class='ocrx_word' id='word_1_145' title='bbox 2575 1079 2644 1137; x_wconf 93' lang='lat' dir='ltr'>de</span> <span class='ocrx_word' id='word_1_146' title='bbox 2672 1079 2811 1139; x_wconf 91' lang='lat' dir='ltr'>solis</span> <span class='ocrx_word' id='word_1_147' title='bbox 2842 1082 3234 1140; x_wconf 76' lang='lat' dir='ltr'>sacerddtibus</span> <span class='ocrx_word' id='word_1_148' title='bbox 3260 1081 3578 1157; x_wconf 89' lang='lat' dir='ltr'>loquimur,</span> <span class='ocrx_word' id='word_1_149' title='bbox 3611 1085 3709 1143; x_wconf 92' lang='lat' dir='ltr'>sed</span> 
     </span>
    </p>
   </div>
   <div class='ocr_carea' id='block_1_24' title="bbox 2004 1168 3714 1249">
    <p class='ocr_par' dir='ltr' id='par_1_24' title="bbox 2004 1168 3714 1249">
     <span class='ocr_line' id='line_1_24' title="bbox 2004 1168 3714 1249; baseline 0.004 -23"><span class='ocrx_word' id='word_1_150' title='bbox 2004 1168 2075 1226; x_wconf 89' lang='lat' dir='ltr'>de</span> <span class='ocrx_word' id='word_1_151' title='bbox 2118 1168 2390 1228; x_wconf 91' lang='lat' dir='ltr'>omnibus</span> <span class='ocrx_word' id='word_1_152' title='bbox 2429 1169 2674 1242; x_wconf 86' lang='lat' dir='ltr'>clericis,</span> <span class='ocrx_word' id='word_1_153' title='bbox 2711 1172 2810 1245; x_wconf 93' lang='lat' dir='ltr'>qui</span> <span class='ocrx_word' id='word_1_154' title='bbox 2848 1174 3024 1231; x_wconf 91' lang='lat' dir='ltr'>sacris</span> <span class='ocrx_word' id='word_1_155' title='bbox 3052 1173 3333 1232; x_wconf 83' lang='lat' dir='ltr'>altaribus</span> <span class='ocrx_word' id='word_1_156' title='bbox 3366 1174 3427 1231; x_wconf 93' lang='lat' dir='ltr'>in</span> <span class='ocrx_word' id='word_1_157' title='bbox 3455 1175 3714 1249; x_wconf 90' lang='lat' dir='ltr'>quolibet</span> 
     </span>
    </p>
   </div>
   <div class='ocr_carea' id='block_1_25' title="bbox 2001 1260 3711 1337">
    <p class='ocr_par' dir='ltr' id='par_1_25' title="bbox 2001 1260 3711 1337">
     <span class='ocr_line' id='line_1_25' title="bbox 2001 1260 3711 1337; baseline 0.003 -19"><span class='ocrx_word' id='word_1_158' title='bbox 2001 1261 2184 1335; x_wconf 86' lang='lat' dir='ltr'>gradu</span> <span class='ocrx_word' id='word_1_159' title='bbox 2229 1260 2541 1319; x_wconf 86' lang='lat' dir='ltr'>ministerii</span> <span class='ocrx_word' id='word_1_160' title='bbox 2594 1262 2686 1321; x_wconf 91' lang='lat' dir='ltr'>sui</span> <span class='ocrx_word' id='word_1_161' title='bbox 2726 1263 2863 1337; x_wconf 84' lang='lat' dir='ltr'>jura</span> <span class='ocrx_word' id='word_1_162' title='bbox 2911 1260 3262 1337; x_wconf 86' lang='lat' dir='ltr'>dependunt.</span> <span class='ocrx_word' id='word_1_163' title='bbox 3306 1264 3452 1323; x_wconf 91' lang='lat' dir='ltr'>Nam</span> <span class='ocrx_word' id='word_1_164' title='bbox 3484 1266 3711 1325; x_wconf 89' lang='lat' dir='ltr'>etiamsi</span> 
     </span>
    </p>
   </div>
   <div class='ocr_carea' id='block_1_26' title="bbox 2003 1352 3713 1437">
    <p class='ocr_par' dir='ltr' id='par_1_26' title="bbox 2003 1352 3713 1437">
     <span class='ocr_line' id='line_1_26' title="bbox 2003 1352 3713 1437; baseline 0.003 -27"><span class='ocrx_word' id='word_1_165' title='bbox 2003 1352 2258 1411; x_wconf 91' lang='lat' dir='ltr'>mundus</span> <span class='ocrx_word' id='word_1_166' title='bbox 2288 1354 2363 1411; x_wconf 89' lang='lat' dir='ltr'>sit</span> <span class='ocrx_word' id='word_1_167' title='bbox 2389 1354 2521 1428; x_wconf 91' lang='lat' dir='ltr'>quis</span> <span class='ocrx_word' id='word_1_168' title='bbox 2550 1353 2612 1411; x_wconf 91' lang='lat' dir='ltr'>in</span> <span class='ocrx_word' id='word_1_169' title='bbox 2642 1370 2724 1425; x_wconf 92' lang='lat' dir='ltr'>se,</span> <span class='ocrx_word' id='word_1_170' title='bbox 2756 1355 3043 1413; x_wconf 91' lang='lat' dir='ltr'>malorum</span> <span class='ocrx_word' id='word_1_171' title='bbox 3074 1372 3505 1437; x_wconf 76' lang='lat' dir='ltr'>nonnunquam</span> <span class='ocrx_word' id='word_1_172' title='bbox 3533 1356 3713 1415; x_wconf 89' lang='lat' dir='ltr'>socie-</span> 
     </span>
    </p>
   </div>
   <div class='ocr_carea' id='block_1_27' title="bbox 2001 1440 3713 1520">
    <p class='ocr_par' dir='ltr' id='par_1_27' title="bbox 2001 1440 3713 1520">
     <span class='ocr_line' id='line_1_27' title="bbox 2001 1440 3713 1520; baseline 0.001 -19"><span class='ocrx_word' id='word_1_173' title='bbox 2001 1451 2115 1501; x_wconf 89' lang='lat' dir='ltr'>tate</span> <span class='ocrx_word' id='word_1_174' title='bbox 2150 1440 2465 1517; x_wconf 84' lang='lat' dir='ltr'>polluitur.</span> <span class='ocrx_word' id='word_1_175' title='bbox 2516 1442 2680 1513; x_wconf 88' lang='lat' dir='ltr'>Quod</span> <span class='ocrx_word' id='word_1_176' title='bbox 2730 1446 2932 1517; x_wconf 87' lang='lat' dir='ltr'>utique</span> <span class='ocrx_word' id='word_1_177' title='bbox 2980 1445 3029 1503; x_wconf 91' lang='lat' dir='ltr'>si</span> <span class='ocrx_word' id='word_1_178' title='bbox 3071 1446 3369 1520; x_wconf 88' lang='lat' dir='ltr'>aliquibus</span> <span class='ocrx_word' id='word_1_179' title='bbox 3410 1460 3526 1504; x_wconf 93' lang='lat' dir='ltr'>non</span> <span class='ocrx_word' id='word_1_180' title='bbox 3569 1461 3713 1505; x_wconf 90' lang='lat' dir='ltr'>con-</span> 
     </span>
    </p>
   </div>
   <div class='ocr_carea' id='block_1_28' title="bbox 2002 1533 3711 1610">
    <p class='ocr_par' dir='ltr' id='par_1_28' title="bbox 2002 1533 3711 1610">
     <span class='ocr_line' id='line_1_28' title="bbox 2002 1533 3711 1610; baseline 0.002 -20"><span class='ocrx_word' id='word_1_181' title='bbox 2002 1533 2264 1606; x_wconf 90' lang='lat' dir='ltr'>tingeret,</span> <span class='ocrx_word' id='word_1_182' title='bbox 2321 1549 2689 1608; x_wconf 88' lang='lat' dir='ltr'>nequaquam</span> <span class='ocrx_word' id='word_1_183' title='bbox 2740 1535 3017 1610; x_wconf 86' lang='lat' dir='ltr'>propheta</span> <span class='ocrx_word' id='word_1_184' title='bbox 3054 1551 3416 1610; x_wconf 88' lang='lat' dir='ltr'>conquerens</span> <span class='ocrx_word' id='word_1_185' title='bbox 3451 1535 3711 1609; x_wconf 89' lang='lat' dir='ltr'>gemuis-</span> 
     </span>
    </p>
   </div>
   <div class='ocr_carea' id='block_1_29' title="bbox 2001 1618 3710 1695">
    <p class='ocr_par' dir='ltr' id='par_1_29' title="bbox 2001 1618 3710 1695">
     <span class='ocr_line' id='line_1_29' title="bbox 2001 1618 3710 1695; baseline 0.001 -18"><span class='ocrx_word' id='word_1_186' title='bbox 2001 1625 2086 1677; x_wconf 91' lang='lat' dir='ltr'>set</span> <span class='ocrx_word' id='word_1_187' title='bbox 2113 1638 2125 1677; x_wconf 91' lang='lat'>:</span> <span class='ocrx_word' id='word_1_188' title='bbox 2167 1643 2194 1668; x_wconf 80' lang='grc' dir='ltr'>«ι</span> <span class='ocrx_word' id='word_1_189' title='bbox 2226 1618 2345 1687; x_wconf 59' lang='lat' dir='ltr'>Vas,</span> <span class='ocrx_word' id='word_1_190' title='bbox 2382 1620 2596 1693; x_wconf 92' lang='lat' dir='ltr'>inquit,</span> <span class='ocrx_word' id='word_1_191' title='bbox 2629 1620 2799 1693; x_wconf 87' lang='lat' dir='ltr'>mihi,</span> <span class='ocrx_word' id='word_1_192' title='bbox 2827 1623 2965 1695; x_wconf 86' lang='lat' dir='ltr'>quia</span> <span class='ocrx_word' id='word_1_193' title='bbox 2990 1620 3081 1679; x_wconf 89' lang='lat' dir='ltr'>vir</span> <span class='ocrx_word' id='word_1_194' title='bbox 3113 1622 3369 1694; x_wconf 90' lang='lat' dir='ltr'>pollutus</span> <span class='ocrx_word' id='word_1_195' title='bbox 3400 1622 3569 1679; x_wconf 87' lang='lat' dir='ltr'>labiis</span> <span class='ocrx_word' id='word_1_196' title='bbox 3606 1636 3710 1693; x_wconf 86' lang='lat' dir='ltr'>ego</span> 
     </span>
    </p>
   </div>
   <div class='ocr_carea' id='block_1_30' title="bbox 2000 1708 3710 1784">
    <p class='ocr_par' dir='ltr' id='par_1_30' title="bbox 2000 1708 3710 1784">
     <span class='ocr_line' id='line_1_30' title="bbox 2000 1708 3710 1784; baseline 0.002 -18"><span class='ocrx_word' id='word_1_197' title='bbox 2000 1724 2153 1773; x_wconf 92' lang='lat' dir='ltr'>sum.</span> <span class='ocrx_word' id='word_1_198' title='bbox 2201 1708 2480 1782; x_wconf 89' lang='lat' dir='ltr'>quoniam</span> <span class='ocrx_word' id='word_1_199' title='bbox 2505 1708 2570 1766; x_wconf 90' lang='lat' dir='ltr'>in</span> <span class='ocrx_word' id='word_1_200' title='bbox 2601 1709 2790 1769; x_wconf 90' lang='lat' dir='ltr'>medio</span> <span class='ocrx_word' id='word_1_201' title='bbox 2827 1710 3027 1784; x_wconf 91' lang='lat' dir='ltr'>populi</span> <span class='ocrx_word' id='word_1_202' title='bbox 3057 1710 3279 1784; x_wconf 91' lang='lat' dir='ltr'>polluta</span> <span class='ocrx_word' id='word_1_203' title='bbox 3308 1709 3458 1768; x_wconf 86' lang='lat' dir='ltr'>labia</span> <span class='ocrx_word' id='word_1_204' title='bbox 3491 1710 3710 1769; x_wconf 86' lang='lat' dir='ltr'>baben-</span> 
     </span>
    </p>
   </div>
   <div class='ocr_carea' id='block_1_31' title="bbox 198 1790 3712 1875">
    <p class='ocr_par' dir='ltr' id='par_1_31' title="bbox 198 1790 3712 1875">
     <span class='ocr_line' id='line_1_31' title="bbox 198 1790 3712 1875; baseline 0.004 -31"><span class='ocrx_word' id='word_1_205' title='bbox 198 1791 380 1856; x_wconf 83' lang='lat' dir='ltr'>(Rom.</span> <span class='ocrx_word' id='word_1_206' title='bbox 413 1794 546 1857; x_wconf 81' lang='lat' dir='ltr'>XV).</span> <span class='ocrx_word' id='word_1_207' title='bbox 577 1815 603 1839; x_wconf 76' lang='grc' dir='ltr'>ιι</span> <span class='ocrx_word' id='word_1_208' title='bbox 629 1790 744 1848; x_wconf 88' lang='lat' dir='ltr'>Cur</span> <span class='ocrx_word' id='word_1_209' title='bbox 772 1791 966 1866; x_wconf 88' lang='lat' dir='ltr'>itaque</span> <span class='ocrx_word' id='word_1_210' title='bbox 989 1794 1111 1851; x_wconf 74' lang='lat' dir='ltr'>haec</span> <span class='ocrx_word' id='word_1_211' title='bbox 1138 1794 1197 1853; x_wconf 94' lang='lat' dir='ltr'>in</span> <span class='ocrx_word' id='word_1_212' title='bbox 1228 1794 1484 1854; x_wconf 90' lang='lat' dir='ltr'>Ecclesia</span> <span class='ocrx_word' id='word_1_213' title='bbox 1506 1797 1778 1871; x_wconf 85' lang='lat' dir='ltr'>legimus,</span> <span class='ocrx_word' id='word_1_214' title='bbox 1803 1798 1916 1856; x_wconf 91' lang='lat' dir='ltr'>nisi</span> <span class='ocrx_word' id='word_1_215' title='bbox 1936 1797 2093 1875; x_wconf 76' lang='lat' dir='ltr'>Btis</span> <span class='ocrx_word' id='word_1_216' title='bbox 2125 1806 2237 1869; x_wconf 86' lang='lat' dir='ltr'>ego’</span> <span class='ocrx_word' id='word_1_217' title='bbox 2284 1797 2510 1856; x_wconf 79' lang='lat' dir='ltr'>habito.</span> <span class='ocrx_word' id='word_1_218' title='bbox 2537 1800 2660 1870; x_wconf 88' lang='lat' dir='ltr'>(Isa.</span> <span class='ocrx_word' id='word_1_219' title='bbox 2711 1803 2816 1869; x_wconf 84' lang='lat' dir='ltr'>v1).</span> <span class='ocrx_word' id='word_1_220' title='bbox 2848 1823 2876 1850; x_wconf 68' lang='grc' dir='ltr'><strong>υ</strong></span> <span class='ocrx_word' id='word_1_221' title='bbox 2911 1800 3022 1871; x_wconf 90' lang='lat' dir='ltr'>Qui</span> <span class='ocrx_word' id='word_1_222' title='bbox 3068 1801 3353 1859; x_wconf 91' lang='lat' dir='ltr'>nimirum</span> <span class='ocrx_word' id='word_1_223' title='bbox 3398 1800 3610 1859; x_wconf 89' lang='lat' dir='ltr'>idcirco</span> <span class='ocrx_word' id='word_1_224' title='bbox 3650 1814 3712 1858; x_wconf 92' lang='lat' dir='ltr'>se</span> 
     </span>
    </p>
   </div>
   <div class='ocr_carea' id='block_1_32' title="bbox 204 1878 1920 1962">
    <p class='ocr_par' dir='ltr' id='par_1_32' title="bbox 204 1878 1920 1962">
     <span class='ocr_line' id='line_1_32' title="bbox 204 1878 1920 1962; baseline 0.007 -26"><span class='ocrx_word' id='word_1_225' title='bbox 204 1878 309 1954; x_wconf 85' lang='lat' dir='ltr'>[ut]</span> <span class='ocrx_word' id='word_1_226' title='bbox 353 1880 478 1938; x_wconf 62' lang='lat' dir='ltr'>hac</span> <span class='ocrx_word' id='word_1_227' title='bbox 510 1882 653 1956; x_wconf 87' lang='lat' dir='ltr'>ipsa,</span> <span class='ocrx_word' id='word_1_228' title='bbox 687 1898 822 1956; x_wconf 74' lang='lat' dir='ltr'>qum</span> <span class='ocrx_word' id='word_1_229' title='bbox 862 1884 1157 1958; x_wconf 88' lang='lat' dir='ltr'>leguntur,</span> <span class='ocrx_word' id='word_1_230' title='bbox 1208 1887 1483 1961; x_wconf 89' lang='lat' dir='ltr'>operibus</span> <span class='ocrx_word' id='word_1_231' title='bbox 1519 1889 1869 1962; x_wconf 90' lang='lat' dir='ltr'>impleamus</span> <span class='ocrx_word' id='word_1_232' title='bbox 1892 1892 1920 1947; x_wconf 72' lang='grc' dir='ltr'>Τ</span> 
     </span>
    </p>
   </div>
   <div class='ocr_carea' id='block_1_33' title="bbox 197 1968 1919 2049">
    <p class='ocr_par' dir='ltr' id='par_1_33' title="bbox 197 1968 1919 2049">
     <span class='ocr_line' id='line_1_33' title="bbox 197 1968 1919 2049; baseline 0.006 -22"><span class='ocrx_word' id='word_1_233' title='bbox 197 1968 532 2029; x_wconf 64' lang='lat' dir='ltr'>Praesertim</span> <span class='ocrx_word' id='word_1_234' title='bbox 583 1972 627 2029; x_wconf 90' lang='lat' dir='ltr'>ii</span> <span class='ocrx_word' id='word_1_235' title='bbox 682 1974 785 2046; x_wconf 88' lang='lat' dir='ltr'>qui</span> <span class='ocrx_word' id='word_1_236' title='bbox 851 1991 953 2049; x_wconf 91' lang='lat' dir='ltr'>per</span> <span class='ocrx_word' id='word_1_237' title='bbox 1000 1977 1434 2036; x_wconf 89' lang='lat' dir='ltr'>succedentium</span> <span class='ocrx_word' id='word_1_238' title='bbox 1492 1980 1919 2038; x_wconf 83' lang='lat' dir='ltr'>vicissitudines</span> 
     </span>
    </p>
   </div>
   <div class='ocr_carea' id='block_1_34' title="bbox 195 2064 1915 2143">
    <p class='ocr_par' dir='ltr' id='par_1_34' title="bbox 195 2064 1915 2143">
     <span class='ocr_line' id='line_1_34' title="bbox 195 2064 1915 2143; baseline 0.005 -26"><span class='ocrx_word' id='word_1_239' title='bbox 195 2065 531 2133; x_wconf 89' lang='lat' dir='ltr'>temporum</span> <span class='ocrx_word' id='word_1_240' title='bbox 560 2076 771 2120; x_wconf 86' lang='lat' dir='ltr'>eorum</span> <span class='ocrx_word' id='word_1_241' title='bbox 826 2064 1155 2138; x_wconf 86' lang='lat' dir='ltr'>funguntur</span> <span class='ocrx_word' id='word_1_242' title='bbox 1201 2066 1409 2135; x_wconf 82' lang='lat' dir='ltr'>ofﬁcio,</span> <span class='ocrx_word' id='word_1_243' title='bbox 1463 2083 1661 2127; x_wconf 90' lang='lat' dir='ltr'>eorum</span> <span class='ocrx_word' id='word_1_244' title='bbox 1717 2067 1915 2143; x_wconf 90' lang='lat' dir='ltr'>procul</span> 
     </span>
    </p>
   </div>
   <div class='ocr_carea' id='block_1_35' title="bbox 194 2148 1915 2229">
    <p class='ocr_par' dir='ltr' id='par_1_35' title="bbox 194 2148 1915 2229">
     <span class='ocr_line' id='line_1_35' title="bbox 194 2148 1915 2229; baseline 0.005 -24"><span class='ocrx_word' id='word_1_245' title='bbox 194 2148 381 2207; x_wconf 91' lang='lat' dir='ltr'>dubio</span> <span class='ocrx_word' id='word_1_246' title='bbox 428 2164 660 2209; x_wconf 89' lang='lat' dir='ltr'>necesse</span> <span class='ocrx_word' id='word_1_247' title='bbox 709 2157 793 2209; x_wconf 91' lang='lat' dir='ltr'>est</span> <span class='ocrx_word' id='word_1_248' title='bbox 829 2160 1243 2212; x_wconf 90' lang='lat' dir='ltr'>conversentur</span> <span class='ocrx_word' id='word_1_249' title='bbox 1281 2156 1567 2229; x_wconf 79' lang='lat' dir='ltr'>exemplo.</span> <span class='ocrx_word' id='word_1_250' title='bbox 1620 2156 1915 2215; x_wconf 90' lang='lat' dir='ltr'>Possidere</span> 
     </span>
    </p>
   </div>
   <div class='ocr_carea' id='block_1_36' title="bbox 196 2237 1915 2318">
    <p class='ocr_par' dir='ltr' id='par_1_36' title="bbox 196 2237 1915 2318">
     <span class='ocr_line' id='line_1_36' title="bbox 196 2237 1915 2318; baseline 0.004 -23"><span class='ocrx_word' id='word_1_251' title='bbox 196 2238 385 2311; x_wconf 79' lang='lat' dir='ltr'>igitur</span> <span class='ocrx_word' id='word_1_252' title='bbox 436 2245 730 2298; x_wconf 91' lang='lat' dir='ltr'>terrenum</span> <span class='ocrx_word' id='word_1_253' title='bbox 768 2241 988 2316; x_wconf 91' lang='lat' dir='ltr'>aliquid</span> <span class='ocrx_word' id='word_1_254' title='bbox 1033 2237 1504 2317; x_wconf 66' lang='lat' dir='ltr'>praedicatoribus</span> <span class='ocrx_word' id='word_1_255' title='bbox 1556 2244 1678 2303; x_wconf 90' lang='lat' dir='ltr'>suis</span> <span class='ocrx_word' id='word_1_256' title='bbox 1718 2245 1915 2318; x_wconf 89' lang='lat' dir='ltr'>prohi-</span> 
     </span>
    </p>
   </div>
   <div class='ocr_carea' id='block_1_37' title="bbox 193 2328 1914 2403">
    <p class='ocr_par' dir='ltr' id='par_1_37' title="bbox 193 2328 1914 2403">
     <span class='ocr_line' id='line_1_37' title="bbox 193 2328 1914 2403; baseline 0.005 -18"><span class='ocrx_word' id='word_1_257' title='bbox 193 2328 294 2386; x_wconf 86' lang='lat' dir='ltr'>bet</span> <span class='ocrx_word' id='word_1_258' title='bbox 332 2328 512 2401; x_wconf 91' lang='lat' dir='ltr'>Deus,</span> <span class='ocrx_word' id='word_1_259' title='bbox 546 2336 611 2388; x_wconf 95' lang='lat' dir='ltr'>ut</span> <span class='ocrx_word' id='word_1_260' title='bbox 648 2330 751 2403; x_wconf 87' lang='lat' dir='ltr'>qui</span> <span class='ocrx_word' id='word_1_261' title='bbox 802 2332 1099 2392; x_wconf 88' lang='lat' dir='ltr'>constituti</span> <span class='ocrx_word' id='word_1_262' title='bbox 1150 2340 1285 2392; x_wconf 91' lang='lat' dir='ltr'>sunt</span> <span class='ocrx_word' id='word_1_263' title='bbox 1323 2334 1385 2392; x_wconf 91' lang='lat' dir='ltr'>in</span> <span class='ocrx_word' id='word_1_264' title='bbox 1423 2335 1754 2394; x_wconf 90' lang='lat' dir='ltr'>auditorum</span> <span class='ocrx_word' id='word_1_265' title='bbox 1784 2351 1914 2393; x_wconf 88' lang='lat' dir='ltr'>cor-</span> 
     </span>
    </p>
   </div>
   <div class='ocr_carea' id='block_1_38' title="bbox 192 2417 1912 2500">
    <p class='ocr_par' dir='ltr' id='par_1_38' title="bbox 192 2417 1912 2500">
     <span class='ocr_line' id='line_1_38' title="bbox 192 2417 1912 2500; baseline 0.003 -23"><span class='ocrx_word' id='word_1_266' title='bbox 192 2417 373 2477; x_wconf 87' lang='lat' dir='ltr'>dibus</span> <span class='ocrx_word' id='word_1_267' title='bbox 436 2420 1036 2495; x_wconf 82' lang='lat' dir='ltr'>coucupiscentiarum</span> <span class='ocrx_word' id='word_1_268' title='bbox 1106 2432 1281 2483; x_wconf 71' lang='lat' dir='ltr'>aestus</span> <span class='ocrx_word' id='word_1_269' title='bbox 1345 2426 1741 2500; x_wconf 85' lang='lat' dir='ltr'>exstinguere,</span> <span class='ocrx_word' id='word_1_270' title='bbox 1801 2425 1912 2498; x_wconf 89' lang='lat' dir='ltr'>ipsi</span> 
     </span>
    </p>
   </div>
   <div class='ocr_carea' id='block_1_39' title="bbox 192 2501 1913 2590">
    <p class='ocr_par' dir='ltr' id='par_1_39' title="bbox 192 2501 1913 2590">
     <span class='ocr_line' id='line_1_39' title="bbox 192 2501 1913 2590; baseline 0.004 -22"><span class='ocrx_word' id='word_1_271' title='bbox 192 2511 435 2569; x_wconf 89' lang='lat' dir='ltr'>sibimet</span> <span class='ocrx_word' id='word_1_272' title='bbox 487 2518 725 2569; x_wconf 84' lang='lat' dir='ltr'>caveant</span> <span class='ocrx_word' id='word_1_273' title='bbox 777 2513 848 2571; x_wconf 91' lang='lat' dir='ltr'>ad</span> <span class='ocrx_word' id='word_1_274' title='bbox 902 2515 1154 2574; x_wconf 90' lang='lat' dir='ltr'>aliorum</span> <span class='ocrx_word' id='word_1_275' title='bbox 1207 2517 1524 2590; x_wconf 88' lang='lat' dir='ltr'>perniciem</span> <span class='ocrx_word' id='word_1_276' title='bbox 1580 2501 1913 2576; x_wconf 79' lang='lat' dir='ltr'>ambitionis</span> 
     </span>
    </p>
   </div>
   <div class='ocr_carea' id='block_1_40' title="bbox 190 2601 1912 2683">
    <p class='ocr_par' dir='ltr' id='par_1_40' title="bbox 190 2601 1912 2683">
     <span class='ocr_line' id='line_1_40' title="bbox 190 2601 1912 2683; baseline 0.006 -25"><span class='ocrx_word' id='word_1_277' title='bbox 190 2609 252 2659; x_wconf 90' lang='lat' dir='ltr'>et</span> <span class='ocrx_word' id='word_1_278' title='bbox 284 2601 550 2659; x_wconf 73' lang='lat' dir='ltr'>avaritize</span> <span class='ocrx_word' id='word_1_279' title='bbox 581 2602 744 2661; x_wconf 88' lang='lat' dir='ltr'>frena</span> <span class='ocrx_word' id='word_1_280' title='bbox 775 2604 992 2664; x_wconf 82' lang='lat' dir='ltr'>laxare.</span> <span class='ocrx_word' id='word_1_281' title='bbox 1025 2607 1153 2665; x_wconf 90' lang='lat' dir='ltr'>Huc</span> <span class='ocrx_word' id='word_1_282' title='bbox 1190 2609 1425 2671; x_wconf 89' lang='lat' dir='ltr'>accedit.</span> <span class='ocrx_word' id='word_1_283' title='bbox 1467 2609 1621 2682; x_wconf 91' lang='lat' dir='ltr'>quod</span> <span class='ocrx_word' id='word_1_284' title='bbox 1652 2626 1802 2683; x_wconf 61' lang='lat' dir='ltr'>saepe</span> <span class='ocrx_word' id='word_1_285' title='bbox 1838 2625 1912 2668; x_wconf 81' lang='lat' dir='ltr'>ex</span> 
     </span>
    </p>
   </div>
   <div class='ocr_carea' id='block_1_41' title="bbox 196 2693 1912 2771">
    <p class='ocr_par' dir='ltr' id='par_1_41' title="bbox 196 2693 1912 2771">
     <span class='ocr_line' id='line_1_41' title="bbox 196 2693 1912 2771; baseline 0.004 -19"><span class='ocrx_word' id='word_1_286' title='bbox 196 2693 789 2763; x_wconf 77' lang='lat' dir='ltr'>occasioneitineris,</span> <span class='ocrx_word' id='word_1_287' title='bbox 842 2696 1112 2755; x_wconf 87' lang='lat' dir='ltr'>obviante</span> <span class='ocrx_word' id='word_1_288' title='bbox 1162 2700 1345 2757; x_wconf 89' lang='lat' dir='ltr'>forma</span> <span class='ocrx_word' id='word_1_289' title='bbox 1384 2700 1677 2771; x_wconf 84' lang='lat' dir='ltr'>muliebri,</span> <span class='ocrx_word' id='word_1_290' title='bbox 1716 2701 1912 2759; x_wconf 89' lang='lat' dir='ltr'>libidi-</span> 
     </span>
    </p>
   </div>
   <div class='ocr_carea' id='block_1_42' title="bbox 196 2782 1913 2858">
    <p class='ocr_par' dir='ltr' id='par_1_42' title="bbox 196 2782 1913 2858">
     <span class='ocr_line' id='line_1_42' title="bbox 196 2782 1913 2858; baseline 0.005 -20"><span class='ocrx_word' id='word_1_291' title='bbox 196 2782 295 2838; x_wconf 88' lang='lat' dir='ltr'>nis</span> <span class='ocrx_word' id='word_1_292' title='bbox 336 2783 630 2840; x_wconf 89' lang='lat' dir='ltr'>ﬂammam</span> <span class='ocrx_word' id='word_1_293' title='bbox 659 2785 940 2858; x_wconf 89' lang='lat' dir='ltr'>concipiet</span> <span class='ocrx_word' id='word_1_294' title='bbox 968 2787 1233 2845; x_wconf 89' lang='lat' dir='ltr'>minister</span> <span class='ocrx_word' id='word_1_295' title='bbox 1260 2788 1478 2846; x_wconf 89' lang='lat' dir='ltr'>altaris.</span> <span class='ocrx_word' id='word_1_296' title='bbox 1517 2789 1663 2847; x_wconf 91' lang='lat' dir='ltr'>Nam</span> <span class='ocrx_word' id='word_1_297' title='bbox 1702 2790 1840 2848; x_wconf 88' lang='lat' dir='ltr'>dum</span> <span class='ocrx_word' id='word_1_298' title='bbox 1880 2806 1913 2847; x_wconf 90' lang='lat' dir='ltr'>a</span> 
     </span>
    </p>
   </div>
   <div class='ocr_carea' id='block_1_43' title="bbox 1999 1881 3712 1965">
    <p class='ocr_par' dir='ltr' id='par_1_43' title="bbox 1999 1881 3712 1965">
     <span class='ocr_line' id='line_1_43' title="bbox 1999 1881 3712 1965; baseline 0.002 -21"><span class='ocrx_word' id='word_1_299' title='bbox 1999 1881 2290 1960; x_wconf 82' lang='lat' dir='ltr'>pollutum</span> <span class='ocrx_word' id='word_1_300' title='bbox 2318 1887 2489 1945; x_wconf 91' lang='lat' dir='ltr'>labiis</span> <span class='ocrx_word' id='word_1_301' title='bbox 2516 1888 2826 1960; x_wconf 79' lang='lat' dir='ltr'>asserebat,</span> <span class='ocrx_word' id='word_1_302' title='bbox 2861 1890 2998 1963; x_wconf 90' lang='lat' dir='ltr'>quia</span> <span class='ocrx_word' id='word_1_303' title='bbox 3036 1892 3188 1949; x_wconf 91' lang='lat' dir='ltr'>inter</span> <span class='ocrx_word' id='word_1_304' title='bbox 3225 1907 3343 1963; x_wconf 91' lang='lat' dir='ltr'>eos,</span> <span class='ocrx_word' id='word_1_305' title='bbox 3375 1890 3478 1965; x_wconf 93' lang='lat' dir='ltr'>qui</span> <span class='ocrx_word' id='word_1_306' title='bbox 3505 1889 3712 1965; x_wconf 91' lang='lat' dir='ltr'>polluti</span> 
     </span>
    </p>
   </div>
   <div class='ocr_carea' id='block_1_44' title="bbox 2000 1977 3715 2056">
    <p class='ocr_par' dir='ltr' id='par_1_44' title="bbox 2000 1977 3715 2056">
     <span class='ocr_line' id='line_1_44' title="bbox 2000 1977 3715 2056; baseline 0.002 -21"><span class='ocrx_word' id='word_1_307' title='bbox 2000 1984 2166 2036; x_wconf 91' lang='lat' dir='ltr'>erant</span> <span class='ocrx_word' id='word_1_308' title='bbox 2202 1977 2740 2049; x_wconf 84' lang='lat' dir='ltr'>labiis,~habitabat.</span> <span class='ocrx_word' id='word_1_309' title='bbox 2776 1980 3039 2055; x_wconf 88' lang='lat' dir='ltr'>Idipsum</span> <span class='ocrx_word' id='word_1_310' title='bbox 3066 1981 3235 2054; x_wconf 91' lang='lat' dir='ltr'>plane</span> <span class='ocrx_word' id='word_1_311' title='bbox 3270 1987 3326 2039; x_wconf 93' lang='lat' dir='ltr'>et</span> <span class='ocrx_word' id='word_1_312' title='bbox 3375 1981 3603 2056; x_wconf 79' lang='lat' dir='ltr'>Moyses</span> <span class='ocrx_word' id='word_1_313' title='bbox 3653 1980 3715 2039; x_wconf 92' lang='lat' dir='ltr'>in</span> 
     </span>
    </p>
   </div>
   <div class='ocr_carea' id='block_1_45' title="bbox 2002 2057 3716 2143">
    <p class='ocr_par' dir='ltr' id='par_1_45' title="bbox 2002 2057 3716 2143">
     <span class='ocr_line' id='line_1_45' title="bbox 2002 2057 3716 2143; baseline 0.002 -18"><span class='ocrx_word' id='word_1_314' title='bbox 2002 2072 2150 2126; x_wconf 90' lang='lat' dir='ltr'>terra</span> <span class='ocrx_word' id='word_1_315' title='bbox 2199 2067 2427 2126; x_wconf 91' lang='lat' dir='ltr'>Madian</span> <span class='ocrx_word' id='word_1_316' title='bbox 2474 2068 2779 2143; x_wconf 87' lang='lat' dir='ltr'>pertulisse</span> <span class='ocrx_word' id='word_1_317' title='bbox 2820 2071 3203 2143; x_wconf 85' lang='lat' dir='ltr'>cognoscitur,</span> <span class='ocrx_word' id='word_1_318' title='bbox 3239 2070 3289 2128; x_wconf 92' lang='lat' dir='ltr'>si</span> <span class='ocrx_word' id='word_1_319' title='bbox 3313 2087 3420 2130; x_wconf 92' lang='lat' dir='ltr'>cur</span> <span class='ocrx_word' id='word_1_320' title='bbox 3448 2057 3716 2133; x_wconf 72' lang='lat' dir='ltr'>eumne-</span> 
     </span>
    </p>
   </div>
   <div class='ocr_carea' id='block_1_46' title="bbox 2000 2140 3715 2232">
    <p class='ocr_par' dir='ltr' id='par_1_46' title="bbox 2000 2140 3715 2232">
     <span class='ocr_line' id='line_1_46' title="bbox 2000 2140 3715 2232; baseline 0.001 -19"><span class='ocrx_word' id='word_1_321' title='bbox 2000 2155 2190 2214; x_wconf 91' lang='lat' dir='ltr'>cidere</span> <span class='ocrx_word' id='word_1_322' title='bbox 2242 2140 2492 2215; x_wconf 82' lang='lat' dir='ltr'>voluerit</span> <span class='ocrx_word' id='word_1_323' title='bbox 2541 2140 2845 2228; x_wconf 72' lang='lat' dir='ltr'>Dominus,</span> <span class='ocrx_word' id='word_1_324' title='bbox 2881 2140 3174 2217; x_wconf 76' lang='lat' dir='ltr'>subtiliter</span> <span class='ocrx_word' id='word_1_325' title='bbox 3201 2158 3525 2232; x_wconf 87' lang='lat' dir='ltr'>indagetur.</span> <span class='ocrx_word' id='word_1_326' title='bbox 3561 2155 3715 2216; x_wconf 86' lang='lat' dir='ltr'>Scri-</span> 
     </span>
    </p>
   </div>
   <div class='ocr_carea' id='block_1_47' title="bbox 1996 2244 3714 2320">
    <p class='ocr_par' dir='ltr' id='par_1_47' title="bbox 1996 2244 3714 2320">
     <span class='ocr_line' id='line_1_47' title="bbox 1996 2244 3714 2320; baseline 0.001 -19"><span class='ocrx_word' id='word_1_327' title='bbox 1996 2249 2160 2317; x_wconf 91' lang='lat' dir='ltr'>ptum</span> <span class='ocrx_word' id='word_1_328' title='bbox 2191 2244 2404 2319; x_wconf 90' lang='lat' dir='ltr'>quippe</span> <span class='ocrx_word' id='word_1_329' title='bbox 2432 2250 2560 2303; x_wconf 87' lang='lat' dir='ltr'>est:</span> <span class='ocrx_word' id='word_1_330' title='bbox 2593 2271 2619 2295; x_wconf 83' lang='lat'>«</span> <span class='ocrx_word' id='word_1_331' title='bbox 2659 2244 2923 2320; x_wconf 87' lang='lat' dir='ltr'>Cumque</span> <span class='ocrx_word' id='word_1_332' title='bbox 2967 2253 3115 2306; x_wconf 89' lang='lat' dir='ltr'>esset</span> <span class='ocrx_word' id='word_1_333' title='bbox 3156 2247 3221 2305; x_wconf 91' lang='lat' dir='ltr'>in</span> <span class='ocrx_word' id='word_1_334' title='bbox 3261 2246 3468 2305; x_wconf 90' lang='lat' dir='ltr'>itinere</span> <span class='ocrx_word' id='word_1_335' title='bbox 3516 2247 3581 2304; x_wconf 91' lang='lat' dir='ltr'>in</span> <span class='ocrx_word' id='word_1_336' title='bbox 3627 2245 3714 2303; x_wconf 88' lang='lat' dir='ltr'>di-</span> 
     </span>
    </p>
   </div>
   <div class='ocr_carea' id='block_1_48' title="bbox 1995 2332 3711 2408">
    <p class='ocr_par' dir='ltr' id='par_1_48' title="bbox 1995 2332 3711 2408">
     <span class='ocr_line' id='line_1_48' title="bbox 1995 2332 3711 2408; baseline 0.003 -20"><span class='ocrx_word' id='word_1_337' title='bbox 1995 2332 2251 2390; x_wconf 88' lang='lat' dir='ltr'>versorio</span> <span class='ocrx_word' id='word_1_338' title='bbox 2295 2332 2541 2408; x_wconf 83' lang='lat' dir='ltr'>Moyses,</span> <span class='ocrx_word' id='word_1_339' title='bbox 2591 2333 2838 2392; x_wconf 92' lang='lat' dir='ltr'>occurrit</span> <span class='ocrx_word' id='word_1_340' title='bbox 2892 2334 2945 2393; x_wconf 88' lang='lat' dir='ltr'>ei</span> <span class='ocrx_word' id='word_1_341' title='bbox 2999 2334 3300 2407; x_wconf 87' lang='lat' dir='ltr'>Dominus,</span> <span class='ocrx_word' id='word_1_342' title='bbox 3370 2339 3425 2393; x_wconf 88' lang='lat' dir='ltr'>et</span> <span class='ocrx_word' id='word_1_343' title='bbox 3483 2333 3711 2393; x_wconf 89' lang='lat' dir='ltr'>volebat</span> 
     </span>
    </p>
   </div>
   <div class='ocr_carea' id='block_1_49' title="bbox 1994 2421 3707 2493">
    <p class='ocr_par' dir='ltr' id='par_1_49' title="bbox 1994 2421 3707 2493">
     <span class='ocr_line' id='line_1_49' title="bbox 1994 2421 3707 2493; baseline 0.002 -14"><span class='ocrx_word' id='word_1_344' title='bbox 1994 2421 2252 2481; x_wconf 90' lang='lat' dir='ltr'>occidere</span> <span class='ocrx_word' id='word_1_345' title='bbox 2287 2440 2422 2482; x_wconf 91' lang='lat' dir='ltr'>eum</span> <span class='ocrx_word' id='word_1_346' title='bbox 2462 2426 2661 2491; x_wconf 69' lang='lat' dir='ltr'>(Emod.</span> <span class='ocrx_word' id='word_1_347' title='bbox 2705 2429 2814 2493; x_wconf 88' lang='lat' dir='ltr'>1v).</span> <span class='ocrx_word' id='word_1_348' title='bbox 2870 2447 2891 2475; x_wconf 76' lang='grc' dir='ltr'>ι</span> <span class='ocrx_word' id='word_1_349' title='bbox 2943 2423 3156 2483; x_wconf 88' lang='lat' dir='ltr'>Mirum</span> <span class='ocrx_word' id='word_1_350' title='bbox 3207 2424 3373 2483; x_wconf 85' lang='lat' dir='ltr'>valde</span> <span class='ocrx_word' id='word_1_351' title='bbox 3413 2439 3516 2482; x_wconf 89' lang='lat' dir='ltr'>cur</span> <span class='ocrx_word' id='word_1_352' title='bbox 3568 2440 3707 2483; x_wconf 91' lang='lat' dir='ltr'>eum</span> 
     </span>
    </p>
   </div>
   <div class='ocr_carea' id='block_1_50' title="bbox 1995 2498 3709 2587">
    <p class='ocr_par' dir='ltr' id='par_1_50' title="bbox 1995 2498 3709 2587">
     <span class='ocr_line' id='line_1_50' title="bbox 1995 2498 3709 2587; baseline 0.002 -20"><span class='ocrx_word' id='word_1_353' title='bbox 1995 2518 2229 2585; x_wconf 91' lang='lat' dir='ltr'>repente</span> <span class='ocrx_word' id='word_1_354' title='bbox 2254 2512 2537 2571; x_wconf 90' lang='lat' dir='ltr'>Dominus</span> <span class='ocrx_word' id='word_1_355' title='bbox 2560 2513 2819 2572; x_wconf 91' lang='lat' dir='ltr'>occidere</span> <span class='ocrx_word' id='word_1_356' title='bbox 2848 2498 3104 2572; x_wconf 68' lang='lat' dir='ltr'>voluisse</span> <span class='ocrx_word' id='word_1_357' title='bbox 3132 2513 3499 2584; x_wconf 90' lang='lat' dir='ltr'>describitur,</span> <span class='ocrx_word' id='word_1_358' title='bbox 3531 2528 3709 2587; x_wconf 90' lang='lat' dir='ltr'>quem</span> 
     </span>
    </p>
   </div>
   <div class='ocr_carea' id='block_1_51' title="bbox 1993 2599 3707 2675">
    <p class='ocr_par' dir='ltr' id='par_1_51' title="bbox 1993 2599 3707 2675">
     <span class='ocr_line' id='line_1_51' title="bbox 1993 2599 3707 2675; baseline 0.001 -19"><span class='ocrx_word' id='word_1_359' title='bbox 1993 2606 2333 2658; x_wconf 89' lang='lat' dir='ltr'>assecretem</span> <span class='ocrx_word' id='word_1_360' title='bbox 2372 2600 2483 2658; x_wconf 92' lang='lat' dir='ltr'>sibi</span> <span class='ocrx_word' id='word_1_361' title='bbox 2525 2603 2646 2675; x_wconf 88' lang='lat' dir='ltr'>jam</span> <span class='ocrx_word' id='word_1_362' title='bbox 2692 2608 2748 2659; x_wconf 88' lang='lat' dir='ltr'>et</span> <span class='ocrx_word' id='word_1_363' title='bbox 2791 2608 3151 2674; x_wconf 79' lang='lat' dir='ltr'>symmysten</span> <span class='ocrx_word' id='word_1_364' title='bbox 3205 2600 3567 2658; x_wconf 86' lang='lat' dir='ltr'>familiariter</span> <span class='ocrx_word' id='word_1_365' title='bbox 3623 2599 3707 2657; x_wconf 87' lang='lat' dir='ltr'>fe-</span> 
     </span>
    </p>
   </div>
   <div class='ocr_carea' id='block_1_52' title="bbox 1994 2690 3711 2762">
    <p class='ocr_par' dir='ltr' id='par_1_52' title="bbox 1994 2690 3711 2762">
     <span class='ocr_line' id='line_1_52' title="bbox 1994 2690 3711 2762; baseline 0.001 -15"><span class='ocrx_word' id='word_1_366' title='bbox 1994 2698 2185 2761; x_wconf 90' lang='lat' dir='ltr'>cerat;</span> <span class='ocrx_word' id='word_1_367' title='bbox 2221 2690 2315 2748; x_wconf 91' lang='lat' dir='ltr'>c‘ui</span> <span class='ocrx_word' id='word_1_368' title='bbox 2346 2690 2575 2748; x_wconf 89' lang='lat' dir='ltr'>consilii</span> <span class='ocrx_word' id='word_1_369' title='bbox 2621 2691 2718 2748; x_wconf 90' lang='lat' dir='ltr'>sui</span> <span class='ocrx_word' id='word_1_370' title='bbox 2755 2705 2821 2747; x_wconf 92' lang='lat' dir='ltr'>ac</span> <span class='ocrx_word' id='word_1_371' title='bbox 2859 2691 3168 2749; x_wconf 90' lang='lat' dir='ltr'>voluntatis</span> <span class='ocrx_word' id='word_1_372' title='bbox 3197 2705 3403 2748; x_wconf 90' lang='lat' dir='ltr'>arcana</span> <span class='ocrx_word' id='word_1_373' title='bbox 3430 2690 3711 2762; x_wconf 87' lang='lat' dir='ltr'>pandide-</span> 
     </span>
    </p>
   </div>
   <div class='ocr_carea' id='block_1_53' title="bbox 1995 2778 3706 2853">
    <p class='ocr_par' dir='ltr' id='par_1_53' title="bbox 1995 2778 3706 2853">
     <span class='ocr_line' id='line_1_53' title="bbox 1995 2778 3706 2853; baseline 0 -16"><span class='ocrx_word' id='word_1_374' title='bbox 1995 2788 2103 2850; x_wconf 91' lang='lat' dir='ltr'>rat,</span> <span class='ocrx_word' id='word_1_375' title='bbox 2131 2788 2187 2838; x_wconf 94' lang='lat' dir='ltr'>et</span> <span class='ocrx_word' id='word_1_376' title='bbox 2215 2797 2372 2840; x_wconf 92' lang='lat' dir='ltr'>nunc</span> <span class='ocrx_word' id='word_1_377' title='bbox 2400 2782 2462 2837; x_wconf 93' lang='lat' dir='ltr'>in</span> <span class='ocrx_word' id='word_1_378' title='bbox 2492 2781 2863 2839; x_wconf 80' lang='lat' dir='ltr'>exsecutione</span> <span class='ocrx_word' id='word_1_379' title='bbox 2888 2796 3010 2839; x_wconf 72' lang='lat' dir='ltr'>sum</span> <span class='ocrx_word' id='word_1_380' title='bbox 3036 2778 3379 2839; x_wconf 72' lang='lat' dir='ltr'>obedientize</span> <span class='ocrx_word' id='word_1_381' title='bbox 3404 2780 3706 2853; x_wconf 86' lang='lat' dir='ltr'>dirigebat.</span> 
     </span>
    </p>
   </div>
   <div class='ocr_carea' id='block_1_54' title="bbox 192 2869 3709 2952">
    <p class='ocr_par' dir='ltr' id='par_1_54' title="bbox 192 2869 3709 2952">
     <span class='ocr_line' id='line_1_54' title="bbox 192 2869 3709 2952; baseline 0.001 -27"><span class='ocrx_word' id='word_1_382' title='bbox 192 2869 448 2943; x_wconf 89' lang='lat' dir='ltr'>propriis</span> <span class='ocrx_word' id='word_1_383' title='bbox 488 2871 558 2927; x_wconf 90' lang='lat' dir='ltr'>ad</span> <span class='ocrx_word' id='word_1_384' title='bbox 608 2871 920 2932; x_wconf 83' lang='lat' dir='ltr'>Ecclesiam</span> <span class='ocrx_word' id='word_1_385' title='bbox 967 2876 1075 2933; x_wconf 89' lang='lat' dir='ltr'>iter</span> <span class='ocrx_word' id='word_1_386' title='bbox 1109 2877 1255 2945; x_wconf 86' lang='lat' dir='ltr'>terit,</span> <span class='ocrx_word' id='word_1_387' title='bbox 1286 2884 1340 2934; x_wconf 89' lang='lat' dir='ltr'>et</span> <span class='ocrx_word' id='word_1_388' title='bbox 1377 2877 1637 2949; x_wconf 87' lang='lat' dir='ltr'>reditus;</span> <span class='ocrx_word' id='word_1_389' title='bbox 1687 2886 1917 2952; x_wconf 91' lang='lat' dir='ltr'>repente</span> <span class='ocrx_word' id='word_1_390' title='bbox 1958 2869 2110 2929; x_wconf 84' lang='lat' dir='ltr'>-Sed</span> <span class='ocrx_word' id='word_1_391' title='bbox 2153 2871 2345 2943; x_wconf 89' lang='lat' dir='ltr'>procul</span> <span class='ocrx_word' id='word_1_392' title='bbox 2385 2870 2563 2930; x_wconf 91' lang='lat' dir='ltr'>dubio</span> <span class='ocrx_word' id='word_1_393' title='bbox 2601 2871 2771 2930; x_wconf 89' lang='lat' dir='ltr'>datur</span> <span class='ocrx_word' id='word_1_394' title='bbox 2807 2872 3078 2945; x_wconf 80' lang='lat' dir='ltr'>intelligi,</span> <span class='ocrx_word' id='word_1_395' title='bbox 3112 2873 3251 2945; x_wconf 90' lang='lat' dir='ltr'>quia</span> <span class='ocrx_word' id='word_1_396' title='bbox 3290 2871 3709 2947; x_wconf 89' lang='lat' dir='ltr'>quantamlibet</span> 
     </span>
    </p>
   </div>
   <div class='ocr_carea' id='block_1_55' title="bbox 198 2957 3709 3043">
    <p class='ocr_par' dir='ltr' id='par_1_55' title="bbox 198 2957 3709 3043">
     <span class='ocr_line' id='line_1_55' title="bbox 198 2957 3709 3043; baseline 0.005 -29"><span class='ocrx_word' id='word_1_397' title='bbox 198 2957 502 3032; x_wconf 89' lang='lat' dir='ltr'>malignus</span> <span class='ocrx_word' id='word_1_398' title='bbox 549 2961 787 3034; x_wconf 80' lang='lat' dir='ltr'>spiritus</span> <span class='ocrx_word' id='word_1_399' title='bbox 828 2961 1061 3037; x_wconf 89' lang='lat' dir='ltr'>laqueos</span> <span class='ocrx_word' id='word_1_400' title='bbox 1097 2971 1398 3043; x_wconf 61' lang='lat' dir='ltr'>praeparat,</span> <span class='ocrx_word' id='word_1_401' title='bbox 1441 2966 1678 3024; x_wconf 72' lang='lat' dir='ltr'>feminze</span> <span class='ocrx_word' id='word_1_402' title='bbox 1728 2967 1915 3025; x_wconf 89' lang='lat' dir='ltr'>visca-</span> <span class='ocrx_word' id='word_1_403' title='bbox 1998 2959 2246 3032; x_wconf 69' lang='lat' dir='ltr'>COﬂlagll</span> <span class='ocrx_word' id='word_1_404' title='bbox 2280 2960 2565 3017; x_wconf 67' lang='lat'>11130111301</span> <span class='ocrx_word' id='word_1_405' title='bbox 2612 2976 2689 3028; x_wconf 77' lang='lat' dir='ltr'>ex</span> <span class='ocrx_word' id='word_1_406' title='bbox 2735 2960 3017 3019; x_wconf 71' lang='lat' dir='ltr'>diuturna</span> <span class='ocrx_word' id='word_1_407' title='bbox 3052 2960 3500 3019; x_wconf 64' lang='lat' dir='ltr'>Madlaﬂiml‘um</span> <span class='ocrx_word' id='word_1_408' title='bbox 3535 2961 3709 3018; x_wconf 65' lang='grc' dir='ltr'>00ῧᾶ-</span> 
     </span>
    </p>
   </div>
   <div class='ocr_carea' id='block_1_56' title="bbox 200 3046 3714 3129">
    <p class='ocr_par' dir='ltr' id='par_1_56' title="bbox 200 3046 3714 3129">
     <span class='ocr_line' id='line_1_56' title="bbox 200 3046 3714 3129; baseline 0.003 -33"><span class='ocrx_word' id='word_1_409' title='bbox 200 3046 359 3104; x_wconf 77' lang='lat' dir='ltr'>rium</span> <span class='ocrx_word' id='word_1_410' title='bbox 400 3047 602 3121; x_wconf 70' lang='lat' dir='ltr'>tendit,</span> <span class='ocrx_word' id='word_1_411' title='bbox 641 3056 697 3107; x_wconf 79' lang='lat' dir='ltr'>et</span> <span class='ocrx_word' id='word_1_412' title='bbox 736 3051 966 3110; x_wconf 62' lang='lat' dir='ltr'>vultum</span> <span class='ocrx_word' id='word_1_413' title='bbox 1004 3053 1183 3127; x_wconf 76' lang='lat' dir='ltr'>aspici</span> <span class='ocrx_word' id='word_1_414' title='bbox 1222 3053 1539 3127; x_wconf 52' lang='lat' dir='ltr'>lubricum,</span> <span class='ocrx_word' id='word_1_415' title='bbox 1583 3071 1759 3129; x_wconf 75' lang='lat' dir='ltr'>quem</span> <span class='ocrx_word' id='word_1_416' title='bbox 1816 3056 1914 3114; x_wconf 80' lang='lat' dir='ltr'>de-</span> <span class='ocrx_word' id='word_1_417' title='bbox 1996 3047 2273 3107; x_wconf 89' lang='lat' dir='ltr'>bitatione</span> <span class='ocrx_word' id='word_1_418' title='bbox 2323 3055 2705 3120; x_wconf 82' lang='lat' dir='ltr'>contraxerat,</span> <span class='ocrx_word' id='word_1_419' title='bbox 2764 3056 2938 3123; x_wconf 90' lang='lat' dir='ltr'>atque</span> <span class='ocrx_word' id='word_1_420' title='bbox 2988 3049 3200 3108; x_wconf 91' lang='lat' dir='ltr'>idcirco</span> <span class='ocrx_word' id='word_1_421' title='bbox 3245 3056 3458 3109; x_wconf 91' lang='lat' dir='ltr'>terrore</span> <span class='ocrx_word' id='word_1_422' title='bbox 3507 3064 3572 3107; x_wconf 93' lang='lat' dir='ltr'>ac</span> <span class='ocrx_word' id='word_1_423' title='bbox 3617 3065 3714 3108; x_wconf 89' lang='lat' dir='ltr'>ne-</span> 
     </span>
    </p>
   </div>
   <div class='ocr_carea' id='block_1_57' title="bbox 194 3137 3708 3231">
    <p class='ocr_par' dir='ltr' id='par_1_57' title="bbox 194 3137 3708 3231">
     <span class='ocr_line' id='line_1_57' title="bbox 194 3137 3708 3231; baseline 0.001 -37"><span class='ocrx_word' id='word_1_424' title='bbox 194 3142 397 3209; x_wconf 85' lang='lat' dir='ltr'>ceptus</span> <span class='ocrx_word' id='word_1_425' title='bbox 442 3137 722 3211; x_wconf 88' lang='lat' dir='ltr'>intuetur,</span> <span class='ocrx_word' id='word_1_426' title='bbox 776 3143 1035 3215; x_wconf 85' lang='lat' dir='ltr'>opponit.</span> <span class='ocrx_word' id='word_1_427' title='bbox 1090 3143 1203 3203; x_wconf 91' lang='lat' dir='ltr'>Sed</span> <span class='ocrx_word' id='word_1_428' title='bbox 1260 3146 1555 3222; x_wconf 86' lang='lat' dir='ltr'>quisquis</span> <span class='ocrx_word' id='word_1_429' title='bbox 1582 3146 1672 3203; x_wconf 90' lang='lat' dir='ltr'>vel</span> <span class='ocrx_word' id='word_1_430' title='bbox 1722 3139 2290 3231; x_wconf 66' lang='lat' dir='ltr'>avari—Cgligentim</span> <span class='ocrx_word' id='word_1_431' title='bbox 2332 3140 2682 3231; x_wconf 81' lang='lat' dir='ltr'>correctione</span> <span class='ocrx_word' id='word_1_432' title='bbox 2712 3140 3053 3214; x_wconf 84' lang='lat' dir='ltr'>purgandus</span> <span class='ocrx_word' id='word_1_433' title='bbox 3097 3146 3238 3208; x_wconf 89' lang='lat' dir='ltr'>erat,</span> <span class='ocrx_word' id='word_1_434' title='bbox 3280 3142 3385 3214; x_wconf 90' lang='lat' dir='ltr'>qui</span> <span class='ocrx_word' id='word_1_435' title='bbox 3417 3141 3708 3231; x_wconf 87' lang='lat' dir='ltr'>corrigen-</span> 
     </span>
    </p>
   </div>
   <div class='ocr_carea' id='block_1_58' title="bbox 196 3225 3706 3311">
    <p class='ocr_par' dir='ltr' id='par_1_58' title="bbox 196 3225 3706 3311">
     <span class='ocr_line' id='line_1_58' title="bbox 196 3225 3706 3311; baseline 0.002 -29"><span class='ocrx_word' id='word_1_436' title='bbox 196 3226 295 3282; x_wconf 71' lang='lat' dir='ltr'>tize</span> <span class='ocrx_word' id='word_1_437' title='bbox 348 3225 602 3297; x_wconf 86' lang='lat' dir='ltr'>flamma,</span> <span class='ocrx_word' id='word_1_438' title='bbox 654 3228 745 3287; x_wconf 87' lang='lat' dir='ltr'>vel</span> <span class='ocrx_word' id='word_1_439' title='bbox 798 3229 1062 3290; x_wconf 89' lang='lat' dir='ltr'>libidinis</span> <span class='ocrx_word' id='word_1_440' title='bbox 1111 3239 1338 3302; x_wconf 69' lang='lat' dir='ltr'>aestuat,</span> <span class='ocrx_word' id='word_1_441' title='bbox 1386 3250 1499 3308; x_wconf 90' lang='lat' dir='ltr'>qua</span> <span class='ocrx_word' id='word_1_442' title='bbox 1556 3234 1761 3305; x_wconf 88' lang='lat' dir='ltr'>fronte,</span> <span class='ocrx_word' id='word_1_443' title='bbox 1795 3225 2085 3311; x_wconf 43' lang='lat' dir='ltr'>qua‘dis</span> <span class='ocrx_word' id='word_1_444' title='bbox 2128 3230 2261 3288; x_wconf 90' lang='lat' dir='ltr'>aliis</span> <span class='ocrx_word' id='word_1_445' title='bbox 2292 3230 2615 3289; x_wconf 70' lang='lat' dir='ltr'>caelestium</span> <span class='ocrx_word' id='word_1_446' title='bbox 2653 3230 3056 3289; x_wconf 88' lang='lat' dir='ltr'>mandatorum</span> <span class='ocrx_word' id='word_1_447' title='bbox 3101 3231 3336 3303; x_wconf 89' lang='lat' dir='ltr'>bajulus</span> <span class='ocrx_word' id='word_1_448' title='bbox 3384 3230 3706 3293; x_wconf 86' lang='lat' dir='ltr'>accedebat.</span> 
     </span>
    </p>
   </div>
   <div class='ocr_carea' id='block_1_59' title="bbox 191 3314 3709 3397">
    <p class='ocr_par' dir='ltr' id='par_1_59' title="bbox 191 3314 3709 3397">
     <span class='ocr_line' id='line_1_59' title="bbox 191 3314 3709 3397; baseline 0.001 -24"><span class='ocrx_word' id='word_1_449' title='bbox 191 3314 549 3374; x_wconf 89' lang='lat' dir='ltr'>conscientia</span> <span class='ocrx_word' id='word_1_450' title='bbox 576 3316 797 3378; x_wconf 87' lang='lat' dir='ltr'>divinis</span> <span class='ocrx_word' id='word_1_451' title='bbox 827 3319 1105 3381; x_wconf 89' lang='lat' dir='ltr'>altaribus</span> <span class='ocrx_word' id='word_1_452' title='bbox 1135 3324 1558 3397; x_wconf 90' lang='lat' dir='ltr'>appropinquat</span> <span class='ocrx_word' id='word_1_453' title='bbox 1584 3322 1612 3381; x_wconf 85' lang='lat'><strong>?</strong></span> <span class='ocrx_word' id='word_1_454' title='bbox 1645 3323 1799 3381; x_wconf 92' lang='lat' dir='ltr'>Hinc</span> <span class='ocrx_word' id='word_1_455' title='bbox 1829 3332 1913 3383; x_wconf 89' lang='lat' dir='ltr'>est</span> <span class='ocrx_word' id='word_1_456' title='bbox 1994 3321 2157 3392; x_wconf 90' lang='lat' dir='ltr'>Quod</span> <span class='ocrx_word' id='word_1_457' title='bbox 2188 3320 2402 3378; x_wconf 90' lang='lat' dir='ltr'>scilicet</span> <span class='ocrx_word' id='word_1_458' title='bbox 2435 3336 2586 3378; x_wconf 90' lang='lat' dir='ltr'>uxor</span> <span class='ocrx_word' id='word_1_459' title='bbox 2612 3320 2736 3392; x_wconf 87' lang='lat' dir='ltr'>ejus</span> <span class='ocrx_word' id='word_1_460' title='bbox 2768 3319 3023 3393; x_wconf 88' lang='lat' dir='ltr'>Sephora</span> <span class='ocrx_word' id='word_1_461' title='bbox 3053 3320 3364 3393; x_wconf 91' lang='lat' dir='ltr'>prudenter</span> <span class='ocrx_word' id='word_1_462' title='bbox 3393 3321 3709 3391; x_wconf 85' lang='lat' dir='ltr'>intellexit,</span> 
     </span>
    </p>
   </div>
   <div class='ocr_carea' id='block_1_60' title="bbox 193 3403 3710 3488">
    <p class='ocr_par' dir='ltr' id='par_1_60' title="bbox 193 3403 3710 3488">
     <span class='ocr_line' id='line_1_60' title="bbox 193 3403 3710 3488; baseline 0.003 -29"><span class='ocrx_word' id='word_1_463' title='bbox 193 3403 381 3471; x_wconf 91' lang='lat' dir='ltr'>enim,</span> <span class='ocrx_word' id='word_1_464' title='bbox 421 3405 573 3477; x_wconf 93' lang='lat' dir='ltr'>quod</span> <span class='ocrx_word' id='word_1_465' title='bbox 615 3406 720 3463; x_wconf 87' lang='lat' dir='ltr'>filii</span> <span class='ocrx_word' id='word_1_466' title='bbox 758 3409 1189 3469; x_wconf 71' lang='lat' dir='ltr'>Aaron&#39;divino</span> <span class='ocrx_word' id='word_1_467' title='bbox 1219 3418 1357 3469; x_wconf 91' lang='lat' dir='ltr'>sunt</span> <span class='ocrx_word' id='word_1_468' title='bbox 1392 3412 1526 3484; x_wconf 87' lang='lat' dir='ltr'>igne</span> <span class='ocrx_word' id='word_1_469' title='bbox 1560 3414 1910 3488; x_wconf 89' lang='lat' dir='ltr'>consumpti,</span> <span class='ocrx_word' id='word_1_470' title='bbox 1995 3410 2066 3469; x_wconf 91' lang='lat' dir='ltr'>de</span> <span class='ocrx_word' id='word_1_471' title='bbox 2110 3425 2228 3484; x_wconf 89' lang='lat' dir='ltr'>qua</span> <span class='ocrx_word' id='word_1_472' title='bbox 2283 3408 2577 3483; x_wconf 90' lang='lat' dir='ltr'>Scriptura</span> <span class='ocrx_word' id='word_1_473' title='bbox 2629 3408 2897 3484; x_wconf 92' lang='lat' dir='ltr'>protinus</span> <span class='ocrx_word' id='word_1_474' title='bbox 2953 3408 3211 3467; x_wconf 88' lang='lat' dir='ltr'>addidit:</span> <span class='ocrx_word' id='word_1_475' title='bbox 3262 3431 3288 3457; x_wconf 80' lang='grc' dir='ltr'>ιι</span> <span class='ocrx_word' id='word_1_476' title='bbox 3339 3409 3500 3468; x_wconf 91' lang='lat' dir='ltr'>Tulit</span> <span class='ocrx_word' id='word_1_477' title='bbox 3554 3410 3710 3469; x_wconf 91' lang='lat' dir='ltr'>illico</span> 
     </span>
    </p>
   </div>
   <div class='ocr_carea' id='block_1_61' title="bbox 194 3493 3713 3583">
    <p class='ocr_par' dir='ltr' id='par_1_61' title="bbox 194 3493 3713 3583">
     <span class='ocr_line' id='line_1_61' title="bbox 194 3493 3713 3583; baseline 0.001 -32"><span class='ocrx_word' id='word_1_478' title='bbox 194 3495 342 3569; x_wconf 90' lang='lat' dir='ltr'>quia</span> <span class='ocrx_word' id='word_1_479' title='bbox 391 3493 650 3554; x_wconf 91' lang='lat' dir='ltr'>alienum</span> <span class='ocrx_word' id='word_1_480' title='bbox 712 3497 909 3572; x_wconf 88' lang='lat' dir='ltr'>ignem</span> <span class='ocrx_word' id='word_1_481' title='bbox 965 3500 1174 3560; x_wconf 84' lang='lat' dir='ltr'>oll‘erre</span> <span class='ocrx_word' id='word_1_482' title='bbox 1221 3502 1471 3561; x_wconf 91' lang='lat' dir='ltr'>Domino</span> <span class='ocrx_word' id='word_1_483' title='bbox 1525 3520 1909 3583; x_wconf 68' lang='lat' dir='ltr'>prmsumpse-</span> <span class='ocrx_word' id='word_1_484' title='bbox 1998 3497 2253 3571; x_wconf 89' lang='lat' dir='ltr'>Sephora</span> <span class='ocrx_word' id='word_1_485' title='bbox 2299 3497 2695 3555; x_wconf 90' lang='lat' dir='ltr'>acutissimam</span> <span class='ocrx_word' id='word_1_486' title='bbox 2751 3503 3023 3570; x_wconf 90' lang='lat' dir='ltr'>petram,-</span> <span class='ocrx_word' id='word_1_487' title='bbox 3051 3502 3107 3554; x_wconf 92' lang='lat' dir='ltr'>et</span> <span class='ocrx_word' id='word_1_488' title='bbox 3154 3496 3515 3556; x_wconf 88' lang='lat' dir='ltr'>circumcidit</span> <span class='ocrx_word' id='word_1_489' title='bbox 3567 3512 3713 3570; x_wconf 71' lang='lat' dir='ltr'>prae-</span> 
     </span>
    </p>
   </div>
   <div class='ocr_carea' id='block_1_62' title="bbox 198 3582 1809 3666">
    <p class='ocr_par' dir='ltr' id='par_1_62' title="bbox 198 3582 1806 3666">
     <span class='ocr_line' id='line_1_62' title="bbox 198 3582 1806 3666; baseline 0.007 -26"><span class='ocrx_word' id='word_1_490' title='bbox 198 3589 360 3640; x_wconf 87' lang='lat' dir='ltr'>runt.</span> <span class='ocrx_word' id='word_1_491' title='bbox 396 3582 687 3655; x_wconf 89' lang='lat' dir='ltr'>Scriptum</span> <span class='ocrx_word' id='word_1_492' title='bbox 717 3587 931 3661; x_wconf 89' lang='lat' dir='ltr'>quippe</span> <span class='ocrx_word' id='word_1_493' title='bbox 957 3596 1078 3647; x_wconf 90' lang='lat' dir='ltr'>est:</span> <span class='ocrx_word' id='word_1_494' title='bbox 1118 3610 1143 3641; x_wconf 87' lang='grc' dir='ltr'>ιι</span> <span class='ocrx_word' id='word_1_495' title='bbox 1177 3591 1551 3666; x_wconf 80' lang='lat' dir='ltr'>Arreptisque</span> <span class='ocrx_word' id='word_1_496' title='bbox 1608 3592 1806 3651; x_wconf 88' lang='lat' dir='ltr'>Nadab</span> 
     </span>
    </p>
   </div>
   <div class='ocr_carea' id='block_1_63' title="bbox 2097 3582 3708 3666">
    <p class='ocr_par' dir='ltr' id='par_1_63' title="bbox 2099 3586 3708 3662">
     <span class='ocr_line' id='line_1_63' title="bbox 2099 3586 3708 3662; baseline 0 -16"><span class='ocrx_word' id='word_1_497' title='bbox 2099 3587 2224 3646; x_wconf 91' lang='lat' dir='ltr'>ium</span> <span class='ocrx_word' id='word_1_498' title='bbox 2262 3586 2370 3645; x_wconf 86' lang='lat' dir='ltr'>ﬁlii</span> <span class='ocrx_word' id='word_1_499' title='bbox 2399 3587 2490 3646; x_wconf 91' lang='lat' dir='ltr'>sui</span> <span class='ocrx_word' id='word_1_500' title='bbox 2524 3588 2730 3657; x_wconf 69' lang='lat' dir='ltr'>(Exod.</span> <span class='ocrx_word' id='word_1_501' title='bbox 2760 3593 2866 3656; x_wconf 87' lang='lat' dir='ltr'>IV).</span> <span class='ocrx_word' id='word_1_502' title='bbox 2901 3612 2928 3635; x_wconf 74' lang='grc' dir='ltr'>ιι</span> <span class='ocrx_word' id='word_1_503' title='bbox 2964 3586 3300 3646; x_wconf 83' lang='lat' dir='ltr'>Absurdum</span> <span class='ocrx_word' id='word_1_504' title='bbox 3333 3588 3547 3662; x_wconf 92' lang='lat' dir='ltr'>quippe</span> <span class='ocrx_word' id='word_1_505' title='bbox 3582 3588 3708 3647; x_wconf 90' lang='lat' dir='ltr'>fue-</span> 
     </span>
    </p>
   </div>
   <div class='ocr_carea' id='block_1_64' title="bbox 200 3669 3710 3759">
    <p class='ocr_par' dir='ltr' id='par_1_64' title="bbox 200 3669 3710 3759">
     <span class='ocr_line' id='line_1_64' title="bbox 200 3669 3710 3759; baseline 0.003 -34"><span class='ocrx_word' id='word_1_506' title='bbox 200 3669 351 3727; x_wconf 84' lang='lat'>517</span> <span class='ocrx_word' id='word_1_507' title='bbox 394 3673 567 3747; x_wconf 85' lang='lat' dir='ltr'>Abiu,</span> <span class='ocrx_word' id='word_1_508' title='bbox 618 3674 728 3735; x_wconf 78' lang='lat' dir='ltr'>filii</span> <span class='ocrx_word' id='word_1_509' title='bbox 778 3679 993 3753; x_wconf 90' lang='lat' dir='ltr'>Aaron,</span> <span class='ocrx_word' id='word_1_510' title='bbox 1045 3682 1361 3741; x_wconf 82' lang='lat' dir='ltr'>thuribulis</span> <span class='ocrx_word' id='word_1_511' title='bbox 1408 3686 1552 3755; x_wconf 91' lang='lat' dir='ltr'>suis,</span> <span class='ocrx_word' id='word_1_512' title='bbox 1595 3691 1951 3759; x_wconf 89' lang='lat' dir='ltr'>posuerunt-</span> <span class='ocrx_word' id='word_1_513' title='bbox 1994 3684 2103 3749; x_wconf 89' lang='lat' dir='ltr'>rat,</span> <span class='ocrx_word' id='word_1_514' title='bbox 2138 3679 2188 3737; x_wconf 93' lang='lat' dir='ltr'>si</span> <span class='ocrx_word' id='word_1_515' title='bbox 2234 3678 2530 3737; x_wconf 91' lang='lat' dir='ltr'>videretur</span> <span class='ocrx_word' id='word_1_516' title='bbox 2565 3678 2801 3752; x_wconf 88' lang='lat' dir='ltr'>gentilis</span> <span class='ocrx_word' id='word_1_517' title='bbox 2842 3678 2905 3736; x_wconf 93' lang='lat' dir='ltr'>in</span> <span class='ocrx_word' id='word_1_518' title='bbox 2951 3678 3095 3750; x_wconf 82' lang='lat' dir='ltr'>filio,</span> <span class='ocrx_word' id='word_1_519' title='bbox 3137 3678 3240 3752; x_wconf 90' lang='lat' dir='ltr'>qui</span> <span class='ocrx_word' id='word_1_520' title='bbox 3285 3678 3545 3737; x_wconf 88' lang='lat' dir='ltr'>Israelita</span> <span class='ocrx_word' id='word_1_521' title='bbox 3588 3686 3710 3738; x_wconf 90' lang='lat' dir='ltr'>erat</span> 
     </span>
    </p>
   </div>
   <div class='ocr_carea' id='block_1_65' title="bbox 199 3764 3707 3846">
    <p class='ocr_par' dir='ltr' id='par_1_65' title="bbox 199 3764 3707 3846">
     <span class='ocr_line' id='line_1_65' title="bbox 199 3764 3707 3846; baseline 0.003 -27"><span class='ocrx_word' id='word_1_522' title='bbox 199 3764 398 3837; x_wconf 88' lang='lat' dir='ltr'>ignem</span> <span class='ocrx_word' id='word_1_523' title='bbox 442 3771 497 3822; x_wconf 88' lang='lat' dir='ltr'>et</span> <span class='ocrx_word' id='word_1_524' title='bbox 545 3766 849 3827; x_wconf 87' lang='lat' dir='ltr'>incensum</span> <span class='ocrx_word' id='word_1_525' title='bbox 881 3771 1162 3846; x_wconf 70' lang='lat' dir='ltr'>desuper,</span> <span class='ocrx_word' id='word_1_526' title='bbox 1206 3775 1512 3834; x_wconf 70' lang='lat' dir='ltr'>offerentes</span> <span class='ocrx_word' id='word_1_527' title='bbox 1555 3792 1747 3834; x_wconf 80' lang='lat' dir='ltr'>coram</span> <span class='ocrx_word' id='word_1_528' title='bbox 1795 3775 1911 3835; x_wconf 83' lang='lat' dir='ltr'>Do-</span> <span class='ocrx_word' id='word_1_529' title='bbox 1971 3768 2055 3827; x_wconf 75' lang='lat' dir='ltr'>~in</span> <span class='ocrx_word' id='word_1_530' title='bbox 2104 3767 2428 3842; x_wconf 91' lang='lat' dir='ltr'>semetipso.</span> <span class='ocrx_word' id='word_1_531' title='bbox 2472 3767 2580 3838; x_wconf 92' lang='lat' dir='ltr'>Qui</span> <span class='ocrx_word' id='word_1_532' title='bbox 2632 3784 2765 3842; x_wconf 91' lang='lat' dir='ltr'>ergo</span> <span class='ocrx_word' id='word_1_533' title='bbox 2814 3768 2959 3828; x_wconf 91' lang='lat' dir='ltr'>alios</span> <span class='ocrx_word' id='word_1_534' title='bbox 3010 3768 3082 3827; x_wconf 78' lang='lat' dir='ltr'>ad</span> <span class='ocrx_word' id='word_1_535' title='bbox 3137 3769 3500 3828; x_wconf 89' lang='lat' dir='ltr'>rectitudinis</span> <span class='ocrx_word' id='word_1_536' title='bbox 3551 3770 3707 3829; x_wconf 89' lang='lat' dir='ltr'>viam</span> 
     </span>
    </p>
   </div>
   <div class='ocr_carea' id='block_1_66' title="bbox 197 3852 3704 3938">
    <p class='ocr_par' dir='ltr' id='par_1_66' title="bbox 197 3852 3704 3938">
     <span class='ocr_line' id='line_1_66' title="bbox 197 3852 3704 3938; baseline 0.006 -30"><span class='ocrx_word' id='word_1_537' title='bbox 197 3853 363 3910; x_wconf 90' lang='lat' dir='ltr'>mino</span> <span class='ocrx_word' id='word_1_538' title='bbox 395 3852 589 3925; x_wconf 81' lang='lat' dir='ltr'>ignem</span> <span class='ocrx_word' id='word_1_539' title='bbox 614 3856 893 3938; x_wconf 71' lang='lat' dir='ltr'>alienum,</span> <span class='ocrx_word' id='word_1_540' title='bbox 922 3862 1075 3934; x_wconf 92' lang='lat' dir='ltr'>quod</span> <span class='ocrx_word' id='word_1_541' title='bbox 1104 3862 1187 3921; x_wconf 91' lang='lat' dir='ltr'>eis</span> <span class='ocrx_word' id='word_1_542' title='bbox 1217 3872 1571 3938; x_wconf 69' lang='lat' dir='ltr'>praeceptum</span> <span class='ocrx_word' id='word_1_543' title='bbox 1602 3882 1717 3924; x_wconf 92' lang='lat' dir='ltr'>non</span> <span class='ocrx_word' id='word_1_544' title='bbox 1744 3872 1904 3925; x_wconf 86' lang='lat' dir='ltr'>erat:</span> <span class='ocrx_word' id='word_1_545' title='bbox 1993 3857 2160 3915; x_wconf 79' lang='lat' dir='ltr'>debet</span> <span class='ocrx_word' id='word_1_546' title='bbox 2203 3858 2509 3928; x_wconf 66' lang='lat' dir='ltr'>instruere.</span> <span class='ocrx_word' id='word_1_547' title='bbox 2544 3856 2711 3915; x_wconf 69' lang='lat' dir='ltr'>valde</span> <span class='ocrx_word' id='word_1_548' title='bbox 2762 3858 3088 3916; x_wconf 70' lang='lat' dir='ltr'>cavendum</span> <span class='ocrx_word' id='word_1_549' title='bbox 3127 3863 3212 3917; x_wconf 72' lang='grc' dir='ltr'>εει</span> <span class='ocrx_word' id='word_1_550' title='bbox 3265 3875 3336 3916; x_wconf 69' lang='lat' dir='ltr'>ne</span> <span class='ocrx_word' id='word_1_551' title='bbox 3383 3856 3528 3914; x_wconf 77' lang='lat'>518</span> <span class='ocrx_word' id='word_1_552' title='bbox 3562 3859 3704 3933; x_wconf 66' lang='lat' dir='ltr'>ipse,</span> 
     </span>
    </p>
   </div>
   <div class='ocr_carea' id='block_1_67' title="bbox 197 3933 3707 4025">
    <p class='ocr_par' dir='ltr' id='par_1_67' title="bbox 197 3933 3707 4025">
     <span class='ocr_line' id='line_1_67' title="bbox 197 3933 3707 4025; baseline 0.001 -23"><span class='ocrx_word' id='word_1_553' title='bbox 197 3958 585 4021; x_wconf 84' lang='lat' dir='ltr'>egressusque</span> <span class='ocrx_word' id='word_1_554' title='bbox 635 3949 787 4019; x_wconf 82' lang='lat' dir='ltr'>ignis</span> <span class='ocrx_word' id='word_1_555' title='bbox 806 3933 865 4007; x_wconf 22' lang='lat' dir='ltr'><strong>Ia</strong></span> <span class='ocrx_word' id='word_1_556' title='bbox 901 3933 1152 4011; x_wconf 84' lang='lat' dir='ltr'>Domino</span> <span class='ocrx_word' id='word_1_557' title='bbox 1184 3933 1481 4015; x_wconf 62' lang='lat' dir='ltr'>devoraan</span> <span class='ocrx_word' id='word_1_558' title='bbox 1511 3972 1629 4025; x_wconf 61' lang='lat' dir='ltr'>eos,</span> <span class='ocrx_word' id='word_1_559' title='bbox 1669 3962 1725 4014; x_wconf 69' lang='lat' dir='ltr'>et</span> <span class='ocrx_word' id='word_1_560' title='bbox 1754 3972 1911 4014; x_wconf 67' lang='lat' dir='ltr'>mor-</span> <span class='ocrx_word' id='word_1_561' title='bbox 1994 3944 2147 4020; x_wconf 89' lang='lat' dir='ltr'>quod</span> <span class='ocrx_word' id='word_1_562' title='bbox 2173 3943 2340 4013; x_wconf 91' lang='lat' dir='ltr'>absit,</span> <span class='ocrx_word' id='word_1_563' title='bbox 2376 3943 2438 3999; x_wconf 90' lang='lat' dir='ltr'>in</span> <span class='ocrx_word' id='word_1_564' title='bbox 2469 3942 2666 4017; x_wconf 89' lang='lat' dir='ltr'>aliquo</span> <span class='ocrx_word' id='word_1_565' title='bbox 2695 3942 2960 4002; x_wconf 88' lang='lat' dir='ltr'>videatur</span> <span class='ocrx_word' id='word_1_566' title='bbox 2995 3960 3207 4003; x_wconf 91' lang='lat' dir='ltr'>errare.</span> <span class='ocrx_word' id='word_1_567' title='bbox 3240 3944 3394 4002; x_wconf 88' lang='lat' dir='ltr'>Hinc</span> <span class='ocrx_word' id='word_1_568' title='bbox 3422 3951 3508 4003; x_wconf 90' lang='lat' dir='ltr'>est</span> <span class='ocrx_word' id='word_1_569' title='bbox 3535 3946 3707 4004; x_wconf 89' lang='lat' dir='ltr'>etiam</span> 
     </span>
    </p>
   </div>
   <div class='ocr_carea' id='block_1_68' title="bbox 199 4030 3708 4119">
    <p class='ocr_par' dir='ltr' id='par_1_68' title="bbox 199 4030 3708 4119">
     <span class='ocr_line' id='line_1_68' title="bbox 199 4030 3708 4119; baseline 0.001 -28"><span class='ocrx_word' id='word_1_570' title='bbox 199 4031 285 4089; x_wconf 91' lang='lat' dir='ltr'>tui</span> <span class='ocrx_word' id='word_1_571' title='bbox 333 4039 468 4090; x_wconf 88' lang='lat' dir='ltr'>sunt</span> <span class='ocrx_word' id='word_1_572' title='bbox 514 4049 705 4094; x_wconf 91' lang='lat' dir='ltr'>coram</span> <span class='ocrx_word' id='word_1_573' title='bbox 746 4038 994 4102; x_wconf 80' lang='lat' dir='ltr'>Domino</span> <span class='ocrx_word' id='word_1_574' title='bbox 1024 4045 1215 4114; x_wconf 69' lang='lat' dir='ltr'>(Leuit,</span> <span class='ocrx_word' id='word_1_575' title='bbox 1258 4044 1343 4116; x_wconf 72' lang='grc' dir='ltr'>Χ),</span> <span class='ocrx_word' id='word_1_576' title='bbox 1382 4069 1403 4094; x_wconf 84' lang='lat'><strong>.</strong></span> <span class='ocrx_word' id='word_1_577' title='bbox 1436 4043 1657 4101; x_wconf 69' lang='grc' dir='ltr'>Αιιειι-ίει</span> <span class='ocrx_word' id='word_1_578' title='bbox 1695 4044 1912 4119; x_wconf 73' lang='lat' dir='ltr'>quippe</span> <span class='ocrx_word' id='word_1_579' title='bbox 1994 4034 2150 4105; x_wconf 89' lang='lat' dir='ltr'>quod</span> <span class='ocrx_word' id='word_1_580' title='bbox 2181 4031 2534 4090; x_wconf 87' lang='lat' dir='ltr'>Israeliticus</span> <span class='ocrx_word' id='word_1_581' title='bbox 2564 4030 2814 4105; x_wconf 92' lang='lat' dir='ltr'>populus</span> <span class='ocrx_word' id='word_1_582' title='bbox 2843 4032 2914 4090; x_wconf 90' lang='lat' dir='ltr'>ad</span> <span class='ocrx_word' id='word_1_583' title='bbox 2948 4031 3348 4092; x_wconf 90' lang='lat' dir='ltr'>ulciscendum</span> <span class='ocrx_word' id='word_1_584' title='bbox 3382 4033 3571 4093; x_wconf 92' lang='lat' dir='ltr'>scelus</span> <span class='ocrx_word' id='word_1_585' title='bbox 3599 4035 3708 4095; x_wconf 91' lang='lat' dir='ltr'>Be-</span> 
     </span>
    </p>
   </div>
   <div class='ocr_carea' id='block_1_69' title="bbox 194 4119 3707 4201">
    <p class='ocr_par' dir='ltr' id='par_1_69' title="bbox 194 4119 3707 4201">
     <span class='ocr_line' id='line_1_69' title="bbox 194 4119 3707 4201; baseline 0.005 -23"><span class='ocrx_word' id='word_1_586' title='bbox 194 4119 432 4178; x_wconf 91' lang='lat' dir='ltr'>Domini</span> <span class='ocrx_word' id='word_1_587' title='bbox 486 4136 602 4180; x_wconf 91' lang='lat' dir='ltr'>non</span> <span class='ocrx_word' id='word_1_588' title='bbox 655 4125 934 4197; x_wconf 90' lang='lat' dir='ltr'>alienum,</span> <span class='ocrx_word' id='word_1_589' title='bbox 985 4130 1083 4187; x_wconf 90' lang='lat' dir='ltr'>sed</span> <span class='ocrx_word' id='word_1_590' title='bbox 1133 4131 1329 4201; x_wconf 83' lang='lat' dir='ltr'>ignem</span> <span class='ocrx_word' id='word_1_591' title='bbox 1383 4131 1671 4189; x_wconf 86' lang='lat' dir='ltr'>duntaxat</span> <span class='ocrx_word' id='word_1_592' title='bbox 1722 4132 1911 4190; x_wconf 88' lang='lat' dir='ltr'>divini</span> <span class='ocrx_word' id='word_1_593' title='bbox 1994 4122 2176 4179; x_wconf 76' lang='lat' dir='ltr'>lamin</span> <span class='ocrx_word' id='word_1_594' title='bbox 2223 4121 2566 4195; x_wconf 68' lang='lat' dir='ltr'>[Beniamin]</span> <span class='ocrx_word' id='word_1_595' title='bbox 2607 4121 2727 4179; x_wconf 71' lang='grc' dir='ltr'>ΖΘῘΟ</span> <span class='ocrx_word' id='word_1_596' title='bbox 2774 4120 3135 4180; x_wconf 71' lang='grc' dir='ltr'>Γθεῐίῒιιάίῑιὶε</span> <span class='ocrx_word' id='word_1_597' title='bbox 3185 4123 3605 4195; x_wconf 64' lang='lat' dir='ltr'>inﬂammatur,</span> <span class='ocrx_word' id='word_1_598' title='bbox 3653 4134 3707 4185; x_wconf 79' lang='lat' dir='ltr'>el</span> 
     </span>
    </p>
   </div>
   <div class='ocr_carea' id='block_1_70' title="bbox 193 4208 3703 4299">
    <p class='ocr_par' dir='ltr' id='par_1_70' title="bbox 193 4208 3703 4299">
     <span class='ocr_line' id='line_1_70' title="bbox 193 4208 3703 4299; baseline 0.006 -34"><span class='ocrx_word' id='word_1_599' title='bbox 193 4208 409 4265; x_wconf 87' lang='lat' dir='ltr'>amoris</span> <span class='ocrx_word' id='word_1_600' title='bbox 434 4210 744 4283; x_wconf 90' lang='lat' dir='ltr'>accipiunt.</span> <span class='ocrx_word' id='word_1_601' title='bbox 775 4213 856 4272; x_wconf 92' lang='lat' dir='ltr'>De</span> <span class='ocrx_word' id='word_1_602' title='bbox 881 4230 997 4289; x_wconf 90' lang='lat' dir='ltr'>quo</span> <span class='ocrx_word' id='word_1_603' title='bbox 1022 4216 1291 4295; x_wconf 81' lang='lat' dir='ltr'>videlicet</span> <span class='ocrx_word' id='word_1_604' title='bbox 1314 4219 1437 4293; x_wconf 90' lang='lat' dir='ltr'>ipse</span> <span class='ocrx_word' id='word_1_605' title='bbox 1457 4220 1627 4279; x_wconf 90' lang='lat' dir='ltr'>dicit:</span> <span class='ocrx_word' id='word_1_606' title='bbox 1660 4244 1678 4270; x_wconf 82' lang='grc' dir='ltr'>ι</span> <span class='ocrx_word' id='word_1_607' title='bbox 1710 4220 1912 4299; x_wconf 87' lang='lat' dir='ltr'>Ignem</span> <span class='ocrx_word' id='word_1_608' title='bbox 1998 4217 2187 4268; x_wconf 73' lang='lat' dir='ltr'>l‘dmen</span> <span class='ocrx_word' id='word_1_609' title='bbox 2219 4210 2373 4268; x_wconf 74' lang='lat' dir='ltr'>idem</span> <span class='ocrx_word' id='word_1_610' title='bbox 2403 4210 2652 4284; x_wconf 67' lang='lat'>90911103</span> <span class='ocrx_word' id='word_1_611' title='bbox 2683 4209 2948 4268; x_wconf 71' lang='lat' dir='ltr'>Belamin</span> <span class='ocrx_word' id='word_1_612' title='bbox 2974 4211 3183 4291; x_wconf 62' lang='lat' dir='ltr'>glafliis</span> <span class='ocrx_word' id='word_1_613' title='bbox 3214 4219 3348 4271; x_wconf 69' lang='grc' dir='ltr'>δῐηθ</span> <span class='ocrx_word' id='word_1_614' title='bbox 3386 4215 3703 4286; x_wconf 70' lang='grc' dir='ltr'>ΡΓοεῑθῐἮί·</span> 
     </span>
    </p>
   </div>
   <div class='ocr_carea' id='block_1_71' title="bbox 200 4295 3704 4380">
    <p class='ocr_par' dir='ltr' id='par_1_71' title="bbox 200 4295 3704 4380">
     <span class='ocr_line' id='line_1_71' title="bbox 200 4295 3704 4380; baseline 0.007 -29"><span class='ocrx_word' id='word_1_615' title='bbox 200 4295 331 4352; x_wconf 88' lang='lat' dir='ltr'>veni</span> <span class='ocrx_word' id='word_1_616' title='bbox 364 4296 589 4357; x_wconf 89' lang='lat' dir='ltr'>mittere</span> <span class='ocrx_word' id='word_1_617' title='bbox 618 4298 677 4356; x_wconf 94' lang='lat' dir='ltr'>in</span> <span class='ocrx_word' id='word_1_618' title='bbox 713 4308 944 4373; x_wconf 89' lang='lat' dir='ltr'>terram,</span> <span class='ocrx_word' id='word_1_619' title='bbox 974 4310 1028 4361; x_wconf 91' lang='lat' dir='ltr'>et</span> <span class='ocrx_word' id='word_1_620' title='bbox 1055 4305 1197 4379; x_wconf 90' lang='lat' dir='ltr'>quid</span> <span class='ocrx_word' id='word_1_621' title='bbox 1228 4308 1383 4378; x_wconf 85' lang='lat' dir='ltr'>volo,</span> <span class='ocrx_word' id='word_1_622' title='bbox 1416 4308 1531 4366; x_wconf 90' lang='lat' dir='ltr'>nisi</span> <span class='ocrx_word' id='word_1_623' title='bbox 1570 4316 1629 4368; x_wconf 89' lang='lat' dir='ltr'>ut</span> <span class='ocrx_word' id='word_1_624' title='bbox 1665 4295 1859 4368; x_wconf 85' lang='lat' dir='ltr'>ardeat</span> <span class='ocrx_word' id='word_1_625' title='bbox 1885 4313 1913 4367; x_wconf 68' lang='grc' dir='ltr'>Υ</span> <span class='ocrx_word' id='word_1_626' title='bbox 1996 4308 2088 4361; x_wconf 76' lang='lat' dir='ltr'>tur</span> <span class='ocrx_word' id='word_1_627' title='bbox 2120 4303 2264 4371; x_wconf 75' lang='lat' dir='ltr'>(Jud-</span> <span class='ocrx_word' id='word_1_628' title='bbox 2299 4304 2420 4372; x_wconf 69' lang='grc' dir='ltr'>ΧΧῙ-</span> <span class='ocrx_word' id='word_1_629' title='bbox 2450 4301 2630 4372; x_wconf 75' lang='lat' dir='ltr'>Quem</span> <span class='ocrx_word' id='word_1_630' title='bbox 2663 4302 2817 4360; x_wconf 73' lang='lat' dir='ltr'>enim</span> <span class='ocrx_word' id='word_1_631' title='bbox 2864 4318 2980 4361; x_wconf 80' lang='grc' dir='ltr'>ηοη</span> <span class='ocrx_word' id='word_1_632' title='bbox 3013 4309 3262 4376; x_wconf 58' lang='lat' dir='ltr'>moveat,</span> <span class='ocrx_word' id='word_1_633' title='bbox 3303 4304 3456 4380; x_wconf 74' lang='lat' dir='ltr'><strong>QUOd</strong></span> <span class='ocrx_word' id='word_1_634' title='bbox 3508 4303 3704 4364; x_wconf 73' lang='lat' dir='ltr'>Demi-</span> 
     </span>
    </p>
   </div>
   <div class='ocr_carea' id='block_1_72' title="bbox 150 4382 3704 4469">
    <p class='ocr_par' dir='ltr' id='par_1_72' title="bbox 150 4382 3704 4469">
     <span class='ocr_line' id='line_1_72' title="bbox 150 4382 3704 4469; baseline 0.003 -26"><span class='ocrx_word' id='word_1_635' title='bbox 150 4442 167 4450; x_wconf 79' lang='grc'><em>,</em></span> <span class='ocrx_word' id='word_1_636' title='bbox 198 4390 347 4457; x_wconf 88' lang='lat' dir='ltr'>(Luc.</span> <span class='ocrx_word' id='word_1_637' title='bbox 386 4393 519 4460; x_wconf 82' lang='lat' dir='ltr'>xu.)</span> <span class='ocrx_word' id='word_1_638' title='bbox 567 4415 594 4464; x_wconf 62' lang='grc' dir='ltr'>τι</span> <span class='ocrx_word' id='word_1_639' title='bbox 644 4391 927 4466; x_wconf 88' lang='lat' dir='ltr'>Quisquis</span> <span class='ocrx_word' id='word_1_640' title='bbox 980 4394 1158 4469; x_wconf 86' lang='lat' dir='ltr'>igitur</span> <span class='ocrx_word' id='word_1_641' title='bbox 1205 4403 1467 4466; x_wconf 71' lang='lat' dir='ltr'>terrenae,</span> <span class='ocrx_word' id='word_1_642' title='bbox 1516 4400 1608 4457; x_wconf 89' lang='lat' dir='ltr'>vel</span> <span class='ocrx_word' id='word_1_643' title='bbox 1666 4400 1914 4459; x_wconf 86' lang='lat' dir='ltr'>carnalis</span> <span class='ocrx_word' id='word_1_644' title='bbox 1995 4407 2107 4450; x_wconf 88' lang='lat' dir='ltr'>nus</span> <span class='ocrx_word' id='word_1_645' title='bbox 2144 4391 2234 4449; x_wconf 89' lang='lat' dir='ltr'>bis</span> <span class='ocrx_word' id='word_1_646' title='bbox 2276 4392 2679 4465; x_wconf 84' lang='lat' dir='ltr'>interrogatus,</span> <span class='ocrx_word' id='word_1_647' title='bbox 2713 4382 2801 4449; x_wconf 80' lang='lat' dir='ltr'>bis</span> <span class='ocrx_word' id='word_1_648' title='bbox 2832 4392 2904 4450; x_wconf 88' lang='lat' dir='ltr'>ad</span> <span class='ocrx_word' id='word_1_649' title='bbox 2941 4391 3273 4453; x_wconf 90' lang='lat' dir='ltr'>ineundum</span> <span class='ocrx_word' id='word_1_650' title='bbox 3304 4400 3502 4453; x_wconf 89' lang='lat' dir='ltr'>contra</span> <span class='ocrx_word' id='word_1_651' title='bbox 3536 4394 3704 4454; x_wconf 90' lang='lat' dir='ltr'>Bela-</span> 
     </span>
    </p>
   </div>
   <div class='ocr_carea' id='block_1_73' title="bbox 194 4481 3706 4592">
    <p class='ocr_par' dir='ltr' id='par_1_73' title="bbox 194 4481 3706 4592">
     <span class='ocr_line' id='line_1_73' title="bbox 194 4481 3706 4592; baseline 0.006 -54"><span class='ocrx_word' id='word_1_652' title='bbox 194 4482 680 4555; x_wconf 65' lang='lat' dir='ltr'>Concupiscentiaa</span> <span class='ocrx_word' id='word_1_653' title='bbox 736 4486 971 4545; x_wconf 87' lang='lat' dir='ltr'>ﬂamma</span> <span class='ocrx_word' id='word_1_654' title='bbox 1025 4487 1089 4545; x_wconf 91' lang='lat' dir='ltr'>in</span> <span class='ocrx_word' id='word_1_655' title='bbox 1150 4489 1455 4548; x_wconf 88' lang='lat' dir='ltr'>thuribulo</span> <span class='ocrx_word' id='word_1_656' title='bbox 1515 4492 1608 4549; x_wconf 88' lang='lat' dir='ltr'>sui</span> <span class='ocrx_word' id='word_1_657' title='bbox 1669 4481 2118 4592; x_wconf 72' lang='lat' dir='ltr'>pectorisDIIﬁn</span> <span class='ocrx_word' id='word_1_658' title='bbox 2160 4481 2633 4592; x_wconf 50' lang='grc' dir='ltr'>Ρῐςωὶίιιῐξὶρςξῖίξ</span> <span class='ocrx_word' id='word_1_659' title='bbox 2676 4496 3029 4592; x_wconf 49' lang='lat' dir='ltr'>essell‘sllmj:</span> <span class='ocrx_word' id='word_1_660' title='bbox 3065 4488 3130 4592; x_wconf 62' lang='lat' dir='ltr'>fl</span> <span class='ocrx_word' id='word_1_661' title='bbox 3176 4484 3476 4592; x_wconf 45' lang='grc' dir='ltr'>ῐεξιξξεῐιβη</span> <span class='ocrx_word' id='word_1_662' title='bbox 3518 4486 3706 4559; x_wconf 64' lang='lat' dir='ltr'>Primo</span> 
     </span>
    </p>
   </div>
   <div class='ocr_carea' id='block_1_74' title="bbox 196 4570 3701 4652">
    <p class='ocr_par' dir='ltr' id='par_1_74' title="bbox 196 4570 3701 4652">
     <span class='ocr_line' id='line_1_74' title="bbox 196 4570 3701 4652; baseline 0.004 -31"><span class='ocrx_word' id='word_1_663' title='bbox 196 4576 426 4639; x_wconf 63' lang='lat' dir='ltr'>aestuat,</span> <span class='ocrx_word' id='word_1_664' title='bbox 464 4578 519 4629; x_wconf 83' lang='lat' dir='ltr'>et</span> <span class='ocrx_word' id='word_1_665' title='bbox 554 4573 731 4630; x_wconf 83' lang='lat' dir='ltr'>sacris</span> <span class='ocrx_word' id='word_1_666' title='bbox 781 4576 1048 4634; x_wconf 71' lang='lat' dir='ltr'>assistere</span> <span class='ocrx_word' id='word_1_667' title='bbox 1094 4577 1389 4651; x_wconf 65' lang='lat' dir='ltr'>mysteriis</span> <span class='ocrx_word' id='word_1_668' title='bbox 1444 4594 1563 4636; x_wconf 79' lang='lat' dir='ltr'>non</span> <span class='ocrx_word' id='word_1_669' title='bbox 1620 4570 2309 4652; x_wconf 62' lang='lat' dir='ltr'>formidat,”certamine</span> <span class='ocrx_word' id='word_1_670' title='bbox 2352 4571 2559 4643; x_wconf 82' lang='lat' dir='ltr'>viginti</span> <span class='ocrx_word' id='word_1_671' title='bbox 2592 4570 2708 4629; x_wconf 92' lang='lat' dir='ltr'>duo</span> <span class='ocrx_word' id='word_1_672' title='bbox 2742 4571 2927 4629; x_wconf 90' lang='lat' dir='ltr'>millia</span> <span class='ocrx_word' id='word_1_673' title='bbox 2961 4570 3031 4629; x_wconf 93' lang='lat' dir='ltr'>de</span> <span class='ocrx_word' id='word_1_674' title='bbox 3062 4571 3358 4644; x_wconf 89' lang='lat' dir='ltr'>Israelitis,</span> <span class='ocrx_word' id='word_1_675' title='bbox 3389 4573 3451 4632; x_wconf 92' lang='lat' dir='ltr'>in</span> <span class='ocrx_word' id='word_1_676' title='bbox 3492 4591 3701 4634; x_wconf 92' lang='lat' dir='ltr'>secun-</span> 
     </span>
    </p>
   </div>
   <div class='ocr_carea' id='block_1_75' title="bbox 195 4657 3704 4743">
    <p class='ocr_par' dir='ltr' id='par_1_75' title="bbox 195 4657 3704 4743">
     <span class='ocr_line' id='line_1_75' title="bbox 195 4657 3704 4743; baseline 0.006 -29"><span class='ocrx_word' id='word_1_677' title='bbox 195 4657 297 4715; x_wconf 91' lang='lat' dir='ltr'>ille</span> <span class='ocrx_word' id='word_1_678' title='bbox 334 4659 533 4731; x_wconf 93' lang='lat' dir='ltr'>procul</span> <span class='ocrx_word' id='word_1_679' title='bbox 566 4662 743 4721; x_wconf 92' lang='lat' dir='ltr'>dubio</span> <span class='ocrx_word' id='word_1_680' title='bbox 778 4664 999 4723; x_wconf 69' lang='lat' dir='ltr'>divinas</span> <span class='ocrx_word' id='word_1_681' title='bbox 1037 4666 1277 4724; x_wconf 89' lang='lat' dir='ltr'>ultionis</span> <span class='ocrx_word' id='word_1_682' title='bbox 1322 4668 1556 4727; x_wconf 89' lang='lat' dir='ltr'>interim</span> <span class='ocrx_word' id='word_1_683' title='bbox 1601 4670 1734 4743; x_wconf 92' lang='lat' dir='ltr'>igne</span> <span class='ocrx_word' id='word_1_684' title='bbox 1772 4687 1911 4729; x_wconf 91' lang='lat' dir='ltr'>con-</span> <span class='ocrx_word' id='word_1_685' title='bbox 1993 4659 2068 4716; x_wconf 81' lang='lat' dir='ltr'>d0</span> <span class='ocrx_word' id='word_1_686' title='bbox 2097 4674 2234 4716; x_wconf 67' lang='lat' dir='ltr'><strong>vero</strong></span> <span class='ocrx_word' id='word_1_687' title='bbox 2258 4659 2455 4715; x_wconf 75' lang='lat' dir='ltr'>decem</span> <span class='ocrx_word' id='word_1_688' title='bbox 2489 4666 2543 4715; x_wconf 74' lang='lat' dir='ltr'>el</span> <span class='ocrx_word' id='word_1_689' title='bbox 2569 4665 2694 4716; x_wconf 73' lang='grc' dir='ltr'>οοῐο</span> <span class='ocrx_word' id='word_1_690' title='bbox 2724 4658 2908 4717; x_wconf 69' lang='lat' dir='ltr'>millia</span> <span class='ocrx_word' id='word_1_691' title='bbox 2936 4660 3314 4720; x_wconf 68' lang='lat' dir='ltr'>CBCldePum?</span> <span class='ocrx_word' id='word_1_692' title='bbox 3342 4661 3493 4731; x_wconf 72' lang='grc' dir='ltr'>Ωιιίά</span> <span class='ocrx_word' id='word_1_693' title='bbox 3524 4664 3704 4737; x_wconf 65' lang='lat' dir='ltr'>igitur</span> 
     </span>
    </p>
   </div>
   <div class='ocr_carea' id='block_1_76' title="bbox 201 4746 3699 4831">
    <p class='ocr_par' dir='ltr' id='par_1_76' title="bbox 201 4746 3699 4831">
     <span class='ocr_line' id='line_1_76' title="bbox 201 4746 3699 4831; baseline 0.007 -29"><span class='ocrx_word' id='word_1_694' title='bbox 201 4746 471 4817; x_wconf 84' lang='lat' dir='ltr'>sumitur,</span> <span class='ocrx_word' id='word_1_695' title='bbox 526 4749 597 4806; x_wconf 92' lang='lat' dir='ltr'>de</span> <span class='ocrx_word' id='word_1_696' title='bbox 645 4767 761 4823; x_wconf 92' lang='lat' dir='ltr'>quo</span> <span class='ocrx_word' id='word_1_697' title='bbox 811 4752 1107 4827; x_wconf 83' lang='lat' dir='ltr'>Scriptura</span> <span class='ocrx_word' id='word_1_698' title='bbox 1144 4760 1417 4814; x_wconf 90' lang='lat' dir='ltr'>testatur:</span> <span class='ocrx_word' id='word_1_699' title='bbox 1454 4782 1480 4808; x_wconf 82' lang='grc' dir='ltr'>ιι</span> <span class='ocrx_word' id='word_1_700' title='bbox 1513 4757 1581 4815; x_wconf 90' lang='lat' dir='ltr'>Et</span> <span class='ocrx_word' id='word_1_701' title='bbox 1606 4774 1782 4831; x_wconf 91' lang='lat' dir='ltr'>nunc,</span> <span class='ocrx_word' id='word_1_702' title='bbox 1819 4759 1911 4817; x_wconf 91' lang='lat' dir='ltr'>in-</span> <span class='ocrx_word' id='word_1_703' title='bbox 1992 4749 2054 4806; x_wconf 79' lang='lat' dir='ltr'>in</span> <span class='ocrx_word' id='word_1_704' title='bbox 2115 4748 2204 4806; x_wconf 77' lang='lat' dir='ltr'>hi3</span> <span class='ocrx_word' id='word_1_705' title='bbox 2258 4746 2704 4819; x_wconf 65' lang='lat' dir='ltr'>intelligendum</span> <span class='ocrx_word' id='word_1_706' title='bbox 2776 4755 2880 4819; x_wconf 72' lang='grc' dir='ltr'>θεῖν</span> <span class='ocrx_word' id='word_1_707' title='bbox 2944 4748 3085 4822; x_wconf 68' lang='grc' dir='ltr'>(ἰυίά</span> <span class='ocrx_word' id='word_1_708' title='bbox 3138 4750 3530 4823; x_wconf 59' lang='lat' dir='ltr'>sentiendum,</span> <span class='ocrx_word' id='word_1_709' title='bbox 3588 4752 3699 4811; x_wconf 76' lang='lat' dir='ltr'>DiSl</span> 
     </span>
    </p>
   </div>
   <div class='ocr_carea' id='block_1_77' title="bbox 196 4836 1807 4916">
    <p class='ocr_par' dir='ltr' id='par_1_77' title="bbox 196 4836 1807 4916">
     <span class='ocr_line' id='line_1_77' title="bbox 196 4836 1807 4916; baseline 0.008 -22"><span class='ocrx_word' id='word_1_710' title='bbox 196 4836 343 4909; x_wconf 78' lang='lat' dir='ltr'>quit.</span> <span class='ocrx_word' id='word_1_711' title='bbox 397 4838 555 4909; x_wconf 85' lang='lat' dir='ltr'>ignis</span> <span class='ocrx_word' id='word_1_712' title='bbox 601 4840 963 4901; x_wconf 87' lang='lat' dir='ltr'>adversarios</span> <span class='ocrx_word' id='word_1_713' title='bbox 1023 4845 1313 4903; x_wconf 90' lang='lat' dir='ltr'>consumit</span> <span class='ocrx_word' id='word_1_714' title='bbox 1344 4848 1525 4915; x_wconf 82' lang='lat' dir='ltr'>(Hebr.</span> <span class='ocrx_word' id='word_1_715' title='bbox 1557 4853 1644 4916; x_wconf 73' lang='grc' dir='ltr'>Χ).</span> <span class='ocrx_word' id='word_1_716' title='bbox 1679 4874 1705 4897; x_wconf 71' lang='grc' dir='ltr'><strong>η</strong></span> <span class='ocrx_word' id='word_1_717' title='bbox 1737 4850 1807 4907; x_wconf 77' lang='lat' dir='ltr'>Et</span> 
     </span>
    </p>
   </div>
   <div class='ocr_carea' id='block_1_78' title="bbox 2089 4836 3700 4916">
    <p class='ocr_par' dir='ltr' id='par_1_78' title="bbox 2089 4837 3700 4913">
     <span class='ocr_line' id='line_1_78' title="bbox 2089 4837 3700 4913; baseline 0.004 -17"><span class='ocrx_word' id='word_1_718' title='bbox 2089 4841 2133 4896; x_wconf 77' lang='lat' dir='ltr'>ia</span> <span class='ocrx_word' id='word_1_719' title='bbox 2160 4837 2323 4913; x_wconf 88' lang='lat' dir='ltr'>prius</span> <span class='ocrx_word' id='word_1_720' title='bbox 2351 4837 2592 4896; x_wconf 90' lang='lat' dir='ltr'>curandi</span> <span class='ocrx_word' id='word_1_721' title='bbox 2632 4842 2766 4895; x_wconf 92' lang='lat' dir='ltr'>sunt</span> <span class='ocrx_word' id='word_1_722' title='bbox 2806 4853 2857 4894; x_wconf 56' lang='lat' dir='ltr'>a‘</span> <span class='ocrx_word' id='word_1_723' title='bbox 2890 4844 3117 4896; x_wconf 92' lang='lat' dir='ltr'>tumore</span> <span class='ocrx_word' id='word_1_724' title='bbox 3148 4840 3367 4913; x_wconf 90' lang='lat' dir='ltr'>proprii</span> <span class='ocrx_word' id='word_1_725' title='bbox 3413 4841 3700 4913; x_wconf 91' lang='lat' dir='ltr'>vulneris,</span> 
     </span>
    </p>
   </div>
   <div class='ocr_carea' id='block_1_79' title="bbox 196 4922 3699 5011">
    <p class='ocr_par' dir='ltr' id='par_1_79' title="bbox 196 4922 3699 5011">
     <span class='ocr_line' id='line_1_79' title="bbox 196 4922 3699 5011; baseline 0.007 -32"><span class='ocrx_word' id='word_1_726' title='bbox 196 4938 330 5005; x_wconf 87' lang='lat' dir='ltr'>vero</span> <span class='ocrx_word' id='word_1_727' title='bbox 384 4925 566 4983; x_wconf 91' lang='lat' dir='ltr'>nimis</span> <span class='ocrx_word' id='word_1_728' title='bbox 598 4926 961 5001; x_wconf 90' lang='lat' dir='ltr'>impossibile</span> <span class='ocrx_word' id='word_1_729' title='bbox 1010 4939 1112 5002; x_wconf 87' lang='lat' dir='ltr'>est,</span> <span class='ocrx_word' id='word_1_730' title='bbox 1170 4935 1374 4992; x_wconf 84' lang='lat' dir='ltr'>fratres</span> <span class='ocrx_word' id='word_1_731' title='bbox 1419 4935 1554 5005; x_wconf 89' lang='lat' dir='ltr'>mei,</span> <span class='ocrx_word' id='word_1_732' title='bbox 1602 4943 1665 4994; x_wconf 89' lang='lat' dir='ltr'>ut</span> <span class='ocrx_word' id='word_1_733' title='bbox 1705 4936 1773 5006; x_wconf 86' lang='lat' dir='ltr'>is,</span> <span class='ocrx_word' id='word_1_734' title='bbox 1808 4937 1911 5011; x_wconf 91' lang='lat' dir='ltr'>qui</span> <span class='ocrx_word' id='word_1_735' title='bbox 1992 4924 2097 4999; x_wconf 82' lang='lat' dir='ltr'>qui</span> <span class='ocrx_word' id='word_1_736' title='bbox 2146 4925 2379 4982; x_wconf 69' lang='grc' dir='ltr'>δυῖθῐτθ</span> <span class='ocrx_word' id='word_1_737' title='bbox 2428 4922 2659 5011; x_wconf 57' lang='lat' dir='ltr'>m‘Tl‘bOS</span> <span class='ocrx_word' id='word_1_738' title='bbox 2698 4922 2905 4982; x_wconf 59' lang='lat' dir='ltr'>aliena?</span> <span class='ocrx_word' id='word_1_739' title='bbox 2952 4924 3208 4997; x_wconf 64' lang='lat' dir='ltr'>gestiunt</span> <span class='ocrx_word' id='word_1_740' title='bbox 3245 4927 3544 5000; x_wconf 70' lang='grc' dir='ltr'>Ιπδνίίθῐίε</span> <span class='ocrx_word' id='word_1_741' title='bbox 3573 4931 3601 4986; x_wconf 67' lang='lat'><strong>7</strong></span> <span class='ocrx_word' id='word_1_742' title='bbox 3639 4938 3699 4990; x_wconf 80' lang='grc' dir='ltr'>ιιι</span> 
     </span>
    </p>
   </div>
   <div class='ocr_carea' id='block_1_80' title="bbox 197 5010 3698 5098">
    <p class='ocr_par' dir='ltr' id='par_1_80' title="bbox 197 5010 3698 5098">
     <span class='ocr_line' id='line_1_80' title="bbox 197 5010 3698 5098; baseline 0.007 -33"><span class='ocrx_word' id='word_1_743' title='bbox 197 5025 391 5067; x_wconf 90' lang='lat' dir='ltr'>rerum</span> <span class='ocrx_word' id='word_1_744' title='bbox 430 5010 810 5074; x_wconf 80' lang='lat' dir='ltr'>familiarium</span> <span class='ocrx_word' id='word_1_745' title='bbox 838 5018 993 5076; x_wconf 88' lang='lat' dir='ltr'>curis</span> <span class='ocrx_word' id='word_1_746' title='bbox 1013 5018 1382 5092; x_wconf 88' lang='lat' dir='ltr'>opprimitur,</span> <span class='ocrx_word' id='word_1_747' title='bbox 1413 5020 1516 5097; x_wconf 93' lang='lat' dir='ltr'>qui</span> <span class='ocrx_word' id='word_1_748' title='bbox 1541 5022 1713 5079; x_wconf 90' lang='lat' dir='ltr'>simul</span> <span class='ocrx_word' id='word_1_749' title='bbox 1742 5010 1911 5081; x_wconf 87' lang='lat' dir='ltr'>habi-</span> <span class='ocrx_word' id='word_1_750' title='bbox 1992 5012 2104 5086; x_wconf 76' lang='lat' dir='ltr'>iPSl</span> <span class='ocrx_word' id='word_1_751' title='bbox 2147 5010 2522 5098; x_wconf 60' lang='lat' dir='ltr'>jam’mundi</span> <span class='ocrx_word' id='word_1_752' title='bbox 2575 5027 2676 5086; x_wconf 61' lang='lat' dir='ltr'>Per</span> <span class='ocrx_word' id='word_1_753' title='bbox 2714 5012 3000 5071; x_wconf 62' lang='lat' dir='ltr'>unionem</span> <span class='ocrx_word' id='word_1_754' title='bbox 3045 5014 3258 5073; x_wconf 70' lang='lat' dir='ltr'>Snlmel</span> <span class='ocrx_word' id='word_1_755' title='bbox 3294 5016 3555 5089; x_wconf 57' lang='lat' dir='ltr'>Veniant.</span> <span class='ocrx_word' id='word_1_756' title='bbox 3596 5018 3698 5092; x_wconf 74' lang='grc' dir='ltr'>(Ιαί</span> 
     </span>
    </p>
   </div>
   <div class='ocr_carea' id='block_1_81' title="bbox 196 5099 3701 5199">
    <p class='ocr_par' dir='ltr' id='par_1_81' title="bbox 196 5099 3701 5199">
     <span class='ocr_line' id='line_1_81' title="bbox 196 5099 3701 5199; baseline 0.007 -44"><span class='ocrx_word' id='word_1_757' title='bbox 196 5099 365 5199; x_wconf 43' lang='lat' dir='ltr'>ta‘ndo</span> <span class='ocrx_word' id='word_1_758' title='bbox 421 5107 478 5159; x_wconf 91' lang='lat' dir='ltr'>et</span> <span class='ocrx_word' id='word_1_759' title='bbox 533 5104 915 5179; x_wconf 87' lang='lat' dir='ltr'>colloquendo</span> <span class='ocrx_word' id='word_1_760' title='bbox 974 5110 1159 5169; x_wconf 88' lang='lat' dir='ltr'>turbis</span> <span class='ocrx_word' id='word_1_761' title='bbox 1210 5112 1471 5195; x_wconf 86' lang='lat' dir='ltr'>quotidie</span> <span class='ocrx_word' id='word_1_762' title='bbox 1530 5114 1910 5187; x_wconf 91' lang='lat' dir='ltr'>popularibus</span> <span class='ocrx_word' id='word_1_763' title='bbox 1992 5104 2242 5199; x_wconf 45' lang='lat'>311011191</span> <span class='ocrx_word' id='word_1_764' title='bbox 2268 5108 2576 5199; x_wconf 54' lang='lat' dir='ltr'>percutere</span> <span class='ocrx_word' id='word_1_765' title='bbox 2608 5118 2794 5199; x_wconf 56' lang='lat' dir='ltr'>Pri”?!</span> <span class='ocrx_word' id='word_1_766' title='bbox 2838 5104 3155 5177; x_wconf 65' lang='grc' dir='ltr'>ίθειίοειῐιῐῑ</span> <span class='ocrx_word' id='word_1_767' title='bbox 3203 5106 3357 5199; x_wconf 59' lang='lat' dir='ltr'>sicut</span> <span class='ocrx_word' id='word_1_768' title='bbox 3396 5106 3457 5165; x_wconf 76' lang='lat' dir='ltr'>in</span> <span class='ocrx_word' id='word_1_769' title='bbox 3505 5104 3701 5168; x_wconf 72' lang='lat' dir='ltr'>Even-</span> 
     </span>
    </p>
   </div>
   <div class='ocr_carea' id='block_1_82' title="bbox 193 5183 3702 5281">
    <p class='ocr_par' dir='ltr' id='par_1_82' title="bbox 193 5183 3702 5281">
     <span class='ocr_line' id='line_1_82' title="bbox 193 5183 3702 5281; baseline 0.009 -40"><span class='ocrx_word' id='word_1_770' title='bbox 193 5183 567 5255; x_wconf 89' lang='lat' dir='ltr'>admiscetur,</span> <span class='ocrx_word' id='word_1_771' title='bbox 618 5192 839 5250; x_wconf 91' lang='lat' dir='ltr'>mundo</span> <span class='ocrx_word' id='word_1_772' title='bbox 897 5195 1085 5253; x_wconf 72' lang='lat' dir='ltr'>corde</span> <span class='ocrx_word' id='word_1_773' title='bbox 1123 5183 1338 5256; x_wconf 84' lang='lat' dir='ltr'>sanctis</span> <span class='ocrx_word' id='word_1_774' title='bbox 1380 5183 1576 5257; x_wconf 75' lang='lat' dir='ltr'>valeat</span> <span class='ocrx_word' id='word_1_775' title='bbox 1608 5183 1909 5260; x_wconf 73' lang='lat' dir='ltr'>interesse</span> <span class='ocrx_word' id='word_1_776' title='bbox 1989 5197 2140 5273; x_wconf 89' lang='lat' dir='ltr'>gelio</span> <span class='ocrx_word' id='word_1_777' title='bbox 2170 5195 2420 5256; x_wconf 89' lang='lat' dir='ltr'>dicitur:</span> <span class='ocrx_word' id='word_1_778' title='bbox 2454 5220 2477 5245; x_wconf 74' lang='grc' dir='ltr'><strong><em>α</em></strong></span> <span class='ocrx_word' id='word_1_779' title='bbox 2512 5194 2622 5281; x_wconf 56' lang='lat' dir='ltr'>Qui</span> <span class='ocrx_word' id='word_1_780' title='bbox 2656 5196 2783 5274; x_wconf 63' lang='lat' dir='ltr'>Sine</span> <span class='ocrx_word' id='word_1_781' title='bbox 2811 5203 3037 5270; x_wconf 68' lang='grc' dir='ltr'>βθοοδῐο</span> <span class='ocrx_word' id='word_1_782' title='bbox 3084 5202 3171 5256; x_wconf 70' lang='grc' dir='ltr'>θεῖ</span> <span class='ocrx_word' id='word_1_783' title='bbox 3214 5191 3495 5272; x_wconf 52' lang='lat' dir='ltr'>Vesuum.</span> <span class='ocrx_word' id='word_1_784' title='bbox 3540 5199 3702 5274; x_wconf 64' lang='lat' dir='ltr'>Prius</span> 
     </span>
    </p>
   </div>
   <div class='ocr_carea' id='block_1_83' title="bbox 192 5278 3698 5359">
    <p class='ocr_par' dir='ltr' id='par_1_83' title="bbox 192 5278 3698 5359">
     <span class='ocr_line' id='line_1_83' title="bbox 192 5278 3698 5359; baseline 0.005 -28"><span class='ocrx_word' id='word_1_785' title='bbox 192 5278 505 5347; x_wconf 75' lang='lat' dir='ltr'>mysteriis.</span> <span class='ocrx_word' id='word_1_786' title='bbox 541 5278 609 5336; x_wconf 90' lang='lat' dir='ltr'><strong>In</strong></span> <span class='ocrx_word' id='word_1_787' title='bbox 640 5282 856 5354; x_wconf 88' lang='lat' dir='ltr'>quibus</span> <span class='ocrx_word' id='word_1_788' title='bbox 892 5284 1159 5345; x_wconf 89' lang='lat' dir='ltr'>videlicet</span> <span class='ocrx_word' id='word_1_789' title='bbox 1198 5286 1556 5345; x_wconf 89' lang='lat' dir='ltr'>terribilibus</span> <span class='ocrx_word' id='word_1_790' title='bbox 1583 5305 1907 5349; x_wconf 85' lang='lat' dir='ltr'>sacramen-</span> <span class='ocrx_word' id='word_1_791' title='bbox 1989 5286 2052 5344; x_wconf 91' lang='lat' dir='ltr'>in</span> <span class='ocrx_word' id='word_1_792' title='bbox 2093 5285 2257 5343; x_wconf 91' lang='lat' dir='ltr'>illam</span> <span class='ocrx_word' id='word_1_793' title='bbox 2301 5284 2551 5359; x_wconf 88' lang='lat' dir='ltr'>lapidem</span> <span class='ocrx_word' id='word_1_794' title='bbox 2604 5278 2792 5343; x_wconf 85' lang='lat' dir='ltr'>mittat</span> <span class='ocrx_word' id='word_1_795' title='bbox 2842 5291 3014 5353; x_wconf 73' lang='lat' dir='ltr'>tJoan.</span> <span class='ocrx_word' id='word_1_796' title='bbox 3069 5289 3213 5352; x_wconf 64' lang='grc' dir='ltr'>γωδ.</span> <span class='ocrx_word' id='word_1_797' title='bbox 3258 5310 3280 5339; x_wconf 71' lang='grc' dir='ltr'>ι</span> <span class='ocrx_word' id='word_1_798' title='bbox 3334 5286 3494 5347; x_wconf 86' lang='lat' dir='ltr'>Unde</span> <span class='ocrx_word' id='word_1_799' title='bbox 3547 5294 3698 5347; x_wconf 84' lang='lat' dir='ltr'>recte</span> 
     </span>
    </p>
   </div>
   <div class='ocr_carea' id='block_1_84' title="bbox 196 5366 3693 5452">
    <p class='ocr_par' dir='ltr' id='par_1_84' title="bbox 196 5366 3693 5452">
     <span class='ocr_line' id='line_1_84' title="bbox 196 5366 3693 5452; baseline 0.007 -30"><span class='ocrx_word' id='word_1_800' title='bbox 196 5366 267 5423; x_wconf 91' lang='lat' dir='ltr'>tis</span> <span class='ocrx_word' id='word_1_801' title='bbox 292 5368 505 5428; x_wconf 81' lang='lat' dir='ltr'>ccelum</span> <span class='ocrx_word' id='word_1_802' title='bbox 538 5373 815 5446; x_wconf 91' lang='lat' dir='ltr'>aperitur,</span> <span class='ocrx_word' id='word_1_803' title='bbox 849 5381 904 5433; x_wconf 91' lang='lat' dir='ltr'>et</span> <span class='ocrx_word' id='word_1_804' title='bbox 934 5376 1179 5436; x_wconf 89' lang='lat' dir='ltr'>virtutes</span> <span class='ocrx_word' id='word_1_805' title='bbox 1222 5378 1502 5452; x_wconf 79' lang='lat' dir='ltr'>angelicm</span> <span class='ocrx_word' id='word_1_806' title='bbox 1551 5379 1729 5438; x_wconf 92' lang='lat' dir='ltr'>simul</span> <span class='ocrx_word' id='word_1_807' title='bbox 1774 5397 1908 5439; x_wconf 91' lang='lat' dir='ltr'>cum</span> <span class='ocrx_word' id='word_1_808' title='bbox 1990 5390 2125 5432; x_wconf 85' lang='lat' dir='ltr'>cum</span> <span class='ocrx_word' id='word_1_809' title='bbox 2174 5373 2264 5432; x_wconf 83' lang='lat' dir='ltr'>illi</span> <span class='ocrx_word' id='word_1_810' title='bbox 2313 5373 2500 5433; x_wconf 83' lang='lat' dir='ltr'>Deum</span> <span class='ocrx_word' id='word_1_811' title='bbox 2556 5375 2941 5443; x_wconf 65' lang='lat' dir='ltr'>consulentes,</span> <span class='ocrx_word' id='word_1_812' title='bbox 3004 5375 3261 5434; x_wconf 70' lang='lat' dir='ltr'>dicerent</span> <span class='ocrx_word' id='word_1_813' title='bbox 3304 5394 3317 5435; x_wconf 76' lang='grc' dir='ltr'>ε</span> <span class='ocrx_word' id='word_1_814' title='bbox 3378 5398 3399 5426; x_wconf 73' lang='grc' dir='ltr'>ε</span> <span class='ocrx_word' id='word_1_815' title='bbox 3444 5374 3586 5446; x_wconf 76' lang='lat' dir='ltr'>QUiS</span> <span class='ocrx_word' id='word_1_816' title='bbox 3635 5376 3693 5434; x_wconf 74' lang='lat' dir='ltr'>in</span> 
     </span>
    </p>
   </div>
   <div class='ocr_carea' id='block_1_85' title="bbox 194 5456 3693 5539">
    <p class='ocr_par' dir='ltr' id='par_1_85' title="bbox 194 5456 3693 5539">
     <span class='ocr_line' id='line_1_85' title="bbox 194 5456 3693 5539; baseline 0.003 -25"><span class='ocrx_word' id='word_1_817' title='bbox 194 5456 534 5517; x_wconf 87' lang='lat' dir='ltr'>hominibus</span> <span class='ocrx_word' id='word_1_818' title='bbox 574 5460 964 5521; x_wconf 89' lang='lat' dir='ltr'>diversantur.</span> <span class='ocrx_word' id='word_1_819' title='bbox 1007 5463 1251 5534; x_wconf 68' lang='lat' dir='ltr'>Quantae</span> <span class='ocrx_word' id='word_1_820' title='bbox 1299 5482 1433 5539; x_wconf 90' lang='lat' dir='ltr'>ergo</span> <span class='ocrx_word' id='word_1_821' title='bbox 1476 5467 1782 5526; x_wconf 64' lang='lat' dir='ltr'>munditiae</span> <span class='ocrx_word' id='word_1_822' title='bbox 1810 5470 1908 5527; x_wconf 85' lang='lat' dir='ltr'>de-</span> <span class='ocrx_word' id='word_1_823' title='bbox 1990 5464 2471 5523; x_wconf 84' lang='lat' dir='ltr'>exercitu&#39;nostro</span> <span class='ocrx_word' id='word_1_824' title='bbox 2497 5463 2761 5538; x_wconf 90' lang='lat' dir='ltr'>princeps</span> <span class='ocrx_word' id='word_1_825' title='bbox 2789 5464 3120 5523; x_wconf 88' lang='lat' dir='ltr'>certaminis</span> <span class='ocrx_word' id='word_1_826' title='bbox 3144 5469 3345 5524; x_wconf 87' lang='lat' dir='ltr'>contra</span> <span class='ocrx_word' id='word_1_827' title='bbox 3366 5464 3519 5525; x_wconf 85' lang='lat' dir='ltr'>ﬁlios</span> <span class='ocrx_word' id='word_1_828' title='bbox 3541 5466 3693 5526; x_wconf 85' lang='lat' dir='ltr'>Beia-</span> 
     </span>
    </p>
   </div>
   <div class='ocr_carea' id='block_1_86' title="bbox 193 5549 3697 5632">
    <p class='ocr_par' dir='ltr' id='par_1_86' title="bbox 193 5549 3697 5632">
     <span class='ocr_line' id='line_1_86' title="bbox 193 5549 3697 5632; baseline 0.003 -24"><span class='ocrx_word' id='word_1_829' title='bbox 193 5550 331 5608; x_wconf 85' lang='lat' dir='ltr'>bent</span> <span class='ocrx_word' id='word_1_830' title='bbox 358 5563 485 5605; x_wconf 90' lang='lat' dir='ltr'>esse</span> <span class='ocrx_word' id='word_1_831' title='bbox 513 5549 728 5620; x_wconf 88' lang='lat' dir='ltr'>clerici,</span> <span class='ocrx_word' id='word_1_832' title='bbox 762 5566 939 5623; x_wconf 91' lang='lat' dir='ltr'>quam</span> <span class='ocrx_word' id='word_1_833' title='bbox 989 5553 1178 5625; x_wconf 90' lang='lat' dir='ltr'>nitidi,</span> <span class='ocrx_word' id='word_1_834' title='bbox 1212 5571 1388 5629; x_wconf 90' lang='lat' dir='ltr'>quam</span> <span class='ocrx_word' id='word_1_835' title='bbox 1417 5556 1671 5632; x_wconf 90' lang='lat' dir='ltr'>denique</span> <span class='ocrx_word' id='word_1_836' title='bbox 1699 5575 1733 5616; x_wconf 92' lang='lat' dir='ltr'>a</span> <span class='ocrx_word' id='word_1_837' title='bbox 1762 5574 1908 5617; x_wconf 87' lang='lat' dir='ltr'>cun-</span> <span class='ocrx_word' id='word_1_838' title='bbox 1990 5557 2115 5613; x_wconf 89' lang='lat' dir='ltr'>min</span> <span class='ocrx_word' id='word_1_839' title='bbox 2148 5555 2494 5631; x_wconf 87' lang='lat' dir='ltr'>[Benjamin]</span> <span class='ocrx_word' id='word_1_840' title='bbox 2515 5558 2543 5612; x_wconf 81' lang='lat'><strong>?</strong></span> <span class='ocrx_word' id='word_1_841' title='bbox 2571 5577 2595 5605; x_wconf 72' lang='grc' dir='ltr'>ι</span> <span class='ocrx_word' id='word_1_842' title='bbox 2634 5556 2968 5631; x_wconf 79' lang='lat' dir='ltr'>Respondit:</span> <span class='ocrx_word' id='word_1_843' title='bbox 3006 5583 3029 5605; x_wconf 81' lang='grc' dir='ltr'>ιι</span> <span class='ocrx_word' id='word_1_844' title='bbox 3052 5557 3234 5617; x_wconf 90' lang='lat' dir='ltr'>Judas</span> <span class='ocrx_word' id='word_1_845' title='bbox 3263 5558 3335 5617; x_wconf 90' lang='lat' dir='ltr'>sit</span> <span class='ocrx_word' id='word_1_846' title='bbox 3362 5559 3489 5618; x_wconf 81' lang='lat' dir='ltr'>dux</span> <span class='ocrx_word' id='word_1_847' title='bbox 3508 5567 3697 5620; x_wconf 78' lang='lat' dir='ltr'>vester</span> 
     </span>
    </p>
   </div>
   <div class='ocr_carea' id='block_1_87' title="bbox 191 5637 3692 5723">
    <p class='ocr_par' dir='ltr' id='par_1_87' title="bbox 191 5637 3692 5723">
     <span class='ocr_line' id='line_1_87' title="bbox 191 5637 3692 5723; baseline 0.007 -27"><span class='ocrx_word' id='word_1_848' title='bbox 191 5638 298 5696; x_wconf 86' lang='lat' dir='ltr'>ctis</span> <span class='ocrx_word' id='word_1_849' title='bbox 326 5637 693 5711; x_wconf 88' lang='lat' dir='ltr'>negotiorum</span> <span class='ocrx_word' id='word_1_850' title='bbox 721 5640 1091 5701; x_wconf 62' lang='lat' dir='ltr'>saecularium</span> <span class='ocrx_word' id='word_1_851' title='bbox 1120 5644 1401 5704; x_wconf 86' lang='lat' dir='ltr'>fetoribus</span> <span class='ocrx_word' id='word_1_852' title='bbox 1425 5647 1602 5706; x_wconf 91' lang='lat' dir='ltr'>alieni</span> <span class='ocrx_word' id='word_1_853' title='bbox 1627 5650 1653 5705; x_wconf 89' lang='lat'><strong>?</strong></span> <span class='ocrx_word' id='word_1_854' title='bbox 1682 5646 1791 5718; x_wconf 91' lang='lat' dir='ltr'>Qui</span> <span class='ocrx_word' id='word_1_855' title='bbox 1826 5648 1909 5707; x_wconf 83' lang='lat' dir='ltr'>vi-</span> <span class='ocrx_word' id='word_1_856' title='bbox 1992 5647 2139 5713; x_wconf 81' lang='lat' dir='ltr'>(Iud.</span> <span class='ocrx_word' id='word_1_857' title='bbox 2170 5651 2281 5714; x_wconf 84' lang='lat' dir='ltr'>XX)</span> <span class='ocrx_word' id='word_1_858' title='bbox 2308 5664 2321 5717; x_wconf 86' lang='lat'><strong>;</strong></span> <span class='ocrx_word' id='word_1_859' title='bbox 2361 5668 2382 5695; x_wconf 77' lang='grc' dir='ltr'>ι</span> <span class='ocrx_word' id='word_1_860' title='bbox 2416 5646 2554 5720; x_wconf 65' lang='lat' dir='ltr'>(ulla</span> <span class='ocrx_word' id='word_1_861' title='bbox 2581 5644 2738 5703; x_wconf 77' lang='lat' dir='ltr'>enim</span> <span class='ocrx_word' id='word_1_862' title='bbox 2769 5645 2946 5705; x_wconf 71' lang='lat' dir='ltr'>JUdaS</span> <span class='ocrx_word' id='word_1_863' title='bbox 2975 5650 3238 5716; x_wconf 71' lang='grc' dir='ltr'>οοηΐθειςίο</span> <span class='ocrx_word' id='word_1_864' title='bbox 3263 5647 3692 5723; x_wconf 65' lang='lat' dir='ltr'>interprelalul‘.</span> 
     </span>
    </p>
   </div>
   <div class='ocr_carea' id='block_1_88' title="bbox 197 5727 3693 5814">
    <p class='ocr_par' dir='ltr' id='par_1_88' title="bbox 197 5727 3693 5814">
     <span class='ocr_line' id='line_1_88' title="bbox 197 5727 3693 5814; baseline 0.004 -28"><span class='ocrx_word' id='word_1_865' title='bbox 197 5727 405 5787; x_wconf 91' lang='lat' dir='ltr'>delicet</span> <span class='ocrx_word' id='word_1_866' title='bbox 450 5728 611 5789; x_wconf 90' lang='lat' dir='ltr'>velut</span> <span class='ocrx_word' id='word_1_867' title='bbox 655 5732 1101 5794; x_wconf 86' lang='lat' dir='ltr'>contubernales</span> <span class='ocrx_word' id='word_1_868' title='bbox 1149 5743 1201 5793; x_wconf 87' lang='lat' dir='ltr'>et</span> <span class='ocrx_word' id='word_1_869' title='bbox 1235 5736 1642 5799; x_wconf 90' lang='lat' dir='ltr'>condomestici</span> <span class='ocrx_word' id='word_1_870' title='bbox 1670 5739 1907 5814; x_wconf 88' lang='lat' dir='ltr'>angelo-</span> <span class='ocrx_word' id='word_1_871' title='bbox 1989 5742 2141 5798; x_wconf 86' lang='lat' dir='ltr'>recte</span> <span class='ocrx_word' id='word_1_872' title='bbox 2170 5738 2298 5797; x_wconf 81' lang='lat' dir='ltr'>dux</span> <span class='ocrx_word' id='word_1_873' title='bbox 2322 5737 2487 5797; x_wconf 90' lang='lat' dir='ltr'>illius</span> <span class='ocrx_word' id='word_1_874' title='bbox 2515 5736 2654 5797; x_wconf 92' lang='lat' dir='ltr'>belli</span> <span class='ocrx_word' id='word_1_875' title='bbox 2683 5738 2862 5799; x_wconf 84' lang='lat' dir='ltr'>Judas</span> <span class='ocrx_word' id='word_1_876' title='bbox 2890 5730 3282 5802; x_wconf 75' lang='lat' dir='ltr'>constituitur.</span> <span class='ocrx_word' id='word_1_877' title='bbox 3312 5740 3385 5801; x_wconf 92' lang='lat' dir='ltr'>Ut</span> <span class='ocrx_word' id='word_1_878' title='bbox 3414 5742 3693 5803; x_wconf 87' lang='lat' dir='ltr'>nimirum</span> 
     </span>
    </p>
   </div>
  </div>
