4074 6190
264 252 364 310 511
720 252 778 312 S.
824 253 1047 314 PETRI
1089 257 1414 317 DAMIANI
1457 259 1611 320 OPP.
1657 262 1909 323 TOMUS
1950 263 2091 325 SEU
2132 261 2323 322 PARS
2361 260 2464 319 III.
2509 292 2573 303 —-
2613 259 3005 319 OPUSCULA
3049 259 3307 319 VARIA.
3661 254 3766 313 512

263 375 427 473 prius
475 391 597 473 per_
625 378 1045 473 confessionem
1079 382 1309 456 propria
1346 386 1615 445 studeant
1644 393 1830 447 errata
1857 387 2402 451 cor-Asententiam
2448 389 2638 444 teneat
2683 385 2733 443 si
2781 385 2933 443 hanc
2982 383 3226 443 clericus
3277 396 3397 440 non
3447 380 3768 439 observat?

263 464 467 563 rigere,
499 464 601 537 qui
629 465 761 524 aliis
800 467 1005 561 volunt
1036 485 1289 530 errorem
1320 474 1731 534 conﬁtentibus
1763 477 1974 537 subve-
2031 473 2339 552 Nunquid
2389 474 2702 550 conjugati,
2763 474 2894 561 qui,
2923 470 3103 532 ﬁlios'
3131 471 3428 540 nutriunt,
3493 472 3619 544 qui.
3652 470 3769 551 Deo

263 558 411 612 ΠῘΓΘ·
738 570 743 579 ’
812 558 815 561 ’
950 629 1188 637 ~_____
1226 632 1274 637 __
2057 566 2308 624 decimas
2360 580 2435 623 ex
2491 563 2672 637 ipsius
2726 558 3064 620 auctoritate
3114 559 3458 634 persolvunt
3502 568 3525 618 ?
3582 586 3609 609 ‹‹
3657 558 3769 629 Qui

943 629 1188 690 CAPUT
1226 632 1295 693 V-
2056 657 2214 714 enim
2270 656 2455 724 offert,
2513 629 2580 713 ut
2634 652 2850 711 Paulus
2903 652 3003 723 ait,
3057 629 3291 710 necesse
3344 656 3430 708 est
3480 665 3617 709 eum
3670 648 3773 707 ali-

267 726 421 792 Quod
466 729 766 782 communio
820 730 948 784 vitae
998 733 1249 835 unionem
1301 738 1536 807 Spiritus
1588 744 1639 794 et
1685 742 1973 797 rectitudi-
2057 745 2200 819 quid
2252 744 2465 801 habere
2540 741 2694 815 quod
2764 741 2964 798 offerat
3014 741 3202 810 (Hebr.
3262 740 3408 811 VIII).
3464 761 3490 788 ιι
3549 737 3772 796 Deinde

933 826 1297 894 πετηῬανίατ-
2057 834 2347 909 quomodo
2378 831 2586 906 poterit
2620 830 2678 888 in
2702 831 2886 909 .choro
2916 830 3051 903 quis
3089 828 3465 903 psallentium
3495 826 3772 886 constitu-

335 911 709 1001 Quapropter,
765 915 1112 990 charissimi,
1169 922 1217 979 si
1268 922 1445 981 vultis
1483 925 1545 983 in
1597 928 1811 1000 populo
1849 929 1971 1001 Dei,

264 1000 481 1076 quibus
512 1003 1281 1083 ad~exemplum.praapositi
1313 1012 1472 1084 estis,
1507 1015 1658 1073 inter
1696 1032 1840 1091 quos
1886 1020 1977 1078 lu-

263 1093 403 1151 cetis
470 1096 637 1168 quasi
715 1095 1028 1158 luminaria
1105 1102 1168 1159 in
1242 1106 1481 1176 mundo,
1540 1108 1787 1167 verbum
1843 1110 1980 1169 vitae

204 1244 217 1252 ,
263 1183 625 1243 continentes
683 1204 696 1256 ;
760 1187 809 1245 si
866 1190 1088 1261 vultis,
1147 1192 1430 1266 inquam,
1486 1194 1639 1254 inter
1694 1214 1790 1257 eos
1849 1201 1979 1257 ani-

142 1308 156 1333 ,
264 1286 494 1329 marum
544 1272 704 1331 lucra
753 1278 1115 1352 conquirere,
1171 1280 1219 1338 si
1266 1288 1523 1339 errantes
1563 1283 1633 1341 ad
1681 1284 1981 1359 religionis

148 1413 157 1423 .
264 1362 405 1421 libet
442 1362 844 1423 rectitudinem
890 1382 1217 1440 provocare,
1244 1369 1305 1428 in
1333 1370 1763 1447 vobismetipsis
1794 1374 1977 1447 prius,

264 1450 312 1507 si
352 1465 469 1522 qua
504 1457 656 1518 sunt,
708 1452 943 1525 obliqua
983 1454 1229 1529 dirigite,
1282 1462 1336 1515 et
1370 1457 1439 1515 ad
1483 1459 1739 1517 scholam
1768 1460 1980 1521 Christi

2062 929 2173 992 tus,
2225 937 2323 979 cor
2369 921 2557 979 ﬁxum
2606 920 2663 978 in
2713 919 2969 978 oratione
3004 926 3218 989 tenere,
3255 917 3357 992 qui
3383 917 3455 975 de
3484 916 3688 975 loculis
3717 921 3774 974 et

2061 1008 2206 1067 519
2236 1009 2635 1084 eapsidilibus,
2678 1023 2753 1065 ne
2796 1008 2993 1069 audax
3038 1007 3271 1065 advolet
3322 1022 3552 1076 manus,
3607 1022 3771 1064 exco-

2061 1099 2251 1175 gitat?
2300 1100 2371 1157 de
2417 1098 2729 1171 apothecis,
2779 1104 2836 1156 et
2889 1098 3130 1167 horreis,
3180 1113 3255 1155 ne
3301 1096 3528 1155 furibus
3580 1095 3769 1155 famu-

2060 1189 2274 1260 lentur,
2302 1188 2652 1247 addubitat?
2682 1203 2757 1245 ne
2785 1203 2902 1246 non
2935 1203 3081 1245 serae
3130 1187 3331 1245 minus
3380 1185 3580 1244 ﬁdeles
3625 1183 3774 1243 obsi-

2062 1286 2230 1350 stant,
2265 1285 2437 1354 atque
2463 1281 2534 1337 de
2562 1279 2762 1338 furum
2809 1270 3036 1353 semper
3074 1276 3478 1350 obrepentium
3509 1275 3773 1348 irruptio-

2062 1386 2138 1428 ne
2166 1366 2483 1428 formidat?
2513 1368 2633 1440 Ego
2658 1374 2853 1426 autem
2886 1367 3127 1427 forsitan
3165 1368 3434 1439 mentior,
3481 1365 3580 1424 sed
3620 1381 3774 1425 nun-

2062 1456 2207 1531 quid
2256 1454 2481 1513 Veritas
2536 1455 2742 1528 poterit
2790 1456 3046 1526 mentiri,
3094 1472 3228 1530 quae
3269 1454 3450 1521 dicit:
3489 1477 3511 1506 ι
3547 1454 3771 1527 Ubiest

267 1536 445 1594 simul
484 1538 914 1609 convenientes,
953 1541 1015 1599 in
1052 1545 1465 1605 communione
1496 1548 1632 1607 vitae
1673 1554 1727 1606 et
1762 1552 1981 1610 unione
2064 1544 2372 1602 thesaurus
2420 1550 2575 1610 tuus.
2612 1544 2695 1601 ibi
2736 1551 2821 1603 est
2871 1551 2927 1603 et
2977 1559 3074 1604 (ἳοΓ
3121 1552 3311 1603 ῐυῑιῐῐιο
3348 1567 3368 1593 υ
3406 1547 3627 1612 (Matth
3662 1556 3722 1603 VI
3753 1563 3770 1615 ;

265 1625 521 1725 spiritus-
545 1629 901 1686 concorditer
942 1642 1292 1725 permanete.
1329 1636 1458 1696 Non
1502 1636 1657 1696 inter
1689 1655 1791 1697 vos
1821 1641 1975 1699 divi-
2058 1637 2188 1693 Luc.
2226 1636 2356 1700 XII.)
2405 1633 2476 1693 Et
2521 1632 2666 1693 forte
2701 1633 3061 1694 tolerabilius
3104 1637 3450 1705 censeretur,
3480 1635 3531 1692 si
3557 1634 3621 1694 in
3651 1634 3774 1695 suis

266 1716 351 1810 sio
385 1716 467 1810 sit
490 1716 814 1810 domorum,
838 1735 966 1810 non
1005 1722 1256 1781 scissura
1287 1725 1594 1796 mentium,
1630 1742 1745 1785 non
1782 1729 1977 1787 diver—
1998 1724 2459 1806 Bpenetralibus
2509 1725 2696 1784 officia
2734 1726 2946 1785 divina
2974 1732 3335 1801 peragerent,
3384 1741 3452 1783 ac
3498 1741 3616 1784 non
3653 1725 3776 1785 lon-

271 1803 801 1902 sita-sufacultatum.
836 1805 1184 1902 Mementote
1224 1828 1467 1886 semper,
1519 1814 1657 1888 quia
1700 1815 1771 1874 de
1820 1803 2034 1878 sectis—
2069 1816 2199 1889 gius
2245 1814 2592 1885 laborantes,
2623 1815 2706 1873 ibi
2756 1817 2943 1875 Deum
2979 1823 3325 1892 quaererent,
3379 1816 3483 1876 ubi
3544 1815 3776 1888 peculia

268 1890 565 1988 lapidibus
594 1894 775 1954 altare
801 1899 1063 1972 reprobat
1094 1899 1285 1960 Deus:
1324 1926 1345 1953 ι
1380 1903 1440 1962 Si
1473 1904 1631 1963 enim
1675 1907 1978 1981 levaveris,
2069 1904 2456 1976 custodirent;
2489 1913 2553 1963 ut
2603 1921 2737 1964 cum
2784 1906 2903 1988 illis
2956 1890 3281 1966 diceretur:
3327 1932 3355 1956 α
3395 1906 3507 1967 Ubi
3537 1911 3621 1966 est
3647 1907 3775 1965 the-

267 1978 478 2081 inq‘Uil,
508 1994 710 2081 J‘Super
756 2000 893 2081 eum
945 1988 1198 2081 cultrum
1242 1996 1410 2049 tuum
1459 1993 1754 2066 polluetur
1781 1977 1976 2068 (Exod.
2064 2009 2275 2053 sanrus
2304 2000 2463 2065 tuus,
2503 1993 2586 2052 ibi
2635 2001 2719 2053 est
2750 2001 2805 2054 et
2846 1977 2944 2055 cor
2989 2003 3203 2068 tuum;
3239 2017 3267 2050 »
3304 2011 3422 2057 non
3460 1997 3776 2072 incongrue

269 2072 464 2169 sxta.)
507 2070 658 2129 Secti
708 2073 922 2169 quippe
963 2076 1185 2152 lapides
1230 2087 1388 2153 sunt,
1442 2084 1544 2157 qui
1582 2086 1851 2146 fraternae
1895 2105 2007 2147 so--
2065 2084 2461 2145 subderetur:
2497 2082 2600 2141 ubi
2632 2089 2716 2141 est
2739 2085 2911 2143 etiam
2939 2081 3094 2165 Deus
3122 2092 3277 2145 tuus.

267 2160 487 2263 cie‘tatis
530 2166 911 2263 consortium
932 2178 1250 2263 respuunt;
1297 2174 1398 2248 qui
1446 2176 1643 2235 vivere
1691 2194 1828 2241 cum
1862 2181 1981 2239 fra-
2147 2172 2293 2231 520
2322 2174 2432 2234 Sed
2461 2175 2740 2249 quoniam
2764 2190 2856 2232 res
2880 2160 3006 2233 huic
3032 2191 3149 2235 non
3174 2175 3421 2235 ridenda
3435 2180 3539 2246 est,
3560 2174 3660 2233 sed
3679 2160 3815 2233 do-u’

273 2252 481 2352 ξξξδξιξς
513 2260 567 2311 εἴ
590 2252 916 2352 ροηνότεδτὶ
945 2262 1300 2352 concorditer
1329 2264 1556 2324 nolunt.
1589 2267 1756 2326 Tales
1784 2276 1981 2333 autem
2065 2264 2256 2333 lenda,
2287 2266 2519 2324 obsecro
2569 2281 2693 2335 vos,
2735 2263 3097 2322 dilectissimi
3136 2264 3283 2323 mihi
3318 2265 3541 2335 fratres,
3577 2269 3632 2322 et
3667 2264 3769 2322 do-

274 2339 537 2399 Christus
584 2339 665 2400 in'
702 2360 810 2404 suo
859 2362 976 2405 non
1027 2350 1230 2423 recipit
1268 2367 1521 2425 corpore,
1554 2369 1701 2427 quos
1727 2372 1761 2414 a
1807 2370 2023 2416 mem-’
2066 2355 2237 2427 mini,
2270 2355 2465 2428 nolite,
2497 2370 2629 2428 quae
2661 2353 3050 2427 suggerimus,
3087 2354 3521 2428 parvipendere,
3574 2352 3671 2411 sed
3703 2352 3772 2410 in

271 2428 797 2530 brorumhsuorum
847 2443 1026 2496 sectos
1052 2438 1277 2512 judicat
1318 2442 1558 2500 unitate.
1593 2443 1675 2502 De
1703 2444 1822 2504 illis
1855 2463 1983 2520 por-
2067 2445 2263 2505 schola
2290 2462 2393 2504 vos
2420 2445 2631 2504 Christi
2659 2445 2767 2503 sub
2796 2444 3104 2518 disciplina
3132 2444 3313 2502 sancti
3356 2443 3604 2518 Spiritus
3631 2458 3771 2502 con-

272 2534 338 2617 ΞΟ
382 2520 674 2617 lapidibus
717 2526 895 2585 altare
947 2535 1032 2586 est
1076 2530 1266 2603 potius
1304 2531 1729 2607 fabricandum,
1770 2536 1986 2609 quibus
2065 2541 2335 2611 gregate;
2379 2541 2668 2610 quatenus
2700 2535 2825 2607 ipse
2850 2534 3158 2593 uobiscum
3189 2549 3370 2606 nunc,
3398 2541 3454 2592 et
3482 2548 3669 2607 usque
3697 2531 3772 2590 ad

271 2610 476 2712 Petrus
518 2614 1038 2712 dicitua‘postolus:
1084 2643 1105 2670 ι
1147 2621 1219 2678 Et
1267 2621 1378 2712 ipsi
1430 2629 1708 2710 tanquam
1762 2625 1981 2699 lapides
2062 2625 2621 2684 consummationem
2677 2624 2879 2683 saeculi
2928 2627 3150 2695 (Matth.
3197 2628 3437 2711 XXVIII),
3490 2624 3638 2682 sicut
3687 2628 3777 2681 est

270 2704 394 2803 vivi
430 2704 1219 2803 supe-raadificamini-domus
1238 2707 1644 2803 spiritualesa
1671 2718 1811 2774 Petr.
1841 2721 1922 2782 II).
1953 2740 1974 2768 σι
2058 2715 2373 2791 pollicitus,
2416 2721 2661 2786 maneat,
2719 2721 2775 2773 et
2827 2716 2898 2803 ad
2940 2715 3121 2773 Patris
3173 2712 3269 2772 sui
3319 2704 3564 2787 gloriam
3617 2713 3772 2772 felici
3838 2709 3861 2717 “

224 2858 225 2861 η
272 2791 379 2851 Cui
427 2792 695 2853 videlicet
743 2797 942 2856 domui
983 2799 1084 2857 ille
1134 2801 1581 2860 fundamentum
1622 2812 1723 2875 est,
1776 2814 1984 2879 praeter
2063 2806 2427 2881 postmodum
2461 2821 2563 2864 vos
2594 2795 3055 2863 remuneratione
3086 2803 3376 2878 perducat.
3409 2803 3771 2873 Quibusdam

273 2882 428 2954 quod
465 2898 583 2973 non
614 2891 798 2958 potest
841 2888 1001 2946 aliud
1047 2890 1185 2961 poni
1217 2891 1263 2962 (Ι
1281 2894 1407 2955 ιϐον.
1439 2899 1527 2962 III)
1556 2912 1572 2964 ;
1606 2894 1703 2953 ille
1737 2897 1978 2955 summi-
2064 2894 2208 2952 forte
2238 2892 2589 2973 displiceam,
2632 2892 2768 2965 quia
2795 2890 2940 2949 dum
2967 2890 3110 2949 alios
3135 2891 3287 2949 intra
3322 2890 3604 2964 regularis
3633 2890 3771 2948 vitae

275 2979 381 3040 tas,
414 2972 516 3047 qui
543 2975 728 3033 factus
753 2983 838 3033 est
872 2977 933 3035 iu
969 2986 1138 3052 caput
1161 2982 1365 3055 anguli
1395 2987 1565 3051 (Psal.
1598 2988 1803 3048 CXVII).
1835 2987 1984 3046 Praa-
2062 2983 2306 3042 limitem
2346 2996 2702 3054 compescere
2737 2980 2937 3053 gestio,
2984 2979 3107 3052 ipse
3159 2979 3395 3037 modum
3443 2977 3769 3052 compendii

274 3063 745 3158 tereahnunquid
780 3067 974 3158 otiose
1011 3070 1266 3158 praecipit
1296 3072 1642 3158 Dominus:
1703 3099 1731 3126 α
1771 3076 1977 3147 Nolite,
2005 3069 2384 3158 r,‘epistolaris
2425 3070 2661 3158 excedo.
2714 3068 2833 3158 Sed
2880 3067 3094 3158 optime
3135 3074 3555 3158 compensatur,
3599 3066 3647 3125 si
3682 3081 3773 3123 ar-

274 3150 488 3222 inquit,
541 3152 927 3214 thesaurizare
972 3157 1136 3215 vobis
1188 3156 1490 3219 thesauros
1535 3163 1597 3220 in
1650 3171 1820 3237 terra,
1874 3166 1977 3224 ubi
2005 3150 2257 3235 ugnitur
2284 3156 2589 3230 imperitiae
2616 3156 2874 3229 scriptor,
2914 3156 3229 3214 dummodo
3250 3154 3768 3230 pr’oticiatsapien-

275 3253 492 3312 aerugo,
547 3245 602 3297 et
644 3242 797 3300 tinea
826 3243 1156 3316 demolitur,
1190 3253 1244 3304 et
1270 3247 1373 3305 ubi
1406 3248 1561 3308 fures
1590 3251 1893 3325 effodiunt,
1925 3259 1980 3312 et

275 3325 593 3387 furantur?
622 3349 650 3382 »
682 3335 904 3400 (Matth.
936 3338 1042 3404 VI.)
1070 3333 1233 3405 Quis,
1265 3352 1484 3410 quzeso,
1517 3339 1699 3413 hujus
1725 3342 1979 3400 mandati

2064 3259 2148 3309 ter
2174 3249 2420 3309 auditor.
3214 3324 3225 3335 ἱ
3284 3320 3298 3336 ⁸

2449 3341 2537 3398 Sit
2560 3358 2751 3397 nomen
2777 3342 2997 3397 Domini
3027 3341 3377 3397 benedictum.

273 3534 3767 3562 ._______________________________________________

577 3687 899 3749 52””
987 3680 1833 3829 OPUSCULUM
1916 3716 2186 3826 VlCl

1971 3714 2681 3826 llCESlMUM
2773 3710 3469 3827 OCTAVUM.
3557 3834 3580 3874 ᾖ,

864 3961 875 3969 ί
936 3924 1532 3997 ΑΡΟΕΟΒΕΤΓΟΗΞ
1586 3933 2133 4033 MQNACHORUM
2188 3928 2473 3995 ADVERE

1586 3933 2133 4033 MQNACHORUM
2188 3928 2597 4011 ADVERSUS
2655 3928 3109 4044 CAl‘IONICOS.
3154 3994 3156 3997 ,

1831 4109 2219 4123 ﬂ

272 4232 717 4313 Aaqunaui‘uu.
748 4262 817 4311 -τ-
845 4230 1182 4313 Queruntur
1206 4233 1680 4313 monachi,_quod
1702 4250 1745 4313 _a
1772 4236 2139 4313 coetutotius
2159 4234 2440 4313 Ecclesiae
2470 4248 2572 4309 per
2594 4232 2909 4313 ’canonicos
2938 4230 3181 4313 euclusig
3207 4227 3440 4297 fuerint,
3485 4243 3617 4313 cum
3661 4228 3773 4301 ipsi

343 4303 416 4383 ab
448 4303 738 4383 apostolis,
769 4302 896 4383 imo.
917 4318 950 4360 a
973 4304 1272 4383 prophetis
1307 4300 1784 4383 suam'tr‘axeriiit
1812 4306 2127 4383 originem._
2157 4300 2727 4383 Severequ'emdam'
2761 4305 3039 4383 arguunt.
3083 4301 3184 4375 qui
3214 4317 3391 4383 ausus
3419 4304 3505 4383 est
3530 4300 3720 4383 dicere
3737 4318 3767 4380 ,ε

349 4370 730 4457 gmbnachjs
769 4370 1051 4457 ‘Ecclesile.
1072 4370 1429 4457 sacramenta
1478 4376 1663 4457 nunc“
1685 4384 1845 4457 pacto
1894 4370 2749 4457 eSSe_i_ninistrandzi._Denique
2776 4370 3044 4457 eigemplo
3072 4370 3408 4457 sanctorum
3436 4370 3772 4457 Augustini,
3852 4442 3863 4449 _

351 4444 715 4524 Hieronymi,
750 4445 1054 4503 Athanasii
1103 4452 1158 4504 et
1205 4446 1432 4504 decreto
1487 4441 1770 4505 Bonifa‘cii
1817 4464 1981 4522 papas
2026 4450 2105 4509 IV
2152 4449 2395 4524 probant
2444 4441 2669 4522 ligandi
2692 4454 2746 4506 et
2774 4441 3038 4505 solvendi
3086 4451 3421 4519 potestatem
3468 4441 3782 4502 monachos

350 4515 581 4572 habere.

288 4660 295 4669 ’
348 4676 581 4736 Cunctis
616 4677 1033 4737 amantissimis
1061 4677 1283 4738 clericis
1314 4695 1380 4738 ac
1423 4680 1739 4771 canonicis,
1783 4687 2044 4745 omnesD
2065 4681 2306 4756 scripsit,
2356 4680 2683 4755 primitivos
2727 4677 3081 4737 Christianos
3125 4675 3460 4749 monachos,
3514 4690 3631 4732 non
3683 4689 3779 4732 ca-

276 4767 629 4827 unanimiter
662 4766 952 4825 monachi.
1182 4826 1197 4857 ‘

349 4859 621 4930 Multum,
672 4858 874 4916 fratres
917 4856 1261 4927 charissimi,
1305 4856 1351 4914 si
1391 4856 1554 4931 digni
1594 4859 1729 4917 estis
1763 4860 1985 4930 audire,

280 4950 582 5017 miramur,
612 4949 900 5025 quomodo
949 4949 1041 5007 vel
1084 4949 1157 5007 ob
1199 4965 1373 5022 quam
1418 4964 1649 5007 causam
1697 4951 1988 5023 conamini

281 5053 385 5095 nos
431 5053 464 5095 a
509 5035 795 5095 consortio
841 5044 896 5093 et
922 5032 1155 5107 unitate
1196 5036 1543 5117 universalis
1588 5037 1857 5096 Ecclesia:
1900 5054 1989 5095 se-

276 5144 522 5205 parare:
561 5142 692 5186 cum
740 5132 959 5184 constet
1004 5142 1037 5183 a
1074 5126 1394 5199 monachis,
1444 5143 1559 5185 non
1617 5143 1649 5184 a
1696 5128 1989 5205 canonicis

268 5218 666 5305 pniversalem
718 5217 1029 5277 Ecclesiam
1076 5220 1395 5289 fundatam,
1441 5221 1820 5293 gubernatam
1866 5227 1921 5279 et
1956 5236 1990 5279 a

279 5312 507 5371 diverso
553 5318 744 5371 errbre
785 5312 1111 5370 cribratami
1168 5311 1421 5386 Apostoli
1467 5328 1676 5386 nempe
1717 5312 1988 5370 fundato-

278 5422 389 5475 res,
444 5410 499 5460 et
556 5411 799 5461 rectores
870 5402 1258 5462 Ecclesiarum
1333 5410 1546 5473 nostro,
1606 5418 1723 5485 non
1799 5410 1988 5462 vestro

242 5511 439 5554 -morc
498 5494 789 5564 vivebant,
843 5500 910 5552 ut
974 5494 1160 5552 Lucas
1214 5493 1568 5567 evangelista
1625 5492 1687 5557 in
1746 5492 1990 5551 Actibus

281 5584 667 5659 apostolorum
716 5585 887 5643 refert
933 5583 1079 5646 (Act.
1119 5581 1158 5645 ι)
1197 5603 1210 5642 :
1261 5590 1315 5642 et
1362 5583 1529 5642 Philo
1577 5582 1990 5641 disertissimus

281 5676 641 5748 Judmorum,
676 5675 734 5730 in
774 5674 937 5732 libris
963 5690 1107 5749 quos
1136 5674 1193 5731 in
1232 5674 1463 5733 laudem
1500 5681 1826 5733 nostrorum
1854 5689 1985 5732 con-

2070 4769 2308 4829 nonicos
2360 4774 2560 4839 vocat;
2624 4774 2678 4825 et
2756 4763 3084 4823 habitacula
3158 4778 3359 4823 eorum
3434 4760 3781 4821 monasteria

2072 4864 2374 4932 nuncupat
2442 4874 2508 4916 ac
2571 4853 3003 4931 quamplurima
3077 4853 3235 4924 dicit,
3292 4868 3389 4911 eos
3462 4847 3781 4908 laudabilia

2071 4948 2275 5021 egisse,
2334 4954 2388 5005 et
2447 4942 2873 5017 conscripsisse.
2936 4941 3117 5000 Certe-
3161 4940 3364 5012 nostri,
3420 4955 3536 5000 non
3603 4937 3777 4995 vestri

2070 5040 2293 5099 ordinis
2341 5038 2567 5112 Moyses
2614 5041 2669 5093 et
2721 5035 2877 5092 Elias
2927 5034 3090 5091 fuere
3146 5033 3342 5101 (Emod.
3377 5043 3479 5098 III;
3522 5033 3603 5086 III
3643 5032 3777 5095 Reg.

2071 5134 2245 5200 XVII),
2290 5141 2554 5187 eremum
2598 5124 2700 5198 qui
2748 5121 3085 5181 incoluere:
3130 5119 3309 5181 nostri
3353 5123 3613 5177 auctores
3648 5131 3780 5187 gre-

2069 5236 2168 5293 ges
2223 5217 2632 5291 prephetarum
2674 5226 2810 5270 cum
2847 5209 3065 5284 quibus
3118 5207 3392 5281 reprobus
3442 5204 3601 5293 Sauli
3630 5218 3781 5293 saepe

2070 5291 2323 5363 cantavit
2358 5309 2408 5373 (Ι
2460 5308 2591 5371 Reg.
2629 5305 2780 5359 XVI".
2823 5299 3092 5370 Longum
3137 5304 3220 5353 est
3270 5297 3508 5370 paginas
3559 5291 3782 5351 Veteris

2072 5394 2423 5454 Testamenti
2466 5392 2783 5459 revolvere,
2840 5388 3147 5446 veniamus
3193 5386 3265 5443 ad
3323 5385 3575 5450 Novum,
3621 5381 3808 5458 quod~

2071 5480 2242 5561 supra
2298 5486 2664 5559 reliquimus.
2722 5480 3026 5555 Apostolos
3066 5486 3247 5548 .certe,
3307 5483 3361 5533 et
3424 5490 3778 5533 successores

2071 5595 2294 5653 eorum,
2328 5579 2376 5636 si
2410 5575 2841 5637 irreverberatis
2872 5572 3055 5632 oculis
3104 5569 3343 5645 paginas
3376 5567 3521 5627 Novi
3553 5566 3776 5624 Instru-

2072 5668 2251 5729 menti
2300 5666 2612 5743 percipitis,
2660 5662 2997 5723 monachico
3043 5674 3159 5720 non
3198 5657 3472 5717 canonico
3500 5669 3659 5713 more
3690 5654 3781 5712 vi-
