4048 6190
141 289 243 347 513

1154 272 1407 338 ΟΡΗ80.
1450 274 1712 335 XXVIII.
1758 261 2283 332 —.APOLOGET.
2326 273 2657 334 MONACH.

3554 285 3656 345 514

142 427 278 471 vere
328 404 659 477 invenietis,
731 404 931 479 eisque
990 407 1327 478 potestatem
1399 402 1619 475 ligandi
1685 398 1922 474 atqueA
1942 395 2259 455 riosissime
2330 398 2752 473 gubernarunt.
2816 398 3129 476 Gregorius
3184 420 3257 462 ex
3319 409 3667 468 monasterio

143 481 412 559 solvendi
454 497 672 570 (Matth.
708 496 875 564 XVIII)
924 506 1253 552 concessam
1278 508 1312 550 a
1370 491 1617 550 Domino
1661 489 1865 563 procul

145 589 327 647 dubio
357 584 672 660 reperietis.
713 582 879 653 Quod
911 582 961 641 si
1014 583 1092 640 ita
1143 588 1246 646 est.
1293 581 1412 639 imo
1454 581 1592 655 quia
1640 580 1721 637 ita
1758 583 1862 648 est,

146 694 244 736 cur
276 692 388 734 nos
419 675 495 732 ab
516 675 626 753 hoc
652 671 958 746 privilegio
983 686 1246 744 separare
1293 671 1588 728 conamini
1610 668 1651 727 ?.
1670 667 1863 727 Nesci‘

149 767 235 834 tis,
267 765 413 837 quia
445 762 663 837 quibus
709 762 861 819 dixit
886 760 1197 834 Apostolus
1228 784 1241 817 :
1276 758 1491 818 Mortui
1518 759 1679 817 enim
1706 756 1864 827 estis,

150 857 367 914 scilicet
418 853 639 912 mundo
687 855 915 922 (Coloss.
963 857 1095 919 Ill):
1148 848 1366 907 eisdem
1426 847 1579 905 dixit
1630 848 1693 904 in
1756 846 1868 903 alia

156 945 408 1020 EpistoIa
439 967 453 1002 :
494 942 759 1013 Nescitis,
788 943 929 1015 quia
958 938 1195 1014 angelos
1217 938 1633 1012 judicabimus,
1652 943 1868 1010 quanto

152 1034 338 1106 magis
390 1032 740 1106 saecularia!
793 1033 839 1100 (Ι
863 1030 1110 1101 Cor.V1.)
1159 1028 1311 1100 Ergo
1350 1027 1418 1096 si,
1463 1027 1609 1085 sicut
1644 1042 1748 1085 vos
1775 1025 1867 1084 di-

149 1104 302 1189 citis,
341 1104 564 1193 mundo
591 1119 805 1178 mortui
834 1133 1060 1187 sumus,
1093 1116 1310 1174 scilicet
1336 1116 1496 1174 vitiis
1521 1123 1575 1173 et
1602 1116 1866 1189 peccatis,

153 1226 269 1268 non
302 1207 729 1276 erubescimus,
784 1206 923 1281 quia
972 1205 1126 1264 idem
1170 1204 1479 1277 Apostolus
1521 1204 1704 1263 dicit:
1745 1230 1770 1257 α
1807 1204 1869 1264 Si

154 1304 352 1356 autem
407 1296 623 1354 mortui
654 1311 858 1354 sumus
909 1309 1043 1352 cum
1090 1283 1336 1362 Christo,
1387 1293 1678 1352 credimus
1730 1293 1869 1368 quia

154 1386 336 1443 simul
373 1400 746 1457 msurgemus
773 1398 906 1442 cum
940 1382 1065 1457 ipso
1098 1386 1177 1445 (II
1196 1386 1332 1440 Tim.
1362 1395 1404 1441 II
1435 1401 1451 1453 ;
1477 1387 1630 1439 Rom.
1671 1378 1801 1451 v1)";
1837 1403 1863 1435 ι)

153 1476 415 1547 itemque
452 1497 465 1530 :
534 1499 554 1523 ι
590 1472 737 1531 Mihi
788 1472 986 1531 vivere
1035 1472 1299 1530 Christus
1340 1477 1447 1542 est,
1489 1479 1544 1529 et
1592 1471 1742 1530 mori
1780 1472 1871 1531 lu-

154 1580 322 1622 crum
361 1566 631 1636 (Philipp.
664 1567 705 1631 1)
739 1580 755 1631 ;
790 1588 816 1610 »
848 1567 904 1620 et
939 1560 1003 1617 in
1032 1561 1145 1618 alio
1175 1560 1298 1619 loco
1329 1585 1341 1618 :
1380 1584 1407 1612 α
1461 1560 1609 1619 Vivo
1653 1568 1869 1635 autem,

161 1668 275 1710 non
304 1652 429 1726 jam
458 1667 584 1725 ego,
617 1651 765 1709 vivit
791 1666 929 1709 vero
969 1648 1031 1707 in
1088 1665 1181 1707 me
1222 1649 1494 1707 Christus
1537 1652 1682 1720 (Gal.
1722 1654 1803 1719 II).
1845 1673 1866 1702 ι

156 1739 289 1800 Sed-
312 1755 387 1799 ne
427 1740 819 1812 turbarentur,
851 1740 952 1814 qui
981 1755 1042 1797 se
1071 1738 1234 1798 toties
1263 1745 1519 1797 mortuos
1553 1739 1936 1820 audissent,B

153 1830 237 1887 ait
279 1855 293 1888 :
370 1853 392 1881 α
444 1829 687 1888 Nescitis
738 1829 876 1904 quia
917 1827 1151 1902 angelos
1191 1827 1604 1902 judicabimus,
1655 1835 1874 1902 quanto

158 1921 349 1995 magis
392 1920 696 1979 saecularia
734 1921 747 1979 !
792 1942 814 1971 ι
860 1923 912 1988 (Ι
965 1920 1082 1976 Cor.
1131 1922 1240 1987 v1.)
1272 1917 1419 1976 Ecce
1454 1924 1648 1976 nostra
1698 1918 1874 1977 liber—

160 2018 266 2069 tas.
307 2008 495 2079 Quare
523 2019 545 2067 ?
573 2008 712 2083 quia
746 2008 902 2066 idem
956 2007 1266 2082 Apostolus
1320 2006 1461 2065 dicit
1492 2030 1505 2063 :
1547 2029 1569 2057 α
1598 2006 1710 2065 Ubi
1756 2007 1876 2081 spi-

160 2100 315 2159 ritus
341 2097 595 2169 Domini,
641 2097 724 2155 ibi
780 2097 1014 2155 libertas
1068 2098 1141 2170 (II
1181 2098 1299 2155 Cor.
1351 2101 1457 2167 ut.)
1512 2116 1539 2149 »
1580 2095 1688 2153 Vae
1739 2112 1875 2169 ergo

158 2188 336 2247 nobis
364 2195 419 2245 et
456 2186 638 2258 vobis,
672 2186 721 2244 si
751 2185 963 2244 mortui
1001 2201 1121 2244 non
1177 2183 1465 2244 fuerimus
1513 2185 1752 2244 mundo.
1814 2184 1874 2245 Si

157 2276 350 2349 igitur
396 2275 609 2334 mortui
652 2290 855 2333 sumus
898 2274 1143 2345 mundo,
1173 2279 1230 2332 et
1262 2274 1523 2333 vivimus
1572 2274 1708 2347 Deo,
1738 2290 1875 2349 pro-

159 2366 440 2424 babimus
467 2382 570 2439 vos
597 2381 700 2440 per
727 2365 925 2424 omnia
954 2380 1079 2422 esse
1114 2363 1386 2423 mentitos
1417 2383 1433 2435 ;
1462 2363 1603 2439 quia
1638 2364 1829 2423 dicitis
1858 2384 1871 2424 :

160 2452 281 2513 Nos
308 2455 385 2512 ob
423 2454 549 2525 hoc,
580 2455 735 2528 quod
763 2455 979 2514 mortui
1030 2469 1238 2512 sumus
1277 2455 1516 2526 mundo,
1553 2471 1670 2514 non
1709 2470 1875 2529 posse

157 2543 499 2616 dispensare
521 2543 923 2602 ecclesiastica.
961 2543 1071 2602 Sed
1107 2543 1249 2617 quid
1280 2559 1382 2602 vos
1408 2544 1688 2602 extollitis
1715 2545 1741 2601 ‘I
1768 2545 1891 2603 Re:

157 2631 338 2690 colite
362 2631 643 2706 principia
666 2638 880 2702 nostra,
904 2640 960 2690 et
983 2640 1208 2703 vestra;
1235 2639 1290 2691 et
1319 2648 1393 2691 ex
1416 2633 1753 2692 auctoritate
1777 2634 1874 2693 Pa-

162 2728 347 2790 trum,
369 2720 463 2780 cui
492 2721 621 2796 plus
647 2729 948 2796 competat,
969 2721 1266 2796 collyriato
1289 2721 1518 2797 lumine
1534 2724 1869 2798 perjudicet.

711 2844 970 2922 CAPUT
996 2862 1311 2923 PRIMUM.

446 2980 762 3051 Canquestio
792 2983 1175 3044 monachorum
1224 2982 1290 3036 de
1320 2984 1613 3038 canonicis.
1680 3039 1697 3055 κ
1799 3036 1820 3046 ,

1948 492 2162 560 raptus,
2198 502 2264 544 ac
2292 487 2576 546 violenter
2633 487 2938 561 infulatus,
2970 506 3085 548 non
3121 491 3315 551 solum
3343 510 3479 553 suas
3522 511 3660 569 pro-

1948 576 2113 649 tulit,
2165 576 2265 634 sed
2334 577 2509 635 etiam
2573 577 2979 651 dispositiones
3049 578 3299 639 aliorum
3356 584 3660 643 meliorare

1948 667 2185 727 studuit.
2240 667 2398 726 Num
2444 668 2617 726 etiam
2671 667 2987 726 Martinum
3034 668 3439 739 (Turonensem
3487 675 3689 732 omit-.

1950 759 2191 817 tendum
2223 761 2457 833 putatis,
2487 760 2580 818 cui
2627 762 2835 819 astanti
2880 771 3234 822 sacramento
3284 764 3485 824 divino
3534 768 3661 839 glo-

1928 849 2059 908 xbus
2089 850 2297 923 igneus
2343 850 2668 925 apparuit?
2721 851 2937 910 Forsan
2977 868 3053 910 ex
3085 853 3342 913 istorum
3387 856 3663 914 manibus

1950 940 2087 1014 quia
2134 956 2320 998 monat
2340 941 2400 997 hi
2442 941 2691 1011 fuerant,
2746 942 3043 1017 percipere
3075 952 3431 1003 sacramenta
3463 946 3665 1005 divina

1950 1031 2265 1106 quisquam
2322 1032 2568 1090 insanus
2615 1031 3165 1106 prohibuit?Ab31t.
3223 1036 3485 1094 Facessat
3529 1053 3663 1112 ergo
3710 1108 3713 1115 η

1951 1125 2157 1183 insana
2194 1131 2248 1183 et
2293 1130 2559 1198 proterva
2608 1124 2888 1197 doctrina,
2943 1130 3000 1184 et
3051 1134 3382 1187 sanctorum
3428 1128 3662 1188 Patrum

1952 1210 2227 1287 sequatur
2255 1213 2584 1285 auctoritas,
2618 1229 2753 1288 qua:
2802 1214 2974 1273 etiam
3026 1232 3099 1272 (Χ
3133 1217 3538 1293 cujuscunque
3572 1233 3664 1276 sa-

1950 1301 2192 1360 cerdotis
2260 1301 2533 1361 manibus
2589 1310 2941 1361 sacramenta
2994 1303 3235 1376 divina,
3289 1320 3407 1362 non
3473 1304 3661 1364 solum

1954 1388 2266 1462 percipere,
2298 1390 2395 1448 sed
2434 1392 2607 1448 etiam
2646 1391 3022 1464 dedignantes
3064 1394 3357 1467 suscipere
3384 1394 3458 1453 ab
3481 1394 3665 1452 eccle-

1954 1478 2038 1535 sia
2068 1486 2311 1551 separat,
2344 1480 2393 1538 si
2425 1487 2615 1539 tamen
2660 1481 2978 1540 sacerdotes
3020 1489 3192 1542 rectae
3240 1482 3375 1540 ﬁdei
3423 1484 3662 1543 fuerint.

1956 1567 2258 1628 Sufﬁcient
2284 1570 2393 1629 ista
2414 1571 2959 1631 contradicentibus.

2638 1712 2884 1773 CAPUT
2914 1716 2989 1774 II.
3092 1742 3095 1751 ι

2123 1820 2278 1886 Quod
2315 1825 2778 1876 sacramentorum
2807 1823 3223 1879 administratio
3249 1825 3527 1879 monachis

2280 1928 2400 1982 prae
2426 1913 2673 1967 omnibus
2714 1915 2925 1969 clericis
2970 1916 3125 1969 licita
3162 1911 3369 1983 fuerit:

2032 2018 2143 2081 Sed
2175 2020 2312 2093 quia
2332 2021 2509 2079 nimis
2529 2021 2925 2095 periculosum
2954 2029 3039 2081 est
3064 2024 3460 2082 obmutescere
3493 2023 3666 2097 velle,

1956 2108 2386 2171 introducimus
2474 2120 2530 2170 et
2600 2114 2746 2177 alios
2822 2120 3014 2182 testes,
3084 2113 3366 2173 Basilium
3431 2113 3667 2186 scilicet,

1957 2199 2361 2272 Athanasium,
2403 2206 2457 2260 et
2507 2202 2931 2274 Augustinum,
2982 2218 3087 2261 nec
3122 2219 3240 2262 non
3284 2209 3340 2262 et
3374 2203 3668 2277 Hierony-

1958 2304 2120 2367 mum
2150 2304 2331 2348 sacrae
2366 2289 2512 2363 legis
2557 2284 2950 2365 interpretem,
2988 2291 3384 2353 Marinianum
3435 2308 3667 2367 quoque

1958 2353 2355 2438 Ravennatem
2405 2381 2759 2455 episcopum,
2812 2389 2866 2440 et
2910 2384 3311 2455 Augustinum
3338 2353 3666 2458 Anglorum

1957 2468 2287 2542 praesulem,
2314 2485 2463 2543 quos
2506 2470 2653 2528 nulli
2685 2469 2932 2528 dubium
2977 2478 3062 2528 est
3092 2472 3402 2529 monachos
3456 2473 3658 2531 fuisse.

1956 2557 2379 2631 Nunquidnam
2400 2559 2956 2632 Romanipraasules,
2970 2576 3117 2628 quos
3138 2559 3545 2633 prtediximus,
3565 2562 3657 2621 vel

1956 2643 2073 2713 isti,
2130 2660 2274 2718 quos
2322 2662 2483 2704 nunc
2534 2646 2863 2717 retulimus,
2904 2647 3041 2720 quia
3090 2647 3359 2706 monachi
3405 2649 3663 2722 fuerunt,

1956 2731 2153 2791 minus
2184 2733 2504 2792 laudabiles
2533 2734 2715 2792 habiti
2745 2743 2880 2793 sunt
2908 2735 2936 2795 ?
2980 2735 3105 2794 Non
3148 2736 3368 2811 utique.
3402 2738 3663 2805 Forsitan

1952 2821 2265 2895 episcopos,
2317 2822 2699 2897 presbyteros,
2779 2824 3048 2882 diacones
3116 2840 3234 2883 non
3298 2824 3664 2899 ordinarunt,

1954 2911 2088 2982 quis
2133 2911 2375 2972 insanus
2423 2914 2631 2973 audeat
2682 2913 2918 2973 dicere?
2956 2916 3047 2973 An
3100 2912 3341 2974 forsitan
3382 2918 3663 2991 poeniten-

1956 2997 2096 3055 tiam
2124 2999 2455 3060 criminosis
2485 3018 2602 3062 non
2657 3002 3078 3077 imposuerunt,
3122 3011 3179 3061 et
3221 3003 3661 3077 absolutionem,

236 3104 451 3163 Contra
477 3120 579 3163 γοε
607 3105 803 3180 itaque
832 3104 1081 3164 multum
1108 3105 1539 3180 conquerimur,
1572 3106 1713 3179 quia
1740 3111 1873 3184 (ἰαί,
1890 3124 1934 3187 C
1958 3092 2026 3187 ut
2061 3089 2435 3172 competebat,
2465 3091 2887 3166 benignissime
2933 3107 3059 3185 non
3089 3092 3409 3151 addidere?
3454 3093 3665 3169 Utique

165 3196 305 3253 dam
337 3201 656 3252 vestrorum
685 3175 867 3253 ausus
904 3194 1015 3253 fuit
1066 3175 1371 3266 temerario
1415 3175 1534 3253 ore
1559 3175 1792 3258 dicere}
1825 3175 1933 3260 Av
1959 3175 2145 3266 ίδίξίὲτθ
2173 3186 2501 3250 Potuerunt-

164 3283 474 3344 monachis
504 3282 669 3343 nullo
695 3284 868 3342 modo
905 3283 1377 3343 communionem
1433 3300 1556 3343 esse
1595 3288 1878 3362 recipien-

165 3376 347 3444 dam;
380 3374 619 3448 insuper
674 3373 848 3432 etiam
895 3374 1273 3447 suscipientes
1326 3378 1874 3451 excommunicavit,

166 3470 223 3521 et
250 3463 317 3521 in
345 3462 719 3536 approbrium
752 3469 1037 3534 nostrum,
1065 3463 1185 3520 imo
1235 3462 1298 3520 in
1334 3463 1877 3545 condemnationem

170 3568 341 3612 suam
367 3560 425 3612 et
446 3553 681 3611 illorum
719 3552 1213 3611 recommunicare
1241 3551 1531 3626 praecepit.
1579 3552 1688 3613 Sed
1734 3557 1878 3630 quid

167 3650 374 3702 contra
409 3641 578 3700 illum
605 3650 629 3699 ?
662 3640 911 3712 Scimus,
948 3641 1085 3713 quia
1128 3655 1273 3714 pene
1301 3641 1479 3700 idiota
1507 3648 1609 3714 est,
1642 3650 1695 3702 et
1708 3637 1878 3703 'mul-

166 3740 361 3791 torum
398 3731 712 3789 criminum
753 3745 884 3789 reus
916 3748 932 3801 ;
970 3730 1218 3804 ideoque
1259 3730 1432 3804 juxta
1486 3730 1875 3807 Salomonem,
1948 3784 1953 3789 .

166 3823 426 3880 vitamus
452 3821 630 3880 stulto
656 3820 1001 3894 respondere
1021 3820 1193 3893 juxta
1222 3820 1530 3879 stultitiam
1561 3838 1749 3895 suam,
1802 3839 1878 3882 ne

167 3911 392 3969 similes
414 3911 469 3968 ei
495 3910 813 3969 eﬂiciamur
839 3914 1019 3981 (Prov.
1048 3912 1261 3983 XXVI),
1287 3908 1420 3981 Sed,
1448 3926 1520 3969 ne
1573 3912 1878 3972 videamur

170 4000 561 4071 succubuisse,
581 4000 925 4074 respondere
938 3999 1216 4059 volumus
1226 4000 1420 4072 stulto,
1460 4006 1523 4059 ut
1538 4001 1693 4059 idem
1711 4002 1894 4060 Salo»

170 4107 307 4150 mon
334 4091 622 4161 admonet,
639 4090 809 4163 juxta
831 4090 1138 4149 stultitiam
1168 4106 1354 4161 suam,
1385 4106 1461 4147 ne
1494 4091 1723 4166 sapiens
1760 4092 1872 4151 sibi

167 4198 293 4242 esse
337 4182 598 4241 videatur
645 4183 878 4253 (Ibid):
934 4187 991 4238 et
1018 4186 1277 4255 patenter
1321 4180 1683 4239 ostendimus
1741 4197 1875 4240 eum

168 4273 228 4330 in
287 4270 764 4345 rebaptizatorum
832 4275 1044 4329 sectam
1099 4269 1504 4329 miserabiliter
1565 4272 1872 4330 corruisse.

173 4361 283 4421 Sed
314 4376 430 4419 non
456 4360 694 4431 mirum,
722 4361 772 4418 si
799 4360 999 4419 odium
1029 4360 1348 4418 fraternum
1377 4360 1483 4417 hoc
1514 4360 1868 4433 promeruit;

66 4497 81 4514 .
170 4468 305 4511 cum
324 4448 1050 4525 JoannesS23Apostolus
1069 4450 1311 4521 intonet,
1328 4449 1555 4509 dicens:
1580 4474 1607 4502 α
1630 4450 1740 4520 Qui
1756 4449 1880 4508 odit

174 4540 409 4598 fratrem
433 4554 630 4609 suum,
664 4539 725 4597 in
759 4540 1010 4598 tenebris
1037 4543 1141 4609 est,
1160 4546 1216 4597 et
1236 4538 1298 4597 in
1322 4539 1575 4597 tenebris
1594 4534 1878 4609 ambulat,

2032 3264 2202 3322 Nunc
2229 3266 2407 3338 igitur
2435 3268 2714 3342 requirite
2748 3274 2942 3326 sancta
2977 3274 3102 3326 octo
3131 3269 3391 3340 concilia,
3429 3267 3577 3324 524
3608 3275 3664 3328 et

1961 3353 2217 3432 maxime
2246 3361 2500 3426 sextum,
2538 3363 2593 3414 et
2626 3356 2939 3430 septimum
2975 3356 3330 3428 concilium;
3367 3352 3668 3433 ibiquein—

1960 3441 2207 3501 venietis
2244 3444 2544 3502 monachis
2600 3444 2825 3503 licitum
2862 3444 3043 3504 fuisse
3092 3446 3404 3518 disputare,
3446 3447 3666 3523 absque

1963 3531 2085 3589 ullo
2114 3530 2389 3604 scrupulo
2418 3532 2481 3589 in
2507 3540 2820 3605 conspectu
2860 3533 3093 3592 concilii
3125 3550 3301 3609 super
3335 3550 3537 3610 omnes
3562 3535 3666 3610 qui
3702 3544 3713 3551 ‘

1960 3619 2217 3677 aderant.
2259 3616 2369 3677 Sed
2393 3620 2515 3693 jam
2549 3619 2857 3679 sufﬁciant.
3212 3608 3215 3609 ν
3515 3608 3521 3615 ’

2035 3707 2353 3768 Veniamus
2402 3711 2475 3769 ad
2501 3711 3013 3782 consecrationem,
3049 3727 3249 3787 quam,
3295 3711 3665 3787 dispensante

1961 3799 2098 3869 Deo,
2133 3814 2230 3872 per
2255 3802 2551 3876 episcopos
2598 3803 2943 3875 accepimus.
3004 3802 3282 3877 Nunquid
3342 3820 3448 3863 nos
3474 3803 3664 3874 aliter,

1958 3912 2135 3969 quam
2159 3891 2879 3962 cauoniciconsecramur,
2940 3893 3072 3965 quis
3126 3893 3408 3965 insipiens
3463 3894 3670 3951 audeat

1957 3986 2148 4044 dicere
2177 3984 2205 4044 ?
2238 3983 2441 4042 Nemo.
2482 3981 2627 4038 Nam
2658 3980 2922 4054 utrisque
2971 3980 3033 4038 in
3063 3996 3372 4040 commune
3424 3981 3666 4040 benedi-
3738 4044 3765 4053 __

1957 4075 2208 4132 ctionem
2231 4088 2265 4130 a
2292 4070 2538 4129 Domino
2566 4069 2805 4127 infundi
2828 4068 3138 4153 episcopus
3157 4070 3373 4128 obnixe
3392 4069 3668 4143 deposcit.

1958 4166 2030 4225 Et
2059 4166 2201 4224 dum
2229 4167 2521 4228 consecrat
2565 4159 2888 4232 sigillatim,
2922 4160 3141 4220 obnixe
3165 4159 3419 4235 deposcit
3446 4161 3671 4219 cunctis

1959 4254 2370 4323 sacerdotibus,
2410 4252 2653 4311 dicens:
2688 4252 3124 4323 Consecrentur,
3151 4252 3415 4324 Domine,
3459 4267 3669 4310 manus

1961 4348 2108 4416 istae,
2141 4351 2206 4404 ut
2248 4342 2534 4419 quidquid
2591 4341 3019 4413 benedixerint,
3082 4332 3382 4401 benedicta
3424 4344 3563 4415 sint,
3618 4349 3675 4401 et

1961 4434 2246 4510 quidquid
2329 4432 2809 4503 consecraverint,
2905 4441 3235 4491 consecrata
3307 4433 3444 4492 sint.
3530 4433 3673 4498 Ecce

1962 4522 2291 4582 communis
2318 4520 2665 4580 benedictio.
2699 4520 2861 4578 Unde
2914 4535 3051 4592 ergo
3103 4519 3476 4579 divortium?
3515 4520 3671 4579 Lon-

174 4637 227 4688 et
263 4629 449 4688 nescit
487 4645 604 4703 quo
647 4637 774 4699 eat;
818 4629 1100 4703 quoniam
1151 4629 1402 4687 tenebrae
1445 4629 1772 4688 obczecaver

1085 4646 1100 4686 ι
1151 4629 1402 4687 tenebrae
1445 4629 1881 4688 obczecaverunt
1931 4630 2102 4690 £11m
2142 4612 2360 4671 θειίείθ
2393 4610 2683 4685 ρνοεεαυί.

176 4721 370 4780 oculos
400 4722 527 4794 ejus
551 4724 607 4789 (Ι
624 4724 783 4778 Joan.
812 4724 893 4791 II).
936 4741 956 4771 ι
996 4718 1108 4780 Sed
1136 4735 1211 4778 ne
1238 4718 1469 4792 longius
1502 4719 1688 4797 toxica
1715 4719 1882 4777 illius

117 4820 133 4827 ‘
180 4812 387 4870 veneni
444 4818 713 4886 serpant,
773 4811 1076 4870 manifeste
1136 4810 1495 4869 ostendimus
1557 4802 1881 4869 antecesso-

180 4903 344 4961 ribus
388 4903 599 4961 nostris
628 4918 749 4977 prze
772 4901 1047 4960 omnibus
1081 4902 1325 4971 clericis,
1378 4902 1505 4960 haec
1531 4907 1883 4959 sacramenta

181 4992 336 5050 licita
376 4993 557 5051 fuisse
596 4991 949 5065 contingere,
1001 4995 1057 5049 et
1092 4990 1449 5065 dispensare;
1482 4987 1630 5047 sicut
1662 4988 1725 5045 in
1764 4988 1884 5046 vita

180 5080 243 5139 Β.
291 5080 527 5139 Martini
556 5081 785 5153 legitur,
813 5078 967 5154 quod
1009 5078 1081 5136 de
1103 5079 1241 5137 vino
1269 5095 1301 5136 a
1331 5076 1582 5150 quodam
1629 5076 1883 5134 anacho-

182 5179 303 5230 reta
357 5178 705 5243 consecrato,
762 5187 796 5228 a
841 5169 1120 5227 maximis
1177 5175 1233 5227 et
1278 5166 1707 5227 venerabilibus
1748 5166 1892 5224 viris

180 5277 283 5335 pro
310 5261 711 5321 benedictione
736 5259 1111 5335 expetebatur
1143 5283 1156 5316 :
1193 5265 1327 5317 ante
1354 5260 1520 5334 cujus
1552 5258 1700 5316 fores
1739 5270 1892 5330 saepe

138 5360 231 5410 ,et
288 5353 562 5428 episc0pi,
598 5357 655 5411 et
706 5352 944 5412 comites
989 5350 1407 5409 benedictionis
1452 5348 1634 5424 gratia
1680 5363 1890 5421 perno-

178 5449 433 5501 ctarunt.
463 5441 853 5516 Telesphorus
881 5440 1135 5514 denique
1162 5439 1508 5513 apostolicus
1534 5453 1610 5495 ex
1640 5434 1893 5493 anacho-

178 5533 321 5591 retis
350 5531 534 5591 fuisse
559 5532 993 5604 comprobatur;
1054 5528 1363 5603 Dionysius
1396 5527 1592 5596 etiam,
1621 5530 1677 5583 et
1703 5523 1892 5582 Adeo-

175 5622 372 5696 datus,
407 5638 477 5681 ac
514 5621 847 5697 Stephanus
874 5636 1062 5696 nuper
1090 5620 1420 5691 defunctus,
1470 5634 1545 5678 ex
1592 5615 1894 5695 monachis

173 5712 363 5773 {nim
386 5713 693 5788 “leguntur,
724 5711 827 5787 qui
869 5717 1058 5771 tamen
1106 5710 1475 5787 apostolicam
1520 5706 1715 5768 sedem
1765 5705 1890 5779 glo—

2036 4703 2352 4761 Videamus
2404 4706 2757 4770 nostrorum,
2818 4704 3254 4771 vestrorumque
3303 4699 3675 4756 vestimento-

1963 4810 2098 4854 rum
2127 4794 2392 4867 ﬁguram.
2430 4792 2599 4865 Agite
2639 4797 2971 4864 utrumque.
3004 4789 3305 4863 Prophetas
3353 4796 3408 4847 et
3434 4788 3674 4862 apostoli

1963 4892 2158 4944 nostro
2191 4898 2266 4942 an
2296 4886 2486 4940 vestro
2540 4880 2753 4939 vestitu
2785 4880 2878 4938 usi
2937 4885 3074 4937 sunt
3105 4878 3133 4937 ?
3163 4878 3425 4952 Forsitan
3454 4878 3676 4952 dicetis.
3706 4899 3711 4903 '

1964 4942 2179 5037 iam.
2214 4975 2285 5032 Et
2312 4972 2418 5032 ubi
2445 4978 2529 5030 est
2558 4970 2726 5041 illud,
2757 4969 2913 5045 quod
2943 4969 3013 5027 de
3061 4969 3189 5027 Elia
3224 4944 3435 5043 legitur
3466 4989 3479 5028 ε
3518 4991 3539 5021 ι
3572 4942 3677 5026 vnz

1970 5068 2239 5143 pilosus,
2298 5071 2355 5124 et
2408 5078 2556 5121 zona
2619 5054 2861 5136 pellicea
2930 5060 3222 5119 accinctus
3282 5060 3521 5118 renibus
3577 5061 3683 5127 (IV

1971 5164 2104 5228 Reg.
2137 5162 2179 5226 1)
2213 5178 2226 5227 ;
2262 5179 2287 5206 ι»
2340 5160 2396 5211 et
2452 5153 2524 5211 de
2574 5152 2719 5225 ipso,
2771 5156 2826 5208 et
2880 5149 3170 5209 similibus
3231 5148 3441 5207 Paulus
3496 5147 3677 5206 dicit:

1978 5275 1999 5305 ι
2054 5231 2421 5307 Circuiérunt
2471 5244 2531 5302 in
2590 5240 2948 5323 melotishet
3006 5241 3067 5298 in
3124 5230 3375 5314 pellibus
3431 5238 3681 5312 caprinis

1974 5339 2158 5408 (Hebr.
2189 5338 2276 5405 x1)
2309 5352 2327 5405 ;
2362 5354 2385 5384 η
2419 5338 2476 5391 et
2522 5332 2593 5390 de
2637 5331 2860 5390 Joanne
2893 5328 3166 5403 Baptista,
3198 5328 3449 5386 Joannes
3496 5343 3679 5386 evan-

1974 5425 2180 5499 gelista
2206 5442 2280 5495 :.«
2310 5420 2487 5491 Zona,
2516 5418 2728 5490 inquit,
2764 5416 3035 5490 pellicina
3072 5415 3221 5474 circa
3277 5414 3507 5473 lumbos
3550 5415 3679 5489 ejus

1978 5518 2194 5592 (Matth.
2222 5526 2315 5583 Ill;
2346 5515 2517 5569 Marc.
2542 5512 2604 5581 1);
2630 5531 2659 5561 η
2692 5508 2857 5593 Petro
2873 5520 3103 5581 quoque
3131 5506 3374 5579 angelus
3400 5506 3675 5580 imperat:

1978 5630 2006 5665 ‹‹
2036 5606 2335 5677 Praecinge
2369 5610 2440 5675 te,
2475 5609 2530 5661 et
2556 5599 2745 5660 calcea
2776 5604 2830 5656 te
2852 5597 3067 5672 caligas
3098 5602 3226 5655 tuas
3269 5598 3413 5668 (Act.
3466 5601 3575 5668 xu)
3604 5614 3620 5668 ;
3645 5622 3672 5649 ι»

1974 5701 2044 5760 de
2083 5696 2248 5757 Pauli
2282 5707 2517 5768 quoque
2544 5704 2686 5748 zona
2707 5687 2945 5761 Agabus
2983 5687 3135 5747 dixit
3169 5703 3181 5738 :
3215 5712 3242 5737 α
3272 5685 3481 5746 Virum
3507 5686 3679 5760 cujus
