4074 6190
328 302 438 367 515

796 305 856 367 S.
900 298 1125 366 PETRI
1162 301 1487 365 DAMIANI
1525 294 1682 364 OPP.
1724 248 1975 363 'I‘ONIUS
2015 294 2157 359 SEU
2198 297 2389 374 PARS
2426 297 2532 357 III.
2576 330 2643 341 —
2681 288 3073 358 OPUSCULA
3110 289 3369 359 VARIA.

3728 290 3836 358 516

329 433 458 491 haec
482 446 628 490 zona
665 439 770 509 est,
804 431 995 491 Judaei
1043 432 1111 490 in
1171 430 1537 489 Hierusalem
1594 427 1936 503 alligabunt,
1985 425 2183 485 etAse
2222 416 2474 497 negotiis
2504 414 2883 481 saecularibus
2911 426 2987 494 (II
3020 427 3160 483 Tim.
3189 426 3272 493 Ii).
3312 446 3335 474 ι
3369 421 3485 503 Nos
3529 439 3667 498 vero
3714 416 3837 483 tan-

328 523 555 585 tradent
612 522 679 580 in
736 537 947 580 manus
994 520 1256 594 gentium
1316 523 1463 589 (Act.
1515 525 1670 589 XXI).
1715 542 1737 569 ι
1795 516 2040 575 Horum.

272 630 283 639 ·
326 626 464 685 ergo
494 611 729 670 Patrum
750 610 1095 669 indumenta
1118 610 1455 670 nullatenus
1474 607 1820 680 nominatim
1848 605 2043 679 Scrip-

330 707 459 759 tura
507 705 761 773 poneret,
792 697 907 756 nisi
970 697 1053 756 eis
1109 698 1382 772 privatim
1436 697 1530 757 usi
1587 698 1848 761 fuissent.
1879 695 2041 765 Quod

327 787 378 845 si
404 786 570 845 vobis
597 784 845 844 dubium
882 784 1130 856 videtur,
1182 785 1387 844 saltem
1433 792 1760 843 vestrorum
1786 782 2042 856 partium

330 874 658 934 testimonio
713 862 934 932 aurem‘
965 875 1410 933 accommodate.
1443 873 1642 949 Legite
1707 871 2043 931 collationes

329 965 588 1036 Patrum,
622 980 767 1038 quas
804 964 1132 1023 Eucherius
1164 964 1574 1039 Lugdunensis
1600 964 1902 1039 episcopus
1930 963 2041 1022 eli-

331 1064 485 1115 mato
514 1071 783 1114 sermone
808 1055 1145 1114 abbreviare
1173 1055 1434 1126 studuit;
1460 1062 1515 1113 et
1541 1054 1591 1113 si
1616 1055 1786 1113 nobis
1809 1053 2041 1112 credere

332 1161 451 1205 non
479 1144 678 1215 vultis,
711 1142 915 1202 saltem
950 1132 1116 1203 illius
1154 1142 1362 1201 litterae
1394 1144 1627 1203 credite.
1656 1144 1805 1202 Nam
1830 1160 1955 1214 nos,
1981 1132 2059 1203 eo'

334 1238 581 1305 doctore,
626 1234 778 1291 hanc
832 1235 1106 1307 paginam
1144 1234 1536 1292 exaravimus.
1577 1232 1765 1306 Igitur
1797 1248 1916 1292 non
1958 1248 2049 1291 so-

335 1322 461 1381 lum
500 1320 801 1395 praedictos
835 1318 1027 1377 Patres
1055 1320 1117 1377 in
1145 1319 1358 1378 vestitu
1389 1319 1712 1393 sequimur,
1743 1320 1842 1377 sed
1881 1320 2050 1378 insu-

335 1427 439 1485 per
496 1408 977 1469 sublimissimam
1029 1400 1314 1468 caalOrum
1373 1411 1648 1482 curiam"
1675 1411 1833 1484 quod
1886 1410 2052 1469 vobis

339 1501 555 1559 durum
610 1504 694 1557 est
746 1498 967 1556 audire.
1018 1497 1321 1572 Seraphim
1365 1498 1602 1570 scilicet,
1655 1498 1787 1573 quis
1828 1498 2052 1557 dubitet

339 1603 444 1645 sex
468 1586 589 1644 alas
617 1585 830 1643 habere
864 1584 892 1643 ?
925 1585 1151 1644 dicente.
1180 1584 1479 1662 Scriptura
1519 1612 1531 1645 ε
1574 1609 1595 1639 ι
1633 1587 1748 1647 Sex
1775 1586 1882 1665 alte
1919 1586 2047 1659 uni,

339 1682 397 1735 et
430 1691 533 1733 sex
580 1674 689 1732 alae
738 1674 902 1733 alteri
940 1678 1067 1743 (Isa.
1103 1680 1208 1746 v1).
1256 1702 1282 1723 τι
1336 1677 1647 1735 Enimvero
1694 1684 1750 1733 et
1796 1691 1902 1734 nos
1948 1690 2053 1733 sex

2126 517 2317 570 torum
2347 510 2583 569 Patrum
2610 509 2862 569 instituti
2892 510 3196 585 exemplis,
3224 512 3442 586 quibus
3469 520 3554 571 est
3586 513 3837 587 pericu-

2126 602 2479 662 losissimum
2526 602 2823 675 refragari,
2871 602 3160 661 credimus
3198 618 3233 667 a,
3277 603 3668 663 sacerdotibus
3716 620 3839 664 mo-

2124 693 2325 751 nachis
2351 692 2568 767 ligandi
2617 693 2997 767 solvendique
3043 692 3319 762 oﬂicium,
3362 693 3479 752 Deo
3537 701 3834 768 operante,

2124 784 2298 857 digne
2336 784 2750 857 administrari,
2784 784 2831 842 si
2869 799 2967 842 eos
2991 783 3165 857 digne
3203 783 3502 857 contigerit
3527 785 3635 843 hoc
3662 785 3837 843 mini-

2123 863 2315 932 sterio“
2333 870 2655 932 sublimari.
2690 873 2853 943 Quod
2873 873 3275 932 incunctanter
3288 873 3535 931 aliirmat
3561 874 3836 948 quisquis

2122 966 2335 1020 statum
2370 962 2788 1020 monachorum
2820 968 2877 1020 et
2914 961 3179 1020 habitum
3211 958 3667 1037 potestatemque
3704 964 3834 1021 evi-

2125 1049 2329 1109 denter
2381 1051 2723 1125 considerat.
2786 1050 2961 1108 Verbi
3028 1050 3242 1124 gratia,
3306 1050 3547 1126 angelus
3612 1053 3826 1118 Graece,

2130 1140 2334 1199 Latine
2396 1141 2642 1199 nuntius
2682 1146 2879 1220 sonat.
2943 1139 3273 1199 Sacerdotes
3314 1141 3513 1214 igitur,
3565 1141 3838 1201 monachi

2130 1236 2301 1303 atque
2357 1229 2641 1300 canonici,
2688 1229 2789 1302 qui
2836 1228 3093 1302 quotidie
3155 1228 3260 1286 Dei
3303 1237 3583 1303 praecepta
3624 1231 3841 1305 populo

2132 1320 2423 1391 nuntiant,
2464 1320 2663 1392 angeli
2710 1328 3008 1390 vocantur,
3060 1320 3282 1378 ratione
3328 1337 3442 1379 non
3494 1323 3834 1393 incongrua.

2137 1408 2246 1470 Sed
2279 1410 2687 1483 unusquisque
2732 1410 3030 1483 angelicus
3064 1409 3221 1480 oi'do,
3264 1418 3479 1485 quanto
3516 1410 3837 1469 claritatem

2134 1498 2237 1556 Dei
2266 1498 2518 1557 vicinius
2548 1497 2989 1572 contemplatur,
3021 1505 3177 1557 tanto
3209 1499 3415 1573 majori
3450 1499 3664 1558 virtute
3708 1490 3838 1573 ers

2134 1588 2427 1647 divinitati
2458 1590 2780 1661 adhaerens,
2825 1588 2949 1647 sine
2997 1588 3176 1654 dubio
3219 1590 3520 1649 roboratur
3560 1614 3575 1648 :
3623 1602 3838 1649 eorum

2134 1679 2439 1764 cherubim
2494 1680 2634 1737 ordo
2696 1679 2951 1738 eximius
2996 1680 3362 1753 praedicatur,
3389 1696 3644 1764 quorum
3682 1680 3839 1754 ﬁgu-

342 1767 452 1826 alis
481 1766 761 1835 velamur,
808 1764 1077 1823 videlicet
1110 1764 1335 1824 duabus
1379 1767 1438 1824 in
1473 1767 1673 1840 capite,
1722 1771 1779 1824 et
1829 1765 2115 1845 duabus];
2138 1786 2261 1829 ram
2290 1760 2735 1830 ‘monachorum
2776 1770 2969 1829 cultus
3019 1776 3408 1844 competenter
3432 1760 3644 1829 habere
3677 1772 3839 1829 eom-

343 1859 579 1943 dextej'a
613 1855 894 1943 laevaque,
925 1860 989 1943 et
1020 1855 1248 1943 duabus
1279 1861 1413 1913 ante
1449 1863 1505 1914 et
1543 1862 1714 1914 retro.
1756 1856 1818 1915 Si
1855 1862 2050 1943 autem
2132 1859 2427 1933 probatur.
2459 1859 2602 1916 Nam
2654 1860 2739 1917 uti
2790 1858 3115 1929 cherubim,
3146 1857 3225 1917 ita
3255 1859 3524 1917 monachi
3575 1875 3678 1918 sex
3730 1860 3840 1917 alis

345 1946 473 2004 haac
504 1941 872 2001 incredibilia
903 1941 1066 2000 vobis
1093 1944 1384 2012 videntur,
1418 1944 1735 2018 perquirite
1763 1945 1915 2018 quod
1953 1942 2054 2002 Bo-

343 2032 593 2092 nifacius
624 2032 687 2090 in
722 2038 1049 2092 nostrorum
1079 2033 1320 2092 tuitione
1363 2034 1687 2107 composuit
1717 2053 1729 2092 :
1763 2040 1819 2092 et
1855 2034 1904 2092 si
1949 2033 2052 2091 ad-

345 2125 463 2183 huc
512 2122 795 2181 contraire
838 2123 1038 2196 vultis,
1109 2139 1337 2182 morum
1391 2133 1715 2183 vestrorum
1766 2139 1833 2182 ac
1877 2122 2053 2181 vesti-

344 2201 678 2271 mentorum
720 2204 983 2271 auctores
1034 2230 1107 2271 ex
1142 2214 1477 2273 auctoritate
1523 2214 1761 2272 Patrum
1805 2213 2050 2271 edicite:

353 2309 408 2362 et
436 2301 585 2376 quod
611 2300 786 2359 nobis
837 2302 1143 2377 opponitis,
1187 2301 1531 2360 testimoniis
1581 2303 1860 2376 probate‘;
1891 2310 1946 2361 et
2009 2302 2057 2360 si

350 2390 471 2447 vita
520 2403 712 2447 comes
764 2389 955 2460 fuerit,
1009 2390 1213 2449 altiora
1261 2406 1440 2465 quam
1482 2390 1764 2461 diximus,
1816 2391 2059 2463 juvante

354 2479 493 2551 Deo,
520 2478 764 2538 dicenda
803 2486 1043 2553 sperate.

750 2619 839 2675 Sit
859 2634 1052 2675 nomen
1077 2621 1299 2677 Domini
1341 2620 1699 2680 benedictum.

602 2910 926 2971 525-526
958 2913 1275 2964 pennarum
1299 2914 1593 2966 nomnen
1621 2916 1809 2964 paras.

2061 3018 2097 3038 /

360 3061 515 3128 Quod
538 3061 790 3116 monachi
824 3060 1153 3133 presbyterii
1204 3059 1398 3141 honore
1450 3058 1691 3114 decorati
1738 3061 2060 3130 potestatem

428 3152 624 3207 habent
657 3152 873 3220 ligandi
922 3156 973 3206 et
1008 3140 1423 3218 solvencti.i(Ab
1452 3152 1775 3204 auctoritate
1825 3151 2055 3217 Bonifa-
2075 3141 2120 3204 G

428 3244 503 3296 cii
531 3244 631 3307 IV,
663 3244 818 3297 Pont.
850 3243 1006 3299 Mam.
1045 3239 1130 3325 l6,
1162 3258 1254 3311 qu.
1286 3240 1335 3306 1,
1366 3257 1463 3313 ap.
1497 3243 1652 3296 Decr.
1689 3239 1872 3310 Grat.)

432 3408 460 3435 σι
488 3383 636 3443 Sunt
674 3382 946 3443 nonnulli
973 3382 1137 3443 nullo
1193 3382 1459 3456 dogmate
1501 3383 1651 3454 fulti,
1681 3381 2065 3441 audacissime

353 3469 611 3543 quidem,
646 3469 768 3529 zelo
810 3470 994 3545 magis
1047 3469 1454 3529 amaritudinis
1505 3486 1683 3545 quam
1740 3466 2066 3528 dilectionis

352 3554 718 3631 inﬂammati,
761 3568 1079 3619 asserentes
1123 3561 1457 3631 monachos,
1486 3560 1624 3634 quia
1662 3560 1882 3619 mundo
1907 3575 2064 3618 mor-

354 3647 441 3705 tui
471 3654 607 3705 sunt
637 3655 692 3705 et
741 3647 857 3706 Deo
900 3647 1128 3735 vivunt,
1180 3647 1547 3735 sacerdotalis
1592 3646 1768 3706 otﬁcii
1814 3647 2068 3720 potentia

353 3736 670 3811 indignos;
728 3753 918 3813 neque
968 3732 1392 3811 pienitentiam,
1440 3754 1627 3813 neque
1679 3738 2083 3817 Christianitai

353 3833 471 3885 tem
501 3825 719 3900 largiri,
776 3842 966 3901 neque
1004 3825 1303 3885 absolvere
1346 3842 1511 3899 posse
1556 3842 1660 3901 per
1703 3825 2069 3885 sacerdotalis

355 3914 531 3974 ollicii
560 3915 846 3975 divinitus
880 3916 991 3974 sibi
1033 3914 1355 3991 injunctam
1396 3924 1753 3991 potestatem,
1802 3916 1899 3975 sed
1946 3932 2070 3974 om-

343 4006 498 4074 \nino
533 4004 829 4065 labuntur.
862 4006 1007 4065 Nam
1056 4008 1106 4065 si
1148 4024 1223 4065 ex
1252 4008 1360 4066 hac
1400 4024 1570 4068 causa
1619 4008 2073 4068 vetereS'mmuli

358 4110 492 4155 vera
518 4095 918 4169 praedicarent,
962 4096 1300 4168 apostolicae
1334 4112 1568 4169 compar
1614 4097 1766 4155 sedis
1806 4095 2073 4156 beatissi-

355 4199 493 4242 mus
519 4182 832 4257 Gregorius
861 4186 1199 4244 monachico
1228 4186 1389 4244 cultu
1410 4185 1654 4259 pollens,
1672 4185 1743 4243 ad
1771 4202 2073 4246 summum

308 4284 319 4299 κ
359 4272 695 4330 nullatenus
743 4272 965 4345 apicem
1033 4274 1458 4346 conscenderet,
1508 4274 1603 4333 cui
1659 4275 1899 4348 quidem
1948 4277 2076 4335 haec

361 4358 580 4433 ligandi
610 4358 991 4435 solvendique
1024 4369 1275 4436 potestas
1304 4379 1337 4420 a
1378 4363 1499 4422 Deo
1527 4378 1761 4422 summa
1810 4364 2075 4423 concedi-

2134 1949 2420 2007 velantur.
2453 1948 2691 2007 Duabus
2724 1949 2961 2024 quidem
2993 1949 3053 2006 in
3096 1948 3353 2023 capucio,
3386 1964 3502 2022 quo
3548 1955 3716 2023 caput
3751 1954 3841 2007 te-

2134 2036 2291 2110 gitur
2317 2053 2332 2106 ;
2363 2036 2493 2093 aliis
2523 2052 2653 2094 vero
2685 2036 2931 2106 duabus,
2965 2037 3179 2111 quibus
3212 2036 3385 2111 pedes
3414 2044 3706 2110 teguntur,
3739 2054 3840 2095 ve-

2138 2124 2485 2182 risimilibus
2534 2125 2960 2191 demonstratur
3006 2125 3439 2184 assertionibus.
3497 2126 3647 2185 Illud
3699 2142 3842 2185 vero

2138 2214 2405 2285 cucullae,
2451 2215 2605 2287 quod
2662 2213 2914 2273 brachiis
2956 2214 3295 2287 ostenditur,
3342 2216 3485 2273 alias
3525 2216 3670 2274 duas
3721 2216 3841 2274 alas

2139 2318 2262 2360 esse
2291 2301 2559 2373 dicimus,
2591 2309 2646 2360 et
2670 2303 2727 2359 id
2760 2303 3012 2374 tandem,
3047 2303 3202 2378 quod
3225 2303 3459 2374 dicitur,
3482 2319 3585 2361 sex
3615 2303 3841 2362 alarum

2140 2408 2452 2451 numerum
2485 2393 2800 2453 certissime
2846 2392 3085 2467 impleri
3131 2393 3426 2451 asseritur.
3477 2393 3847 2452 Decertantes

2141 2480 2320 2555 igitur
2344 2481 2674 2540 monasticae
2705 2481 3078 2555 professionis
3107 2481 3468 2555 presbyteros
3521 2481 3847 2540 sacerdota-

2142 2569 2215 2627 lis
2260 2570 2533 2643 potentiaa
2582 2570 2995 2657 arceri‘oﬂicio
3034 2571 3211 2629 omni
3254 2571 3423 2631 modo
3455 2572 3849 2645 praecipimus,

2141 2664 2207 2717 ut
2243 2658 2315 2717 ab
2384 2660 2721 2733 hujusmodi
2754 2660 3022 2719 nefandis
3066 2661 3308 2720 ausibus
3354 2661 3744 2737 reprimantur
3783 2662 3851 2720 in
3894 2714 3901 2719 .

2139 2753 2452 2819 posterum,
2510 2746 2649 2820 quia
2696 2755 2923 2822 quanto
2985 2749 3232 2823 quisque
3273 2756 3359 2808 est
3414 2748 3637 2821 celsior,
3693 2757 3853 2809 tanto

2139 2844 2223 2894 est
2249 2843 2303 2895 et
2329 2836 2393 2917 in
2419 2837 2509 2894 his
2534 2838 2852 2911 potentior.
3040 2892 3051 2905 ,
3444 2912 3453 2921 ‘

2200 2928 2245 2979 '«
2284 2925 2598 2999 Episcopus
2651 2927 2818 2984 debet
2863 2943 3069 2986 canere
3121 2927 3361 2985 missam
3394 2927 3454 2984 in
3486 2926 3855 2986 ordinatione

2139 2998 2775 3087 presbyteriisimiliter
2816 3022 2872 3072 et
2907 3015 3083 3074 abbas
3129 3015 3193 3073 in
3236 3014 3598 3075 ordinatione
3642 3032 3855 3074 mona-

2141 3102 2277 3175 chi;
2315 3102 2452 3176 quia
2492 3104 2754 3162 remissio
2802 3113 3164 3178 peccatorum
3193 3113 3298 3163 est.
3341 3104 3575 3178 Propter
3620 3104 3728 3162 hoc
3765 3121 3856 3162 re-

2145 3192 2370 3267 linquet
2399 3207 2503 3249 rex
2548 3207 2818 3265 regnum,
2846 3183 2915 3251 et‘
2945 3208 3212 3251 summus
3252 3192 3514 3267 pontifex
3548 3191 3855 3264 pontiﬁca—

2147 3286 2290 3348 tum,
2339 3279 2643 3353 episcopus
2681 3280 3097 3355 episcopatum,
3148 3295 3337 3339 comes
3387 3279 3742 3350 comitatum,
3795 3286 3858 3336 et

2145 3366 2317 3425 multi
2346 3366 2557 3425 divites
2601 3369 2907 3442 utriusque
2952 3385 3129 3427 sexus
3179 3385 3313 3428 suas
3351 3360 3735 3443 possessiones
3790 3367 3858 3424 in

2148 3456 2383 3529 saeculo,
2424 3464 2481 3515 et
2519 3457 2757 3515 venient
2800 3458 2863 3516 in
2898 3459 3316 3517 monasterium
3361 3458 3435 3516 ad
3480 3457 3859 3515 serviendum

2148 3547 2286 3605 Deo.
2330 3547 2496 3604 Absit
2535 3553 2600 3606 ut
2631 3548 2953 3606 monachus
2988 3548 3196 3606 vivens
3237 3546 3348 3604 sub
3386 3546 3585 3617 regula
3639 3543 3726 3602 vel
3759 3544 3861 3601 ab-

2147 3634 2297 3704 bate,
2331 3633 2672 3706 subjiciatur
2711 3633 2844 3694 aliis
2883 3635 3239 3693 hominibus.
3290 3634 3460 3695 Nefas
3484 3640 3569 3692 est
3615 3632 3805 3691 dicere
3839 3650 3857 3689 :

2150 3722 2468 3782 Monachus
2515 3738 2635 3781 non
2694 3723 2866 3781 habet
2902 3729 3234 3797 potestatem
3276 3721 3499 3796 ligandi
3541 3728 3711 3794 atque
3741 3719 3860 3779 sol-

2151 3814 2346 3884 vendi,
2377 3821 2442 3872 ut
2491 3813 2730 3888 quidam
2780 3814 3003 3884 dicunt,
3045 3813 3186 3887 quia
3235 3812 3452 3871 mortui
3499 3820 3655 3871 sunt.
3708 3810 3863 3869 Vere

2156 3906 2376 3966 mortui
2451 3912 2589 3964 sunt
2666 3904 2806 3964 huic
2862 3904 3075 3963 saeculo
3106 3946 3123 3975 ,
3190 3905 3339 3964 sicut
3389 3904 3568 3963 sancti
3620 3901 3868 3975 apostoli

2155 3999 2415 4057 fuerunt.
2474 3994 2752 4068 Nunquid
2810 3994 2991 4069 sancti
3062 3992 3302 4066 apostoli
3351 4008 3469 4051 non
3526 3991 3867 4050 habuerunt

2154 4089 2490 4159 potestatem
2540 4081 2758 4155 ligandi
2838 4089 2894 4140 et
2968 4080 3247 4146 solvendi,
3297 4096 3371 4138 ex
3420 4077 3634 4153 quibus
3697 4092 3868 4135 unus

2154 4173 2380 4233 dicebat
2421 4198 2433 4231 :
2498 4197 2520 4225 ι
2559 4170 2620 4231 Si
2677 4170 2836 4229 enim
2895 4171 3109 4230 mortui
3172 4185 3378 4229 sumus
3426 4184 3559 4228 cum
3598 4165 3864 4236 Christo,

2154 4262 2447 4323 credimus
2474 4262 2612 4336 quia
2646 4260 2824 4320 simul
2849 4261 3117 4320 vivemus
3148 4275 3284 4318 cum
3313 4274 3381 4319 eo
3411 4257 3439 4317 ?
3479 4282 3507 4308 ν
3538 4262 3712 4327 (Rom.
3752 4260 3869 4325 γι.)

2156 4355 2298 4425 Quis
2342 4352 2549 4411 melius
2597 4357 2780 4426 potest
2828 4350 3037 4424 dicere,
3083 4350 3309 4411 solvere
3361 4349 3455 4408 vel
3502 4349 3682 4423 ligare
3726 4364 3873 4420 pec-

362 4455 454 4507 tur
488 4467 501 4505 :
532 4446 900 4520 Augustinus
935 4435 1167 4523 qucque
1205 4448 1463 4523 ejusdem
1488 4450 1836 4509 sanctissimi
1867 4438 2411 4559 Grego-Deiln‘lem1
2434 4459 2609 4559 qnam
2638 4442 2739 4516 qui
2771 4441 3113 4559 sol‘utusgast
3144 4457 3179 4499 a
3205 4441 3324 4500 Deo
3353 4439 3643 4559 apeccatis
3667 4435 3697 4496 7
3721 4436 3878 4507 QniS

363 4538 429 4559 -ει
483 4537 796 4559 Δι--ξ..--1.--
886 4537 1187 4559 .--μμημ
1262 4538 1593 4559 ..-ψλεμμι
1655 4541 1901 4559 ---μυοίη
2034 4550 2071 4559 γ.
2164 4532 2368 4559 mnu...
2399 4548 2464 4559 ...κ
2497 4539 2548 4559 ηρ
2586 4529 2807 4559 manu...
2880 4546 2974 4559 mm
3057 4545 3120 4559 ,ιη
3173 4544 3345 4559 mmm
3390 4527 3404 4559 ς
3459 4544 3490 4559 η
3525 4526 3621 4559 mn'
3668 4525 3869 4559 νηποινὶ-

360 4538 434 4597 rii
478 4537 820 4611 discipulus,
871 4537 1193 4610 Anglorum
1262 4538 1598 4612 praedicator
1647 4541 1912 4614 egregius
1959 4562 1971 4601 ε
2021 4524 2371 4601 ειυιηθιίιι8
2388 4524 2550 4589 ~valet
2586 4529 2810 4588 animas
2838 4529 2976 4587 dare
3003 4529 3147 4600 Deo,
3172 4544 3347 4602 quam
3389 4527 3491 4586 ille
3524 4526 3625 4600 qui
3668 4525 3875 4599 proxi-

360 4628 780 4687 Pannonieusis
811 4625 1093 4687 Martinus
1130 4627 1516 4700 beatissimus,
1546 4630 1716 4703 cujus
1759 4630 2077 4690 sanctitatis
2165 4637 2297 4679 IDUS
2328 4627 2413 4679 est
2466 4617 2573 4678 ei?
2628 4619 2738 4689 Olli
2771 4619 3007 4677 ’άθΠίθε-
3037 4617 3376 4691 hujusmOdi
3430 4616 3682 4675 stridunt
3717 4615 3909 4685 εἰπεῖν

359 4720 570 4778 famam
616 4719 783 4793 longe
822 4718 1055 4792 lateque
1095 4718 1364 4777 ditfusam
1414 4727 1567 4778 totus
1598 4729 1864 4794 personat
1899 4737 2073 4779 mun-
2159 4710 2492 4781 111011301108,
2550 4708 2814 4787 infelices
2885 4715 3045 4779 sunt,
3094 4713 3150 4765 θῐ
3202 4706 3379 4785 verba
3435 4720 3637 4764 00mm
3688 4713 3869 4761 νδιηδ·

364 4808 508 4879 dus;
565 4807 665 4865 alii
693 4823 923 4882 quoque
953 4809 1373 4883 quamplurimt
1405 4809 1517 4867 viri
1545 4809 1913 4883 sanctissimi,
1947 4827 2073 4886 pre-
2160 4799 2271 4858 ’δεά
2302 4799 2499 4859 audite
2526 4813 2629 4856 θυι*
2660 4799 2793 4857 talia
2819 4799 3041 4858 dicunt
3086 4797 3209 4855 Lex
3237 4797 3395 4854 enim
3424 4793 3562 4854 die“
3596 4812 3609 4846 ε
3641 4794 3706 4886 εἰ
3726 4794 3875 4886 εἶξιίδ

367 4896 678 4955 tiosissimo
708 4880 1358 4956 monachorum'habitu
1380 4897 1686 4971 fulgentes,
1707 4880 2074 4973 nequaquam
2159 4889 2401 4949 clericus
2434 4891 2496 4948 in
2525 4889 2808 4947 adulterio
2839 4889 2930 4948 vel
2960 4888 3024 4946 in
3055 4887 3254 4960 aliquo
3282 4886 3527 4945 crimine
3563 4880 3736 4942 fuerit
3768 4883 3875 4943 de:

366 4982 591 5041 annulo
621 4983 935 5056 pontiﬁcali
993 4983 1497 5044 subarrharentur.
1526 4983 1634 5044 Sed
1653 4986 1791 5060 quia
1809 4986 2076 5061 monachi
2157 4982 2498 5055 prehensus,
2529 4985 2632 5039 aut
2660 4981 2782 5053 ipse
2809 4980 3128 5047 confessus,
3162 4985 3259 5037 aut
3300 4978 3374 5035 ab
3399 4976 3530 5034 aliis
3584 4974 3866 5045 revictus,

368 5073 627 5144 fuerunt,
661 5072 948 5146 praedictis
986 5072 1071 5131 uti
1101 5074 1542 5147 prohibentur?
1575 5076 1775 5149 Neque
1819 5077 1977 5135 enim
2007 5077 2071 5135 Β.
2154 5072 2323 5144 juxta
2364 5071 2606 5130 concilia
2663 5076 3049 5131 trecentorum
3101 5067 3299 5126 decem
3335 5074 3390 5129 et
3420 5074 3543 5124 octo
3595 5064 3863 5135 Patrum,

350 5158 715 5218 ‘Bencdictus
741 5160 1157 5218 monachorum
1190 5170 1500 5237 praeceptor
1541 5162 1847 5232 almiﬁcus,
1888 5163 2079 5236 hujus
2159 5162 2231 5219 ad
2286 5162 2567 5220 honorem
2621 5177 2737 5220 non
2788 5166 2972 5234 potest
3023 5157 3231 5229 redire,
3293 5157 3407 5215 nisi
3467 5166 3583 5229 per
3618 5154 3868 5225 dignam

372 5249 456 5307 rei
481 5248 678 5325 aliquo
708 5249 878 5308 modo
916 5249 1024 5307 fuit
1054 5249 1418 5324 interdictor;
1452 5252 1549 5310 scd
1579 5267 1677 5310 eos
1708 5251 2078 5310 saecularium
2158 5250 2577 5325 pmnitentiam.
2610 5251 2837 5326 Ex'qua
2864 5266 2925 5308 re
2965 5248 3148 5308 multa
3173 5246 3261 5307 ira
3288 5255 3345 5306 et
3375 5245 3598 5305 invidia
3623 5244 3867 5303 inﬂam-

374 5340 735 5413 negotiorum
799 5339 985 5397 edixit
1042 5346 1304 5413 expertes
1363 5343 1481 5399 fore
1546 5342 1940 5413 tantummodo
1988 5340 2073 5408 (Β.
2162 5342 2302 5400 mati
2328 5342 2476 5400 circa
2511 5342 2844 5411 monachos,
2869 5342 2957 5399 vel
3014 5340 3166 5398 circa
3196 5336 3519 5401 catholicos
3565 5334 3720 5394 viros
3769 5333 3875 5392 die

373 5425 594 5501 BENEI).
626 5430 783 5501 Reg.,
820 5442 944 5502 cap.
996 5428 1074 5497 4).
1108 5427 1271 5497 Quod
1320 5427 1555 5502 quidem
1611 5428 1937 5502 apostolicis
1980 5429 2078 5488 do-
2123 5417 2449 5504 'noctuque
2496 5415 2974 5502 optant'insidias
3011 5425 3297 5486 invenire.
3351 5423 3603 5500 qualiter
3643 5421 3879 5495 possint

377 5518 664 5577 cumentis
707 5524 762 5575 et
797 5520 1065 5578 omnium
1118 5526 1445 5579 sanctorum
1496 5518 1732 5578 Patrum
1773 5519 2077 5594 institutis,
2161 5536 2257 5579 eos
2286 5519 2500 5595 injuste
2528 5518 2863 5595 illaqueare.
2895 5517 3007 5588 Qui
3036 5520 3195 5576 enim
3228 5532 3332 5575 sua
3364 5514 3593 5591 peccata
3619 5510 3880 5570 nullate-

377 5620 498 5664 non
524 5605 719 5673 solum
748 5604 1064 5679 monachis,
1095 5609 1195 5666 sed
1223 5608 1396 5666 etiam
1443 5607 1735 5666 canonicis
1787 5610 2080 5670 maximo-
2162 5624 2276 5668 nus
2304 5610 2499 5668 valent
2522 5624 2789 5683 purgare,
2818 5607 3107 5684 quomodo
3151 5612 3397 5682 possunt
3442 5603 3632 5663 aliena
3663 5600 3879 5659 dimit-

378 5697 519 5766 ‘pere
546 5692 884 5768 imperatur.
921 5719 946 5747 α
981 5694 1162 5756 Nemo
1199 5696 1356 5755 enim
1403 5695 1660 5755 militans
1685 5697 1804 5757 Deo
1830 5697 2085 5773 implicat
2165 5706 2282 5759 tere
2308 5702 2335 5757 ‘I
2364 5698 2649 5776 Nunquid
2677 5704 2858 5773 potest
2881 5714 3069 5759 cacus
3096 5712 3312 5757 ctecum
3367 5695 3577 5754 ducere
3611 5692 3639 5751 ?
3667 5691 3883 5766 Itaque
