4074 6190
217 256 327 320 517

1057 253 1308 321 orasc.
1350 261 1558 322 XXIX.
1601 297 1668 307 —
1708 265 1803 323 DE
1843 265 1998 325 VILI
2039 259 2363 325 VESTITU
2400 236 2880 329 ECCLESIAST.

3611 272 3717 336 518

213 384 321 457 qui
367 399 460 442 res
503 384 598 444 vel
641 385 892 443 honores
937 383 1211 444 Ecclesiae
1267 386 1606 446 subtrahere
1653 389 1926 461 voluerit,
1949 397 2068 458 Aet
2111 389 2277 464 sequi
2303 391 2510 462 Deum,
2546 392 2648 465 qui
2695 391 2875 450 dicit:
2929 417 2957 445 ι(
2991 393 3197 452 Venite
3241 391 3313 452 ad
3347 411 3462 466 me,
3495 412 3716 471 omnes,

212 475 526 534 anathema
581 476 676 534 sit.
734 475 885 545 Quid
935 475 1089 535 ultra
1133 477 1368 536 dicam?
1421 475 1841 538 Convertimini
1882 489 1938 540 et

214 563 410 622 videte
435 565 575 638 quia
598 564 685 622 nil
729 565 941 624 melius
976 574 1061 623 est
1091 581 1269 639 quam
1296 566 1626 640 relinquere
1655 567 1935 628 saeculum

2019 487 2075 538 et
2104 497 2209 554 ego
2231 496 2332 540 vos
2369 482 2724 558 requiescere
2755 484 2959 542 faciam
2991 489 3210 553 (Matth.
3241 492 3352 555 XI).
3390 510 3418 537 ι»

2395 577 2483 631 Sit
2511 592 2703 630 nomen
2736 579 2956 632 Domini
2985 579 3338 638 benedictum.

215 751 3720 780 —_____.._..__________________________________________

607 913 930 973 ⁵²⁷·⁵²⁸
1016 887 1855 1108 OPUSCULUM
1939 944 2712 1062 VICESIMUM
2797 952 3338 1064 NONUM.

1187 1143 1322 1212 DE-
1354 1155 1510 1215 VILI
1566 1157 1908 1218 VESTITU
1969 1141 2766 1228 ECCLESIASTICORUM.

1783 1333 2170 1346 —-—-————_

220 1474 674 1562 Aegeatas?!
707 1470 1932 1562 f‘lliainardogabbatiquipretiosioribus
1972 1476 2230 1562 vestibus
2256 1478 2422 1562 indui
2452 1490 2846 1562 consueverat,
2874 1486 3123 1545 ostendit
3147 1491 3427 1562 quam_sit
3456 1490 3722 1552 ecclesia-

211 1563 222 1585 ι
296 1547 453 1600 sticis
514 1547 693 1638 viris;
740 1550 794 1623 et
840 1547 1168 1638 praesertim
1221 1547 1905 1638 monachisjindecorum
1954 1548 2441 1638 .vestimentprum
2496 1547 2913 1638 speciositatem
2956 1547 3240 1629 appetere.
3291 1560 3471 1618 Multa
3500 1547 3730 1638 quoque
3772 1569 3776 1572 ’

297 1630 373 1690 ex
400 1615 578 1690 sacris
606 1614 811 1672 litteris
835 1614 1463 1690 depromptaﬁxempla
1490 1617 1846 1690 adducit,iex
1868 1617 2082 1690 quibus
2105 1621 2410 1690 manifeste

2455 1625 2801 1713 probatDeo
2824 1625 3158 1713 hujus'qui
3193 1632 3442 1713 vestium
3455 1625 3728 1713 pompam

295 1685 546 1776 invisam
562 1685 1154 1776 essetetiniomnes
1184 1685 1390 1745 Sancti
1421 1697 1536 1746 tam
1574 1687 1796 1748 Veteris
1824 1685 2001 1762 quam
2032 1688 2180 1748 Novi
2211 1685 2585 1766 Testaménti,
2622 1705 2678 1754 et
2709 1699 2833 1771 ipse
2866 1685 3041 1756 e't'iam
3071 1685 3731 1776 carisi-h's'fviiiéi'é’ia

243 1766 252 1768 '
291 1757 414 1816 situ
445 1758 530 1815 uti
556 1771 675 1815 non
707 1757 1069 1816 erubuerint.

294 1918 524 1976 Domno
575 1917 898 1977 MAINARDO
934 1919 1095 1977 fratri
1125 1910 1486 1990 charissimo,
1539 1921 1771 1996 PETRUS
1808 1937 1941 1995 pec-
1968 1925 2082 1984 Bet
2129 1927 2192 1984 in
2232 1927 2357 2001 ipso
2418 1929 2747 1990 indumenti
2792 1932 3050 1992 cultioris
3103 1942 3328 2006 ornatu,
3385 1937 3514 1996 sine
3555 1937 3734 2000 dubio

218 2016 380 2068 cator
405 2011 725 2068 monachus
758 2010 1003 2068 salutem
1035 2011 1097 2068 in
1125 2011 1396 2070 Domino.

294 2100 557 2158 Tentatis
596 2108 652 2158 et
696 2108 1084 2174 competenter
1120 2102 1397 2160 adhibitis
1439 2103 1716 2161 omnibus
1755 2102 1940 2170 medi:

157 2197 164 2200 ’
221 2191 377 2248 cinae
422 2191 755 2265 generibus,
797 2193 845 2251 si
893 2193 1208 2268 languidus
1259 2197 1444 2265 obeat,
1492 2212 1610 2254 non
1657 2203 1741 2253 est
1787 2197 1943 2254 unde

225 2280 523 2339 medicum
565 2276 914 2340 conscientia
956 2284 1355 2356 reprehendat.
1385 2285 1542 2343 Fecit
1569 2285 1726 2342 enim
1771 2299 1945 2344 omne

227 2372 384 2445 quod
436 2372 644 2444 potuit,
708 2373 810 2446 qui
861 2384 1069 2432 cuncta
1111 2391 1243 2449 quae
1290 2377 1493 2434 decent
1531 2376 1941 2450 Archigenem,

228 2461 604 2522 curationum
642 2473 987 2538 argumenta
1031 2467 1327 2539 persolvit.
1386 2468 1538 2525 Dum
1571 2469 1620 2526 is
1667 2483 1802 2540 ergo
1844 2466 1946 2541 qui

229 2551 520 2628 febricitat
564 2552 830 2618 moritur,
878 2554 982 2628 qui
1032 2554 1278 2612 curandi
1339 2570 1561 2614 munus
1608 2555 1947 2629 impleverat

227 2638 482 2697 crimine
518 2655 637 2698 non
683 2649 928 2701 tenetur.
983 2643 1149 2715 Nam,
1180 2645 1335 2717 quod
1368 2661 1541 2703 suum
1581 2653 1720 2713 erat,
1775 2646 1949 2704 indu-

229 2729 434 2785 striam
481 2730 620 2787 artis
660 2731 1163 2806 exliibuit,,atque
1196 2733 1323 2791 ideo
1354 2733 1663 2792 calumniae
1692 2751 1806 2793 non
1850 2752 1948 2808 pa:-

232 2818 395 2877 tebit.
443 2819 557 2878 Diu
591 2821 734 2893 jam,
777 2822 973 2894 frater,
1010 2831 1112 2893 est,
1153 2837 1229 2882 ex
1264 2841 1379 2897 quo
1422 2824 1527 2882 tibi
1569 2824 1948 2902 pretipsarum

240 2909 500 2991 vestium
532 2917 706 2968 aestus
735 2910 1056 2986 incanduit,
1107 2921 1182 2985 et,
1217 2923 1283 2973 ut
1315 2915 1391 2972 ita
1434 2916 1652 2990 loquar,
1683 2915 1949 2973 ambitio-

241 3002 337 3059 nis
371 3010 486 3059 tuze
526 3002 743 3060 viscera
796 3009 1074 3076 tanquam
1105 3004 1387 3061 lethiferze
1414 3002 1592 3061 febris
1621 3003 1791 3062 ardor
1835 3019 1944 3061 ex-

245 3091 424 3149 coxit.
461 3091 580 3163 Ego
605 3100 797 3150 autem
822 3092 927 3150 tibi
960 3094 1119 3151 velut
1146 3094 1425 3163 medicus,
1460 3093 1590 3150 licet
1617 3093 1958 3166 imperitus,

241 3189 298 3240 et
325 3182 526 3240 oleum
560 3181 706 3238 lenis
734 3190 906 3255 atque
933 3182 1128 3241 suavis
1156 3182 1570 3241 admonitionis
1595 3181 1860 3251 adhibui,
1896 3187 1948 3238 et

2023 2034 2191 2077 vanaa
2234 2019 2436 2092 gloria:
2471 2022 2920 2095 deprehenditur
2948 2027 3256 2100 appetitus.
3303 2028 3485 2088 Nemo
3520 2029 3734 2104 quippe

2025 2105 2146 2164 illic
2202 2110 2436 2167 anhelat
2489 2113 3057 2183 pretiosis‘vestibus
3108 2117 3297 2186 indui,
3349 2118 3450 2175 ubi
3505 2118 3734 2178 alienus

2026 2211 2162 2253 eum
2207 2205 2469 2270 aspectus
2522 2210 2772 2274 nequeat
2801 2203 3037 2261 intueri.
3075 2204 3183 2263 Sed
3232 2208 3303 2264 ad
3351 2207 3460 2265 hoc
3489 2208 3736 2282 quisque

2028 2283 2374 2344 cultioribus
2404 2289 2762 2347 indumentis
2805 2293 3114 2352 enitescere
3146 2295 3517 2368 concupiscit,
3573 2303 3636 2354 ut
3676 2314 3736 2355 se

2027 2375 2368 2434 mirantium
2401 2377 2687 2438 nitidulus
2709 2380 2951 2440 oblectet
2977 2391 3291 2458 aspectum,
3314 2393 3379 2443 ut
3405 2378 3756 2444 alienorum

2029 2471 2217 2536 pascat
2236 2465 2531 2525 illecebras
2548 2469 2878 2542 oculorum;
2901 2471 2998 2528 sed
3020 2472 3164 2530 dum
3185 2473 3398 2530 mulcet
3417 2473 3612 2534 oculos
3628 2489 3734 2532 ex-

2029 2556 2313 2616 trinsecus
2334 2559 2714 2631 intuentium,
2738 2561 2953 2620 interni
2962 2562 3176 2636 judicis
3191 2562 3430 2622 Oﬂ‘endit
3447 2564 3730 2623 obtutum.

2587 2699 2831 2761 CAPUT
2867 2703 3182 2764 PRIMUM.

2301 2811 2508 2877 Quibus
2535 2813 2772 2866 eest-ibus
2803 2814 2860 2868 S.
2900 2815 3144 2868 Ecclesia
3174 2813 3482 2870 delectetur.

2107 2911 2303 2971 Solent
2334 2915 2502 2987 plane
2551 2922 2810 2987 potentes
2862 2917 3058 2974 saeculi
3083 2916 3389 2990 phaleratis
3419 2914 3738 2990 obsequen.

2033 3001 2178 3059 tium
2208 3002 2467 3060 induviis
2524 3003 2810 3072 delectari,
2847 3007 3166 3078 praesertim
3205 3006 3253 3063 si
3298 3013 3600 3063 metatores
3635 3005 3741 3062 ho-

2035 3089 2188 3162 spitii
2231 3089 2347 3146 sint
2386 3090 2700 3161 mirabiles,
2764 3092 2813 3149 si
2867 3093 3211 3166 prmambuli
3259 3093 3479 3166 quique
3528 3091 3746 3149 diversi

2036 3181 2228 3236 cultus
2260 3179 2447 3253 specie
2479 3181 2786 3238 videantur
2816 3181 3094 3255 insignes.
3135 3182 3247 3238 Sed
3280 3181 3583 3239 videamus
3619 3197 3741 3238 me-

234 3279 488 3329 austerze
519 3271 892 3344 correptionis
942 3272 1146 3330 vinum
1194 3272 1526 3345 frequenter
1571 3271 1785 3328 inl‘udi.
1838 3270 2280 3344 Necctatorem
2319 3267 2531 3324 Christi
2580 3269 2887 3340 Joannem,
2954 3271 3318 3327 attendamus
3359 3269 3528 3341 ‘regis
3578 3285 3735 3342 egre-

244 3358 676 3440 Scripturarum
735 3360 838 3417 tibi
881 3360 1115 3419 defuere
1167 3361 1474 3434 pigmenta,
1522 3371 1770 3435 quarum
1820 3375 1955 3417 sen-

245 3451 457 3507 tentias
498 3448 640 3506 dum
683 3465 971 3523 exponere
1010 3450 1233 3521 studui,
1283 3451 1439 3508 velut
1478 3449 1819 3508 aromaticas
1849 3449 1953 3506 tibi

237 3541 460 3614 species
503 3539 742 3612 pindere
797 3541 1087 3615 [pandere]
1133 3557 1249 3598 non
1288 3542 1527 3600 cessavi.
1579 3541 1648 3598 Et
1677 3539 1952 3613 quoniam

238 3647 350 3703 ego
391 3647 525 3688 cum
554 3629 775 3689 caeteris
820 3632 1117 3703 fratribus,
1144 3631 1362 3690 vilibus
1400 3646 1588 3690 coram
1637 3637 1688 3687 te
1733 3629 1955 3687 fuimus

239 3721 501 3779 contenti
549 3736 776 3794 semper
827 3722 1077 3789 exuviis,
1112 3721 1254 3779 dum
1302 3721 1406 3778 feci
1433 3720 1760 3794 prius'ipse
1802 3719 1956 3792 quod

239 3812 475 3882 monui,
509 3812 674 3888 quasi
710 3813 869 3885 prius
895 3813 1221 3872 antidotum
1247 3812 1368 3870 bibi
1400 3831 1412 3870 :
1457 3813 1655 3885 sicque
1687 3819 1740 3869 te
1769 3811 1841 3869 ad
1871 3811 1956 3868 bi-

237 3901 504 3960 hendum
544 3901 697 3976 quod
745 3903 1182 3976 propinaveram
1211 3901 1536 3976 provocavi.
1584 3900 1696 3961 Sed
1726 3908 1788 3973 et
1813 3917 1956 3959 cau-

239 3992 487 4052 terium"
515 4000 803 4068 postremo
866 3993 1191 4052 adustionis
1245 3992 1530 4066 impressi,
1587 3994 1728 4052 dum
1782 3991 1956 4050 nitori

237 4081 500 4139 vestium
548 4081 713 4155 ignes
755 4088 1027 4140 tartareos
1055 4083 1354 4152 minitans,
1403 4080 1706 4140 intentavi.
1740 4083 1955 4138 Annon

239 4171 852 4229 adustionis’ferrum
909 4172 1190 4230 divitibus
1267 4171 1636 4245 imprimebat
1687 4170 1953 4240 Jacobus,

240 4275 383 4317 cum
432 4267 489 4318 et
541 4261 635 4318 hic
685 4269 872 4320 vestes
922 4262 1112 4334 tineis,
1161 4269 1217 4319 et
1248 4261 1368 4319 illic
1415 4278 1613 4318 carnes
1672 4261 1956 4319 incendiis

243 4350 536 4408 obnoxias
562 4351 920 4424 perhibebat,
959 4353 1156 4410 dicens
1187 4372 1198 4409 ε
1237 4374 1258 4402 ι
1296 4353 1462 4424 Agite
1510 4368 1687 4423 nunc,
1721 4353 1952 4422 divites,

244 4445 307 4495 et
341 4437 580 4511 ploratu,
628 4439 923 4497 ululantes
953 4439 1015 4497 in
1046 4439 1298 4497 miseriis
1341 4439 1566 4507 vestris,
1621 4457 1753 4514 quae
1780 4441 1956 4498 adve-

245 4527 417 4584 nient
444 4528 628 4585 vobis.
663 4526 900 4586 Divitiae
924 4537 1130 4586 vestrae
1159 4530 1491 4606 putrefacta:
1515 4536 1670 4594 sunt,
1700 4538 1752 4588 et
1785 4529 1960 4588 vesti-

2036 3355 2200 3427 gium
2243 3370 2698 3427 praecursorem:
2749 3357 2850 3429 qui
2885 3359 3168 3417 nimirum
3209 3359 3440 3432 przeivit
3489 3373 3626 3416 eum
3682 3359 3744 3416 in
3846 3401 3855 3414 ι

2038 3445 2245 3517 spiritu
2311 3453 2364 3503 et
2417 3447 2630 3504 virtute
2699 3447 2840 3507 EllEB
2906 3452 3056 3524 (Luc.
3116 3455 3176 3522 Il,
3243 3458 3306 3508 ut
3386 3456 3742 3508 converteret

2036 3535 2207 3592 corda
2252 3543 2481 3609 patrum
2526 3534 2588 3594 in
2621 3536 2793 3607 filios,
2823 3546 2878 3596 et
2907 3538 3236 3598 incredulos
3261 3539 3333 3597 ad
3376 3539 3744 3612 prudentiam

2034 3626 2342 3700 justorum.
2417 3627 2850 3704 Perpendamus
2936 3631 3171 3705 itaque,
3252 3631 3579 3707 imperator.
3662 3632 3745 3690 De

2040 3728 2229 3794 terra),
2289 3722 2504 3795 quibus
2552 3722 2756 3795 praevii
2807 3724 3102 3782 metatoris
3153 3724 3244 3782 sui
3301 3723 3557 3782 vestibus
3585 3721 3747 3780 dele—

2038 3818 2266 3881 ctetur;
2319 3811 2436 3880 sed,
2491 3812 2808 3884 Evangelio
2848 3821 3107 3885 testante,
3157 3813 3558 3886 cognoscimus
3608 3815 3747 3888 quia

2039 3899 2449 3958 vestimentum
2476 3900 2602 3973 ejus
2619 3899 2751 3972 pilis
2768 3901 3138 3959 inhorruerat
3160 3902 3512 3959 camelorum
3532 3901 3662 3960 cmli
3688 3910 3744 3959 et

2038 3984 2183 4042 529
2233 4004 2347 4060 quo
2403 3988 2708 4047 Salvator:
2755 4013 2781 4039 α
2812 3987 2982 4060 Quid,
3041 3989 3250 4062 inquit,
3301 3990 3504 4048 existis
3542 3991 3604 4048 in
3645 3992 3747 4048 de-

2039 4086 2257 4139 sertum
2308 4079 2546 4137 videre?
2576 4080 2872 4138 hominem
2907 4079 3181 4138 mollibus
3229 4079 3548 4139 vestitum?
3603 4081 3748 4140 Ecce

2039 4169 2138 4241 qui
2200 4167 2476 4226 mollibus
2525 4169 2857 4226 vestiuntur
2920 4165 2983 4226 in
3034 4168 3306 4227 domibus
3359 4185 3562 4240 regum
3612 4178 3751 4228 sunt

2040 4260 2252 4331 (Matth.
2302 4272 2408 4329 111;
2461 4272 2562 4328 XI;
2613 4263 2742 4316 Luc.
2797 4265 2984 4329 v10.»
3027 4262 3110 4318 Ac
3163 4260 3214 4318 si
3268 4258 3573 4318 manifeste
3619 4275 3753 4333 per-

2041 4349 2252 4419 hibeat,
2289 4349 2428 4423 quia
2460 4365 2576 4407 non
2607 4348 2873 4419 caelestis,
2901 4349 2999 4406 sed
3031 4349 3244 4407 terreni
3278 4349 3428 4424 regis
3456 4349 3621 4424 digni
3649 4349 3753 4407 de-

2043 4447 2360 4503 cernuntur
2397 4439 2708 4513 obsequiis,
2763 4440 2865 4515 qui
2921 4439 2993 4497 ad
3045 4456 3210 4498 vana;
3259 4414 3752 4513 glorim’nitorem

2043 4531 2326 4588 accuratis
2347 4529 2539 4587 ornari
2567 4530 2820 4601 gestiunt
2841 4529 3218 4588 indumentis.
3245 4529 3518 4587 Mollibus
3539 4527 3756 4603 quippe

248 4623 451 4675 menta
501 4625 689 4675 vestra
717 4635 750 4674 a
782 4618 953 4676 tineis
997 4626 1247 4677 comesta
1295 4626 1450 4687 sunt,
1511 4635 1722 4676 aurum
1765 4627 1817 4676 et
1865 4636 2021 4706 aroD
2045 4619 2301 4677 vestibus
2351 4617 2560 4691 regalis
2599 4622 2768 4686 aula;
2820 4619 3037 4690 asperis
3087 4624 3142 4675 et
3171 4617 3409 4674 incultis
3439 4614 3755 4673 delectatur

245 4715 493 4779 gentum
531 4713 789 4764 vestrum
828 4707 1196 4781 aeruginavit,
1240 4715 1296 4764 et
1321 4723 1516 4779 mrugo
1546 4723 1748 4765 eorum
1780 4707 1844 4763 in
1879 4714 1960 4764 te-

247 4795 596 4854 stimonium
629 4795 793 4853 vobis
842 4795 972 4867 erit,
1017 4803 1071 4853 et
1098 4796 1470 4854 manducabit
1506 4812 1707 4854 carnes
1745 4802 1962 4854 vestras

247 4886 403 4944 sicut
430 4886 587 4959 ignis
627 4889 758 4958 (Jac.
796 4889 872 4956 V).
914 4907 941 4938 »
994 4885 1295 4944 Metallum
1327 4887 1561 4960 quippe,
1603 4887 1759 4960 quod
1807 4902 1962 4944 nunc

246 4991 354 5049 per
401 4975 710 5033 avaritiam
747 4976 1092 5048 possidetur,
1124 4983 1265 5034 tunc
1306 4976 1367 5033 in
1399 4977 1645 5033 laminas
1672 4976 1957 5034 vertitur:

249 5072 308 5122 et
341 5081 492 5136 caro,
523 5080 655 5137 qua:
687 5080 845 5122 nunc
873 5064 1079 5122 fucatis
1101 5065 1359 5136 vestibus
1379 5065 1712 5134 adornatur,
1731 5065 1966 5122 ﬂamma

248 5156 622 5234 postmodum
670 5155 945 5214 stridente
982 5157 1341 5230 perfricatur.
1372 5159 1585 5215 Annon
1624 5156 1966 5214 medicinale

253 5247 675 5304 ferramentum
718 5245 1024 5304 ambitioni
1064 5244 1314 5304 vestium
1349 5245 1522 5303 etiam
1576 5243 1836 5303 Salvator
1864 5261 1965 5318 ap-

251 5338 465 5410 posuit,
509 5353 645 5395 cum
698 5337 940 5394 divitem
993 5337 1164 5411 bysso
1215 5353 1279 5394 ac
1327 5353 1590 5410 purpura
1636 5337 1968 5396 decoratum

254 5426 514 5487 ﬂammis
550 5426 938 5486 infernalibus
993 5427 1190 5485 ardere
1228 5426 1576 5501 perhibuit?
1624 5428 1768 5500 (Luc.
1820 5428 1968 5500 XVI.)

258 5515 563 5590 Scriptura
595 5516 810 5590 quippe
837 5521 997 5588 teste,
1047 5515 1199 5573 nihil
1243 5514 1404 5572 aliud
1447 5513 1508 5570 in
1540 5514 1650 5572 hoc
1674 5514 1851 5572 divite
1882 5530 1970 5571 re-

253 5604 664 5678 prehenditur,
693 5605 807 5662 nisi
835 5604 974 5678 quia
1005 5604 1114 5663 sub
1145 5603 1332 5662 nitore
1359 5602 1610 5663 vestium
1636 5603 1810 5662 etiam
1849 5602 1974 5660 sine

253 5690 662 5752 misericordia
689 5693 901 5767 legitur
919 5693 1221 5767 splendide
1238 5694 1598 5753 convivatus.
1627 5691 1974 5765 Quanquam

2046 4709 2314 4768 Ecclesia.
2354 4735 2378 4758 «
2433 4708 2635 4767 Omnis
2667 4709 2825 4765 enim
2858 4707 3038 4780 gloria
3095 4709 3220 4778 ejus
3267 4706 3405 4762 ﬁliae
3449 4723 3650 4778 regum
3679 4706 3752 4763 ab

2046 4799 2204 4856 intus
2237 4799 2401 4870 (Psal.
2437 4799 2597 4868 XLIV)
2626 4820 2638 4853 :
2675 4821 2701 4847 ιι
2733 4796 2983 4854 Ecclesia
3032 4796 3341 4869 siquidem,
3375 4795 3466 4853 vel
3497 4810 3751 4870 quaeque

2046 4878 2230 4944 fidelis
2267 4887 2483 4958 anima,
2537 4901 2668 4959 qua:
2701 4895 2756 4942 et
2806 4885 2929 4959 ipsa
2982 4892 3309 4944 sanctorum
3360 4885 3750 4960 apostolorum

2046 4984 2129 5035 est
2161 4977 2300 5048 filia,
2334 4992 2452 5034 non
2482 4975 2846 5034 extrinsecus
2875 4976 3205 5047 enitescere,
3241 4976 3339 5034 sed
3381 4984 3580 5034 ornata
3607 4989 3748 5048 gau-

2047 5067 2141 5125 det
2173 5067 2233 5123 in
2273 5066 2482 5125 occulti
2516 5065 2730 5139 judicis
2769 5065 3070 5124 obtutibus
3119 5071 3409 5140 apparere.
3445 5065 3562 5122 Nec
3587 5062 3751 5121 oble-

2048 5151 2236 5214 ctatur
2274 5156 2460 5214 fucata
2489 5155 2923 5229 pulchritudine
2953 5155 3239 5226 vestium,
3261 5153 3357 5212 sed
3385 5153 3753 5212 rutilantium

2049 5243 2331 5318 gloriatur
2360 5244 2634 5303 varietate
2668 5245 2971 5304 virtutum.
3016 5245 3100 5303 De
3130 5262 3246 5319 qua
3270 5247 3447 5303 etiam
3478 5243 3755 5302 varietate

2054 5333 2348 5407 Scriptura
2391 5335 2799 5408 prosequitur:
2837 5360 2863 5386 ει
2897 5333 2965 5392 In
2994 5333 3241 5392 fimbriis
3269 5333 3460 5392 aureis
3498 5334 3754 5391 circum-

2052 5425 2256 5483 amicta
2307 5426 2580 5483 varietate
2609 5427 2788 5496 thid.)
2847 5448 2868 5476 ι
2910 5424 3020 5481 Vis‘
3045 5423 3246 5481 audire
3281 5422 3613 5481 varietatem
3651 5438 3752 5481 ve-

2055 5515 2249 5584 stium,
2285 5529 2417 5588 quae
2447 5513 2695 5572 caelestis
2724 5512 2918 5587 sponsi
2941 5510 3179 5570 delectat
3207 5512 3515 5586 aspectus?
3542 5511 3756 5570 Anima

2055 5609 2205 5661 certe
2266 5603 2451 5660 niveae
2498 5601 2771 5660 castitatis
2814 5599 3060 5657 candore
3107 5599 3440 5673 conspicua,
3470 5604 3604 5657 ante
3650 5597 3756 5657 Dei

2057 5692 2472 5764 omnipotentis
2526 5690 2722 5751 oculos
2768 5688 3054 5764 spirituali
3104 5688 3297 5764 bysso,
3344 5689 3468 5750 sive
3514 5687 3762 5775 cellobio
