4074 6190
311 344 416 403 519

310 441 538 528 videtur
594 468 836 527 induta:
881 467 1005 524 hzec
1058 462 1427 522 etiam'ldum
1491 465 1727 522 ﬂamma
1785 461 2088 543 fervidaeA

311 559 605 617 charitatis
642 558 881 630 ignitur,
913 555 1171 625 dirotini,
1205 554 1328 613 sive
1366 554 1457 611 bis
1486 554 1649 612 tincti
1698 553 1881 611 crocci
1920 569 2019 610 ru-

309 650 447 707 bore
494 648 865 722 perfunditur
890 669 903 716 ;
949 662 1077 703 cum
1112 661 1248 703 vero
1280 644 1372 703 vel
1399 645 1471 703 ab
1503 637 1611 702 hoc
1636 643 1852 702 saeculo
1884 644 2019 702 tun-

313 738 470 795 ditus
517 736 869 804 mortificari,
919 735 1008 793 vel
1073 733 1468 793 consummari
1519 749 1621 807 per
1676 732 2019 807 martyrium

310 827 478 884 avide
516 824 905 897 concupiscit;
945 828 1085 882 tunc
1111 825 1272 881 velut
1301 822 1575 881 conchilii
1604 823 1886 896 sanguine.
1914 821 2021 878 tin-

310 916 467 989 gitur
512 915 708 988 sicque
738 914 945 986 regalis
998 929 1272 987 purpurae
1313 911 1559 986 speciem
1594 913 1870 970 imitatur.
1907 911 2019 969 Sed

314 1020 420 1063 nec
465 1005 567 1062 diu
598 1003 786 1077 pistici
834 1018 1064 1077 quoque
1106 1003 1261 1060 viror
1309 1002 1505 1059 abesse
1551 1000 1873 1060 credendus
1914 1007 2015 1069 est,

310 1094 446 1170 quia
514 1094 655 1152 dum
708 1109 876 1152 mens
930 1109 1157 1151 ammna
1207 1109 1431 1166 semper
1492 1091 1738 1150 virentis
1792 1104 2021 1163 pascua)

309 1185 521 1259 gaudia
568 1184 811 1243 firmiter
843 1192 1049 1258 sperat,
1083 1183 1241 1241 velut
1290 1185 1353 1242 in
1383 1181 1769 1256 smaragdinei
1799 1180 2022 1239 decoris

313 1274 502 1346 specie
542 1271 1094 1330 immarcescibiliter
1122 1277 1344 1329 vernat.
1383 1270 1547 1329 Unde
1573 1279 1627 1329 et
1658 1286 1758 1343 per
1788 1270 2021 1327 Petrum

314 1361 528 1419 dicitur
557 1380 568 1417 :
607 1384 632 1409 α
665 1360 809 1429 Quia
840 1359 1197 1433 regeneravit
1228 1374 1331 1417 nos
1363 1359 1517 1417 Deus
1544 1360 1607 1415 in
1638 1374 1795 1431 spem
1825 1357 2022 1440 vi’vam

308 1462 408 1521 per
460 1447 939 1505 resurrectionem
976 1447 1115 1505 Jesu
1147 1446 1363 1506 Christi
1412 1447 1472 1504 in
1504 1446 1898 1504 hznreditatem
1927 1444 2021 1501 in-

310 1537 768 1611 corruptibilem,
805 1544 862 1594 et
900 1538 1440 1607 incontaminatam,
1476 1546 1534 1595 et
1564 1535 2020 1594 immarcescibi-

309 1628 426 1686 lem
464 1632 859 1684 conservatam
918 1624 979 1681 in
1030 1624 1191 1681 cmlis
1243 1626 1290 1696 (Ι
1319 1628 1464 1682 Petr.
1523 1630 1642 1694 1).»
1699 1624 1803 1682 His
1853 1623 2021 1698 plane

314 1716 572 1775 vestibus
595 1714 858 1771 animam
889 1714 1173 1771 Dominus
1212 1729 1271 1771 se
1300 1714 1561 1772 induisse
1582 1720 1863 1782 testatur,
1886 1728 2021 1771 cum

769 343 827 403 s.
876 342 1097 401 PETRI
1138 340 1459 400 DAMIANI
1499 302 1655 399 ore.
1700 337 1949 397 TOMUS
1992 324 2130 397 sim
2171 338 2364 411 PARS
2403 337 2506 396 IlI.
2557 369 2613 378 -
2658 330 3050 394 OPUSCULA
3090 332 3346 391 VABIA.

3704 333 3813 391 520

2704 526 2712 533 ι
2763 480 3004 543 CAPUT
3056 480 3131 538 II.

2100 607 2266 663 Indui
2316 607 2555 662 vestibus
2623 601 2932 676 splendidis
2991 614 3155 667 quam
3205 598 3402 652 animae
3438 598 3812 668 perniciosum

2731 696 2781 746 et
2814 693 2922 745 Deo
2960 688 3180 743 odibile.
3420 698 3429 703 ‘
3534 708 3563 737 ο

2177 811 2319 869 Ecce
2369 812 2572 869 Achab
2605 807 2891 882 imperiali
2942 821 3199 880 purpura
3241 805 3565 875 decoratur,
3616 809 3673 862 et
3718 820 3810 863 re-

2102 899 2279 972 probo
2306 900 2513 972 spiritu
2562 898 2815 975 fa‘llente,
2861 896 3177 969 decipitur;
3209 894 3468 952 cilicium
3502 893 3711 961 induit,
3757 897 3817 951 et

2101 988 2359 1062 gladium
2392 989 2580 1047 divini
2618 988 2833 1047 furoris
2861 986 3103 1055 avertit;
3149 985 3441 1057 regalibus
3479 983 3680 1041 infulis
3720 998 3815 1041 re-

2100 1078 2359 1146 dimitus,
2404 1079 2613 1152 laqueo
2660 1076 3012 1149 deceptionis
3055 1073 3433 1147 impingitur;
3469 1087 3631 1130 sacco
3674 1087 3813 1130 con-

2105 1174 2307 1239 tectus,
2338 1167 2530 1225 dilatae
2557 1165 2799 1225 ultionis
2829 1162 3257 1236 indulgentiam
3294 1167 3673 1235 promeretur.
3710 1159 3818 1216 Eat

2104 1273 2239 1330 ergo
2294 1257 2614 1315 monachus
2668 1270 2836 1313 vanae
2883 1252 3085 1326 gloriae
3123 1252 3372 1323 deditus,
3441 1256 3496 1308 et
3548 1257 3673 1323 toga
3719 1265 3817 1307 ra-

2103 1345 2298 1402 diante
2378 1345 2748 1418 conspicuus,
2788 1342 3004 1402 ~nitore
3078 1342 3325 1399 vestium
3395 1339 3817 1413 aspectantium

2102 1441 2293 1508 pascat
2323 1435 2623 1493 illecebras
2652 1434 2988 1503 oculorum;
3038 1434 3133 1491 sed
3175 1432 3316 1489 dum
3348 1431 3607 1489 vestibus
3636 1430 3818 1504 fulget

2104 1526 2444 1600 iniquorum
2500 1525 2813 1599 spirituum
2866 1523 3301 1597 deceptionibus
3353 1528 3543 1595 patet:
3603 1521 3820 1581 divinze

2102 1623 2380 1689 praeterea
2413 1615 2839 1694 indignationis
2869 1615 3178 1673 adversum
3208 1631 3268 1672 se
3297 1613 3641 1672 sententiam
3682 1628 3815 1687 pro-

2103 1716 2287 1781 vocat,
2322 1709 2465 1769 duin
2492 1708 2630 1767 solis
2661 1707 3047 1767 exterioribus
3090 1706 3340 1776 deditus,
3398 1704 3597 1763 oculos
3621 1705 3814 1762 homi-

307 1819 413 1881 per
439 1804 794 1864 Ezechielem
832 1805 1109 1879 loquitur,
1152 1804 1351 1861 dicens
1383 1823 1394 1861 :
1436 1829 1462 1855 α
1497 1804 1718 1861 Vestivi
1748 1813 1801 1861 te
1828 1793 2083 1886 discmB
2104 1813 2272 1869 num,
2304 1805 2370 1856 ut
2412 1814 2472 1855 se
2501 1799 2864 1857 admirentur
2903 1797 3144 1865 invitat;
3192 1781 3463 1869 tantoque
3497 1793 3817 1867 despicabi:

310 1896 553 1965 loribus,
586 1901 641 1952 et
695 1893 945 1951 calceavi
977 1902 1029 1949 te
1062 1894 1396 1967 hyacintho,
1447 1901 1502 1950 et
1553 1894 1711 1951 cinxi
1748 1901 1805 1973 te
1830 1882 2076 1967 bysso,—
2105 1887 2242 1960 lius,
2279 1888 2395 1947 Deo
2424 1890 2756 1963 superbiam
2793 1886 3151 1961 reprobante,
3184 1884 3596 1952 contemnitur,
3630 1897 3816 1956 quan-

312 1990 367 2042 et
423 1982 593 2041 indui
651 1989 702 2039 te
768 1979 1102 2049 subtilibus,
1174 1986 1230 2038 et
1295 1981 1501 2039 ornavi
1560 1987 1612 2040 te
1681 1970 2021 2040 ornamento
2106 1985 2162 2037 to
2233 1996 2424 2037 coram
2478 1979 2667 2038 oculis
2733 1978 3089 2037 intuentium
3147 1975 3491 2033 cultioribus
3555 1970 3818 2030 induviis

317 2074 530 2145 (Ezech.
582 2072 730 2142 XVI).
765 2090 791 2123 »
848 2068 1022 2127 Hunc
1069 2067 1319 2143 denique
1350 2070 1596 2143 cultum,
1648 2072 1805 2130 hunc
1846 2073 2020 2130 indu—
2104 2071 2397 2137 amicitur.
2449 2075 2524 2130 At
2554 2079 2754 2129 contra
2792 2070 2920 2141 Job,
2963 2068 3065 2143 qui
3100 2066 3294 2126 nudus
3344 2064 3408 2123 in
3442 2067 3653 2121 teri-am
3688 2076 3813 2118 cor-

313 2160 495 2218 menti
524 2158 840 2234 spiritualis
868 2163 1137 2217 ornatum
1190 2158 1339 2217 idem
1387 2159 1589 2218 Petrus
1625 2161 1799 2219 etiam
1826 2179 1859 2219 a
1887 2178 2020 2221 mu-
2104 2159 2242 2232 ruit,
2294 2159 2398 2234 qui
2451 2160 2833 2232 proﬂuentem
2886 2157 3110 2215 saniem
3153 2162 3291 2213 testa
3349 2152 3518 2222 radit,
3559 2151 3701 2209 dum
3748 2147 3812 2205 in

312 2250 555 2310 lieribus
609 2251 811 2324 exigit,
856 2262 995 2308 eum
1052 2249 1136 2307 eis
1199 2249 1585 2310 lenocinantis
1644 2269 1712 2309 ac
1777 2252 2016 2327 lupana-
2102 2249 2467 2325 sterquilinio
2533 2250 2909 2323 putrefactus,
2984 2263 3049 2305 ac
3126 2244 3445 2323 scaturiens
3517 2238 3811 2298 vermibus

311 2341 414 2399 riae
440 2340 872 2415 compositionis
904 2341 1168 2414 phaleras
1206 2340 1499 2399 interdicit
1530 2367 1542 2400 :
1584 2365 1603 2393 α
1638 2343 1895 2413 Quarum
1922 2345 2014 2414 sit,
2101 2340 2273 2397 etiam
2302 2339 2374 2399 ab
2404 2356 2589 2398 uxore
2617 2339 2948 2413 despicitur,
2982 2336 3200 2395 divinae
3239 2330 3645 2393 consolationis
3672 2328 3808 2388 alle-

310 2428 608 2501 inquiens,
640 2443 757 2485 non
808 2427 1170 2485 extrinsecus
1217 2428 1579 2501 capillatura,
1633 2438 1734 2489 aut
1763 2432 2015 2491 circum-

306 2518 459 2577 ‘datio
513 2517 642 2577 auri
688 2518 776 2576 vel
808 2519 1050 2591 argenti,
1094 2525 1194 2577 aut
1239 2519 1589 2592 indumenti,
1643 2517 2015 2582 vestimento-

311 2624 558 2683 rumque
585 2607 778 2667 cultus
805 2631 817 2678 ;
852 2608 950 2666 sed
980 2610 1079 2683 qui
1108 2609 1479 2668 absconditus
1507 2618 1592 2668 est
1626 2613 1813 2670 cordis
1842 2613 2016 2671 homo

313 2700 373 2756 in
435 2697 977 2771 incorruptibilitate
1013 2698 1195 2770 quieti
1236 2707 1291 2756 et
1318 2699 1560 2758 modesti
1606 2701 1862 2775 spiritus,
1916 2701 2017 2775 qui

315 2796 399 2848 est
433 2789 495 2846 in
520 2795 828 2860 conspectu
859 2788 962 2844 Dei
995 2787 1253 2861 locuples
1286 2793 1328 2855 (1
1354 2793 1498 2846 Petr.
1528 2796 1634 2859 III).
1674 2812 1701 2845 »
1743 2790 2018 2851 Invisibi-

314 2878 425 2937 lem
472 2877 684 2950 quippe
712 2891 988 2950 sponsum
1044 2875 1362 2934 invisibilis
1404 2878 1649 2936 oblectat
1675 2888 1936 2951 ornatus,
1966 2886 2023 2939 et

319 2982 455 3026 cum
487 2972 744 3023 sanctam
788 2957 1046 3021 animam
1103 2965 1380 3038 conspicit
1417 2967 1636 3024 enitere
1685 2969 2020 3041 virtutibus,

315 3058 377 3114 in
418 3055 545 3130 ejus
573 3053 731 3111 illico
767 3052 923 3111 volat
970 3053 1317 3127 amplexus;
1348 3052 1675 3114 ‘cui’dixit:
1717 3082 1738 3103 -
1774 3057 2024 3115 Pulchra

314 3161 396 3213 es,
430 3143 614 3202 amica
659 3157 806 3210 mea,
862 3142 1057 3200 suavis
1111 3150 1166 3199 et
1210 3141 1433 3213 decora,
1481 3142 2024 3203 sicut-Hierusalem

318 3238 492 3307 (Cant.
522 3235 623 3305 VI).
666 3256 686 3284 ι
723 3232 883 3290 Sicut
930 3231 1318 3303 Hierusalem,
1365 3233 1464 3305 ait,
1499 3236 1792 3294 non'sicut
1837 3235 2023 3311 Baby-

316 3329 433 3398 lon,
495 3339 674 3398 quam
724 3323 870 3381 vidit
907 3324 1159 3382 Joannes
1210 3324 1623 3384 circumdatam
1678 3342 1934 3400 purpura
1972 3335 2027 3386 et

2081 2416 2305 2500 {quinm
2350 2435 2713 2509 promeretur
2751 2430 2891 2495 (Job.
2950 2440 2990 2499 I,
3038 2439 3100 2497 II,
3151 2427 3435 2493 XXXVIII).
3486 2421 3600 2479 Nec
3647 2420 3805 2476 enim

2098 2518 2254 2576 Deus
2283 2507 2595 2592 corporalis
2638 2518 2889 2590 contagii
2938 2522 3175 2575 nauseat
3217 2512 3431 2581 sordes,
3466 2509 3570 2568 ubi
3600 2507 3808 2567 mundi

2099 2608 2286 2667 cordis
2341 2609 2567 2668 invenit
2619 2608 2947 2682 puritatem.
2984 2606 3285 2676 Praeterea,
3337 2601 3478 2675 quid
3519 2607 3604 2657 est
3653 2596 3810 2672 quod

2101 2698 2519 2771 Apostolus‘ait
2548 2723 2560 2755 :
2610 2720 2632 2747 ι
2665 2698 2957 2755 Habentes
2989 2695 3286 2764 alimenta,
3318 2698 3372 2751 et
3400 2691 3614 2766 quibus
3653 2696 3809 2761 tega-

2099 2801 2252 2854 mur,
2292 2786 2383 2843 his
2431 2786 2685 2845 contenti
2737 2784 2972 2844 simus?
3009 2809 3029 2835 ι
3084 2788 3127 2856 (1
3164 2789 3301 2841 Tim.
3350 2787 3454 2849 VI.)
3497 2781 3611 2840 Cur
3654 2779 3811 2837 enim

2103 2890 2235 2933 cum
2275 2874 2434 2945 dicit,
2475 2879 2726 2933 habentes
2780 2878 3063 2946 alimenta,
3119 2889 3237 2933 non
3269 2873 3529 2947 protinus
3570 2868 3813 2939 addidit,

2105 2974 2160 3026 et
2211 2968 2442 3027 vestes?
2480 2968 2577 3026 sed
2610 2967 3024 3027 tandummodo
3052 2981 3183 3024 cum
3216 2963 3535 3038 pl‘iDIIliltit,
3565 2962 3820 3016 habentes

2106 3065 2388 3131 alimenta,
2441 3068 2651 3135 praesto
2684 3060 3008 3134 subjhngit,
3046 3065 3098 3115 et
3134 3059 3332 3130 quibus
3383 3063 3649 3126 tegamur.
3700 3050 3818 3110 Cur

2107 3152 2234 3223 hoc,
2278 3152 2390 3210 nisi
2428 3160 2493 3210 ut
2522 3150 2821 3225 perSpicue
2850 3153 3067 3222 doceat,
3110 3166 3216 3208 nos
3253 3148 3461 3208 debere
3488 3152 3604 3203 tam
3637 3141 3819 3214 despi-

2107 3242 2392 3300 cabilibus
2423 3242 2801 3315 operimentis
2831 3242 3019 3309 indui,
3053 3257 3187 3315 qum
3213 3239 3387 3312 digna
3426 3252 3540 3294 non
3574 3237 3688 3293 sint
3715 3247 3817 3290 ve-

2109 3332 2286 3389 s‘tium
2314 3330 2593 3389 vocabulo
2624 3328 2986 3404 nuncupari?
3017 3329 3330 3385 Enimvero
3356 3324 3540 3384 David
3562 3340 3667 3381 rex
3700 3339 3818 3381 nu-

314 3431 500 3485 croco,
532 3421 587 3472 et
633 3413 958 3505 inauratam
1006 3430 1168 3484 auro,
1215 3414 1403 3488 lapide
1456 3416 1727 3489 pretioso,
1764 3424 1819 3475 et
1871 3433 2025 3474 mar-
2077 3421 2245 3505 ldus,
2288 3437 2353 3478 ac
2388 3420 2509 3479 solo
2558 3428 2860 3479 contentus
2900 3419 3123 3493 Ephod,
3173 3433 3369 3475 coram
3401 3432 3529 3474 arca
3586 3413 3821 3473 Domini

314 3506 561 3580 garitis:
619 3504 927 3561 habentem
977 3505 1249 3577 poculum
1301 3506 1363 3563 in
1400 3523 1579 3565 manu
1630 3524 1733 3565 sua
1785 3509 2027 3582 plenum
2076 3497 2340 3579 ‘pub‘lice
2392 3509 2705 3568 subsiliens
2756 3510 2924 3567 saltat
2960 3512 3032 3581 (II
3057 3513 3186 3578 Reg.
3217 3508 3318 3577 VI).
3354 3504 3534 3563 Isaias
3570 3519 3821 3577 evange-

311 3596 759 3667 abominatione,
835 3602 890 3653 et
971 3595 1347 3655 immunditia
1426 3598 1824 3656 fornicationis
1902 3600 2027 3672 ejus
2110 3600 2256 3659 licus
2287 3600 2564 3675 propheta
2600 3600 2854 3658 triennio
2882 3600 3103 3667 nudus,
3137 3604 3192 3655 et
3218 3596 3595 3654 discalceatus
3626 3608 3821 3652 coram

315 3689 504 3760 (Apoc.
548 3688 715 3758 XVII).
768 3685 1122 3759 Babylonem
1154 3703 1293 3744 sane
1320 3687 1607 3759 diabolus,
1660 3688 2026 3763 Hierusalem
2108 3693 2253 3750 viris
2287 3698 2341 3749 et
2370 3689 2716 3759 mulieribus
2746 3689 3005 3747 ambulat
3046 3692 3179 3757 (Isa.
3207 3690 3357 3755 XX);
3390 3692 3446 3742 et
3475 3683 3820 3751 monachus,

314 3775 599 3833 inhabitat
628 3773 911 3833 Christus.
957 3773 1062 3832 Ille
1106 3774 1462 3833 luxuriantis
1497 3775 1746 3835 amictus
1778 3778 2029 3836 vanitate
2109 3781 2211 3856 qui
2258 3781 2395 3838 vitae
2423 3779 2671 3837 carnalis
2712 3779 3001 3852 professus
3032 3786 3117 3835 est
3147 3775 3523 3850 sepulturam,
3555 3770 3827 3830 nitidulae

298 3869 606 3938 relicitur';
643 3869 739 3926 hic
786 3867 1008 3941 asperis
1054 3875 1111 3925 et
1166 3866 1513 3937 humilibus,
1566 3867 1614 3925 si
1670 3869 1857 3926 cordis
1910 3887 2028 3928 non
2110 3872 2291 3929 vestis
2348 3871 2537 3929 adhuc
2594 3882 2833 3944 pompas
2894 3867 3175 3927 anhelat?
3232 3867 3584 3940 Quanquam
3665 3863 3827 3922 idem

317 3958 463 4015 desit
491 3956 809 4026 humilitas,
836 3954 1165 4013 delectatur.
1198 3957 1513 4013 Auctorem
1538 3972 1706 4029 porro
1741 3958 2028 4030 superwa
2110 3962 2310 4032 Isaias,
2342 3971 2397 4019 et
2426 3960 2738 4034 antequam
2770 3961 2963 4017 nudus
2995 3960 3305 4028 incederet,
3344 3973 3459 4015 non
3494 3953 3657 4013 molli
3683 3968 3831 4026 quo-

319 4064 471 4121 saepe
501 4047 653 4106 nitor
692 4047 944 4105 vestium
994 4052 1281 4120 provocat,
1312 4045 1588 4120 asperitas
1639 4055 1831 4106 autem
1860 4050 2026 4107 Chri-
2112 4051 2253 4111 libet
2290 4051 2656 4111 mulcebatur
2685 4051 2920 4122 amictu,
2962 4049 3061 4107 sed
3099 4048 3286 4107 cilicio
3323 4047 3634 4121 tegebatur;
3693 4042 3829 4101 Nisi

318 4145 494 4209 stum,
528 4146 591 4196 ut
618 4138 923 4207 humiliato
946 4137 1186 4195 cuilibet
1210 4138 1571 4210 misereatur,
1597 4137 1822 4196 invitat.
1857 4139 2024 4211 Nam,
2112 4142 2275 4201 enim
2322 4141 2511 4202 cilicio
2571 4147 2865 4198 contectus
2915 4139 3225 4207 incederet,
3282 4148 3655 4210 nequaquam
3709 4131 3830 4188 sibi

319 4230 465 4288 sicut
503 4245 660 4287 sacra
687 4229 1214 4301 Itegum‘testatur
1267 4217 1773 4293 historiazfﬂex
1824 4230 2024 4302 Israel,
2118 4248 2233 4291 vox
2294 4231 2495 4287 divina
2549 4229 2841 4302 jussisset:
2911 4251 2931 4278 ι
2970 4214 3140 4287 Solve
3198 4241 3427 4284 saccum
3482 4223 3552 4281 de
3609 4219 3834 4280 lumbis

318 4326 375 4383 et
406 4318 681 4391 Josaphat
723 4333 827 4375 rex
862 4316 1030 4384 Juda,
1076 4313 1219 4370 530
1259 4316 1489 4373 sedebat
1522 4319 1922 4392 unusquisque
1962 4322 2025 4378 in
2112 4323 2226 4381 tuis
2284 4323 2497 4391 (Ibid).
2538 4344 2593 4373 ις.
2630 4320 2783 4379 Esau
2836 4321 3006 4399 plane
3056 4325 3240 4378 vestes
3293 4317 3458 4376 valde
3504 4316 3701 4382 bonas,
3758 4317 3832 4370 ut

305 4407 465 4466 solio
515 4423 640 4486 sue,
688 4405 881 4464 vestiti
909 4404 1073 4462 cultu
1102 4404 1257 4477 regio
1306 4404 1367 4461 in
1406 4421 1557 4473 area,
1588 4407 1758 4479 juxta
1804 4416 2025 4481 portam
2112 4413 2404 4486 Scriptura
2451 4410 2732 4485 perhibet,
2799 4418 3117 4469 venaturus
3170 4409 3330 4468 domi
3386 4406 3663 4474 retinuit;
3720 4403 3830 4461 sed

324 4480 623 4575 Samarize',
657 4501 711 4553 et
759 4493 1022 4553 universi
1053 4494 1351 4566 propheta:
1375 4494 1434 4551 in
1470 4511 1668 4554 eorum
1698 4502 2085 4575 conspectu“
2110 4502 2202 4560 his
2240 4480 2398 4560 alter
2448 4480 2728 4571 indutus,
2754 4501 3072 4575 primatum
3113 4507 3364 4575 paternae
3386 4492 3534 4554 ‘531
3578 4494 3828 4553 benedi-

322 4574 621 4677 mend'acia
669 4582 1095 4677 prophetabant-
1149 4586 1249 4655 (III
1308 4588 1439 4653 Reg.
1508 4574 1742 4658 XXII)»
1811 4591 1931 4646 Anc

2216 4593 2321 4659 tuis
2368 4594 2584 4666 accepit
2655 4594 2805 4664 (Gen.
2855 4594 3071 4659 XXVII).
3122 4574 3328 4649 ’Jacob
3385 4601 3660 4677 namque,
3713 4582 3825 4677 qui

319 4671 533 4750 quippe
587 4674 875 4732 mendacii
924 4671 1100 4730 fucati
1158 4672 1347 4731 cultus
1396 4672 1782 4733 delectabatur
1831 4675 2023 4733 illece-
2105 4680 2275 4754 quasi
2315 4680 2424 4737 sub
2464 4676 2810 4750 Evangelica
2849 4679 3111 4748 doctrina
3166 4679 3332 4750 prius
3370 4688 3487 4733 non
3526 4672 3673 4731 duas
3720 4674 3820 4728 tu-

319 4765 458 4837 bris,
490 4771 557 4822 et
571 4762 901 4823 adumbrati
952 4761 1175 4820 decoris
1219 4768 1449 4835 aspectu
1478 4779 1582 4837 per
1626 4780 1725 4823 ora
1778 4768 2021 4839 prophe—
2104 4768 2264 4825 nicas
2290 4767 2495 4826 habuit
2521 4770 2745 4838 (Matth.
2777 4772 2864 4839 X),
2896 4765 3349 4841 simpleX‘etiam
3378 4764 3818 4841 vestimentum,

322 4857 572 4916 tantium
624 4854 884 4914 ofﬁcinas
940 4853 1322 4911 fabricaverat
1364 4850 1648 4912 falsitatis.
1691 4856 1767 4912 At
1802 4863 2016 4925 contra,
2104 4859 2279 4919 simul
2314 4864 2367 4918 et
2418 4860 2766 4919 alimentum
2817 4840 3185 4934 postmodum
3236 4859 3300 4915 in
3346 4855 3602 4914 oratione
3650 4840 3817 4924 quae-
3864 4905 3869 4910 .

324 4966 459 5009 cum
512 4950 667 5008 idem
725 4948 926 5006 Achab
972 4945 1382 5005 comminantis
1434 4945 1578 5004 Elite
1634 4947 1799 5019 dura,
1852 4958 2022 5022 prout
2102 4950 2272 5008 sivit:
2315 4972 2335 5000 ι
2365 4949 2428 5011 Si
2459 4950 2653 5021 fuerit,
2697 4949 2909 5023 inquit,
2945 4949 3100 5008 Deus
3134 4962 3381 5015 mecum,
3430 4950 3483 5003 et
3522 4938 3815 5003 custodie-

316 5039 528 5113 dignus
555 5042 700 5104 erat,“
727 5037 901 5095 verba
928 5037 1373 5111 perciperet,‘ac
1421 5036 1854 5110 impendentem
1900 5038 2022 5097 suis
2102 5040 2177 5098 rit
2229 5056 2320 5097 me
2374 5039 2434 5096 in
2488 5040 2603 5111 via,
2661 5056 2763 5114 per
2813 5054 2990 5111 quam
3041 5054 3145 5114 ego
3199 5034 3455 5105 ambulo,
3496 5040 3552 5092 et
3590 5029 3818 5091 dederit

321 5126 642 5187 cervicibus
672 5125 862 5183 divini
911 5125 1123 5184 furoris
1168 5125 1430 5199 gladium
1465 5126 1696 5185 territus
1746 5127 2020 5185 formida—
2102 5128 2251 5187 mihi
2284 5144 2491 5202 panem
2531 5129 2604 5187 ad
2640 5129 3015 5201 vescendum,
3056 5136 3112 5186 et
3148 5124 3562 5187 vestimentum
3599 5120 3671 5180 ad
3709 5119 3812 5177 in-

315 5224 421 5289 ret,
457 5219 749 5293 Scriptura
802 5222 976 5274 teste:
1015 5241 1041 5263 «
1082 5215 1263 5274 Scidit
1291 5221 1511 5274 vestem
1541 5232 1731 5287 suam,
1785 5224 1841 5276 et
1870 5234 2021 5291 ope-
2102 5219 2423 5291 duendum‘,
2447 5219 2716 5277 eritmihi
2740 5218 3103 5278 Dominusin
3123 5218 3307 5275 Deum
3328 5216 3480 5290 (Gen.
3504 5211 3743 5281 XXVIII).
3782 5234 3806 5261 ι

313 5310 431 5369 ruit
468 5309 655 5368 cilicio
712 5323 949 5367 carnem
988 5322 1172 5374 suam,
1209 5306 1610 5381 jejunavitque
1667 5315 1721 5366 et
1747 5307 2023 5366 dormivit
2103 5309 2289 5382 Igitur
2335 5309 2436 5382 qui
2478 5309 2738 5383 duplices
2794 5310 3035 5368 honoris
3085 5307 3270 5382 gratia
3308 5314 3497 5365 vestes
3547 5299 3817 5371 habebat,

318 5400 381 5458 in
430 5415 611 5471 sacco,
651 5406 706 5457 et
754 5397 1090 5456 ambulabat
1141 5396 1391 5455 demisso
1434 5397 1637 5469 capite.
1700 5397 2022 5472 Factusque
2103 5383 2406 5470 obruitur;
2440 5401 2545 5476 qui
2601 5400 2852 5475 simplici
2914 5406 3220 5459 contentus
3251 5403 3391 5466 erat,
3430 5389 3821 5465 eleemosvnis

321 5495 408 5548 est
465 5506 651 5548 sermo
713 5489 949 5548 Domini
1012 5488 1082 5545 ad
1141 5487 1328 5544 Eliam
1384 5480 1717 5559 Thesbiten,
1776 5488 2016 5549 dicens:
2103 5488 2324 5547 divinae
2354 5489 2558 5563 glorias
2591 5490 2957 5549 sublimatur.
2990 5487 3247 5547 Herodes
3284 5500 3535 5561 quoque,
3566 5476 3714 5540 Sicut
3742 5479 3814 5537 in

322 5578 527 5651 Nonne
564 5578 762 5637 vidisti
793 5577 994 5637 Achab
1032 5576 1407 5635 humiliatum
1453 5591 1641 5634 coram
1693 5575 1835 5635 me?
1872 5578 2022 5647 Quia
2101 5579 2348 5638 Actibus
2393 5580 2788 5655 apostolorum
2828 5581 3060 5654 legitur,
3090 5580 3235 5639 dum
3263 5578 3502 5636 indutus
3532 5580 3682 5634 veste
3714 5586 3810 5628 re-

316 5666 497 5761 igitur
511 5668 866 5761 humiliatus
893 5674 977 5727 est
998 5667 1113 5726 mei
1142 5682 1332 5737 causa,
1363 5682 1481 5725 non
1506 5667 1778 5728 inducam
1804 5671 2021 5730 malum
2102 5670 2218 5744 gia,
2277 5672 2627 5746 conspicuus
2678 5674 2937 5732 cernitur
2988 5674 3131 5746 (Act.
3164 5673 3298 5742 XII);
3329 5671 3471 5729 dum
3498 5668 3551 5727 ei
3584 5662 3816 5723 concio‘

321 5752 384 5809 in
416 5752 624 5812 diebus
646 5757 903 5828 0108(111
926 5759 1058 5851 Ret]-
1088 5759 1238 5825 XXI)-
1274 5777 1299 5803 υ
2104 5762 2264 5821 nanti
2295 5763 2368 5822 ad
2398 5764 2704 5837 populum,
2751 5762 2853 5823 Dei
2887 5779 3053 5822 voces
3106 5763 3335 5832 habere,
3390 5774 3508 5818 non
3549 5754 3816 5814 hominis

2314 5928 2347 5937 ἡ
