4074 6190
381 317 480 374 δίει

1077 325 1090 336 ⁸
1167 318 1408 396 ΟΡὉΞΟ.
1453 319 1726 375 KXiX.—-
1751 321 1836 376 DE
1874 319 2007 378 νηί
2048 313 2342 376 VESTITU
2384 313 2818 376 ECCLESIA‘ST'.

3535 285 3642 380 se

382 429 736 498 acclamatur,
765 433 1011 504 protinus
1043 435 1234 505 angelo
1265 436 1494 490 feriente
1541 436 1870 506 percutitur;
1905 443 1962 492 et
1989 443 2038 500 Α
2065 443 2118 489 et
2147 433 2283 488 dixit
2321 451 2332 488 :
2363 431 2553 488 Ponite
2578 431 2802 488 cidarim
2831 433 3084 488 mundam
3117 447 3282 502 Super
3323 449 3484 504 caput
3525 455 3642 510 ejus

382 522 528 592 quia,
560 539 714 578 vanae
735 525 919 594 gloriae
943 527 1175 589 deditus,
1208 527 1440 582 delatam
1465 529 1682 583 sibimet
1706 531 1760 584 in
1793 529 1964 585 Deum

2069 519 2253 591 (Zach.
2284 520 2390 591 tu).
2455 541 2472 572 ι
2525 521 2663 586 Quid
2716 521 2860 576 enim
2913 538 3009 590 per
3037 521 3253 590 Jesum,
3309 533 3642 588 sacerdotem

389 601 686 696 transferre
707 613 931 678 gloriam
951 629 1057 668 non
1075 615 1245 682 novit,
1265 619 1555 688 repentino
1567 619 1971 688 superveniente

2070 611 2318 666 videlicet
2343 611 2746 682 magnum,n-isi
2787 611 3050 668 Mediator
3103 617 3196 692 Dei
3255 625 3310 672 ct
3357 621 3638 679 hominum

385 703 590 771 judicio
619 719 979 776 consumptus
1006 723 1036 762 a
1071 710 1349 766 vermibus
1375 751 1392 775 ,
1419 711 1734 780 exspiravit.
1763 710 1853 766 Sic
1899 709 1982 765 ni-

385 795 581 848 mirum
611 833 626 857 ,
679 795 758 847 sic
795 795 979 848 divino
1029 795 1224 860 dignus
1261 803 1343 847 est
1383 795 1586 862 judicio
1639 796 1830 862 dejici,
1874 798 1965 866 qui

383 902 570 941 cor-am
629 886 802 941 oculis
833 887 1114 940 hominum
1148 888 1214 940 de
1253 888 1430 942 nitore
1458 887 1710 942 cultioris
1747 890 1966 945 habitus

383 978 554 1032 ambit
586 987 907 1048 arroganter
931 963 1134 1032 extolli.
1167 977 1300 1030 Nam
1327 987 1380 1031 et
1421 979 1536 1048 ipse
1575 978 1835 1034 Conditor
1873 997 1967 1034 au-

383 1071 632 1142 geiorum
675 1070 802 1123 dum
840 1070 892 1123 in
941 1069 1203 1138 praesepio
1243 1069 1464 1139 vagiens
1497 1069 1788 1124 reclinatur
1811 1069 1994 1140 (ιω-ι

385 1163 473 1229 ιιι),
497 1176 602 1215 non
638 1169 810 1224 ostro,
851 1159 936 1213 vel
993 1159 1131 1230 togis
1184 1159 1535 1214 rutilantibus
1590 1161 1822 1223 obsitus,
1871 1159 1965 1214 sed

383 1253 583 1306 vilibus
614 1251 812 1322 legitur
837 1251 1143 1320 panniculis
1167 1251 1472 1305 obvolutus.
1505 1250 1802 1306 Erubescat
1833 1267 1964 1323 ergo

385 1355 602 1402 terrena
629 1345 906 1414 superbia,
933 1343 1299 1398 confundatur
1340 1352 1396 1398 et
1437 1343 1788 1412 Obstupescat
1815 1359 1966 1398 arro-

383 1437 570 1507 gantia
621 1436 882 1502 redempti
927 1433 1185 1497 hominis,
1237 1434 1326 1486 ubi
1383 1448 1506 1486 mox
1557 1436 1966 1503 etmpcntibns

386 1525 575 1590 radiis,
595 1524 776 1579 exorti
805 1533 1061 1578 coruscat
1091 1523 1370 1578 humilitas
1404 1521 1802 1591 Redemptoris.
1832 1521 1966 1575 Nam

384 1624 440 1670 et
488 1617 588 1670 sub
642 1614 758 1684 ipso
786 1612 1066 1668 salutifero
1112 1601 1382 1684 passionis
1413 1607 1668 1677 articulo,
1727 1611 1966 1666 llcrodes

377 1721 510 1761 eum
543 1706 662 1760 alba
694 1714 845 1760 veste
893 1704 1088 1768 induit,
1146 1718 1382 1772 eumque
1424 1717 1572 1756 mox.
1611 1703 1678 1756 ad
1733 1701 1964 1756 Pilatum

2067 705 2228 760 debet
2257 705 2519 776 intelligi?
2561 706 2726 761 Plane
2771 706 2911 762 sicut
2973 724 3070 778 per
3113 710 3420 767 Zorobabel
3471 716 3638 772 tilium

2069 794 2346 860 Salathiel,
2373 798 2462 864 qui
2505 797 2570 850 de
2597 796 2762 866 regali
2796 797 2945 853 ludat
2983 799 3150 870 stirpe
3181 815 3548 871 processerat.
3586 817 3643 861 et

2064 883 2248 940 Jesum
2272 887 2440 941 lilium
2466 886 2750 951 Iosedech,
2774 889 2866 958 qui
2899 888 2988 956 jus
3015 891 3371 947 sacerdotalis
3414 895 3644 949 admini-

2066 975 2475 1038 strabatofﬁcii,
2503 976 2832 1032 Israeliticus
2869 973 3098 1049 populus
3139 990 3260 1051 post
3301 986 3640 1054 septuaginta

2067 1063 2448 1150 annns'ojugum
2499 1066 2840 1136 Babylonica)
2894 1070 3224 1138 captivitatis
3277 1075 3470 1138 evasit,
3507 1083 3642 1130 temo

2065 1153 2320 1224 phnnque
2351 1154 2706 1217 Hierusalem,
2739 1157 2882 1225 quod
2915 1158 3152 1212 dirutum
3175 1158 3374 1226 fuerat,
3402 1164 3640 1224 rediviva

2065 1246 2303 1304 novitate
2343 1247 2679 1312 construxit;
2731 1247 2820 1301 ita
2852 1264 3110 1304 muneras
3158 1250 3476 1318 electorum,
3519 1243 3643 1323 post

2065 1335 2223 1405 hujus
2253 1337 2375 1392 vitae
2404 1347 2664 1407 tempora,
2689 1354 2809 1408 quae
2850 1342 3160 1410 septenaria
3199 1343 3408 1398 dierum
3437 1347 3630 1414 repeti-

2059 1427 2208 1482 tione
2250 1427 2563 1492 decurrunt,
2619 1445 2717 1499 per
2753 1429 2952 1485 (Jesum-
2995 1431 3302 1498 Christum,
3334 1435 3426 1502 qui
3481 1433 3644 1490 vei-us

2065 1531 2156 1572 rex
2179 1527 2286 1584 est,
2320 1527 2374 1575 et
2395 1520 2672 1586 sacerdos,
2714 1521 2778 1577 de
2801 1521 3064 1578 servitute
3095 1523 3254 1594 hujus
3296 1527 3644 1584 mortalitatis

2057 1611 2323 1681 eripitur,
2358 1620 2412 1666 et
2457 1613 2516 1666 in
2562 1614 2770 1668 cmlesti
2823 1613 3164 1670 Hierusalem
3215 1618 3472 1688 templum
3521 1620 3643 1685 Dei,

2065 1701 2207 1770 quod
2241 1711 2326 1758 est
2353 1711 2538 1758 sancta
2569 1703 2832 1770 Ecclesia,
2865 1714 3182 1760 renovatur.
3215 1706 3292 1762 De
3330 1711 3436 1776 qua
3477 1709 3644 1763 nitui-

379 1800 486 1852 SIIb
515 1797 618 1850 hac
644 1795 893 1850 irrisione
933 1794 1142 1849 remisit
1165 1791 1318 1862 (Luc.
1350 1792 1528 1860 XXIII).
1561 1790 1631 1845 ΕΙ.
1659 1807 1782 1852 cum
1819 1791 1962 1855 Apo-
1998 1781 2040 1838 Β
2069 1809 2187 1848 rum
2211 1794 2481 1850 servitute
2511 1795 2646 1850 dicit
2671 1795 2959 1864 Apostolus
2987 1815 2999 1850 ε
3035 1815 3054 1848 ς
3088 1796 3220 1851 Nam
3251 1807 3305 1852 ει
3337 1800 3452 1868 ipsa
3491 1814 3646 1854 cfea-

383 1886 556 1941 stolus
583 1885 763 1940 dicat:
797 1900 818 1935 α
852 1883 1124 1939 Exeamus
1149 1882 1214 1935 ad
1259 1895 1381 1935 eum
1427 1890 1583 1935 extra
1617 1879 1818 1946 castra,
1858 1879 1960 1934 im-

379 1977 696 2050 properium
741 1973 858 2045 ejus
896 1981 1173 2045 portantes
1197 1953 1389 2042 (Hebr.
1425 1971 1566 2039 aut).
1623 1989 1642 2022 ι
1691 1969 1964 2038 hnprope-

383 2071 526 2122 rium
551 2065 754 2122 Christi
791 2073 1006 2136 portare
1039 2062 1181 2118 nolle
1205 2061 1567 2122 convincitur.
1603 2059 1694 2128 qui
1732 2059 1964 2130 dyscolis

381 2159 536 2214 indui
576 2159 817 2213 vestibus
841 2155 1152 2227 arrogantia
1188 2153 1425 2207 tumidus
1453 2151 1796 2227 dedignatur.
1827 2151 1870 2204 Α
1903 2163 1964 2208 se

389 2247 622 2316 denique
649 2237 844 2300 morlt'ti
863 2260 968 2315 pro
980 2225 1144 2300 nobis
1163 2241 1465 2297 Salvatoris
1487 2225 1678 2310 abjicit.
1705 2241 1967 2312 imprope-

383 2336 560 2402 rium-,0
579 2335 828 2406 quisquis
867 2335 920 2388 in
967 2331 1406 2388 rnortilicationis
1459 2331 1652 2386 ordine
1702 2331 1968 2386 constitu-

377 2431 497 2492 tus,
546 2425 728 2480 album
779 2423 863 2479 vel
911 2421 1148 2494 ignobile
1197 2419 1476 2491 quodlibet
1523 2419 1756 2490 despicit
1807 2420 1965 2475 indu-

383 2525 652 2571 mentum.
703 2547 708 2552 -

1001 2605 1233 2664 CAPUT
1271 2605 1356 2661 ill.

564 2695 846 2758 Dissuadet
873 2702 1220 2771 pretiosarum
1252 2699 1464 2753 vestium
1491 2697 1795 2768 appetitum.

459 2791 542 2848 Tu
579 2795 782 2864 itaque,
809 2792 1174 2854 dilectissime,
1201 2787 1427 2858 jamjam
1455 2787 1603 2842 velut
1627 2783 1970 2857 purulentam

387 2885 565 2942 morbi
589 2884 802 2940 lethalis
845 2881 1082 2936 illuviem
1127 2893 1336 2945 evome,
1383 2887 1437 2932 et
1471 2877 1835 2947 pretiosarum
1879 2889 1973 2930 ve-

389 2980 554 3035 stium
614 2979 910 3050 appetitum
968 2977 1036 3030 ab
1098 2973 1382 3030 stomacho
1441 2971 1710 3045 languidae
1773 2971 1974 3040 mentis

390 3069 622 3140 expelle.
655 3069 770 3123 Non
812 3069 944 3122 lctis
985 3067 1188 3137 quippe
1223 3065 1457 3140 languor
1507 3073 1592 3120 est
1641 3065 1856 3128 anima},
1905 3061 1971 3115 de

2067 1891 2185 1938 tura
2214 1883 2530 1940 liberabitur
2566 1901 2594 1939 a
2623 1886 2884 1942 servitute
2913 1887 3276 1956 corruptionis
3323 1888 3376 1941 in
3418 1888 3646 1944 liberta.

2065 1963 2175 2027 tem
2212 1972 2396 2042 gloriae
2425 1973 2657 2028 ﬁliorum
2687 1973 2782 2028 Dei
2818 1973 2989 2045 (Rom.
3023 1974 3162 2045 vin).
3200 1994 3218 2026 ι
3265 1975 3418 2032 Tunc
3465 1978 3646 2048 itaque

2063 2064 2226 2139 lesus
2251 2082 2356 2120 non
2395 2081 2622 2136 corpore
2656 2081 2776 2131 suo,
2805 2066 2948 2135 quod
2987 2076 3070 2122 est
3120 2067 3384 2134 Ecclesia,
3427 2071 3645 2139 sordida

2065 2135 2404 2219 vestimenta.
2441 2135 2691 2226 deponit.
2727 2164 2854 2210 tunc
2892 2157 3113 2212 honoris
3157 2172 3220 2212 ac
3268 2157 3452 2227 gloriae
3506 2135 3646 2230 regi;-

2065 2241 2190 2302 ᾖ]οη
2221 2245 2478 2311 assumit;
2503 2239 2628 2316 quia
2659 2247 2836 2300 omnis
2855 2247 3157 2302 electorum
3187 2248 3386 2302 chorus
3426 2264 3456 2302 a
3487 2248 3644 2319 lugu-

2067 2337 2151 2390 bri
2183 2335 2435 2405 squalore
2468 2335 2781 2405 temporalis
2821 2336 3055 2390 tristitiae
3104 2335 3387 2402 liberatur,
3443 2347 3498 2392 et
3545 2338 3648 2394 im.-

2069 2427 2416 2484 mortalilatis
2445 2427 2579 2482 stola
2611 2427 2662 2480 in
2694 2425 2784 2482 illo
2822 2426 3106 2496 Splendore
3147 2429 3494 2496 sempiternm
3525 2426 3648 2484 fcli—

2069 2521 2252 2576 citatis
2275 2520 2533 2575 induitur.
2562 2519 2714 2586 Quod
2756 2495 2920 2574 etiam
2975 2518 3027 2572 in
3072 2495 3285 2588 psalmo
3335 2495 3649 2576 dedicanda

2071 2603 2263 2669 domus
2290 2611 2632 2682 apertissime
2661 2611 2810 2666 canit
2841 2609 3079 2664 Ecclesia
3127 2628 3146 2664 ς
3202 2627 3223 2662 σ
3287 2609 3646 2678 Convertisti,

2071 2704 2267 2774 inquit,
2299 2691 2571 2771 planctum
2600 2717 2780 2756 meum
2809 2700 2862 2755 in
2905 2691 3172 2770 gaudium
3211 2699 3383 2765 mihi;
3433 2699 3648 2756 consciv

2073 2796 2198 2853 disti
2241 2805 2456 2852 saccum
2505 2807 2706 2860 meum,
2758 2803 2814 2847 et
2845 2791 3176 2862 przeciuxisti
3227 2790 3552 2856 tnelantitia,
3589 2800 3650 2846 ut

2071 2899 2286 2948 cantem
2314 2889 2408 2944 tibi
2435 2887 2607 2957 gloria
2629 2901 2768 2950 mea,
2797 2893 2854 2940 et
2877 2899 2984 2940 non
3005 2881 3399 2955 pungar(Psat.
3416 2882 3590 2955 χιιι).
3623 2904 3644 2951 ρ

2073 2981 2281 3036 Cidaris
2307 2979 2471 3034 etiam
2507 2977 2706 3032 munda
2755 2977 2808 3031 in
2848 2976 2966 3046 ejus
2999 2974 3182 3043 capite
3233 2972 3473 3045 ponitur,
3523 2974 3648 3044 quia

2073 3071 2350 3127 fclicitatis
2393 3080 2608 3124 aeterna:
2654 3066 2822 3138 gloria
2874 3073 3188 3120 coronatur.
3245 3064 3416 3135 Hujus
3467 3065 3652 3134 itaque

389 3137 768 3230 superstitioso
813 3155 1118 3226 ~c0rporalis
1183 3137 1413 3208 amictus
1473 3153 1651 3206 nitore
1709 3151 1968 3221 gaudere.

2075 3163 2251 3219 beata:
2273 3163 2440 3216 vestis
2476 3161 2671 3215 intuitu
2691 3200 2706 3223 ,
2738 3157 3086 3213 dilectissime
3113 3155 3308 3222 frater,
3337 3155 3651 3210 lenocinane

383 3249 636 3305 Gratiam
666 3246 928 3316 siquidem
956 3244 1129 3299 sancti
1153 3241 1409 3313 Spiritus,
1437 3241 1490 3294 in
1518 3253 1623 3309 qua
1655 3239 1966 3298 delectetur,

382 3343 640 3406 exclusit,
674 3341 766 3411 qui
813 3355 872 3395 se
898 3351 994 3408 per
1052 3335 1341 3392 exterioris
1369 3341 1595 3390 ornatus
1644 3330 1972 3387 desiderium

392 3435 636 3505 spargit;
667 3432 822 3502 cujus
865 3431 1050 3500 utique
1078 3429 1120 3482 si
1169 3427 1396 3483 sentiret
1425 3426 1474 3478 in
1504 3433 1686 3478 mente
1733 3421 1984 3494 dulcedi-_

390 3541 540 3589 nem,
569 3537 910 3594 nequaquam
937 3519 1180 3590 corporei
1201 3518 1384 3573 cultus
1407 3530 1800 3586 supervacuam
1839 3529 1970 3568 con-

387 3615 698 3683 cupisceret
727 3611 1024 3666 vanitatem
1055 3628 1072 3664 :
1106 3609 1248 3678 quod
1275 3607 1586 3662 evitandum
1617 3605 1700 3659 vir
1744 3603 1974 3673 Sapiens

391 3705 666 3766 admonet,
697 3702 882 3756 dicens
915 3718 928 3754 :
968 3719 984 3752 ι
1022 3699 1076 3754 In
1105 3698 1300 3754 vestitu
1346 3712 1412 3751 ne
1437 3695 1687 3768 glorieris
1712 3709 1970 3762 unquam,

387 3799 448 3845 et
477 3789 531 3844 in
565 3789 652 3846 die
673 3789 896 3845 honoris
921 3787 995 3842 tui
1029 3801 1096 3841 ne
1139 3786 1417 3842 cxtollaris
1460 3783 1653 3856 (Ecclt'.
1701 3785 1801 3852 ιι).
1839 3802 1855 3833 ι
1904 3777 1976 3836 Il-

387 3881 498 3937 lius
522 3896 654 3952 ergo
681 3881 847 3936 vestis
870 3865 1193 3948 concupisce
1223 3879 1474 3939 nitorem,
1508 3891 1612 3944 qua
1639 3891 1824 3930 coram
1845 3889 1976 3928 ocu-

391 3969 459 4025 lis
487 3970 581 4025 Dei
617 3979 878 4039 perpetuo
903 3967 1124 4038 polleas,
1167 3981 1270 4020 non
1313 3981 1418 4034 qua
1473 3963 1680 4018 fallacis
1723 3963 1882 4033 532
1913 3977 1976 4016 ac

387 4057 601 4112 frivola:
639 4057 794 4126 hujus
821 4057 946 4110 vitae
969 4062 1238 4111 momenta
1269 4063 1637 4108 transcurras.
1671 4051 1826 4107 Nunc
1873 4051 1977 4105 ita-

393 4139 500 4223 que
522 4153 754 4207 sordidis
785 4160 957 4214 utere,
992 4163 1219 4221 quorum
1242 4149 1550 4219 squalorem
1593 4147 1858 4203 indeficuo
1880 4161 1976 4201 va-

389 4245 507 4300 lcas
535 4244 769 4299 candore
811 4253 1042 4298 mutare.
1099 4243 1174 4296 De
1226 4257 1334 4314 quo
1387 4241 1636 4296 videlicet
1687 4240 1977 4308 utriusque

394 4335 608 4408 generis
639 4335 952 4391 indumento
973 4351 1074 4407 per
1091 4335 1418 4390 Zachariam
1442 4335 1642 4389 dicitur
1671 4351 1685 4388 :
1734 4351 1754 4385 ι
1795 4331 1973 4399 lcsus,

393 4426 596 4496 inquit,
627 4437 754 4481 erat
805 4427 1024 4481 indutus
1074 4426 1312 4481 vestibus
1353 4423 1608 4487 sordidis,
1657 4430 1712 4480 et
1762 4423 1978 4479 stabant

396 4527 525 4571 ante
547 4513 742 4571 faciem
769 4515 886 4584 ejus
917 4515 1115 4586 angeli.
1164 4514 1266 4582 Qui
1327 4515 1624 4586 respondit,
1670 4523 1727 4569 et
1776 4513 1852 4568 ait
1907 4511 1975 4566 ad

395 4624 492 4665 eos
537 4611 632 4682 qui
659 4611 874 4666 stabant
901 4619 1090 4666 contra
1133 4625 1216 4675 se,
1255 4609 1487 4664 dicens:
1541 4607 1762 4664 Auferte
1810 4603 1978 4660 vesti-

399 4709 580 4757 menta
609 4701 822 4758 sordida
859 4704 926 4758 ab
966 4715 1063 4767 eo;
1095 4709 1148 4757 et
1181 4701 1320 4757 dixit
1359 4700 1424 4754 ad
1466 4714 1588 4755 eum
1623 4715 1636 4751 :
1674 4697 1835 4762 Ecce,
1883 4695 1978 4749 ah-

399 4791 525 4848 stuli
555 4809 585 4848 a
610 4801 664 4849 te
697 4793 1032 4864 iniquitatem
1069 4801 1216 4848 tuam
1263 4801 1325 4848 et
1355 4790 1502 4846 indui
1536 4798 1590 4844 te
1632 4785 1972 4852 mutatoriis;

2076 3253 2152 3308 tia
2212 3265 2439 3322 quzeque
2499 3243 2866 3318 corruptibilis
2921 3245 3216 3300 indumenti
3281 3243 3654 3298 blandimenta

2075 3353 2384 3406 contemne,
2443 3341 2678 3396 ludicras
2728 3354 2792 3394 ac
2845 3335 3120 3392 ﬂuitantes
3167 3335 3386 3390 nitentis
3433 3334 3652 3390 habitus

2075 3434 2300 3489 lacinias
2326 3431 2574 3500 despice;
2607 3437 2894 3486 contentus
2926 3425 3186 3480 extremis
3219 3438 3284 3478 ac
3307 3423 3524 3487 vilibus,
3549 3423 3652 3478 sub

2074 3535 2278 3582 sancta:
2305 3523 2501 3594 regula:
2526 3531 2576 3576 te
2619 3520 2735 3589 lege
2765 3518 3093 3588 constringe.
3146 3513 3266 3570 Noli
3301 3513 3466 3569 altum
3492 3530 3646 3584 sapce

2076 3631 2158 3680 re,
2193 3615 2288 3670 sed
2333 3615 2464 3669 time
2497 3611 2667 3684 (Rom.
2699 3597 2834 3678 si");
2883 3607 3130 3664 ultimum
3176 3607 3230 3661 in
3281 3605 3652 3676 spiritualihus

2075 3707 2276 3776 nuptiis
2303 3704 2612 3760 accubitum
2627 3712 2771 3774 pete.
2797 3697 3120 3756 humilitatis
3147 3695 3396 3766 iniuriam
3424 3697 3652 3764 perhor.

2076 3783 2260 3865 resce;
2293 3798 2337 3853 si
2365 3795 2580 3866 quando
2607 3792 2940 3864 negligenter
2961 3789 3297 3859 obrepserit,
3338 3803 3436 3858 per
3481 3787 3654 3856 ι)ωηί-

2077 3891 2300 3945 tentiam
2325 3887 2556 3956 corrige.
2588 3883 2857 3937 Memento
2885 3880 3088 3948 itaque,
3120 3877 3262 3946 quod
3289 3892 3384 3946 per
3407 3875 3653 3930 Salomo-

2077 3993 2202 4034 ncm
2229 3977 2470 4032 dicitur:
2515 3993 2532 4027 ι
2569 3972 2626 4028 Si
2672 3969 2982 4026 ascenderit
3022 3983 3184 4038 snper
3216 3976 3268 4022 te
3309 3965 3530 4034 spiritus
3557 3978 3656 4034 po-

2079 4079 2330 4126 testatem
2362 4067 2630 4128 habentis,
2655 4065 2831 4120 locum
2873 4071 3028 4116 tuum
3057 4075 3125 4115 ne
3159 4057 3368 4114 dimise.
3383 4057 3424 4111 is
3451 4055 3652 4127 (Eccle.

2077 4161 2153 4233 ι).
2195 4179 2213 4213 ι
2243 4159 2322 4214 Ac
2351 4158 2396 4213 si
2425 4165 2610 4227 aperte
2637 4155 2782 4212 dicat
2812 4171 2826 4207 :
2852 4152 2908 4209 Si
2941 4149 3226 4207 tentatoris
3244 4148 3494 4219 spiritum
3525 4161 3654 4202 cou-

2079 4263 2160 4310 tra
2191 4261 2245 4307 te
2293 4251 2347 4306 in
2377 4249 2557 4318 aliquo
2581 4246 2880 4319 prmvalere
2929 4241 3263 4305 consideras,
3293 4238 3654 4294 humilitatem

2077 4347 2408 4422 ptenitentia:
2462 4359 2569 4400 non
2616 4342 2908 4414 relinquas.
2951 4338 3252 4412 Gloriosius
3273 4335 3438 4408 igitur
3456 4336 3654 4403 deputa

2078 4449 2236 4498 veste
2281 4438 2402 4494 alba
2453 4451 2579 4492 cum
2625 4434 2843 4490 Christo
2895 4431 3172 4488 humiliter
3240 4427 3452 4500 contegi
3501 4425 3656 4497 (Luc.

2081 4532 2576 4601 xxm),quamcum
2600 4526 2831 4596 superbo
2857 4531 2912 4578 et
2938 4528 3234 4594 purpurato
3279 4521 3469 4585 divite,
3497 4516 3656 4572 llam-

2077 4626 2187 4680 mis
2213 4620 2500 4678 ultricibus
2539 4615 3032 4686 irrecuperabiliter
3059 4612 3275 4683 sepeliri
3319 4610 3472 4681 (Luc.
3518 4611 3656 4680 avt).

2409 4732 2493 4788 Sit
2527 4743 2717 4785 nautea
2751 4727 2963 4782 Domini
2989 4725 3336 4780 benedictum.

2179 5329 2250 5351 .’_’

811 5736 1086 5798 Parnm.
1133 5733 1341 5800 LXLV

3109 5729 3182 5788 Π
