4074 6190
387 313 499 373 :93

398 494 3001 527 Μ

852 311 921 369 S.
953 309 1167 367 διετειι
1202 306 1485 365 ΒΑΜΙᾹΜ
1522 302 1676 363 ΟΡΡ.
1717 301 1950 361 τοκυδ
1981 311 1986 358 1

2088 305 2111 365 J
2150 305 2329 363 PARS
2367 304 2451 360 ΙΙΙ.
2488 334 2554 355 -υ
2589 302 2956 362 OPUSCULA
3007 300 3240 357 VARIA.

3548 301 3651 356 5‘28

850 645 1203 720 533w
1281 660 2129 776 OPUSCULUM
2218 656 3150 779 TRICESIMUM.

990 886 1097 946 DE
1149 880 1704 945 SACRAMENTIS
1766 881 1915 941 PER
1970 877 2370 941 IMPROBOS
2412 878 3058 939 A‘DMINISTllA'l‘lS.

396 1232 794 1288 Aacuuzawn.
823 1256 893 1267 --
918 1221 1262 1280 Florentinos
1287 1236 1413 1276 cum
1460 1233 1560 1275 suo
1587 1217 1843 1289 episcopo
1878 1216 2221 1279 dissidentes,
2250 1222 2533 1285 propterea
2572 1215 2722 1338 ἑνιοά
2768 1215 2914 1270 illum
2946 1213 3014 1271 de
3058 1216 3302 1273 Simouia
3345 1230 3653 1291 suspectum

470 1301 739 1338 hnhnhgnt
795 1297 860 1338 ut
904 1294 1249 1338 mnnnnliam
1296 1305 1555 1338 revocare
1598 1288 1810 1338 nititur.
1856 1301 2094 1338 nureans
2118 1301 2177 1338 se
2208 1287 2370 1338 uuod.
2403 1301 2526 1338 cum
2619 1287 2860 1338 lorentiaa
2889 1297 3029 1338 esset
3043 1330 3056 1338 .
3087 1305 3208 1338 cum
3244 1290 3331 1338 illo
3365 1293 3653 1338 ροηιιηιηιί.

469 1287 761 1362 habebant,
794 1297 862 1352 ad
904 1294 1250 1351 concordiam
1296 1305 1556 1362 revocare
1598 1287 1810 1362 nititur,
1856 1301 2177 1362 purgans_se
2208 1287 2370 1355 quod,
2403 1301 2526 1362 cum

2619 1287 2860 1341 lorentite
2889 1297 3057 1348 esset.
3087 1305 3209 1344 cum
3244 1290 3331 1344 illo
3365 1287 3663 1347 communi-

468 1356 667 1427 casset.
694 1356 809 1424 Non
857 1368 1000 1421 enim
1040 1378 1252 1431 tequum
1299 1361 1467 1431 fuisse
1512 1360 1601 1431 ait
1619 1368 1676 1412 ιιι
1709 1356 2023 1431 episcOpuA’m
2060 1356 2179 1410 sine
2206 1371 2389 1431 _causa
2423 1356 2726 1431 damnaret,
2772 1359 3087 1431 ιιιεξιιευτιίιιιΔ
3119 1376 3242 1431 cum
3274 1362 3483 1417 crimen
3519 1367 3660 1431 quod

469 1426 521 1496 ei
551 1439 909 1508 objiciehatur
934 1450 1039 1490 non
1072 1426 1412 1508 probaretur.
1442 1429 1695 1508 Graviter
1719 1426 2309 1508 quoquehi-quosdam
2346 1427 2640 1508 monachos
2671 1426 2963 1508 invehitur,
2998 1428 3088 1508 qui
3129 1430 3367 1500 episcopi
3418 1426 3659 1508 ejusdem

472 1495 902 1566 communionem
943 1495 1352 1563 aversabantur,
1390 1501 1547 1570 etin
1588 1495 1793 1570 tantam
1844 1495 2127 1553 audaciam
2153 1504 2540 1570 pervenerant,
2583 1505 2864 1570 ut‘neque
2894 1495 3262 1570 baptismum,
3299 1495 3472 1570 neque
3516 1502 3663 1557 aliud

471 1565 867 1634 sacramentum
894 1577 961 1630 ab
987 1590 1052 1627 eo
1078 1571 1354 1635 collatmn,
1393 1569 1575 1623 valere
1622 1566 1970 1629 afﬁrmarent,
2022 1566 2166 1635 quod
2216 1565 2305 1619 hic
2342 1566 2607 1618 confutat.
2651 1566 2873 1620 Demum
2922 1565 3174 1622 hoNatur
3211 1565 3566 1631 Florentinos.
3603 1583 3663 1626 ιιι

468 1651 518 1704 si
550 1649 677 1718 quid
706 1656 891 1701 contra
920 1646 1227 1718 episcopum
1255 1634 1411 1718 suum
1444 1640 1662 1718 habent,
1694 1638 1758 1691 ad
1804 1634 2112 1718 pontificem
2145 1635 2445 1718 Romanum
2490 1635 2760 1702 deferant,
2788 1636 2855 1690 ad
2900 1652 3061 1709 quem
3107 1649 3317 1708 spectat
3359 1642 3426 1697 dc
3471 1642 3663 1714 hujus-

472 1705 617 1775 tnodi
643 1718 805 1773 rebus
833 1705 1152 1771 sententiain
1184 1712 1359 1773 ferre;
1387 1709 1603 1763 interim
1636 1719 1817 1762 tamen
1844 1705 2021 1761 eidem
2050 1705 2473 1760 counuuuiceut.

470 1850 692 1908 Dilectis
738 1849 791 1903 in
840 1846 1061 1903 Christo
1110 1842 1319 1899 civibus
1362 1839 1723 1903 Florentinis,
1754 1837 1973 1892 Persas
2000 1840 2050 1901 Α
2078 1834 2127 1905 (ι
2162 1835 2297 1891 Tim.
2342 1837 2448 1909 nt),
2477 1836 2759 1906 columna,
2786 1822 3265 1898 et'firmamentum
3295 1845 3557 1902 νει-ίιειίς,
3591 1847 3659 1902 ει

400 1952 660 2016 peccator
684 1938 987 1994 monachus
1026 1935 1281 1990 fraterna:
1324 1930 1609 1988 charitatis
1639 1929 1979 1998 obsequium.

464 2031 673 2103 Nuper,
710 2040 767 2084 ut
794 2027 1053 2091 recolitis,
1079 2023 1437 2090 dilectissimi,
1467 2024 1534 2078 ad
1560 2038 1654 2077 vos
1681 2021 1979 2087 venientes,

400 2124 672 2179 Iaboriose
699 2122 1004 2177 studuimus
1048 2120 1192 2174 inter
1232 2114 1540 2188 episcopum
1582 2125 1824 2172 vestrum
1855 2128 1982 2169 vos-

403 2231 512 2286 que
557 2228 915 2284 componere,
961 2223 1015 2268 et
1059 2212 1347 2277 amicitiae,
1381 2226 1501 2280 quae
1538 2206 1739 2265 recissa
1780 2209 1981 2274 fuerat,

406 2306 612 2362 {eadem
646 2306 1024 2367 reformantes,
1061 2304 1113 2358 in
1142 2319 1240 2357 vos
1265 2302 1514 2373 spiritum
1546 2310 1823 2371 sequestra
1852 2313 1984 2370 pace

404 2395 659 2453 conﬂare.
699 2394 804 2449 Sed
835 2388 1089 2464 quoniam
1130 2392 1419 2463 adjuvandi
1450 2393 1589 2461 apud
1620 2406 1715 2445 vos
1742 2388 1984 2460 praedicti

406 2486 718 2542 Sacerdotis
764 2485 956 2539 intuitu
1011 2484 1163 2553 plura
1206 2483 1561 2553 protulimus,
1602 2497 1721 2551 quze
1763 2480 1983 2535 sinistra

404 2577 613 2633 scilicet
661 2577 1108 2646 interpretatione
1156 2574 1425 2643 perverti,
1454 2582 1508 2627 et
1537 2588 1566 2626 a
1601 2572 1770 2626 tut-his
1806 2569 1987 2625 valent

405 2667 716 2737 vulgaribus
739 2666 946 2730 vitiari,
981 2682 1046 2719 ne
1075 2674 1129 2719 et
1168 2680 1265 2719 nos
1296 2664 1511 2734 indigna
1558 2672 1808 2717 notentur
1847 2659 1988 2720 infa-

406 2756 536 2819 mia,
566 2765 620 2810 et
653 2755 750 2819 illi,
781 2754 922 2824 quod
950 2753 1119 2807 absit!
1147 2752 1412 2806 mendacii
1447 2752 1653 2805 crimen
1684 2751 1985 2814 incurrant,

407 2846 549 2914 quod
570 2859 665 2898 ore
691 2859 875 2897 coram
903 2842 1054 2896 vobis
1078 2842 1386 2909 frequenter
1407 2842 1793 2908 expressimus,
1820 2839 1983 2896 etiam

408 2935 531 3005 styli
570 2932 841 2988 currentis
873 2930 1098 2986 articulo
1136 2929 1601 3007 commendamus,
1632 2937 1692 2982 ut
1719 2928 1859 2997 quod
1886 2944 1983 2982 au-

408 3027 565 3081 distis
608 3040 703 3080 ore
733 3023 1025 3093 prolatum,
1059 3022 1287 3076 videatis
1330 3023 1492 3076 etiam
1526 3021 1765 3090 apicibus
1796 3034 1990 3074 exara-

408 3126 546 3181 tum,
577 3126 629 3169 et
677 3116 729 3169 in
768 3115 928 3169 verba
978 3122 1161 3168 nostra
1214 3113 1603 3175 commentari,
1653 3113 1737 3164 vel
1789 3112 1855 3165 ab
1905 3112 1988 3165 his

2084 1928 2199 1984 haec
2223 1944 2337 1985 non
2369 1930 2583 1987 noviter
2611 1946 2677 1986 ex
2723 1940 2913 1987 nostra
2959 1933 3262 1989 temeritate
3302 1933 3660 2000 decernimus,

2083 2024 2178 2079 sed
2217 2038 2285 2079 ex
2312 2033 2625 2079 sanctorum
2653 2026 3042 2081 catholicorum
3074 2026 3293 2083 Patrttm
3338 2032 3662 2088 auctoritate

2076 2116 2188 2185 jam
2215 2117 2433 2173 decreta
2466 2118 2767 2174 firmamus.
2801 2119 2954 2187 Quod
2985 2121 3037 2176 in
3086 2121 3266 2178 libello
3312 2140 3544 2195 quoque,
3575 2127 3660 2182 cui

2084 2195 2427 2264 Gratissima:
2470 2224 2664 2266 nomen
2711 2210 3004 2267 indidimns
3034 2212 3184 2285 (20),
3210 2215 3393 2272 multis
3420 2216 3550 2272 Novi
3600 2234 3666 2273 ac

2088 2296 2296 2354 Veteris
2356 2299 2702 2356 lnstrumenti
2764 2302 3088 2359 testimoniis
3143 2306 3490 2375 approbatur.
3556 2306 3663 2363 Sed

2083 2391 2458 2446 condemnatis
2504 2391 2728 2446 omnino
2780 2390 3134 2459 Simoniacis,
3189 2409 3253 2450 ac
3300 2395 3665 2452 indubitanter

2084 2480 2227 2537 inter
2255 2480 2542 2537 haereticos
2569 2481 2863 2552 deputatis,
2892 2482 3033 2537 sicut
3078 2482 3128 2537 in
3158 2483 3381 2553 prmfato
3418 2483 3556 2539 libro
3587 2485 3667 2539 di-

2084 2570 2380 2641 gessimus,
2429 2570 2555 2626 licet
2598 2585 2786 2627 eorum
2838 2582 3178 2627 sacramenta
3233 2587 3300 2626 ex
3349 2573 3662 2628 authentica

2085 2676 2348 2716 cauomun
2405 2670 2628 2731 possent
2660 2662 2943 2717 sanctione
2987 2661 3221 2727 defendi,
3254 2672 3313 2718 ut
3340 2679 3433 2719 eos
3484 2676 3666 2720 tamen

2089 2750 2258 2820 magis
2286 2765 2351 2805 ac
2380 2751 2552 2827 magis
2580 2751 2856 2821 synodalis
2882 2767 3110 2806 censura
3140 2751 3510 2817 confunderet,
3544 2769 3671 2809 con-

2086 2841 2333 2895 stitutum
2386 2851 2468 2896 est
2517 2842 2571 2895 in
2623 2843 2896 2905 Romano,
2941 2843 3100 2914 535
3149 2855 3349 2899 sancta:
3396 2847 3670 2901 memorize

2087 2930 2311 2985 Nicolao
2342 2931 2689 3002 praesidente,
2721 2932 2952 2989 concilio
2997 2934 3238 3005 (Decret.
3279 2933 3399 2989 Ntc.
3431 2935 3535 2989 PP.
3578 2950 3665 3005 ap.

2087 3022 2241 3078 Grat.
2268 3040 2321 3087 ι,
2355 3039 2448 3093 qu.
2494 3039 2533 3087 ι,
2568 3038 2687 3093 cap.
2732 3022 2810 3079 De
2848 3024 3057 3094 cwtcro)
3092 3043 3105 3079 :
3138 3033 3198 3079 ut
3231 3025 3535 3095 quicunque
3574 3040 3672 3094 per

2088 3130 2183 3169 eos
2218 3123 2444 3170 eatenus
2491 3115 2719 3170 luisscnt
2754 3115 2807 3170 in
2837 3114 3123 3183 cujuslibet
3162 3116 3514 3172 ecclesiastici
3548 3131 3672 3182 gra-

410 3213 738 3281 discrepare,
778 3210 1011 3263 mendax
1062 3207 1288 3277 quisque
1335 3222 1439 3259 non
1493 3206 1704 3268 audeat,
1751 3206 1877 3259 dum
1933 3206 1983 3258 in
2021 3194 2062 3252 Β
2090 3207 2189 3261 dus
2214 3206 2476 3278 dignitate
2495 3208 2747 3277 promoti,
2774 3207 2825 3262 in
2853 3207 3093 3278 percepti
3120 3208 3342 3264 honoris
3366 3209 3667 3264 ministerio

407 3304 583 3367 nobis,
613 3312 666 3356 et
697 3315 885 3354 manus
915 3299 1187 3361 scribens,
1216 3306 1271 3351 et
1302 3296 1481 3366 lingua
1528 3296 1780 3365 loquens,
1817 3295 1981 3350 indis—

408 3411 539 3451 sona
587 3394 800 3449 sibimet
834 3392 1039 3446 unitate
1068 3388 1421 3445 concordant.
1452 3386 1988 3441 Anathcmatizamns

410 3488 590 3557 itaque
633 3496 687 3541 et
718 3484 1216 3555 irrecuperabiliter
1252 3483 1674 3537 condctnnatnus
1719 3478 1989 3535 Simonia-

409 3594 527 3632 cam
559 3576 824 3641 haeresim,
860 3577 1087 3646 primam
1108 3575 1347 3627 omnium
1381 3574 1745 3627 hacrescorum
1774 3571 1989 3627 eximis

410 3667 607 3721 diaboli
657 3665 955 3720 visceribus
1004 3671 1402 3734 erumpentem,
1455 3678 1682 3732 seseque
1726 3663 1988 3717 adversus

409 3757 683 3811 nascentis
713 3755 965 3810 Ecclesiae
1012 3753 1251 3825 regulam
1295 3753 1587 3809 exitialiter
1612 3752 1983 3808 extollentem.

410 3847 540 3913 Quae
586 3845 841 3899 nimirum
886 3842 1063 3897 adhuc
1109 3858 1177 3896 ex
1225 3841 1340 3912 ipso
1370 3842 1568 3896 diaboli
1603 3840 1723 3897 felle
1762 3856 1989 3913 progre-

410 3940 574 3999 ditur,
602 3944 655 3990 ct
684 3934 736 3988 in
772 3932 1092 4004 perditionis
1123 3930 1263 3987 ﬁlios
1307 3931 1749 4002 pestilentissimo
1780 3931 1991 3986 deriva-

412 4039 521 4082 tnr.
560 4027 725 4096 Cujus
772 4026 979 4081 scilicet
1027 4024 1236 4079 auctori
1277 4040 1374 4094 per
1402 4024 1622 4079 Petrum
1664 4024 1899 4079 dicitur:
1931 4022 1987 4078 ln

414 4121 536 4177 felle
564 4117 964 4182 amaritudinis,
989 4125 1042 4170 et
1070 4116 1120 4169 in
1154 4115 1481 4186 obligatione
1508 4114 1712 4185 peccati
1746 4115 1904 4170 video
1935 4122 1990 4169 te

408 4223 530 4268 esse
576 4211 712 4282 (Act.
738 4208 877 4279 vni).
918 4207 1053 4275 Quia
1099 4222 1228 4261 vero
1278 4204 1347 4260 fel
1379 4207 1626 4260 columba
1660 4221 1765 4260 non
1803 4206 1987 4272 habet,

412 4303 646 4373 Spiritus
697 4310 876 4353 autem
927 4309 1146 4354 sanctus
1190 4298 1243 4353 in
1292 4296 1554 4352 columba:
1604 4298 1784 4366 specie
1828 4313 1991 4370 super

413 4392 700 4449 Dominum
732 4390 881 4445 venit
909 4388 1125 4458 (Matth.
1151 4388 1255 4456 tu),
1283 4387 1434 4456 isque
1464 4386 1824 4441 amaritudine
1852 4386 1991 4442 fellis

414 4482 687 4543 intumuit,
718 4478 1010 4535 columbini
1040 4464 1262 4545 spiritus
1290 4491 1459 4547 capax
1505 4490 1625 4531 esse
1655 4491 1760 4531 non
1792 4477 1985 4547 potuit.

2088 3306 2506 3365 permanerent;
2535 3305 2590 3351 et
2624 3305 2754 3352 tunc
2779 3312 2928 3362 vero,
2976 3307 3032 3353 et
3068 3298 3323 3367 deinceps
3365 3296 3672 3369 quicunque

2086 3400 2145 3439 se
2171 3392 2445 3454 pateretur
2478 3400 2508 3439 a
2540 3384 2849 3441 Simoniaco
2883 3386 3127 3455 provehi,
3172 3387 3245 3441 nil
3274 3389 3487 3456 penitus
3512 3402 3577 3443 ex
3604 3404 3668 3443 ea

2087 3476 2306 3532 deberet
2348 3478 2685 3547 promotione
2729 3477 2952 3544 lucrari,
2984 3488 3038 3534 et
3063 3480 3140 3533 sic
3174 3479 3518 3534 ministrandi
3541 3481 3668 3552 jura

2088 3569 2403 3639 deponeret,
2448 3579 2703 3640 tanquam
2734 3571 2779 3626 si
2821 3571 2938 3626 haec
2971 3571 3274 3627 nullatenus
3317 3574 3666 3642 percepisset.

2089 3655 2203 3713 Hac
2230 3657 2414 3728 itaque
2442 3660 2649 3713 ratione
2668 3660 2780 3730 jam
2806 3675 2913 3715 non
2943 3660 3103 3715 modo
3129 3659 3467 3717 Simoniacos
3494 3677 3671 3731 repro-

2086 3744 2298 3810 bamus,
2335 3747 2428 3801 sed
2453 3755 2508 3801 et
2531 3761 2626 3818 per
2649 3764 2742 3803 eos
2775 3748 3017 3803 exhibita
3058 3760 3398 3805 sacramenta
3429 3760 3669 3806 contem-

2089 3841 2289 3896 nimus.
2339 3840 2466 3897 ΙΙωο
2503 3842 2701 3912 itaque,
2734 3842 2779 3897 si
2804 3842 2957 3898 obliti
3006 3858 3112 3898 non
3161 3844 3315 3909 estis,
3357 3846 3539 3900 omnia
3584 3861 3664 3901 me

2088 3933 2228 3989 vivis
2253 3935 2475 3990 vocibus
2503 3934 2872 4006 proferentem
2915 3934 3231 4007 frequenter
3269 3938 3519 3993 audistis.
3550 3937 3666 3992 Non

2089 4027 2233 4079 enim
2263 4026 2370 4080 alia
2416 4026 2730 4093 scribimus,
2775 4042 2939 4096 quam
2981 4042 3101 4098 quae
3146 4027 3310 4083 locuti
3359 4044 3564 4085 sumus.
3608 4029 3666 4084 Si

2090 4131 2221 4186 ergo
2249 4130 2350 4186 ego
2376 4124 2431 4170 et
2455 4131 2551 4172 vos
2579 4116 2644 4171 de
2670 4115 3018 4182 Simoniacis,
3046 4132 3342 4189 eorumque
3369 4118 3667 4188 reproban-

2091 4206 2175 4261 dis
2203 4205 2256 4260 in
2288 4216 2561 4276 posterum
2592 4206 3093 4263 consecrationibus
3132 4222 3236 4262 una
3267 4210 3535 4262 sententia
3565 4208 3670 4262 uti-

2091 4311 2196 4366 que
2224 4296 2593 4366 congruimus,
2622 4311 2721 4351 cur
2755 4294 2934 4352 adhuc
2978 4296 3210 4355 invicem
3244 4296 3549 4367 litigamus?
3578 4296 3669 4352 Est

2091 4389 2248 4458 plane
2278 4403 2442 4458 super
2466 4375 2721 4460 episcopo
2751 4396 2932 4443 vestro
2957 4389 3207 4458 quaestio,
3235 4404 3395 4459 quem
3418 4389 3669 4443 videlicet

2095 4477 2333 4534 nonnulli
2386 4485 2621 4532 vestrum
2684 4477 2974 4548 opinantur
3028 4477 3293 4533 venaliter
3352 4479 3666 4547 irrepsisse,

413 4573 756 4641 Quapropter
800 4581 989 4622 omnes
1038 4563 1198 4634 hujus
1247 4561 1491 4619 nefandae
1531 4563 1800 4621 htereseos
1840 4574 1990 4635 peste
2018 4536 2065 4598 (ἶ
2095 4569 2339 4625 nonnulli
2370 4564 2497 4623 vero
2542 4569 2743 4636 gratis,
2774 4577 2830 4624 et
2858 4584 2956 4639 per
2982 4570 3180 4625 ostium
3212 4569 3499 4636 introisse,
3538 4587 3656 4625 con-

413 4670 719 4733 corruptos,
769 4658 1052 4713 hazreticos
1089 4671 1210 4711 esse
1260 4655 1629 4710 indubitanter
1674 4655 1987 4722 asserimus,

413 4767 617 4822 eosque
643 4747 978 4805 damnabiles
1004 4760 1167 4816 atque
1194 4761 1225 4800 a
1247 4744 1358 4801 suis
1379 4745 1644 4801 arcendos
1670 4744 1988 4810 honoribus,

409 4846 563 4916 juxta
588 4854 872 4904 sacrorum
903 4852 1169 4895 canonum
1196 4839 1515 4903 sententias,
1535 4834 1866 4905 judicamus.

926 4928 1150 4986 CAPUT
1188 4925 1476 4983 PRIMUM.

412 5027 498 5083 Att
530 5023 774 5079 Ecclesia:
815 5021 1157 5077 Sacramenta
1193 5036 1285 5090 per
1323 5020 1487 5073 malos
1516 5019 1743 5089 conferri
1768 5020 1988 5090 possint.

490 5116 870 5172 Verumtamen
896 5120 1101 5166 tantam
1131 5109 1321 5181 gratiae
1358 5108 1747 5178 plenitudiuetn
1789 5118 1991 5163 sancta:

413 5210 668 5267 Ecclesia:
714 5209 891 5262 inesse
920 5204 1266 5269 conﬁdimus.
1300 5212 1362 5259 ut
1388 5202 1444 5280 iu
1471 5217 1535 5257 ea
1577 5201 1763 5274 procul
1805 5201 1988 5268 dubio,

413 5316 466 5359 ct
506 5320 601 5375 per
637 5300 807 5357 malos
834 5299 995 5359 bona.
1027 5306 1082 5352 et
1106 5310 1202 5367 per
1222 5284 1537 5367 inquinatos
1566 5294 1788 5359 munda,
1812 5300 1867 5349 et
1894 5307 1992 5357 per

414 5392 773 5449 cxsecrabiles
820 5398 1157 5445 sacramenta
1202 5386 1440 5444 conferri
1485 5400 1644 5459 posse
1681 5384 1989 5439 credamus.

418 5485 541 5541 Haec
587 5492 671 5538 est
722 5497 848 5536 vere
893 5494 1090 5551 corpus
1127 5476 1355 5548 Christi,
1398 5485 1454 5533 et
1490 5475 1646 5549 juxta
1674 5475 1989 5549 Apostolum

484 5688 597 5759 {‘20)
639 5686 815 5742 [labes
836 5683 978 5745 infra
1007 5679 1265 5754 opusculo
1293 5678 1348 5736 6.

2092 4660 2288 4715 stantis
2335 4659 2503 4714 animi
2553 4658 2805 4715 libertate
2843 4660 3187 4714 confirmant.
3217 4659 3295 4715 llli
3347 4660 3669 4715 turbulentis

2087 4748 2354 4819 jnrgando
2401 4749 2680 4814 conviciis,
2732 4749 2875 4818 quod
2923 4750 3217 4818 opinantur
3264 4748 3535 4819 allegant;
3578 4749 3668 4805 isti

2092 4838 2235 4907 quod
2284 4838 2425 4892 scire
2468 4835 2737 4903 fatentur,
2788 4838 2995 4893 crimen
3052 4836 3308 4905 injectum
3354 4836 3660 4899 refellendo,

2092 4926 2425 4999 propulsant.
2452 4924 2520 4984 Et
2554 4927 2678 4996 quis
2701 4941 2803 4996 ego
2834 4942 2975 4991 sum,
3007 4927 3099 4996 qui
3129 4928 3270 4981 inter
3315 4928 3414 4983 hos
3443 4942 3663 4995 compu-

2094 5017 2373 5089 gnantiutn
2413 5016 2600 5088 globos
2631 5017 2844 5086 signum
2874 5034 3066 5073 tnanus
3096 5018 3334 5083 mittam,
3362 5029 3416 5073 et
3446 5028 3553 5073 tam
3585 5017 3667 5074 fe-

2094 5107 2207 5163 rale
2261 5106 2439 5163 scelus
2495 5106 2700 5163 homini
2759 5117 3048 5178 antequam
3099 5109 3359 5164 canonice
3411 5109 3670 5178 probetur

2094 5199 2399 5255 ascribatn?
2426 5198 2562 5254 Nam
2600 5199 2729 5255 licet
2786 5215 2941 5255 error
2986 5214 3201 5269 semper
3248 5200 3321 5256 sit
3369 5208 3420 5255 et
3469 5200 3666 5269 ubique

2091 5291 2361 5347 vitandus.
2405 5289 2738 5346 tolerabilius
2803 5299 2983 5346 tamen
3029 5297 3115 5345 est
3160 5290 3208 5344 si
3244 5290 3367 5359 quis
3408 5287 3666 5356 justificet

2091 5394 2452 5452 peccatorem,
2482 5396 2644 5453 quam
2680 5381 2725 5435 si
2756 5380 3067 5451 prazjudicet
3094 5380 3458 5435 innocentem.
3486 5377 3664 5450 Syno-

2095 5475 2194 5530 dus
2238 5471 2546 5529 annualiter
2588 5472 2870 5540 imminet,
2918 5473 3074 5529 sedes
3115 5471 3408 5542 apostolica
3460 5469 3666 5526 cumis
