4074 6190
518 392 625 454 525

516 504 839 563 adeuntibus
878 513 1050 576 patet.
1091 504 1390 561 Romanam
1426 521 1557 577 ergo
1588 503 1763 575 pulset
1799 504 2099 560 Ecclesiam
2130 509 2177 567 Α

515 597 761 669 quisquis
797 595 1080 664 sejustam
1120 599 1380 650 adversus
1422 596 1732 666 episcopum
1771 594 1971 651 habere
2001 609 2098 651 ca-

516 690 775 746 lumniam
806 697 1009 759 sperat.
1046 687 1157 743 Nec
1184 688 1331 743 enim
1364 703 1462 743 nos
1499 688 1887 742 homunciones
1913 687 2096 758 exigui

513 780 567 834 in
608 778 994 834 andronarinm
1026 778 1239 849 angulis
1287 777 1511 837 reddere
1540 794 1828 847 possumus
1858 778 2095 843 irritum,

511 870 655 941 quod
686 870 739 925 in
770 870 886 938 ipso
926 884 1140 924 summo
1175 868 1340 923 totius
1369 869 1552 922 mundi
1582 869 1807 924 cardine
1848 884 1952 923 non
1981 884 2098 923 am-

512 956 746 1029 bigimus
786 958 1116 1012 institutum.
1150 956 1386 1012 Ceruitis
1434 957 1618 1027 itaque
1661 973 1748 1012 me
1778 957 2097 1027 simpliciter

512 1048 627 1105 hzec
657 1048 774 1103 sola
816 1048 1183 1110 conscribere,
1216 1062 1338 1115 qua:
1385 1062 1471 1101 me
1514 1056 1838 1116 praesentem
1867 1047 2097 1102 audistis

509 1154 605 1194 ore
653 1138 919 1208 proferre.
971 1138 1269 1193 Erubescat
1321 1154 1451 1209 ergo
1511 1138 1806 1193 fabricator
1864 1138 2096 1209 quisque

510 1229 800 1294 mendacii,
830 1228 921 1298 qui
950 1228 1077 1282 dum
1115 1243 1202 1283 me
1236 1228 1369 1282 vidit
1398 1228 1450 1282 in
1486 1243 1651 1283 causa
1684 1229 1925 1283 nutantis
1954 1242 2097 1284 eon-

508 1322 787 1376 troversire
824 1337 929 1375 non
968 1321 1159 1375 leviter
1198 1319 1566 1388 judicantem,
1599 1320 1938 1389 impudenter
1982 1318 2093 1375 ela-

510 1422 616 1468 trat
644 1411 968 1467 Simoniaca:
997 1414 1269 1467 haereseos
1316 1411 1553 1465 existere
1598 1411 1963 1466 defensorem.
1996 1408 2091 1465 llis

509 1503 676 1575 igitur
708 1503 897 1573 paucis
921 1494 1183 1558 rationem
1210 1518 1298 1558 me
1327 1503 1483 1557 vobis
1509 1502 1809 1557 reddidisse
1836 1501 2088 1567 sufﬁciat,

509 1610 578 1648 ne
610 1593 818 1665 longior
848 1593 1021 1665 stylus
1048 1592 1265 1663 fatigari
1292 1608 1388 1648 vos
1415 1593 1578 1647 nimia
1607 1592 1918 1663 prolixitate
1944 1607 2093 1647 com-

506 1685 691 1755 pellat.

579 1775 716 1830 llinc
742 1777 808 1830 ad
831 1775 1255 1830 commonaehos
1293 1789 1442 1830 meos
1475 1773 1763 1829 articulum
1795 1773 2085 1838 transfero,

1238 390 1483 451 OPUSC.
1528 390 1695 447 XXX.
1732 421 1797 430 -—
1825 388 1915 445 DE
1953 388 2254 447 SACRAM.
2296 391 2432 449 PER
2472 394 2751 454 lMPliOB.
2791 380 3030 455 ADMIN.

3678 411 3786 469 διε

2834 511 3063 567 CAPUT
3105 513 3166 568 Il.

2204 613 2358 680 Quod
2385 614 2618 687 Spiritus
2647 630 2861 675 sanctus
2890 638 2984 691 per
3013 623 3236 693 improbi
3265 626 3615 684 ministerium
3658 632 3787 689 dare

2654 699 2820 758 potest
2856 708 2954 745 sua
2984 694 3326 749 charismata.

2272 775 2543 833 Praeterea
2574 778 2751 849 major
2779 789 2864 835 est
2890 782 3130 839 Ecclesia
3155 801 3320 856 quam
3351 786 3643 853 Ramatha,
3677 810 3788 848 ma-

2190 866 2283 935 jor
2326 879 2409 923 est
2440 868 2692 927 Christus
2735 887 2896 941 quam
2949 872 3190 929 Samuel.
3246 876 3303 932 Si
3352 892 3484 949 ergo
3527 881 3582 938 in
3625 882 3781 949 Saul,

2198 974 2359 1028 quem
2404 960 2577 1015 malus
2613 962 2888 1033 exagitare
2936 965 3160 1033 spiritus
3208 983 3605 1037 consueverat,
3656 993 3781 1030 cum

2200 1049 2438 1105 venisset
2486 1049 2540 1103 in
2589 1051 2877 1118 llamatha,
2909 1054 3001 1108 tibi
3029 1055 3247 1111 Samuel
3276 1059 3413 1112 'cum
3455 1060 3620 1117 David
3651 1079 3778 1133 pro~

2198 1138 2487 1207 phetabat,
2538 1140 2761 1209 spiritus
2819 1142 3059 1210 insiluit,
3105 1145 3179 1200 ita
3229 1155 3286 1201 ut
3334 1140 3395 1203 Se
3446 1152 3708 1209 vestimen
3735 1156 3783 1211 is

2194 1239 2438 1296 exueret,
2456 1237 2511 1286 et
2532 1232 2704 1288 nudus
2728 1240 2836 1287 tota
2859 1233 2947 1288 die
2992 1249 3057 1291 ac
3078 1246 3252 1300 nocte,
3276 1254 3396 1293 cum
3415 1243 3625 1298 caeteris
3647 1259 3779 1301 eon-

2200 1317 2387 1371 cinens
2420 1316 2848 1387 prophetareta
2882 1317 3010 1390 Reg.
3053 1334 3144 1375 xvi
3191 1329 3245 1375 et
3272 1321 3427 1391 xu);
3493 1322 3622 1392 quid
3669 1326 3778 1380 mi-

2195 1426 2337 1476 rum,
2363 1412 2408 1467 si
2428 1410 2663 1482 Spiritus
2693 1422 2920 1469 sanctus
2950 1414 3001 1470 in
3025 1414 3269 1470 Ecclesia
3290 1432 3456 1487 super
3478 1418 3735 1488 quemlibe
3756 1429 3780 1474 t

2195 1502 2487 1573 reprobum
2522 1504 2735 1572 veniat,
2761 1513 2818 1559 et
2842 1518 2947 1560 non
2983 1519 3078 1572 per
3107 1504 3226 1572 ejus
3252 1506 3529 1571 meritum,
3558 1512 3651 1563 sed
3681 1525 3781 1578 per

2192 1596 2312 1667 ejus
2331 1595 2695 1652 ministerium
2724 1596 2778 1652 in
2796 1595 2931 1652 alios
2950 1596 3295 1654 cbarismatis
3317 1597 3404 1653 sui
3430 1597 3571 1653 dona
3595 1609 3779 1655 trans-

2192 1690 2432 1746 fundat?
2470 1690 2548 1756 Si,
2576 1690 2823 1760 inquam,
2846 1690 3068 1748 divinus
3098 1691 3337 1764 Spiritus
3374 1691 3524 1748 illum
3555 1703 3781 1763 repente

2193 1783 2460 1849 corripuit
2500 1781 2550 1849 (Ι
2594 1781 2723 1853 Reg.
2759 1782 2851 1849 χ),
2886 1792 3051 1853 atque
3105 1785 3176 1841 ab
3241 1798 3333 1855 eo,
3362 1800 3458 1856 per
3505 1795 3616 1841 tam
3653 1786 3779 1839 diu-

506 1880 539 1919 a
562 1866 758 1935 quibus
804 1864 1044 1934 profecto
1089 1864 1382 1934 procedere
1432 1875 1615 1919 notam
1650 1864 1790 1919 hanc
1835 1863 2087 1934 jurgandi
2117 1855 2165 1916 Β
2193 1863 2336 1914 turni
2368 1869 2628 1930 temporis
2675 1865 2911 1931 spatium
2959 1878 3067 1919 non
3116 1855 3374 1932 recessit,
3407 1868 3497 1938 qui
3528 1885 3624 1925 vas
3659 1879 3773 1930 erat

508 1958 794 2013 materiam
842 1974 947 2012 non
987 1960 1192 2029 ignoro.
1226 1957 1425 2013 Dicunt
1454 1957 1596 2011 enim
1629 1956 1753 2025 quia
1787 1956 1856 2010 ab
1896 1953 2090 2023 hujus—

506 2050 653 2105 modi
684 2051 1057 2106 sacerdotibus
1092 2065 1190 2106 nec
1219 2049 1457 2104 chrisma
1492 2048 1703 2111 confici,
1734 2063 1835 2104 nec
1860 2046 2089 2103 ecclesia

508 2141 769 2207 dedicari,
799 2156 898 2195 nec
940 2140 1211 2196 clericalia
1232 2140 1357 2211 jura
1382 2138 1639 2202 conferri,
1669 2154 1771 2193 nec
1799 2138 2087 2193 missarum

506 2230 618 2285 ullo
653 2245 890 2300 unquam
922 2238 1166 2299 tempore
1193 2236 1488 2299 potuerunt
1513 2226 1775 2283 solemnia
1798 2226 2086 2281 celebrari.

508 2322 730 2395 Etiam
780 2324 894 2376 ha2c
938 2321 1277 2391 impudenter
1321 2319 1576 2391 allegant,
1625 2326 1684 2372 ut
1719 2334 1862 2372 anno
1912 2317 2089 2373 horno

506 2411 867 2481 compulerint
913 2411 965 2465 in
1020 2410 1191 2465 tribus
1242 2409 1488 2480 plebibus
1531 2408 1649 2463 sine
1698 2407 2088 2476 conspersioue
2134 2408 2139 2411 ⁷

507 2504 823 2561 chrismatis
851 2504 1269 2557 catechumenos
1296 2502 1582 2571 baptizari.
1616 2498 1722 2555 Sed
1761 2514 1882 2554 eum
1926 2498 2089 2553 Chri-

507 2603 627 2648 stus
651 2592 837 2663 procul
859 2592 1023 2647 dubio
1048 2592 1427 2646 denominetur
1448 2605 1477 2644 a
1501 2588 1818 2653 chrismate,
1842 2588 1917 2643 nil
1943 2588 2088 2643 aliud

509 2684 704 2738 tollunt
747 2683 1049 2752 baptismo,
1108 2682 1209 2737 nisi
1268 2681 1579 2744 Christum,
1632 2680 1724 2749 qni
1779 2678 2090 2735 chrismatis

508 2773 833 2828 subtrahunt
855 2780 1276 2827 sacramentum.
1305 2771 1374 2825 Et
1401 2779 1550 2824 certe
1594 2769 1639 2824 si
1687 2783 1774 2824 me
1813 2768 1953 2823 forte
1981 2783 2087 2822 non

507 2862 667 2932 fugit,
697 2862 837 2916 nulla
869 2877 1103 2931 unquam
1128 2860 1351 2915 haeresis
1388 2860 1438 2914 in
1475 2869 1679 2914 tantam
1710 2859 1959 2929 prorupit
1987 2874 2088 2913 au-

507 2952 753 3017 daciam,
802 2959 858 3004 ut
888 2950 1138 3020 baptismi
1174 2949 1389 3003 lavacro
1422 2949 1664 3003 chrisma
1686 2988 1700 3013 ,
1743 2949 1846 3004 hoc
1881 2956 1997 3013 est,
2029 2955 2090 3001 ut

505 3058 536 3096 a
558 3044 869 3098 Christiano
889 3042 1163 3098 Christum
1191 3042 1429 3097 dividere
1456 3042 1909 3111 prtesumpsisset.
1932 3040 2089 3107 Quod

506 3134 577 3200 si,
613 3143 920 3203 contempta
947 3133 1196 3204 prepria,
1228 3134 1296 3187 ab
1329 3131 1433 3186 alia
1477 3131 1717 3186 Ecclesia
1756 3130 1953 3187 furtive
1991 3130 2085 3187 dc-

506 3225 674 3279 latum
720 3226 957 3280 chrisina
1007 3225 1278 3288 credatur,
1322 3223 1475 3278 sicut
1519 3239 1550 3278 a
1598 3223 1833 3292 quodam
1878 3221 2086 3278 scilicet

504 3332 694 3371 eorum
744 3315 954 3370 fautore
993 3314 1334 3384 contingitur,
1380 3328 1526 3379 ecce,
1559 3321 1818 3384 quantum
1860 3311 1929 3366 ad
1964 3311 2085 3366 illos

504 3410 771 3479 pertinet,
806 3408 859 3462 in
905 3406 1278 3477 spiritualibus
1326 3406 1487 3461 rebus
1530 3405 1889 3461 committitur
1930 3401 2085 3456 adul-

506 3500 734 3562 terium,
789 3510 845 3553 et
892 3500 943 3551 in
991 3498 1332 3567 sacrilegium
1381 3497 1610 3552 vertitur
1657 3508 2082 3558 sacramentum,

504 3589 758 3642 nimirum
791 3588 952 3659 536
979 3589 1105 3642 dum
1137 3588 1369 3657 propria:
1397 3587 1649 3641 Ecclesia:
1676 3585 1913 3640 chrisma
1959 3600 2081 3656 pro-

497 3676 718 3745 jicitur,
768 3687 824 3732 et
868 3679 936 3731 ab
980 3678 1153 3731 aliena
1201 3677 1549 3732 clandestinae
1606 3674 1810 3731 fraudis
1868 3676 2083 3747 ingenio

502 3769 845 3838 subrogatur.
875 3768 1073 3823 Beatus
1120 3768 1351 3837 denique
1394 3783 1532 3838 papa
1581 3766 1873 3839 Gregorius
1910 3767 1962 3821 in
1992 3783 2083 3822 su-

503 3874 692 3929 premo
721 3860 922 3915 ultima:
949 3860 1185 3916 bomilia:
1215 3860 1483 3915 versiculo
1511 3859 1589 3915 sic
1624 3859 1701 3913 ait
1732 3877 1745 3913 :
1775 3878 1793 3911 ‹
1833 3858 1938 3914 Sed
1969 3859 2085 3914 haec

504 3952 846 4023 omnipotens
891 3952 1052 4015 Deus,
1086 3952 1175 4020 qui
1227 3966 1324 4019 per
1368 3965 1456 4005 me
1508 3951 1561 4005 in
1613 3951 1809 4005 vestris
1861 3950 2083 4006 auribus

504 4045 764 4114 loquitur,
803 4058 900 4113 per
924 4056 985 4097 se
1010 4043 1062 4096 in
1091 4042 1290 4097 vestris
1315 4042 1586 4096 mentibus
1611 4042 1885 4112 loquatur.
1928 4060 1946 4093 ι

574 4138 709 4192 Cum
739 4136 905 4204 igitur
930 4136 1033 4190 hoc
1067 4134 1260 4190 librqu
1290 4150 1445 4189 suum
1495 4133 1602 4189 fine
1643 4132 1937 4199 concludit,
1965 4148 2083 4187 om-

507 4227 839 4295 nipotentem
888 4225 1057 4279 Deum
1107 4232 1299 4280 cuncta
1344 4240 1464 4294 qua:
1508 4224 1562 4279 in
1608 4239 1672 4279 eo
1716 4224 1916 4293 scripta
1956 4232 2082 4279 stiut

505 4333 603 4387 per
646 4332 705 4371 se
741 4316 978 4369 locutum
1008 4315 1285 4369 evidenter
1317 4314 1573 4383 ostendit.
1608 4312 1704 4368 llic
1734 4313 1944 4383 itaque,
1984 4328 2082 4382 per

504 4421 664 4475 quem
712 4405 835 4459 talis
890 4404 1217 4481 inhabitalor
1264 4403 1577 4474 eloquitur,
1621 4403 1674 4457 in
1744 4402 1962 4457 homilia
2012 4403 2081 4459 de

504 4497 873 4553 sacerdotibus
930 4496 1073 4552 facta
1135 4497 1311 4567 (haut.
1364 4497 1501 4566 l7),
1547 4512 1643 4565 per
1683 4496 2078 4568 impositionem

504 4602 700 4642 manus
757 4586 1053 4641 Simoniaci
1103 4585 1361 4655 Spiritum
1414 4595 1664 4640 sanctum
1710 4588 1927 4642 coalitus
1962 4588 2080 4643 dari

503 4676 949 4733 manifestissime
1000 4677 1307 4750 conﬁtetur.
1344 4696 1361 4729 ς
1411 4676 1512 4743 Qui
1565 4692 1829 4746 namque,
1884 4679 2078 4749 inquit,

503 4767 712 4821 suntin
762 4766 960 4836 templo
1004 4765 1099 4820 Dei
1148 4766 1332 4832 hodie,
1360 4766 1451 4835 qui
1499 4766 1777 4822 columbas
1818 4767 2079 4833 vendunt,

506 4858 610 4913 nisi
644 4858 735 4926 qui
767 4857 819 4912 in
850 4855 1091 4911 Ecclesia
1124 4857 1360 4926 pretium
1411 4856 1478 4912 de
1521 4857 1863 4927 impositione
1890 4873 2082 4914 manus

503 4946 810 5016 accipiunt?
850 4965 868 4999 ›
896 4962 993 5016 per
1029 4962 1191 5016 quam
1224 4946 1473 5001 videlicet
1517 4945 1913 5016 impositionem
1961 4945 2082 5017 8ρί-

444 5040 447 5043 ’
505 5039 642 5091 ritus
693 5045 915 5091 sanctus
961 5036 1177 5092 caelitus
1231 5037 1410 5091 datur.
1463 5033 1563 5090 Ubi
1610 5035 1788 5090 adhuc
1833 5036 2079 5091 eamdem

504 5129 829 5184 sententiam
860 5128 1105 5199 replicat,
1138 5137 1193 5184 et
1220 5139 1475 5197 tanquam
1508 5127 1835 5183 tardioribus
1867 5128 1951 5183 vel
1981 5129 2079 5183 ad-

503 5221 610 5275 huc
645 5219 1016 5275 dubitantibus
1042 5235 1228 5275 rursus
1258 5218 1487 5274 inculcat
1514 5218 1698 5273 dicens
1731 5235 1745 5271 :
1778 5236 1798 5269 ‹
1824 5217 2079 5274 Columba

504 5324 634 5378 ergo
685 5308 968 5374 venditur,
1019 5309 1145 5378 quia
1202 5324 1395 5363 manus
1450 5308 1751 5379 impositio,
1788 5324 1885 5378 per
1917 5324 2078 5378 quam

505 5397 742 5466 Spiritus
770 5406 991 5453 sanctus
1024 5398 1310 5468 accipitur,
1339 5398 1405 5451 ad
1453 5398 1684 5468 pretium
1731 5398 2017 5468 praebetur.
2056 5417 2074 5450 ι

505 5487 613 5544 Sed
639 5491 764 5560 quia
786 5490 855 5546 de
883 5491 968 5545 his
995 5492 1047 5546 in
1072 5491 1210 5546 libro
1241 5500 1426 5545 nostro
1453 5490 1616 5544 multa
1640 5490 2081 5560 conscripsimus,

505 5579 592 5635 hic
625 5582 677 5634 in
706 5580 901 5636 talibus
947 5597 1053 5637 non
1096 5581 1297 5638 diutius
1336 5582 1717 5637 immorantur.
1746 5581 2083 5636 solummodo

504 5670 597 5739 qui
626 5669 754 5742 legit
787 5671 1067 5744 intelligat.

2186 1951 2408 2006 omnino
2428 1950 2648 2017 diaboli,
2676 1966 2910 2023 eumque
2936 1954 3188 2026 nequitia:
3226 1957 3449 2027 spiritus
3479 1975 3583 2014 non
3610 1960 3775 2028 clam,

2188 2043 2282 2099 sed
2308 2052 2502 2113 aperte
2535 2059 2636 2114 per
2666 2058 2864 2116 corpus
2888 2046 3048 2101 simul
3077 2056 3135 2103 et
3159 2048 3395 2121 animam
3434 2052 3770 2121 possidebat;

2186 2131 2312 2200 quid
2349 2148 2569 2199 novum,
2602 2132 2646 2188 si
2672 2132 2917 2189 cloacam
2954 2137 3170 2206 reprobi
3217 2138 3505 2209 cujuslibet
3541 2143 3779 2203 hominis.

2188 2221 2444 2291 splendor
2468 2223 2558 2278 ille
2584 2223 2824 2281 caelestis
2862 2224 3108 2292 irradiat,
3138 2242 3300 2297 quem
3346 2238 3526 2285 tamen
3566 2232 3771 2289 nullum

2188 2313 2456 2382 squaloris
2499 2316 2719 2371 obsceni
2764 2318 3074 2389 contagium
3124 2317 3331 2375 findat?
3358 2320 3467 2377 Sed
3495 2339 3639 2380 nunc
3676 2342 3777 2382 cur

2189 2405 2290 2459 ista
2319 2407 2731 2478 prosequimur,
2763 2424 2885 2464 cum
2928 2412 3396 2469 consecrationem
3446 2415 3782 2491 Simoniaci;

2188 2511 2362 2566 nuper
2409 2499 2577 2556 fuisse
2610 2501 2940 2571 prohibitam
2991 2503 3243 2572 superius
3284 2505 3495 2573 praefati
3545 2510 3773 2564 sumus?

2189 2584 2354 2641 Plane
2401 2588 2526 2657 quia
2592 2589 2753 2644 iidem
2812 2590 2913 2661 ipsi
2971 2590 3065 2662 qui
3116 2592 3445 2661 baptismum
3496 2596 3612 2651 fieri
3656 2598 3776 2654 sine

2189 2678 2486 2735 chrismate
2524 2679 2857 2747 docuerunt,
2888 2682 3068 2739 adhuc
3096 2684 3357 2741 adversus
3396 2701 3491 2742 eos
3527 2689 3617 2759 qui
3649 2700 3775 2744 ante

2189 2768 2453 2837 synodum
2482 2770 2652 2840 gratis
2685 2785 2715 2825 a
2747 2770 3073 2850 Simoniacis
3100 2775 3332 2829 ordinati
3364 2788 3490 2831 sunt
3532 2776 3769 2841 sulﬁaut.

2189 2870 2390 2927 eosque
2434 2873 2556 2912 cum
2604 2859 2719 2914 suis
2763 2860 3168 2917 ordinatoribus
3198 2878 3319 2919 esse
3366 2860 3652 2922 hzereticos
3679 2866 3776 2922 do-

2189 2948 2520 3016 gmatiaant,
2570 2965 2868 3020 eorumque
2919 2951 3112 3008 missas
3175 2964 3232 3009 et
3297 2956 3478 3010 omnia
3530 2972 3625 3027 per
3678 2974 3773 3017 eos

2189 3036 2333 3093 facta
2382 3039 2637 3109 mysteria
2688 3040 3085 3111 blasphemant,
3123 3045 3610 3113 anathematizant,
3637 3063 3770 3102 con-

2192 3138 2413 3199 spunnt,
2462 3131 2752 3201 abjiciuut,
2802 3141 2856 3187 et
2900 3132 3216 3202 explodunt,
3265 3150 3565 3207 eorumque
3608 3138 3776 3193 bene-

2188 3221 2514 3275 dictionibus
2542 3222 2860 3278 terribiliter
2890 3223 3238 3289 maledicunt,
3271 3241 3391 3297 cum
3437 3227 3579 3281 dicat
3623 3228 3773 3298 Apo-

2185 3309 2353 3364 stolus
2401 3323 2472 3362 :r
2528 3310 2661 3376 Quia
2718 3311 2974 3393 maledici.
3018 3328 3239 3396 regnum
3290 3314 3384 3370 Dei
3438 3332 3543 3371 non
3589 3320 3771 3388 possi-

2184 3399 2387 3454 debunt
2427 3397 2491 3469 (ι
2530 3398 2653 3453 Cor.
2696 3398 2805 3470 vi).
2853 3418 2871 3452 ι
2914 3401 2982 3455 Et
3031 3402 3084 3456 in
3136 3403 3250 3457 suis
3300 3404 3771 3463 maledictionibus

2186 3485 2316 3541 illud
2371 3485 2649 3543 Malachia:
2702 3489 2978 3559 propheta:
3046 3492 3413 3548 testimonium
3468 3497 3768 3563 adhibent,

2184 3590 2292 3645 quo
2338 3576 2540 3631 dicitur
2581 3594 2648 3632 ε(
2686 3578 3003 3636 Malcdicam
3053 3583 3522 3642 benedictionibus
3574 3592 3770 3646 vestris

2185 3665 2451 3737 (Malurh.
2502 3669 2614 3741 rt),
2673 3689 2690 3723 ι
2726 3686 2832 3726 non
2891 3674 3229 3731 attendentes
3290 3679 3434 3747 quod
3506 3681 3767 3738 Dominus

2186 3755 2239 3809 in
2291 3756 2425 3811 libro
2472 3754 2691 3812 Numeri
2745 3759 2811 3815 de
2863 3762 3248 3819 sacerdotibus
3290 3766 3366 3820 ait
3418 3784 3431 3820 :
3479 3786 3497 3819 ‹
3542 3768 3770 3825 Invoca-

2185 3847 2318 3902 bunt
2345 3847 2505 3919 537
2535 3866 2729 3905 nomen
2762 3867 2940 3907 meum
2969 3869 3131 3923 super
3168 3854 3306 3911 ﬁlios
3344 3857 3529 3923 lsracl,
3573 3869 3626 3916 et
3663 3875 3767 3932 ego

2183 3937 2501 3993 benedicam
2526 3939 2607 3994 eis
2634 3941 2827 4010 (Num.
2856 3944 2956 4013 vi).
2990 3961 3009 3995 ι
3045 3944 3313 4001 Sacerdos
3342 3948 3540 4017 quippe
3584 3951 3800 4005 Domi-'

2184 4045 2311 4084 num
2336 4046 2499 4100 super
2536 4028 2810 4089 hominem
2843 4034 3025 4090 verbis
3057 4036 3311 4092 invocat:
3342 4040 3435 4093 sed
3468 4041 3582 4111 ipse
3606 4057 3770 4111 super

2183 4132 2305 4174 eum
2372 4120 2630 4177 Dominus
2694 4124 3125 4181 benedictionem
3184 4127 3481 4184 efﬁcaciter
3543 4130 3764 4187 format.

2184 4206 2419 4265 Eﬂ’ectus
2445 4211 2625 4281 itaque
2651 4213 3047 4271 benedictionis
3074 4232 3178 4272 non
3211 4217 3265 4272 in
3293 4220 3488 4276 merito
3517 4223 3768 4278 sacerdo-

2184 4298 2256 4354 tis
2276 4308 2509 4366 constat,
2531 4300 2625 4355 sed
2650 4303 2794 4358 hunc
2833 4304 3104 4360 invocatio
3126 4305 3294 4361 divini
3326 4309 3561 4365 nominis
3595 4311 3772 4367 admiq-

2182 4390 2402 4454 nistrat,
2421 4400 2480 4445 ut
2501 4394 2643 4461 quod
2672 4409 2739 4449 ex
2762 4409 2859 4451 ore
2889 4408 3044 4451 sonat
3070 4397 3330 4464 hominis,
3352 4400 3527 4456 virtus
3548 4402 3767 4471 impleat

2183 4477 2480 4546 Creatoris,
2507 4492 2564 4537 et
2588 4500 2685 4553 per
2711 4484 2917 4556 indigni
2948 4501 3092 4557 saepe
3126 4487 3364 4543 hominis
3408 4490 3767 4546 ministerium

2515 4534 2560 4537 _-
2588 4534 2674 4553 τ--
2712 4534 2917 4556 ---νοω
2948 4534 3089 4557 ητ-
3126 4534 3363 4543 ην.......-

2110 4534 2159 4594 D
2184 4573 2362 4627 divina
2389 4573 2560 4628 virtus
2597 4589 2753 4629 suum
2785 4575 3053 4631 veraciter
3092 4575 3293 4633 elliciat
3340 4589 3764 4635 sacramentum.

2183 4661 2288 4718 Sed
2319 4660 2453 4716 fatui
2485 4670 2539 4717 et
2569 4662 2806 4733 imperiti
2853 4665 3079 4734 quilibet
3103 4667 3351 4722 homines
3396 4668 3450 4723 in
3498 4670 3602 4725 hoc
3634 4684 3765 4739 pro-

2181 4752 2359 4821 pheta:
2388 4753 2554 4806 verba
2593 4752 2891 4822 caligantes
2946 4766 3164 4822 errant,
3206 4758 3513 4814 nescientes
3557 4758 3767 4814 scilicet

2182 4858 2304 4911 quae
2354 4841 2668 4911 loquuntur,
2696 4843 2779 4897 vel
2807 4845 2872 4899 de
2900 4846 3096 4913 quibus
3143 4847 3434 4903 alﬁrmant.
3488 4849 3543 4903 ln
3597 4853 3769 4906 sacris

2185 4931 2384 5000 quippe
2410 4931 2707 4999 Srripturis
2732 4933 2803 4986 ita
2835 4933 3143 4990 maledictio
3171 4936 3460 5008 aliquando
3481 4954 3579 5010 pro
3602 4942 3767 4995 steri-

2187 5019 2361 5083 litate,
2390 5022 2531 5075 sicut
2568 5029 2623 5074 et
2656 5020 2959 5078 benedictio
3009 5039 3107 5093 pro
3160 5041 3338 5081 rerum
3387 5030 3765 5100 temporalium

2186 5113 2409 5181 ponitur
2434 5115 2699 5168 ubertate.
2726 5114 2800 5169 De
2834 5132 2938 5187 qua
2983 5118 3239 5174 nimirum
3283 5119 3661 5178 benedictione
3714 5124 3767 5177 in

2186 5204 2326 5260 libro
2353 5205 2559 5276 Regum
2591 5206 2787 5261 dicitur
2821 5226 2834 5261 :
2872 5226 2890 5259 ι
2928 5208 3216 5266 Benedixit
3254 5210 3512 5267 Dominus
3553 5211 3767 5268 Obede-

2188 5296 2293 5350 don
2316 5306 2370 5350 et
2405 5311 2623 5351 onmem
2653 5297 2869 5352 domum
2898 5299 3035 5368 ejus.
3067 5300 3491 5371 Nuntiatumque
3526 5311 3611 5357 est
3652 5304 3768 5373 regi

2190 5386 2382 5453 David,
2413 5386 2539 5457 quia
2568 5387 2845 5444 benedixit
2870 5388 3131 5444 Dominus
3154 5389 3474 5457 Obededon,
3499 5401 3553 5447 et
3582 5394 3764 5449 omnia

2183 5473 2300 5543 ejus
2325 5484 2548 5546 propter
2573 5494 2755 5532 arcam
2784 5478 3023 5543 Domini;
3054 5479 3295 5550 dixitque
3314 5498 3327 5533 :
3346 5498 3365 5533 ι
3384 5481 3495 5548 Ibo,
3521 5494 3576 5539 ct
3606 5486 3767 5541 redu-

2184 5580 2303 5621 cam
2344 5583 2529 5621 arcam
2583 5584 2705 5622 cum
2758 5569 3132 5625 lmiedictione
3192 5570 3246 5626 in
3309 5571 3528 5629 domum
3587 5591 3766 5639 meam

2187 5655 2272 5727 (11
2308 5656 2435 5728 Reg.
2465 5662 2562 5728 vi).
2596 5677 2614 5710 ι
2662 5658 2814 5715 Unde
2865 5674 2989 5714 cum
3041 5660 3331 5718 Psalmista
3363 5646 3717 5734 praemitteret
3749 5683 3763 5719 :

2192 5765 2213 5799 ι
2232 5746 2457 5803 Viduam
2480 5748 2595 5819 ejus
2624 5751 2947 5808 benedicens
2974 5752 3291 5812 beuedicam
3314 5753 3717 5828 (Psal.cxxxr);
3740 5777 3760 5810 ι
