4048 6190
337 403 444 460 B27

792 403 849 458 ε.
894 403 1092 458 PETRI
1145 405 1424 459 DAJHANI
1463 402 1613 458 OPP.
1656 395 1892 456 TOMUS
1925 393 2269 466 SliUPARS
2311 396 2394 451 ιιι.
2423 425 2494 436 -
2525 395 2891 455 OPUSCULA
2928 396 3161 452 VARIA.

3487 401 3592 466 52.8

332 528 390 573 ut
423 517 736 573 ostenderet
767 519 834 573 de
859 534 980 588 qua.
999 516 1381 573 benedictione
1411 515 1639 577 diceret,
1665 523 1913 582 protinus
1938 521 1989 577 Α
2018 523 2122 560 non
2149 507 2490 561 servantibus
2514 522 2544 561 e
2575 507 2853 563 contrario
2882 507 3319 562 maledictionem
3355 509 3629 572 minatur.

327 611 485 666 addit
499 629 512 665 :
525 630 542 664 ί
557 610 827 680 Pauperes
839 611 960 683 ejus
974 610 1230 664 saturabo
1246 605 1606 678 panthusUb.)
1621 627 1638 657 ι
1667 603 1910 660 Etalibi:

334 685 769 768 tltenedixiteis,
785 711 838 755 et
859 700 1199 770 multiplicati
1239 708 1366 753 sunt
1387 698 1549 751 ninns
1573 695 1691 762 (Ps.
1712 693 1843 766 ενι).
1879 713 1907 771 ἰ

307 794 433 850 Ubi
473 805 720 862 patenter
741 792 1047 848 ostenditur
1098 791 1226 861 quia
1276 789 1595 852 benedixit,
1639 787 1742 842 hoc
1799 795 1910 853 est,

333 873 733 943 luultiplicavit.
748 876 842 928 Cui
861 876 1033 934 stnnle
1057 884 1139 928 est
1160 879 1300 941 quod
1325 875 1416 926 lilii
1439 874 1634 943 Joseph
1659 877 1910 929 dixerunt

313 939 402 1018 'ad
424 963 626 1020 Iosue:
656 985 672 1015 ι
708 966 887 1031 Quare
907 964 1100 1020 dedisti
1129 965 1258 1018 mihi
1298 967 1690 1034 possessionem
1724 966 1906 1028 sortis,

314 1064 386 1112 ,ει
409 1055 630 1111 funiculi
661 1057 845 1120 unius;
874 1072 997 1110 cum
1024 1056 1125 1110 sim
1157 1067 1318 1110 tanta:
1342 1057 1790 1117 multitmlinis.ct
1811 1055 1906 1110 be-

313 1146 536 1206 .nedixit
562 1147 689 1203 mihi
722 1145 1338 1216 Dominus?(Jos.xvn.)
1361 1167 1380 1198 ι
1407 1148 1715 1202 Benedictio
1745 1149 1908 1216 igitur

329 1237 619 1306 aliquando
646 1237 1075 1300 multitudinem,
1110 1237 1401 1306 aliquando
1436 1238 1711 1307 signiticat
1749 1239 1906 1291 uber-

330 1337 519 1384 tatem.
551 1330 619 1382 At
652 1340 863 1395 contra,
892 1323 1539 1390 contenmenti'maudata
1575 1330 1795 1382 cuilibet
1823 1346 1910 1384 res

325 1419 500 1489 probo
539 1435 634 1488 per
681 1419 899 1488 Moysen
941 1420 1182 1474 dicitur:
1216 1439 1233 1470 ι
1274 1419 1614 1473 Maledictum
1649 1420 1904 1472 horreum

327 1493 572 1574 tuum,‘et
597 1509 896 1563 maledicta:
926 1510 1164 1578 reliquiae
1191 1520 1323 1574 tum;
1349 1511 1666 1565 maledictus
1695 1510 1904 1566 fructus

264 1652 270 1666 ,
308 1601 533 1655 ~vcntris
581 1601 675 1666 tui,
729 1610 783 1655 et
813 1600 1021 1655 fructus
1065 1611 1226 1656 terra:
1262 1612 1362 1657 tua:
1387 1603 1566 1669 (Deut.
1596 1603 1854 1671 xxxviii);
1879 1623 1896 1651 ι

326 1693 469 1748 unde
496 1692 654 1762 paulo
681 1701 797 1760 post
829 1710 841 1745 :
880 1712 897 1742 ι
933 1693 1105 1748 Mittet
1130 1693 1390 1748 Dominus
1427 1710 1589 1763 super
1621 1702 1670 1746 te
1703 1692 1902 1746 laniem

325 1794 382 1839 et
405 1785 642 1841 esuriem
675 1784 882 1852 (lbid.).
907 1804 924 1835 ι
961 1783 1323 1849 Quamobrem
1356 1783 1482 1843 etin
1509 1785 1608 1845 hoc
1627 1784 1902 1836 Mulacltia:

2014 595 2208 665 ittopia‘
2238 613 2251 648 :
2287 595 2524 666 alioquin
2549 612 2680 651 vero
2730 612 2840 666 quo
2879 606 3034 666 pacto
3074 599 3214 652 Deus
3250 604 3592 670 onmipozens

2012 689 2340 744 sacerdotali
2385 689 2733 744 malediceret
2757 689 3163 751 benedictioni,
3210 707 3373 760 quam
3421 693 3594 750 virtus

2010 779 2093 832 sui
2125 788 2414 834 consecrat
2451 780 2724 832 nominis?
2765 778 2900 833 Cum
2930 780 3097 844 enim,
3147 779 3289 833 sicut
3341 783 3592 851 superius

1999 850 2212 922 dictum
2245 880 2346 935 est,
2373 885 2536 937 super
2561 885 2723 939 quem
2765 885 2962 926 nomen
3007 869 3223 938 Domini
3281 871 3586 942 invocatur,

2010 959 2380 1015 indubitanter
2405 961 2472 1025 ab
2504 961 2619 1028 ipso
2642 944 2879 1016 Domino
2926 961 3284 1026 benedicitur,
3318 968 3591 1034 quomoio

2007 1067 2350 1120 consequens
2376 1061 2461 1105 est
2509 1063 2567 1105 ut
2595 1067 2713 1106 eam
2739 1052 3172 1107 benelictionem
3190 1051 3450 1108 Dominus
3477 1073 3588 1124 ma-

2007 1139 2228 1205 ledicat,
2261 1157 2545 1210 perquam
2577 1141 2693 1210 ipse
2719 1142 2994 1194 hominem
3041 1157 3138 1210 per
3186 1142 3587 1202 invocationem

2006 1232 2087 1286 sui
2127 1234 2361 1294 nominis
2415 1233 2719 1294 benedicit?
2771 1232 2909 1287 Hinc
2968 1242 3052 1287 est
3097 1234 3242 1302 quod
3293 1237 3590 1305 auctoritas

2006 1336 2274 1384 canonum
2297 1323 2452 1393 (Can.
2485 1322 2762 1392 012031.46,
2807 1331 2863 1376 et
2903 1323 3028 1378 dist.
3071 1322 3158 1383 '52.
3200 1340 3321 1394 cap.
3363 1321 3588 1398 Prata,

2010 1427 2230 1482 paragr.
2265 1412 2557 1469 Sciendum
2591 1415 2984 1484 seutcmialiter)
3013 1415 3176 1468 ctiam
3201 1432 3228 1469 a
3252 1417 3586 1486 pestilentio.

2007 1506 2154 1560 ribus
2178 1506 2446 1560 haereticis
2468 1507 2770 1575 baptizatos
2791 1507 3042 1575 prohibet
3071 1509 3262 1562 iterum
3285 1509 3581 1578 baptizari;

1994 1611 2072 1648 .ne
2106 1595 2357 1650 videlicet
2385 1612 2579 1650 nomen
2608 1597 2723 1663 Dei,
2755 1599 2895 1666 quod
2933 1598 3240 1652 invocatum
3293 1610 3378 1654 est
3423 1618 3586 1669 super

2004 1685 2144 1748 illos,
2170 1686 2414 1740 videatur
2443 1688 2732 1754 annullari,
2768 1688 2848 1742 vel
2879 1691 2931 1743 in
2965 1691 3178 1744 irritmu
3225 1693 3368 1746 duci.
3396 1692 3580 1759 Quiso

2002 1778 2124 1844 quis
2151 1787 2421 1846 pra:terea_
2439 1779 2564 1840 dum
2596 1782 2908 1846 sacerdotes
2939 1781 3207 1849 quoslibet
3229 1783 3580 1848 obtrectatio.

323 1875 668 1936 tcstimonio,
707 1884 766 1928 ut
815 1891 921 1928 non
961 1875 1324 1943 intelligamus
1369 1875 1762 1929 maledictionis
1812 1875 1897 1930 vel
1932 1875 1974 1932 Β
2005 1870 2162 1926 nibus
2218 1871 2444 1936 lacefal.
2493 1888 2682 1934 eorum
2734 1875 3085 1933 nihilominus
3134 1888 3190 1932 et
3241 1890 3582 1942 sacramenta

314 1968 681 2021 .anathematis
701 1967 938 2034 jaculum
967 1968 1291 2036 intorqueri,
1318 1968 1410 2022 sed
1440 1966 1600 2022 fatuis
1629 1978 1684 2022 et
1707 1969 1900 2038 inopia:

317 2059 643 2130 supplicium
671 2060 951 2124 intentari,
978 2059 1278 2128 prmmittit,
1307 2061 1521 2115 dicens:
1543 2081 1562 2112 ι
1584 2062 1640 2115 Si
1664 2063 1899 2118 nolueri-

316 2155 414 2218 tis,
445 2155 636 2224 inquit,
671 2170 872 2224 ponere
901 2171 1063 2225 super
1115 2170 1210 2210 cor
1238 2164 1297 2209 ut
1340 2157 1480 2211 detis
1515 2156 1750 2227 «gloriam
1797 2175 1897 2211 no-

317 2245 450 2298 mini
480 2259 616 2306 meo,
649 2246 860 2298 mittam
889 2245 940 2300 in
971 2260 1068 2300 vos
1095 2255 1421 2314 egestatem;
1458 2267 1477 2299 ι
1514 2264 1747 2318 moxque
1772 2250 1898 2304 sub-

311 2333 602 2404 jungitur:
650 2352 667 2384 ‹
706 2333 772 2386 Ει
822 2334 1146 2389 maledicam.
1189 2335 1650 2392 benedictionibus
1703 2339 1896 2394 vesu-is

307 2424 577 2494 (Malam.
611 2425 697 2494 ιι).
723 2443 742 2475 ι
775 2425 907 2478 Cum
936 2441 1075 2493 ergo.
1094 2436 1388 2495 egestatem
1435 2429 1736 2496 praunittit.
1766 2429 1894 2499 quid

315 2515 788 2576 tnaledictionibus;
808 2516 1028 2586 intelligi
1047 2518 1201 2581 velit,
1220 2517 1338 2572 luce
1356 2517 1555 2573 clarius
1581 2519 1890 2575 innotescit.
1921 2585 1924 2589 ,

307 2606 391 2659 Λα
421 2605 475 2659 si.
496 2605 640 2658 dicat
668 2622 681 2658 :
713 2604 772 2659 Si
816 2605 1258 2675 contetnpseritis
1307 2618 1574 2678 praeepta
1626 2618 1781 2672 mea;
1821 2611 1892 2687 jn

305 2698 510 2751 vestris
536 2698 791 2751 cordibus
820 2707 1103 2767 ponentes,
1139 2700 1282 2768 quod
1316 2702 1586 2769 praecipue
1636 2703 1892 2771 pertimeo

312 2789 484 2852 scitis,
541 2789 640 2843 sub
670 2789 930 2858 egestatis
954 2805 1050 2843 vos
1093 2799 1148 2843 et
1181 2790 1374 2858 inopiae
1423 2790 1616 2844 faciam
1667 2794 1890 2861 penuria

308 2880 618 2948 suspirare;
651 2877 707 2932 ut
738 2880 849 2947 ipsa
878 2894 974 2933 vos
1002 2888 1158 2933 teme
1189 2889 1382 2934 vestrae
1406 2883 1664 2936 sterilitas
1691 2882 1849 2936 feriat
1868 2923 1884 2948 ,

305 2971 440 3024 dum
464 2971 516 3024 in
545 2970 883 3039 proferendis
901 2971 1161 3025 bonorum
1184 2988 1406 3042 operum
1433 2973 1674 3044 frugibus
1690 2977 1888 3030 vitium

309 3073 411 3115 vos
438 3058 741 3114 sterilitatis
765 3072 984 3115 accusat
1013 3077 1026 3114 :
1058 3070 1111 3115 et
1140 3062 1316 3131 inopia
1349 3079 1443 3116 vos
1466 3066 1672 3119 cruciet
1701 3081 1889 3134 corpo-

307 3151 564 3220 rum,-qui
591 3150 834 3206 videlicet
861 3151 1117 3207 alimenta
1147 3153 1418 3223 ncgligitis
1439 3155 1765 3212 animarum.
1797 3157 1883 3223 Et,

1998 1961 2358 2030 blasphemat.
2395 1964 2532 2032 Quid
2560 1965 2723 2019 etiam
2765 1968 2953 2028 beatus
2979 1966 3145 2023 Judas
3188 1979 3378 2039 aposto
3403 1987 3466 2024 ns
3515 1971 3580 2037 de

1997 2051 2503 2122 blasphemantibus
2528 2055 2580 2108 in
2605 2055 2841 2124 Epistula
2871 2073 2966 2110 sua
2991 2058 3263 2127 loquatur.
3296 2061 3579 2128 attendat;

1998 2144 2133 2199 Nam
2169 2161 2289 2203 cum
2325 2146 2675 2214 ptauuisisset
2731 2149 2798 2202 de
2831 2150 3151 2218 quibusdam
3207 2151 3298 2220 qui
3336 2152 3580 2219 domina?

1998 2236 2198 2291 tionem
2227 2250 2516 2311 spernunt,
2560 2239 2897 2307 majestatem
2936 2251 3113 2295 autem
3163 2241 3575 2312 blasphematur,

1998 2335 2198 2396 pra:sto
2222 2327 2510 2388 subinteulit.
2551 2345 2564 2382 :
2599 2347 2617 2378 ι
2654 2331 2788 2386 Cum
2819 2330 3070 2396 Michael,
3104 2332 3302 2400 inquit,
3345 2334 3579 2401 art-han:

1994 2417 2166 2488 gelus,
2196 2435 2318 2473 cum
2357 2419 2574 2476 diabolo
2593 2420 2896 2491 disputans,
2935 2422 3384 2485 altercaretur-de
3410 2424 3578 2496 Moysi

1993 2524 2242 2578 corpore,
2273 2526 2377 2564 non
2399 2523 2484 2566 est
2504 2528 2670 2568 ausus
2684 2513 2947 2582 judicium
2969 2513 3176 2574 inferre
3204 2515 3572 2585 blasphemim,

1993 2600 2089 2654 sed
2115 2600 2250 2654 dixit
2283 2618 2296 2653 :
2326 2601 2558 2670 Imperet
2589 2602 2683 2656 tibi
2721 2603 2980 2658 Dominus
3007 2593 3252 2676 (Jud.9).
3289 2625 3307 2658 ι
3363 2607 3419 2662 Si
3447 2623 3576 2676 ergo

1991 2705 2242 2744 summus
2269 2691 2508 2758 angelus,
2531 2691 2584 2746 in
2621 2692 2893 2751 diabolum
2933 2694 3282 2764 blasphemia:
3306 2694 3570 2764 judicium

1991 2794 2099 2834 non
2151 2781 2493 2850 praesumpsit
2549 2781 2804 2839 inferre:
2842 2786 3111 2853 qttomodo
3169 2804 3276 2842 non
3335 2790 3576 2859 pavescit

1991 2867 2153 2924 homo
2182 2879 2551 2936 sacramenta,
2577 2887 2698 2940 quae
2735 2873 2930 2930 virtute
2954 2876 3126 2930 sancti
3151 2877 3388 2946 Spiritus
3408 2878 3570 2948 plena

1989 2967 2138 3023 sunt,
2167 2959 2433 3016 irridere?
2461 2960 2747 3018 Namcum
2785 2963 2996 3020 Veritas
3035 2967 3222 3022 dicat:
3263 2988 3281 3020 ι
3315 2968 3416 3036 Qui
3444 2985 3574 3041 pec.

1991 3055 2080 3100 cat
2106 3046 2159 3100 in
2198 3045 2462 3115 Spiritum
2486 3059 2758 3117 sanctum,
2790 3067 2896 3106 non
2929 3045 3237 3110 remittetur
3266 3057 3348 3121 ei,
3398 3073 3573 3128 neque

1988 3135 2100 3200 hic,
2125 3150 2224 3192 nec
2254 3138 2312 3198 in
2338 3135 2755 3209 futuro(,Matth-,
2783 3143 2912 3210 xu);
2937 3162 2954 3194 ι
2977 3144 3274 3201 timendum
3302 3147 3460 3204 valde
3487 3159 3573 3208 est

305 3251 367 3295 ut
393 3242 426 3296 h
465 3258 495 3296 c
529 3241 770 3312 ejusdem
808 3244 1081 3312 propheta
1119 3247 1293 3298 verbis
1334 3246 1508 3300 adhuc
1555 3249 1753 3302 clarius
1783 3251 1884 3319 ἐψ-

1990 3239 2056 3280 ne
2081 3225 2229 3280 illum
2253 3226 2321 3289 ab
2345 3227 2424 3281 eis
2447 3237 2660 3284 constet
2696 3229 2916 3297 edendi,
2943 3233 3061 3290 sine
3089 3247 3572 3307 quoopeccatorum

304 3338 624 3400 probemus,
678 3335 837 3404 longe
879 3337 1216 3404 postmodum
1265 3339 1448 3392 dicit:
1503 3359 1520 3390 ι
1571 3341 1717 3396 Gens
1771 3341 1907 3411 tota,

305 3423 500 3478 inferte
530 3439 745 3479 ouincm
779 3426 1044 3480 decimam
1084 3427 1134 3479 in
1170 3428 1426 3481 horreum
1461 3445 1670 3497 mctnn,
1717 3441 1772 3486 et
1815 3434 1887 3487 sit

304 3515 457 3569 cibus
485 3517 538 3568 in
568 3518 728 3568 domo
758 3531 920 3570 mea‘:
953 3528 1016 3570 et-
1047 3521 1269 3586 probate
1297 3536 1381 3572 me
1411 3536 1571 3589 super
1601 3522 1724 3583 hoc,
1754 3523 1888 3580 dicit

305 3604 580 3668 Dominus,
606 3608 650 3660 si
689 3622 791 3659 non
816 3623 1080 3676 aperuero
1118 3610 1270 3663 vobis
1305 3618 1607 3666 cataractas
1637 3614 1790 3678 cwli,
1829 3622 1887 3669 et

303 3685 722 3751 cﬂ'udero-vobis
751 3699 1182 3754 benedictionem
1207 3717 1377 3772 usque
1402 3705 1468 3758 ad
1495 3705 1882 3761 abundantiam

304 3787 563 3860 (Malum.
597 3790 703 3858 ni).
738 3791 956 3846 il’orro
981 3793 1025 3846 si
1054 3793 1487 3852 maledictioan
1521 3801 1882 3856 anathematis

303 3878 412 3933 illic
443 3878 704 3934 Dominus
733 3881 991 3937 voluisset
1020 3884 1264 3956 intelligi,
1295 3904 1400 3942 non
1431 3889 1673 3946 diceret:
1704 3911 1723 3944 ι
1766 3893 1878 3947 Ma-

302 3967 530 4022 ledicam
555 3969 1020 4027 benedictionibus
1048 3977 1275 4041 vestris;
1320 3995 1338 4028 i
1380 3979 1478 4032 sed
1516 3983 1735 4051 potius:
1765 3982 1880 4038 Ma-

301 4057 528 4112 ledicatn
559 4059 734 4126 vobis,
763 4063 854 4132 qui
882 4063 1090 4120 scilicet
1114 4065 1439 4125 benedicere
1469 4085 1575 4124 non
1607 4077 1880 4130 merentes

298 4148 526 4202 audetis.
588 4159 594 4165 '
623 4161 626 4166 ‘
869 4169 881 4179 ·

302 4262 306 4265 ·
371 4239 435 4291 Et
465 4225 688 4308 utquod
717 4241 946 4297 dicimus
983 4243 1147 4297 etiam
1179 4261 1244 4299 ex
1273 4247 1562 4318 Evangelio
1582 4247 1746 4320 538
1765 4267 1878 4320 mae

299 4320 649 4386 nifestissinie
678 4334 1112 4403 comprobemus,
1138 4337 1382 4394 nil’aliud
1413 4340 1652 4396 ficulnea:
1676 4343 1876 4397 dixisse

299 4420 557 4474 DtltllleIS
586 4410 799 4491 le‘gitur,
827 4422 930 4476 nisi
957 4424 1058 4477 hoc
1081 4425 1253 4480 solum
1277 4445 1290 4480 :
1324 4447 1342 4479 ι
1375 4427 1493 4482 Jam
1519 4445 1623 4484 non
1648 4424 1876 4501 amplius

298 4513 352 4568 in
414 4517 676 4566 :ctcrnum
709 4514 1015 4582 quisquam
1067 4514 1301 4571 fructmn
1360 4534 1424 4573 ex
1485 4529 1537 4574 te
1590 4525 1872 4577 manducet

1987 3316 2212 3374 oﬂensio
2242 3325 2474 3387 nequeat
2501 3321 2757 3382 relaxari.

2058 3425 2163 3480 Sed
2192 3441 2290 3482 cur
2313 3428 2380 3482 de
2408 3429 2518 3484 sola
2554 3431 2895 3486 sacerdotum
2943 3434 3059 3490 sive
3097 3447 3568 3496 sacramentorum

1985 3517 2377 3577 obtrectatione
2422 3523 2824 3590 conquerimus,
2862 3541 2984 3580 cum
3014 3529 3082 3581 ab
3105 3529 3184 3584 eis
3209 3531 3392 3584 omnia
3423 3547 3562 3600 pene

1987 3609 2299 3676 dilacerari,
2327 3614 2509 3667 ontnia
2535 3617 2783 3685 conspui,
2813 3620 2990 3674 omnia
3033 3604 3283 3676 dicantur
3314 3624 3564 3680 irrisione

1983 3699 2197 3769 publica
2233 3702 2600 3757 subsanuari?
2635 3703 2752 3758 Non
2792 3715 2896 3770 est,
2935 3708 3205 3778 inquiunt,
3243 3727 3404 3781 papa,
3457 3730 3562 3768 non

1993 3801 2109 3853 rex,
2140 3802 2246 3842 non
2277 3790 2744 3861 archiepiscopus,
2769 3811 2943 3863 neque
2973 3801 3245 3854 sacerdos.
3288 3800 3437 3856 Unde
3491 3803 3567 3857 fa-

1981 3886 2128 3932 ctum
2151 3888 2254 3943 est.
2280 3881 2421 3936 sicut
2450 3884 2669 3949 dicitur,
2696 3896 2756 3940 ut
2784 3889 2928 3942 mille
2958 3890 3177 3945 circiter
3207 3893 3454 3949 homines
3484 3897 3568 3951 his

1983 3971 2140 4041 nugis
2167 3973 2465 4042 taeniisque
2494 3975 2723 4046 decepti,
2773 3979 2893 4034 sine
2923 3994 3267 4038 sacramento
3296 3985 3563 4042 Dominiei

1979 4064 2224 4132 corporis
2265 4074 2319 4118 et
2369 4067 2649 4136 sanguinis
2696 4084 2762 4123 ex
2811 4072 2915 4126 hoc
2957 4076 3168 4129 mundo
3215 4081 3560 4134 recesserint.

1979 4151 2284 4218 Opinantur
2307 4157 2449 4210 enim
2483 4174 2578 4227 per
2607 4158 2765 4227 hujus
2795 4165 3053 4233 temporis
3082 4169 3394 4223 sacerdotes
3442 4172 3561 4224 titil-

1979 4242 2170 4297 lamin
2202 4249 2558 4302 sacramentis
2607 4265 2762 4319 posse
2815 4251 2930 4306 fieri
2983 4257 3300 4323 veritatem;
3356 4260 3450 4314 sed
3508 4269 3564 4314 et

1978 4333 2331 4401 quamplures
2386 4338 2731 4406 reperiuntur
2762 4339 3020 4396 Ecclesia:
3082 4359 3215 4412 quas
3265 4363 3369 4402 non
3405 4352 3563 4406 modo

1988 4423 2104 4476 suis
2129 4424 2460 4494 ingressibus
2483 4428 2730 4495 indignas
2751 4431 2972 4496 ducunt,
2987 4436 3079 4488 sed
3101 4451 3201 4489 nec
3222 4437 3562 4497 salutationis

1979 4512 2196 4582 quidem
2226 4515 2488 4586 obsequio
2511 4520 2731 4576 idoneas
2755 4522 3109 4579 arbitrantur.
3135 4526 3320 4599 539»
3349 4529 3484 4585 Nam
3504 4540 3563 4588 et

299 4603 512 4671 (Matth.
547 4602 682 4675 ut).
715 4623 732 4654 ι
766 4603 896 4671 Qua:
925 4605 1177 4660 nimirum
1206 4610 1368 4664 verba
1419 4609 1613 4667 Petrus
1657 4613 1874 4667 maledi-

1989 4603 2219 4659 salutare
2245 4582 2568 4676 despiciunt,
2601 4624 2736 4680 quas
2762 4612 2948 4681 utique
2979 4582 3292 4672 dedicata;
3300 4618 3370 4674 ab
3414 4621 3558 4676 indi-

296 4695 530 4749 ctioncm
563 4694 1004 4764 appellavit,eum
1027 4697 1074 4751 ei
1101 4701 1439 4768 postmodum
1473 4703 1607 4757 dixit
1635 4721 1649 4758 :
1685 4722 1702 4754 ‹
1728 4701 1875 4760 Βιδέ

295 4789 378 4851 hi,
409 4803 536 4842 ecce
567 4788 791 4843 liculuca
843 4790 927 4843 cui
963 4790 1293 4847 maledixisti
1322 4795 1467 4848 aruit
1499 4795 1811 4869 (ιυανωι).
1847 4783 1875 4850 ί

294 4876 442 4934 Talis
466 4881 608 4933 enim
644 4881 952 4936 maledictio
982 4884 1161 4952 primo
1187 4885 1393 4939 homini
1442 4887 1563 4940 data
1615 4897 1695 4942 est
1720 4928 1735 4953 ,
1783 4890 1868 4943 cui

293 4972 496 5027 dictum
519 4981 638 5026 est:
678 4991 697 5023 ι
729 4971 1011 5027 Maledicta
1043 4984 1184 5030 terra
1213 4977 1264 5030 in
1292 4993 1456 5048 opere
1479 4991 1586 5043 tuo,
1618 4996 1738 5050 qua:
1761 4982 1870 5051 spi-

295 5080 393 5119 nas
425 5073 480 5119 et
536 5062 764 5118 tribulos
799 5065 1124 5134 germinabit
1167 5067 1260 5120 tibi
1301 5067 1454 5137 (Gen.
1545 5070 1656 5140 ut).
1693 5090 1710 5122 ι
1767 5071 1872 5126 Sed

293 5163 347 5208 ct
373 5150 471 5209 iSta
495 5153 800 5208 sterilitatis
823 5153 1132 5211 maledictio
1155 5158 1583 5215 benedictionem
1611 5160 1874 5218 ubertatis

296 5246 552 5314 excludit,
583 5248 722 5302 sicut
752 5248 803 5302 in
835 5249 1133 5306 Pharaonis
1174 5253 1386 5307 somnio
1427 5269 1604 5310 vacca:
1642 5270 1837 5311 vaccas
1857 5297 1871 5319 ,

296 5345 348 5391 ct
375 5339 536 5406 spica:
567 5339 829 5393 devorant
851 5340 1035 5412 spicas
1067 5338 1217 5413 (Gen.
1247 5341 1382 5412 xu).

906 5449 1133 5506 CAPUT
1174 5452 1256 5507 Ill.

440 5527 586 5588 (Pium
621 5533 709 5598 qui
752 5533 1049 5586 sacerdotes
1090 5537 1358 5602 lacerant,
1399 5546 1728 5593 sacramenta

835 5627 838 5631 ι
897 5604 1271 5672 blasphemant.

367 5675 519 5732 Sicut
561 5695 689 5749 ergo
723 5683 810 5736 hic
859 5697 1145 5754 praecepta.
1174 5689 1517 5744 servantibus
1560 5705 1668 5744 non
1709 5688 1868 5744 aliam

298 5783 459 5838 quam
500 5767 923 5825 benedictionem
950 5775 1217 5842 promittit
1243 5777 1635 5845 abundantia;
1656 5779 1728 5834 ita
1763 5781 1869 5834 illic

1979 4695 2098 4767 guis
2130 4698 2314 4753 nescio
2351 4700 2546 4768 quibus
2565 4702 2832 4773 episcopis
2864 4707 3228 4774 suspicantur.
3243 4709 3558 4779 Eniniv‘ero,

1979 4797 2039 4843 ut
2077 4789 2252 4845 Lucas
2301 4800 2519 4856 narrat,
2568 4793 2646 4847 ait
2689 4793 2930 4848 Paulus:
2969 4813 2986 4845 ι
3023 4795 3292 4852 Ctesarem
3347 4800 3559 4871 appello

1977 4878 2112 4944 (Act.
2143 4881 2292 4965 xxv).
2331 4900 2349 4933 ι
2383 4879 2479 4936 Cui
2509 4880 2700 4965 Festus
2739 4901 2751 4936 :
2790 4901 2808 4934 ι
2835 4882 3126 4949 Caesarem,
3163 4888 3353 4958 inquit,
3371 4890 3556 4965 appel-

1972 4965 2117 5030 lasti,
2133 4963 2484 5020 adCtesarem
2504 4964 2606 5021 ibis
2625 4963 2814 5039 tlbid.)
2827 4987 2847 5020 ι
2869 4966 2969 5024 Est
2988 4983 3056 5026 ne
3082 4969 3397 5034 sceleratior
3415 4963 3553 5044 papa

1972 5077 2137 5128 quam
2190 5059 2375 5116 Nero?
2404 5061 2694 5116 Cred'nms
2720 5064 3016 5117 monachos
3046 5065 3184 5118 istos
3243 5067 3552 5122 sanctiores
3605 5064 3612 5070 ’

1944 5169 2091 5210 esse
2107 5170 2270 5223 quam
2296 5153 2522 5208 Paulum
2545 5153 2698 5210 τουπ
2725 5168 2856 5225 ergo
2880 5155 3106 5219 Paulus,
3131 5155 3403 5224 «παῖδαςηῆ
3423 5157 3550 5215 cmli

1973 5247 2206 5302 tribunal
2237 5256 2365 5300 ante
2384 5246 2786 5302 conscenderat.
2815 5247 2900 5320 (ll
2929 5247 3059 5306 Cor.
3089 5250 3216 5321 xu),
3238 5251 3550 5311 Neroniana

1970 5341 2289 5408 conspectui
2332 5353 2439 5392 non
2494 5341 2564 5394 sit
2605 5339 2934 5412 dedignatus
2967 5343 3270 5414 assistere;
3307 5352 3428 5416 quis
3466 5359 3547 5401 est

1977 5418 2274 5474 monachus
2303 5419 2422 5490 qui,
2451 5436 2548 5491 pro
2577 5437 2690 5484 suae
2716 5427 3021 5483 sanctitatis
3045 5433 3382 5501 arrogantia,
3406 5430 3555 5494 sedis

1971 5509 2280 5578 apostolica)
2323 5511 2517 5566 debeat
2549 5512 2815 5581 judicium
2855 5521 3185 5587 reprobat-e7
3219 5525 3309 5578 ubi
3344 5525 3552 5586 scilicet

1972 5614 2090 5653 non.
2110 5600 2348 5655 hominis
2384 5605 2660 5664 meritum.
2696 5607 2792 5660 sed
2835 5608 3220 5667 ecclesiastica!
3269 5615 3550 5686 dignitatis

1972 5690 2269 5745 attenditur
2297 5691 2618 5746 institutum.
2661 5695 2762 5766 Ipsi
2811 5699 3009 5768 quippe
3058 5702 3111 5760 in
3164 5703 3548 5774 angiportorum

1972 5779 2184 5850 angulis
2215 5781 2483 5852 judicant,
2515 5792 2567 5838 et
2597 5777 3009 5857 synodaliaju'ra
3042 5790 3368 5862 detrectant,
3409 5797 3544 5866 diju-
