4074 6190
487 405 593 462 5’19

1342 393 1614 458 'OPUSC.
1655 399 1846 455 XXXI.
1877 415 1947 441 -‘—
1983 399 2262 457 CONTRA
2305 397 2856 459 PHILARGYRIAM.

3641 392 3768 455 είδοῖ

477 515 992 580 dicantmonachos,
1019 513 1290 570 clericalia
1314 522 1508 570 cuncta
1522 515 1914 578 'corrodunt,et
1937 515 2068 570 solis
2098 519 2141 576 Α
2173 513 2294 571 ﬁdei
2321 516 2538 572 tramite
2565 510 2952 572 non’declinat.
2999 512 3199 573 Odiosa
3227 514 3513 578 sanctitas.
3543 525 3665 585 qua:
3692 513 3767 569 in3

476 606 652 674 laicis,
690 607 783 678 qui
807 606 1062 661 videlicet
1089 605 1270 660 acrius
1299 620 1366 660 ac
1404 606 1712 662 mordacius
1743 607 2064 677 insequendi

476 710 621 762 Sunt,
640 708 889 770 parcunt.
907 697 1103 751 Vident
1126 697 1448 751 monachum
1474 695 1844 762 incedentem;
1863 699 2062 766 aSpice,

478 792 770 860 inquiunt,
819 803 986 843 unum
1032 787 1334 856 seapulare.
1377 786 1792 857 Presbyterum,
1827 788 1907 841 vel
1940 788 2068 857 Epi-

477 896 706 950 scopum
743 881 895 933 abire
936 878 1294 948 prospiciunt,
1326 878 1642 932 barbirasos
1671 893 1734 934 se
1763 879 1945 934 videre
1982 879 2065 934 fa-

479 979 684 1024 tentur.
715 969 760 1022 A
791 969 990 1038 quibus
1021 969 1186 1022 etiam
1221 967 1268 1021 si
1300 967 1604 1022 benedictio
1629 969 1913 1036 quaeritur,
1947 969 2068 1022 nul-

477 1060 690 1118 latentis
751 1059 1140 1130 respondetur;
1207 1057 1456 1127 protinus
1525 1068 1780 1112 avertunt
1843 1059 2066 1124 oculos,

475 1159 788 1207 asserentes
816 1149 1026 1206 scilicet
1069 1162 1194 1212 eos,
1225 1147 1421 1217 quibus
1467 1149 1884 1218 respondeatur,
1916 1149 2066 1205 indi-

478 1258 636 1316 gnos.

1079 1328 1306 1386 CAPUT
1346 1329 1435 1385 ιν.

705 1420 817 1475 Cur
859 1420 1040 1474 Iudici
1078 1421 1132 1472 in
1173 1418 1439 1472 Christum
1477 1418 1615 1474 male
1651 1419 1850 1488 a/feclt'.

554 1512 663 1568 Nos
685 1513 847 1568 etiam
878 1513 922 1566 si
953 1527 1074 1566 cum
1104 1511 1479 1580 peccatoribus
1500 1509 1990 1573 communicamus,
2017 1517 2084 1564 et,

485 1605 650 1661 simul
679 1605 967 1664 vescimur,
1009 1602 1465 1657 obtrectationum
1503 1616 1626 1654 mox
1668 1600 1781 1655 sale
1811 1615 2071 1669 consper-

491 1698 687 1768 gimur,
705 1695 1032 1758 Iaceramur,
1050 1693 1274 1763 parique
1301 1707 1424 1746 cum
1442 1690 1546 1746 illis
1564 1690 1831 1745 sententia
1850 1689 2074 1744 damna-

502 1785 659 1838 ;ionis
717 1782 1042 1837 involvimur
1094 1799 1108 1835 :
1167 1782 1276 1836 imo
1329 1795 1452 1846 nos,
1524 1793 1650 1843 nos,
1713 1778 1976 1846 inquam,
2020 1785 2076 1832 et

2171 608 2417 663 lneresim
2443 607 2716 672 illabitur;
2750 617 2806 663 et
2838 609 2966 664 dum
2993 621 3090 678 per
3134 607 3250 662 triti
3281 606 3494 661 itineris
3527 607 3767 660 ductum:

2168 699 2492 770 dedignatur
2519 700 2793 762 incedere,
2817 716 2913 770 per
2944 699 3220 753 anfractus
3250 706 3301 752 et
3346 698 3564 750 vuinosa
3593 693 3749 750 devia

2169 791 2510 861 compellitur
2562 791 2847 846 aberrare.
2897 791 3259 846 Nimia'certe
3309 789 3648 844 immnnditia
3695 787 3750 842 in

2170 881 2427 938 hereticae
2466 883 2806 953 contagionis
2852 882 3088 937 illuviem
3137 880 3505 944 Novatianos.
3557 880 3650 949 qui
3695 887 3755 934 et

2169 971 2388 1033 Cathari
2419 973 2688 1035 dicuntur,
2722 974 3026 1040 immersit;
3053 974 3218 1027 nimia
3251 973 3512 1028 sanctitas
3534 970 3770 1026 ΙΑιείῐθέ
3791 979 3802 984 ”

2173 1064 2372 1125 rianos,
2409 1072 2666 1132 tanquam
2699 1065 3036 1133 perniciosos
3063 1065 3345 1132 palmites.
3382 1063 3451 1118 ab
3487 1063 3752 1119 ecclesia-

2170 1157 2292 1211 stici
2321 1157 2567 1225 cor-poris
2591 1157 2798 1211 unitate
2829 1158 3094 1227 praecidit.
3133 1156 3236 1223 Qui
3283 1157 3409 1210 dum
3463 1155 3754 1227 prohibent

2169 1262 2279 1303 non
2303 1247 2467 1303 licere
2497 1248 2640 1317 quod
2673 1247 2816 1311 licet,
2851 1262 2914 1303 ac
2936 1264 3034 1318 per
3059 1249 3162 1303 hoc
3181 1247 3392 1316 jactant
3423 1245 3756 1302 se'defenso-
3849 1243 3864 1254 “

2171 1352 2260 1394 res
2288 1353 2410 1392 esse
2442 1336 2688 1408 iustitiae,
2732 1338 2915 1392 hostes
2943 1336 3322 1407 adjudicantur
3351 1336 3606 1392 Ecclesiae
3631 1375 3645 1399 ,
3693 1342 3756 1388 ut

2170 1427 2751 1489 sibimetextrinsecus,
2768 1426 2912 1480 velut
2933 1442 3080 1480 ranae
3098 1426 3150 1480 in
3169 1424 3756 1494 paludibus,ga’rriant,

2171 1517 2262 1586 qui
2293 1519 2420 1570 dum
2447 1517 2706 1580 inessent,
2761 1516 3066 1584 importune
3118 1515 3524 1580 vociferantes,
3572 1514 3774 1569 omnia"

2173 1608 2593 1662 conl‘umlebant.
2647 1597 2960 1674 Huiusmodi
3009 1607 3208 1676 quippe
3249 1621 3426 1675 genus
3476 1605 3757 1660 hominum

2177 1698 2326 1752 ranis
2353 1698 2467 1752 sive
2497 1697 2721 1752 locustis
2763 1697 2958 1752 merito
3001 1704 3383 1766 comparatur;
3421 1695 3567 1765 quia,
3618 1694 3759 1750 sicut

2177 1785 2468 1858 Egyptum
2500 1786 2590 1840 illa
2623 1795 2749 1840 tunc
2776 1784 3031 1839 animalia
3075 1792 3490 1853 percusserunt,
3538 1784 3612 1838 ita
3661 1797 3759 1853 per

491 1875 748 1945 ’psissitiii
802 1889 992 1929 sumus
1026 1872 1118 1942 qui
1158 1887 1345 1927 eorum
1379 1871 1581 1940 indigni
1606 1869 1916 1940 judicamur
1939 1867 2073 1922 allo-

2181 1875 2278 1930 bos
2310 1890 2454 1929 nunc
2476 1884 2722 1929 vastatur
2758 1874 3020 1928 Ecclesia.
3061 1871 3196 1926 Nam
3235 1873 3300 1927 de
3337 1872 3562 1927 locustis
3610 1870 3761 1927 Seri-

507 1967 633 2038 juio,
651 1967 742 2036 qtti
765 1981 951 2020 eorum
978 1964 1176 2020 sociale
1200 1963 1618 2021 contubernium
1643 1978 1751 2016 non
1774 1974 2071 2017 meremur.

503 2059 600 2114 sed
632 2059 746 2112 haec
775 2074 881 2113 non
912 2056 1297 2112 monachOrum
1325 2065 1408 2109 est
1441 2053 1643 2125 regula,
1672 2053 1768 2133 sed
1802 2052 2074 2122 supersti-

517 2153 567 2204 ‘o
597 2149 994 2204 Pharisaeorum
1026 2164 1039 2200 :
1076 2165 1094 2198 ‹
1129 2145 1577 2212 Murmurabant,
1622 2147 1798 2216 inquit
1839 2150 2074 2214 evange-

515 2251 632 2302 .sta,
666 2240 870 2294 Scriba:
894 2248 948 2293 et
972 2237 1249 2300 Pharisaei,
1279 2237 1522 2292 dicentes
1555 2251 1570 2290 :
1603 2237 1737 2304 Quia
1771 2237 1861 2291 hic
1885 2241 2078 2305 pecca-

491 2341 638 2385 tores
669 2329 881 2398 recipit,
915 2335 970 2383 et
1010 2328 1451 2390 manducatcum
1494 2327 1598 2388 illis
1625 2322 1776 2398 (Ltl’c.
1807 2331 1923 2396 xv).
1963 2345 1980 2378 ι
2012 2327 2078 2380 Et

494 2423 609 2477 ltzcc
638 2430 721 2476 est
745 2421 894 2474 radix
921 2429 977 2474 et
1001 2428 1112 2474 tota
1139 2419 1368 2474 materia
1409 2418 1554 2474 unde
1580 2419 1766 2474 feralis
1809 2419 1862 2473 in
1897 2419 2078 2474 Domi-

492 2526 620 2564 num
645 2510 793 2564 furor
811 2509 1019 2565 Jndaici
1045 2510 1237 2564 livoris
1260 2509 1541 2565 incanduit
1566 2526 1582 2574 ;
1617 2511 1742 2564 hinc
1769 2509 1823 2563 in
1848 2522 2076 2565 mortem

492 2599 610 2666 ejus
661 2600 887 2667 viperini
933 2598 1072 2652 fellis
1120 2598 1328 2652 malitia
1381 2599 1760 2667 conspiravit:
1822 2599 2078 2652 nimirum

495 2691 621 2759 quia
649 2705 707 2744 se
722 2690 978 2760 putabant
1007 2690 1255 2760 legalium
1280 2689 1730 2744 caeremoniarum
1759 2704 1877 2744 esse
1900 2700 2081 2744 custo-

497 2783 622 2845 des,
658 2781 940 2834 Dominum
965 2789 1146 2834 autem
1174 2780 1474 2849 arguebant
1499 2779 1732 2834 amicum
1757 2779 2077 2847 publicano-

497 2889 636 2934 rum,
673 2881 727 2926 et
749 2873 986 2927 Sabbata
1014 2869 1582 2925 violantem.Delectat
1605 2885 1689 2922 me
1709 2884 1830 2923 cuin
1857 2869 2082 2923 Domino

497 2979 620 3018 meo
650 2965 788 3017 hanc
820 2962 1060 3032 perferre
1096 2960 1444 3023 calumniam,
1483 2969 1538 3014 et
1562 2959 1704 3014 malo
1748 2974 1870 3013 cum
1907 2957 1998 3013 illo
2028 2958 2082 3011 in

506 3057 668 3110 domo
694 3054 822 3109 Levi
859 3053 1153 3108 carnaliter
1188 3052 1396 3116 vivere,
1441 3065 1602 3120 quam
1635 3051 1691 3106 in
1719 3049 2084 3105 tabernaculis

499 3153 845 3218 peccatorum
876 3143 1048 3215 (Ptol.
1066 3143 1317 3211 Lxxxm),
1346 3143 1447 3196 hoc
1467 3151 1572 3207 est,
1595 3153 1715 3195 cum
1743 3140 1948 3195 sanetis
1974 3141 2084 3195 Deo

2177 1975 2337 2036 plura
2365 1965 2499 2020 dicit
2526 1982 2540 2019 :
2576 1984 2594 2017 ‹
2625 1965 2761 2031 Quia
2800 1971 3131 2034 operuerunt
3163 1963 3477 2018 universam
3522 1953 3757 2032 superﬁ-

2176 2054 2313 2110 ciem
2348 2063 2527 2119 terrze,
2572 2063 2847 2108 vastantes
2876 2052 3094 2118 omnia;
3137 2071 3155 2104 ι
3211 2062 3446 2122 moxque
3481 2049 3763 2122 subiungi-

2179 2155 2302 2203 tur:
2334 2165 2354 2199 ι
2385 2149 2645 2204 Devorata
2678 2147 2952 2218 estigitur
2991 2147 3157 2201 herba
3192 2155 3371 2211 terrae,
3400 2155 3456 2202 et
3491 2146 3758 2217 quidquid

2177 2253 2460 2310 pomorum
2507 2238 2562 2293 in
2610 2237 2897 2293 arboribus
2942 2236 3044 2292 fuit
3094 2237 3291 2309 (Exod.
3321 2239 3399 2308 χ).
3433 2257 3453 2291 ι
3516 2237 3764 2292 Locusta

2178 2331 2445 2402 siquidem
2473 2331 2784 2385 universam
2822 2339 2984 2384 terra:
3010 2329 3354 2398 superﬁciem
3397 2337 3655 2395 vastant,
3703 2337 3760 2383 et

2179 2421 2381 2476 herbas
2401 2435 2524 2475 cum
2556 2420 2732 2489 pontis
2763 2419 3017 2472 arborum
3056 2419 3351 2485 devorant;
3399 2433 3523 2473 cum
3575 2417 3759 2473 detra-

2181 2531 2360 2570 cwres
2382 2514 2629 2584 quilibet,
2657 2512 2739 2569 vel
2767 2513 2982 2566 inﬁrma
3006 2521 3216 2575 nostra,
3248 2510 3404 2581 quasi
3431 2508 3624 2565 herbas
3647 2507 3754 2562 bu-

2181 2604 2411 2668 milium,
2445 2603 2546 2668 vel,
2571 2603 2714 2657 sicut
2735 2603 2944 2656 fructus
2973 2602 3227 2656 arborum
3246 2640 3262 2665 ,
3286 2614 3451 2670 opera
3487 2596 3760 2668 perfecto-

2182 2713 2304 2752 rnm
2333 2696 2682 2751 dilaceranda
2708 2695 3022 2757 corrodunt,
3059 2702 3116 2748 et
3140 2687 3302 2747 livido
3331 2689 3602 2746 mordacis
3625 2687 3784 2743 invié‘

2183 2789 2286 2844 diae
2319 2789 2478 2843 dente
2506 2795 2851 2841 consumunt.
2879 2783 3081 2840 Contra
3113 2797 3249 2853 quos
3278 2783 3408 2836 dicit
3435 2779 3786 2849 Apostolus:-

2189 2900 2208 2932 ι
2242 2879 2430 2949 Capite
2456 2894 2574 2943 nos,
2608 2877 2878 2932 neminem
2911 2871 3179 2937 laesimns,
3213 2873 3482 2928 neminem
3519 2870 3765 2940 corrupi-

2185 2987 2335 3036 mns,
2383 2971 2654 3025 neminem
2706 2961 3165 3023 circumvenimus
3208 2963 3295 3036 (11
3327 2963 3448 3018 Cor.
3477 2964 3593 3032 vti).
3627 2979 3648 3015 ι
3700 2958 3792 3015 Et"

2188 3062 2316 3117 alibi
2345 3061 2686 3130 exprobrans
2713 3060 2790 3114 ait
2821 3077 2833 3113 :
2875 3077 2892 3110 ι
2932 3049 3164 3114 Invicem
3201 3056 3499 3112 mordetis?
3536 3055 3789 3110 invicem-

2189 3153 2416 3208 lrcditis?
2437 3151 2623 3207 Videte
2648 3161 2716 3205 ne
2743 3151 2810 3206 ab
2828 3150 3060 3205 invicem
3081 3147 3474 3204 consumamini
3491 3144 3760 3218 (Gal.v).s’
3785 3153 3790 3158 ‘

500 3227 944 3310 repugnantibus,
973 3239 1240 3292 habitare.
1271 3235 1372 3302 Qui
1400 3235 1876 3304 nimirum,spreta
1904 3231 2079 3303 regula

2193 3245 2300 3301 Sed
2327 3261 2449 3299 cum
2491 3259 2611 3308 nos,
2653 3243 2706 3296 in
2744 3250 2903 3296 sa‘cro
2947 3229 3196 3295 videlicet
3232 3239 3421 3293 ordine
3457 3230 3788 3300 constituti}

499 3337 964 3400 Christianorum,
983 3336 1280 3389 stoicorum
1309 3334 1499 3404 dogma
1526 3337 1826 3400 sequuntur
1840 3327 2082 3400 (ϐιοεκο,

508 3426 755 3497 Pumd.),
789 3427 914 3480 dum
953 3441 1073 3480 csse
1105 3439 1330 3496 prorsus
1355 3423 1582 3493 mqualia
1633 3422 1814 3475 omnia
1866 3429 2085 3490 peccata

504 3517 790 3572 deﬁniunt.
816 3515 926 3570 Nos
957 3515 1320 3569 anteminter
1362 3512 1531 3567 David
1573 3520 1852 3574 sanctum,
1900 3525 2086 3578 repro—

502 3603 740 3674 bunique
790 3603 1028 3668 Sanlein,
1061 3602 1331 3658 Jonatban
1383 3601 1620 3657 medium
1668 3601 2080 3666 constituimus;

505 3696 596 3764 qui
624 3695 744 3749 licet
774 3694 990 3749 Saulem
1020 3694 1265 3748 veritatis
1317 3692 1480 3766 5M)
1502 3709 1566 3748 ac
1595 3692 1745 3746 Fidei
1770 3692 2087 3746 sinceritate

507 3785 878 3850 transcendat,
909 3784 1077 3838 David
1125 3794 1302 3838 tamen
1335 3786 1526 3838 merita
1585 3785 1950 3853 pietatemque
1979 3789 2086 3837 nun

509 3886 702 3944 :equat.
737 3876 1072 3931 Admonendi
1123 3887 1248 3932 sunt
1285 3876 1468 3945 itaque
1508 3876 1702 3930 fratres
1767 3877 1936 3930 nostri
2019 3891 2088 3929 ne

511 3965 842 4036 nimisjnsti,
875 3968 1035 4022 nimis
1065 3967 1178 4022 sint
1210 3968 1498 4038 sapientes.
1540 3968 1615 4021 De
1656 3970 1884 4035 quorum
1915 3967 2091 4035 primo

512 4055 767 4112 Salomon
786 4075 812 4119 ς
845 4077 864 4110 ι
894 4057 1035 4122 Noli,
1069 4058 1262 4128 inquit,
1289 4072 1411 4112 esse
1439 4057 1664 4112 nimittm
1681 4055 1862 4124 justus
1890 4055 2087 4124 (Eccle.

511 4149 631 4215 vn);
665 4169 682 4202 ι
717 4152 782 4205 de
809 4152 1046 4205 secundo
1078 4150 1208 4204 dicit
1236 4130 1530 4220 Apostolus
1565 4167 1578 4203 :
1616 4167 1636 4200 ί
1674 4149 1790 4202 Noli
1839 4150 1962 4218 plus
2005 4163 2094 4203 sa-

509 4254 641 4308 pere
687 4256 849 4309 quam
879 4251 1096 4311 Oportet
1122 4255 1334 4311 sapere,
1371 4241 1467 4296 sed
1496 4256 1688 4316 sapere
1717 4241 1782 4294 ad
1821 4241 2093 4294 sobrieta-

513 4341 620 4396 tem
653 4332 831 4402 (Rom.
870 4334 990 4405 xu).
1030 4352 1049 4386 ι
1087 4334 1220 4388 Mala
1247 4335 1529 4404 sapientia,
1554 4349 1715 4403 quam
1738 4331 1912 4403 caligo
1937 4346 2093 4386 erro-

516 4425 594 4479 ris
624 4426 942 4493 obnubilat;
998 4428 1140 4483 bona
1187 4428 1538 4498 simplicitas,
1567 4442 1686 4496 qua:
1733 4441 1764 4480 a
1812 4424 2098 4480 catholicae

546 4661 551 4668 .
591 4583 700 4654 (‘21)
733 4585 882 4639 Finis
906 4585 1063 4655 hujus
1090 4585 1251 4656 epist.
1285 4585 1498 4640 videtur
1533 4581 1900 4654 imperfectus.

520 4719 886 4736 Μ

2193 3337 2514 3394 deberemus
2548 3349 2668 3388 esse
2710 3341 2998 3386 venatores
3029 3320 3142 3394 Dei,
3179 3332 3318 3387 sicut
3352 3334 3448 3399 per
3475 3327 3789 3382 Jercmiam‘

2194 3427 2437 3482 dicitur:
2471 3443 2490 3477 ι
2531 3424 2738 3477 Mittam
2769 3429 3054 3477 venatores
3095 3435 3243 3474 meos
3269 3460 3282 3483 ,
3331 3429 3386 3474 et
3429 3419 3771 3472 vcnabuntur

2193 3517 2479 3590 (deum);
2514 3535 2530 3567 ι
2564 3531 2661 3570 nos
2708 3513 2893 3568 relicta
2945 3512 3122 3582 prinde
3153 3510 3520 3572 saecularium,
3552 3507 3790 3562 nudatis

2195 3609 2467 3672 dentibus,
2495 3605 2722 3662 invicem
2765 3606 3027 3676 ringimus
3057 3623 3070 3658 :
3105 3614 3160 3658 et
3198 3604 3349 3673 quasi
3391 3603 3592 3656 rabida:
3617 3601 3794 3657 canit

2194 3699 2328 3754 culte
2365 3697 2566 3753 mutuis
2597 3713 2695 3751 nos
2741 3695 3012 3752 morsibus
3058 3695 3381 3750 laeeramns.
3423 3692 3775 3762 Reprimatur

2189 3787 2301 3859 ja'tn
2335 3789 2682 3859 praesumptio
2714 3788 2946 3853 tumida,
2976 3793 3224 3856 ermquet
3257 3801 3316 3840 se
3345 3785 3606 3839 fratribus
3647 3791 3796 3838 san-1

2195 3882 2354 3935 clitas
2382 3895 2631 3934 onerosa.
2668 3877 2769 3947 Qui
2806 3877 2918 3930 vult
2941 3888 3062 3931 esse
3085 3884 3326 3938 sanetns,
3352 3875 3424 3928 sit
3452 3874 3553 3928 sibi
3587 3883 3774 3927 coram

2197 3972 2336 4035 Deo;
2368 3987 2464 4026 nec
2486 3986 2580 4040 per
2607 3961 2968 4041 arrogantiam
2989 3961 3152 4023 fratri
3181 3963 3499 4038 prmferat'ur
3531 3963 3769 4016 inﬁrmo.

2200 4061 2424 4118 Catulus
2448 4063 2648 4130 itaque,
2667 4060 2819 4128 cujus
2843 4069 2964 4114 erat
2984 4060 3217 4115 ofﬁcium
3239 4063 3531 4114 extraneos“
3543 4052 3773 4126 pellere.

2196 4166 2562 4220 nequaquam,
2589 4150 2918 4218 contemptis
2955 4150 3096 4209 illis.
3143 4147 3490 4219 aggrediatur
3515 4144 3776 4200 domesti-

2196 4256 2290 4300 cus
2337 4245 2600 4310 lacerare,
2633 4258 2702 4298 ne
2741 4244 2830 4312 qui
2869 4243 3084 4312 quietus
3129 4244 3341 4310 poterat
3387 4239 3624 4295 dormire
3674 4236 3777 4293 sub

2199 4346 2378 4400 tecto,
2426 4336 2677 4390 exclusus
2728 4334 2932 4389 foribus
2981 4331 3334 4402 compellatur
3407 4329 3646 4385 naubare
3696 4326 3773 4401 [ﬂ

2198 4425 2419 4498 cubare]
2450 4428 2550 4480 sub
2590 4426 2677 4481 dio
2709 4424 2844 4498 (21).

2536 4579 2615 4635 Sit
2653 4596 2838 4634 nomen
2873 4560 3088 4632 Domini
3123 4571 3469 4639 benedictum.

2419 4705 3715 4730 _—_—_—.—-———-——-——————i‘

683 4824 1034 4904 δάιε-42
1093 4841 1941 4962 O‘PUSCULUM
2046 4846 2079 4954 ἢ

2181 4841 2931 4953 ΠΩΕΞΙΜΠΜ
3011 4834 3614 4950 PRIMUM.

1061 5042 1384 5106 CONTRA
1430 5041 2054 5105 PH'lLAliGYRlAM
2095 5043 2195 5101 ΕΤ
2231 5041 2624 5102 MUNERUM
2669 5039 3245 5102 CUPlDlTATEM.

521 5226 920 5304 Ancuuusruu.
945 5274 1012 5283 —
1034 5241 1294 5295 Avaritia:
1323 5239 1513 5293 vitium
1534 5281 1550 5303 ,
1581 5248 1634 5292 et
1656 5238 1924 5308 prtecipue
1952 5235 2024 5289 in
2060 5235 2390 5308 accipiendis
2412 5233 2744 5308 muneribus,
2793 5233 3111 5308 gravissime
3157 5231 3462 5308 detestatur
3485 5242 3505 5308 :_
3537 5223 3786 5308 cardina-

594 5294 780 5386 iisin;
798 5294 1093 5386 episcopos
1125 5294 1394 5366 hortatur
1424 5320 1481 5364 ut
1517 5294 1749 5386 il‘lud'ab
1781 5294 2030 5362 universa
2062 5294 2302 5386 Ecclesia
2325 5315 2405 5386 ,οι
2436 5294 2774 5384 sacerdotum
2795 5294 3102 5384 ineuntibus,
3134 5299 3377 5386 sihﬁelri.
3419 5304 3614 5375 potest,
3645 5294 3788 5348 evel-

551 5375 560 5382 ’
595 5369 706 5442 lete
756 5369 1200 5438 ett-:xtcrt'ninare
1227 5391 1510 5435 conentur.
1540 5378 1840 5433 Prudenter
1884 5386 2064 5430 autem
2116 5374 2217 5428 hoc
2249 5375 2524 5442 admouet
2578 5375 2660 5426 vir
2708 5374 3102 5426 sanctissimus.
3162 5369 3384 5442 Videbat
3410 5369 3552 5442 enim
3590 5378 3789 5442 omnes

735 5435 1328 5510 cladesvetmzerninnas
1367 5452 1564 5519 quibus
1598 5450 1686 5504 illa
1716 5456 2032 5518 tempestate
2055 5437 2364 5519 Christiana
2417 5460 2558 5513 resp.
2615 5442 2961 5519 premebatur
3008 5451 3167 5519 atque
3216 5440 3350 5490 adeo
3374 5435 3787 5519 vexabatur-pett

554 5557 562 5566 -
596 5505 837 5581 tmarii—ite
862 5505 1016 5578 ﬁnite
1043 5505 1314 5577 derivatas
1358 5505 1511 5583 esse;
1547 5519 1700 5587 cujus
1728 5505 2061 5572 teterrimam
2086 5523 2288 5587 pestem
2322 5516 2366 5568 si
2417 5505 2668 5585 princeps
2697 5512 2939 5566 Ecclesia
2965 5505 3292 5580 opprimeret
3319 5547 3336 5572 ,
3385 5506 3547 5561 facile
3593 5505 3789 5560 deinde

551 5648 563 5659 ,
598 5598 838 5671 futurum
882 5596 1196 5666 apparebat,
1224 5602 1282 5646 ut
1332 5593 1384 5647 in
1418 5601 1530 5646 toto
1555 5585 1824 5646 catholico
1856 5590 1987 5642 urbe
2008 5585 2338 5641 aboleretur.

553 5739 568 5745 η
598 5712 974 5768 Cardinalibus
1029 5709 1294 5779 episcopis
1338 5706 1648 5776 apostolica}
1701 5703 1845 5760 sedis
1894 5701 2108 5758 Persas

529 5811 785 5878 peccator
813 5800 1111 5858 monachus
1133 5799 1358 5856 salutem
1388 5799 1441 5855 in
1467 5797 1714 5854 Domino.

2199 5720 2206 5730 ·
2248 5711 2255 5743 .‘
2291 5697 2442 5753 Sicut
2468 5697 2630 5752 verba
2658 5693 3008 5766 prtescnlibus
3028 5691 3222 5746 indicia
3251 5701 3525 5754 sensuum,
3550 5687 3627 5742 sic
3655 5686 3788 5740 inth

2123 5849 2130 5852 _
2221 5788 2475 5846 absentes
2502 5788 2695 5843 littera:
2728 5793 2853 5842 sunt
2884 5785 3243 5841 instrumenta
3273 5783 3592 5838 animarum.
3619 5775 3786 5830 Bella-
