4074 6190
269 404 368 460 531

701 401 761 460 S.
804 401 1006 458 PETRI
1046 399 1338 456 DAMlANl
1376 398 1526 455 OPP.
1577 396 1813 459 TOHUS
1845 395 1976 454 SEU
2015 393 2193 450 PARS
2228 395 2314 450 ιιι.
2345 424 2414 434 -
2449 383 2814 450 OPUSCULA
2857 391 3090 448 VARIA.

3418 391 3525 446 53!

269 516 420 570 toria:
449 513 581 569 artis
606 513 892 580 industria,
932 514 1072 568 sicut
1125 512 1178 567 in
1228 511 1369 567 bello
1416 512 1661 578 discitur,
1698 519 1758 566 ut
1795 511 1850 566 in
1876 514 1927 576 Α
1956 510 2133 581 xxnt).
2164 530 2183 566 ι
2220 512 2286 567 Ει
2309 512 2364 566 in
2390 506 2806 566 Deuteronomio
2850 521 2958 561 non
3006 503 3266 560 dissimile
3307 523 3318 559 :
3361 524 3379 557 ι
3416 503 3534 561 Non

269 621 404 676 pace
427 605 766 674 prstmodum
795 605 1081 669 doceatur;
1111 604 1189 658 sic
1211 605 1518 672 aliquando,
1542 604 1666 658 dum
1691 604 1852 658 doce-

273 710 360 753 tur
393 699 446 753 in
471 699 600 760 otio,
634 697 847 752 caulius
874 705 1159 752 exercetur
1191 696 1242 749 in
1292 695 1446 749 bello.
1492 695 1550 750 ιη
1599 694 1850 750 conflictu

271 791 416 844 sedis
445 789 774 858 apostolicae,
816 790 868 842 in
913 803 1019 856 quo
1053 803 1144 842 vos
1180 787 1358 842 adhuc
1398 787 1723 842 unanimiter
1754 787 1850 841 de-

272 880 502 941 sudatis,
543 887 891 934 concertator
913 887 967 931 ct
998 878 1110 946 ipse
1139 877 1391 946 pugnavi.
1427 876 1532 930 Sed
1567 892 1694 930 ecce
1727 891 1852 930 cum

270 969 489 1024 militari
523 969 739 1040 cingulo
791 970 892 1022 sim
938 967 1164 1032 solutus,
1209 978 1262 1020 et
1302 968 1352 1020 in
1412 957 1854 1037 municipiipace

271 1060 628 1130 compositus,
671 1060 792 1113 libet
823 1057 932 1127 jam
959 1059 1150 1112 docere
1175 1056 1317 1126 quod
1352 1056 1530 1110 didici.

789 1169 1017 1225 CAPUT
1054 1167 1342 1223 PRIMUM.

345 1260 499 1327 Quod
531 1260 740 1330 judices
767 1276 829 1313 ne
854 1259 1019 1380 grati:
1066 1259 1273 1327 quidem
1305 1258 1536 1329 accipere
1569 1267 1783 1328 possunt

1017 1345 1142 1380 onu.

1017 1345 1142 1381 onu.

302 1421 488 1476 ‘lnter
530 1435 720 1476 omnes
765 1420 944 1490 itaque
994 1419 1248 1473 vitiorum
1294 1418 1853 1472 circumfrementium

270 1510 437 1574 acies,
463 1512 604 1565 inter
627 1511 980 1566 densissimas
993 1507 1296 1578 jaculorum
1323 1509 1683 1580 ingruentium
1707 1524 1858 1564 more

268 1602 588 1673 grandinutn
640 1609 1009 1671 tempestates,
1060 1601 1319 1655 adversus
1366 1601 1652 1654 avaritiam
1707 1601 1856 1655 vobis

268 1701 354 1746 est
403 1692 659 1746 attentius
707 1691 1058 1760 vigilandum,
1106 1690 1330 1761 ejusque
1381 1693 1594 1761 sagittis
1642 1707 1857 1762 semper

267 1783 621 1854 Opponendus
649 1793 732 1837 est
760 1783 998 1854 clypeus.
1027 1782 1126 1850 Qui
1159 1783 1410 1837 nimirum
1434 1785 1501 1837 ad
1531 1783 1633 1838 hoc
1661 1785 1852 1853 przeci—

1953 601 2208 671 accipies,
2244 601 2441 671 inquit,
2465 613 2793 669 personam,
2832 612 2932 652 nec
2971 610 3229 662 munera;
3259 600 3384 666 quia
3415 616 3533 652 mu-

1953 707 2083 746 nera
2117 700 2394 746 exaecant
2430 688 2616 744 oculos
2649 689 2973 756 sapientum,
3031 695 3086 740 et
3140 695 3351 740 mutant
3375 689 3532 741 verba

1946 781 2216 852 justorum
2242 779 2423 851 (Deut.
2457 778 2592 850 xvi).
2625 797 2643 829 ι
2679 777 2851 844 Quam
2882 791 3104 830 aversus
3126 793 3154 829 a
3182 776 3538 845 suscipiendis

1954 872 2269 926 muneribus
2316 878 2435 925 erat
2488 869 2789 933 Abraham,
2837 883 2959 921 cum
3013 867 3123 936 regi
3177 866 3534 921 Sodomorum

1953 964 2093 1018 Bara
2121 964 2444 1026 obsistebat,
2489 962 2716 1016 dicens:
2754 979 2771 1010 ι
2810 958 2952 1013 cho
2996 974 3214 1012 manum
3255 974 3429 1011 meam
3471 958 3537 1010 ad

1955 1054 2242 1109 Dominum
2270 1051 2436 1106 Deum
2462 1050 2758 1113 excelsum,
2782 1064 3150 1119 possessorem
3181 1049 3300 1103 caeli
3347 1058 3400 1102 et
3433 1058 3541 1101 ter-

1954 1159 2050 1208 rae,
2081 1142 2222 1212 quod
2253 1157 2282 1195 a
2314 1141 2402 1194 filo
2429 1139 2786 1210 subtegminis
2821 1153 2989 1207 usque
3023 1137 3089 1192 ad
3123 1138 3410 1208 corrigiam
3449 1154 3540 1192 ca.-

1955 1233 2076 1305 lig:e
2102 1248 2204 1288 non
2228 1232 2488 1302 accipiam
2529 1245 2596 1284 ex
2628 1230 2879 1285 omnibus
2932 1244 3058 1298 qua
3091 1239 3178 1282 tua
3212 1236 3337 1282 sunt
3378 1225 3533 1297 (Gen.

1954 1323 2090 1393 xtv).
2126 1341 2144 1373 ι
2179 1321 2352 1389 Quam
2390 1319 2621 1374 mundus
2661 1334 2691 1373 a
2728 1319 2995 1388 susceptis
3033 1318 3344 1373 muneribus
3394 1317 3535 1388 Moyo

1957 1431 2044 1472 ses
2071 1425 2211 1480 erat,
2241 1415 2335 1486 qui
2365 1415 2627 1470 scientem
2657 1413 2834 1469 omnia
2875 1414 3159 1468 Dominum
3203 1413 3256 1468 in
3297 1414 3542 1467 testimo-

1957 1510 2106 1566 nium
2146 1507 2485 1564 deducebat:
2519 1525 2536 1558 ι
2572 1507 2673 1571 Τιι,
2713 1506 2906 1576 inquit,
2949 1507 3055 1561 scis
3114 1506 3256 1574 quod
3297 1520 3364 1558 ne
3395 1504 3536 1559 asel-

1957 1597 2065 1654 lum
2091 1599 2306 1668 quidem
2346 1612 2584 1666 unquam
2632 1597 2933 1666 acceperim
2970 1597 3038 1651 ab
3075 1597 3177 1660 eis,
3214 1610 3313 1648 nec
3338 1593 3541 1648 alllixe-

1958 1690 2060 1745 rim
2082 1689 2386 1759 quempiam
2423 1703 2614 1743 eorum
2657 1687 2846 1758 (Num.
2885 1690 3019 1754 xvi).
3055 1706 3073 1738 ›
3109 1686 3241 1740 Nam
3282 1686 3370 1739 ubi
3424 1701 3541 1738 mu-

1958 1781 2177 1836 neribus
2232 1780 2488 1844 inbiatur,
2548 1792 2886 1847 consequens
2937 1787 3019 1831 est
3067 1786 3148 1841 ut,
3194 1777 3333 1829 sicut
3374 1773 3540 1842 judcx

269 1875 507 1944 pitanter
543 1873 786 1940 anhelat,
821 1884 877 1928 ut
910 1872 1106 1928 lethale
1138 1873 1351 1927 miseris
1385 1873 1580 1930 vulnus
1611 1873 1849 1943 infligat;
1883 1861 1932 1923 Β
1960 1872 2102 1926 hunc
2140 1879 2358 1940 accepta
2399 1869 2649 1924 mercede
2692 1868 2982 1939 justificat,
3020 1868 3099 1922 sic
3139 1867 3286 1921 illum
3340 1867 3430 1934 qui
3469 1864 3541 1918 nil

266 1966 459 2036 princi,
483 1965 536 2021 io
571 1973 749 2019 tamen
801 1973 860 2018 ut
887 1965 1133 2019 obtutum
1169 1979 1275 2018 non
1307 1963 1523 2030 frontis,
1557 1964 1648 2020 sed
1675 1964 1854 2020 cordis

268 2055 598 2124 exstinguat.
634 2053 784 2109 Unde
812 2054 897 2108 vir
935 2054 1163 2124 Sapiens
1196 2055 1273 2108 ait
1308 2072 1320 2108 :
1369 2073 1387 2106 ι
1422 2054 1592 2108 Xenia
1624 2065 1679 2110 et
1711 2055 1852 2109 dona

271 2158 548 2204 excmcant
599 2148 784 2203 ocul’os
825 2147 1089 2218 judicum,
1139 2157 1194 2203 et
1237 2149 1390 2219 quasi
1440 2159 1624 2204 mutus
1674 2149 1727 2203 in
1759 2164 1853 2204 ore

270 2240 465 2295 avertit
501 2241 872 2310 correptiones
901 2255 1087 2296 eorum
1120 2242 1309 2311 (Eccli.
1339 2258 1441 2308 xx;
1490 2241 1642 2295 Deut.
1679 2241 1846 2311 κω.»

269 2335 460 2386 Armat
484 2334 626 2387 enim
652 2333 967 2388 muneribus
997 2332 1374 2399 adventantes,
1415 2342 1471 2389 et
1499 2348 1596 2404 per
1627 2348 1719 2389 eos
1752 2348 1851 2388 ex-

270 2437 478 2496 pugnat
501 2441 564 2480 ac
605 2433 776 2480 caecat
804 2440 992 2479 eorum
1024 2426 1210 2490 corda,
1264 2426 1356 2496 qui
1408 2426 1726 2497 suggerendi
1774 2424 1853 2480 lo-

270 2531 393 2570 cum
423 2515 562 2584 apud
605 2530 764 2570 aures
799 2514 1043 2570 obtinent
1069 2515 1413 2586 principales,
1447 2515 1513 2570 de
1541 2515 1736 2585 quibus
1757 2530 1854 2586 per

269 2606 460 2660 lsaiam
499 2608 756 2661 Dominus
805 2608 1179 2676 conqueritur,
1233 2608 1462 2663 dicens:
1517 2625 1534 2658 ι
1567 2606 1852 2677 Principes

271 2696 351 2750 tui
382 2695 643 2760 infideles,
676 2695 808 2750 socii
855 2695 1059 2762 furum,
1089 2711 1278 2751 omnes
1314 2696 1544 2765 diligunt
1594 2710 1850 2760 munera,

271 2795 575 2854 sequuntur
632 2785 1022 2841 retributiones
1073 2785 1208 2855 (Isa.
1241 2787 1303 2854 ι).
1357 2807 1374 2838 ι
1411 2786 1564 2840 Dicat
1610 2785 1849 2853 aliquis:

270 2875 383 2942 Ego
410 2875 625 2943 quidem
655 2874 786 2929 nihil
816 2890 1022 2944 quaero,
1059 2875 1152 2931 sed
1183 2875 1228 2929 si
1260 2876 1387 2944 quid
1416 2876 1584 2946 gratis
1607 2874 1850 2938 offertur,

269 2965 518 3034 accipere
546 2980 650 3018 non
677 2980 887 3021 recuso.
920 2966 1061 3022 Ecce
1107 2967 1195 3022 hic
1236 2982 1341 3022 non
1389 2975 1646 3022 notantur
1683 2967 1718 3020 ii
1761 2967 1852 3035 qui

271 3069 492 3108 munera
520 3063 792 3123 quaerunt,
816 3058 908 3110 sed
947 3055 1039 3126 qui
1071 3057 1444 3110 tantummodo
1475 3055 1722 3126 diligunt.
1752 3054 1852 3121 Qui

271 3145 436 3199 etiam
461 3146 595 3200 socii
619 3145 796 3200 furum
823 3160 927 3200 non
963 3146 1233 3201 immerito
1265 3147 1540 3210 dicuntur,
1569 3145 1694 3214 quia
1722 3145 1851 3198 dum

1957 1959 2132 2016 deditq
2156 1959 2374 2031 affligat.
2405 1959 2558 2015 Unde
2607 1975 2704 2030 per
2748 1959 2941 2014 lsaiam
2963 1959 3211 2013 dicitur:
3251 1978 3267 2009 ι
3303 1957 3419 2020 Vae,
3449 1957 3541 2026 qui

1949 2053 2258 2124 justifieatis
2286 2054 2507 2124 impium
2539 2069 2638 2123 pro
2672 2053 3010 2116 muneribus,
3036 2061 3088 2106 et
3108 2052 3374 2122 justitiam
3405 2049 3534 2118 justi

1953 2145 2177 2200 aufertis
2202 2147 2270 2200 ab
2293 2147 2384 2201 eo!
2406 2145 2542 2214 (Isa.
2561 2147 2637 2212 v.)
2661 2165 2676 2196 ι
2696 2144 2901 2210 Quibus
2924 2144 3067 2198 illico
3085 2144 3392 2205 vindictam,
3425 2157 3543 2210 qua:

1954 2236 2059 2292 illis
2088 2236 2334 2303 debetur,
2393 2236 2645 2299 intentat,
2690 2249 2812 2289 cum
2859 2233 3078 2289 subdit:
3113 2252 3128 2284 ι
3161 2231 3386 2301 Propter
3412 2231 3539 2295 hoc,

1953 2330 2336 2384 sicutdevorat
2372 2327 2624 2398 stipulam
2653 2326 2832 2397 lingua
2874 2325 3036 2395 ignis,
3079 2333 3133 2379 et
3173 2323 3401 2378 flamma:
3448 2337 3542 2376 ca-

1953 2419 2036 2475 lor
2064 2419 2261 2483 exurit,
2291 2419 2370 2474 sic
2397 2419 2547 2472 radix
2572 2433 2759 2472 eorum
2788 2415 2940 2486 quasi
2968 2414 3145 2468 favilla
3192 2417 3317 2477 erit,
3345 2423 3398 2466 et
3425 2427 3546 2481 ger-

1953 2526 2076 2566 men
2124 2525 2309 2564 eorum
2341 2519 2399 2562 ut
2427 2508 2603 2578 pulvis
2637 2508 2893 2562 ascendet
2923 2505 3138 2576 (lbid.).
3172 2524 3190 2557 ι
3238 2503 3312 2557 De
3347 2501 3543 2573 quibus

1954 2599 2093 2654 idem
2123 2599 2380 2670 propheta
2405 2598 2531 2652 alibi
2563 2597 2916 2667 conqueritur
2940 2595 3126 2649 dicens
3159 2615 3170 2647 :
3209 2613 3227 2646 ι
3263 2593 3459 2649 Omnes
3489 2592 3540 2645 in

1956 2690 2097 2742 viam
2132 2706 2281 2743 suam
2314 2689 2735 2752 declinaverunt,
2763 2703 2899 2740 unus
2918 2687 3145 2755 quisque
3169 2685 3231 2738 ad
3256 2684 3541 2738 avaritiam

1953 2794 2104 2832 suam
2144 2793 2172 2830 a
2208 2793 2417 2832 summo
2455 2792 2626 2846 usque
2656 2776 2722 2830 ad
2757 2776 3110 2829 novissimum
3160 2772 3306 2843 (Isa.
3336 2773 3478 2841 ινι).
3515 2790 3534 2822 ι

1957 2867 2198 2921 Avaritia
2230 2868 2387 2937 plane
2402 2868 2495 2922 Dei
2521 2867 2909 2937 omnipotentis
2938 2865 3226 2919 adversum
3251 2879 3308 2918 se
3331 2864 3542 2917 iracun-

1954 2958 2095 3012 diam
2121 2967 2404 3026 provocat;
2436 2966 2490 3012 et
2515 2973 2608 3012 cor
2647 2958 2789 3027 quod
2839 2957 3096 3026 possidet,
3143 2956 3296 3009 vanis
3326 2970 3541 3025 semper

1954 3049 2370 3116 cngitatiouibus
2401 3059 2580 3102 vexat.
2616 3047 2753 3103 Hinc
2805 3056 2886 3102 est
2940 3047 3082 3118 quod
3111 3049 3176 3100 de
3207 3061 3371 3100 avaro
3408 3061 3540 3100 con-

1956 3138 2202 3206 queritur
2255 3138 2473 3207 populo,
2527 3139 2768 3194 dicens:
2829 3158 2847 3190 ι
2913 3139 3142 3208 Propter
3192 3139 3536 3208 iniquitatem

273 3234 470 3289 furtiva
508 3236 647 3290 dona
693 3236 1011 3306 suscipiunt,
1035 3236 1199 3291 etiam
1244 3251 1274 3290 a
1313 3235 1700 3291 comministris
1740 3235 1856 3290 suis
1882 3207 1928 3268 δ
1962 3230 2201 3284 avaritia:
2239 3230 2356 3299 eius
2399 3231 2568 3285 iratus
2605 3247 2748 3294 sum.
2779 3239 2828 3284 Cl
2870 3230 3112 3299 Percussi
3145 3243 3291 3292 Cum.
3327 3237 3381 3282 ει
3417 3229 3539 3281 alts-

273 3336 330 3381 et
362 3327 635 3382 sodalibus
657 3327 984 3402 deprehendi
1017 3327 1163 3383 velut
1197 3328 1249 3382 in
1288 3327 1416 3382 furti
1456 3327 1685 3382 crimine
1718 3342 1858 3398 per-

273 3417 614 3475 horrescunt.
651 3419 717 3474 Et
756 3420 1054 3474 notandum
1093 3419 1236 3488 quod
1270 3418 1505 3474 dicitur:
1553 3437 1570 3470 ι
1609 3418 1857 3489 Sequun-

271 3519 362 3564 tur
415 3511 829 3575 retributiones;
875 3529 893 3562 ι
951 3511 1077 3580 quia
1132 3510 1380 3580 quamvis
1433 3508 1703 3564 munificis
1743 3510 1859 3566 suis

272 3601 532 3656 auxilium
566 3601 709 3670 quod
736 3601 1075 3671 postulantur
1098 3601 1436 3671 impendunt,
1467 3610 1648 3655 reatus
1677 3609 1856 3655 tamen

272 3693 513 3767 maculas
537 3709 641 3747 non
676 3695 942 3757 evadunt;
971 3695 1096 3764 quia
1126 3694 1253 3748 dum
1301 3694 1550 3749 beneﬁcii
1582 3694 1664 3748 sui
1699 3693 1856 3748 talio-

270 3801 394 3840 nem
435 3785 725 3855 recipiunt,
760 3785 970 3841 fructus
1015 3795 1232 3841 aeterna:
1275 3786 1541 3841 mercedis
1578 3787 1853 3841 amittunt.

273 3875 352 3930 De
380 3877 575 3946 quibus
598 3886 652 3932 et
680 3875 840 3946 paulo
859 3885 980 3947 post
1010 3877 1179 3933 dicit:
1211 3896 1229 3929 ι
1255 3877 1400 3933 Heu!
1425 3877 1746 3933 consolabor
1767 3893 1857 3932 su-

272 3978 373 4037 per
421 3967 669 4022 hostibus
721 3968 877 4034 meis,
919 3975 973 4020 et
1019 3967 1334 4024 vindicabor
1362 3969 1428 4023 de
1457 3968 1691 4023 inimicis
1721 3968 1855 4022 meis

274 4055 486 4126 (Ibid).
520 4076 540 4109 ι
568 4055 686 4111 Filii
713 4059 871 4127 plane
898 4057 1168 4114 Samuelis
1196 4058 1401 4114 nullum
1452 4059 1597 4114 aliud
1647 4059 1854 4114 crimen

223 4223 227 4226 ι
274 4146 530 4202 habuisse
550 4147 819 4218 leguntur,
854 4149 956 4203 nisi
997 4149 1123 4218 quia
1159 4164 1384 4204 munera
1423 4149 1761 4214 dilexerunt,
1800 4158 1857 4204 et

272 4237 399 4305 quia
429 4245 665 4306 paternae
691 4238 966 4293 munditize
989 4254 1094 4294 non
1122 4241 1487 4308 sequebantur
1513 4239 1850 4310 exemplum;

273 4328 770 4399 irrecuperabiliter
827 4330 1124 4386 amiserunt
1161 4329 1331 4400 plebis
1376 4330 1683 4384 Israelitica:
1708 4330 1856 4400 prin-

273 4416 534 4486 cipatum.
560 4418 626 4472 Et
665 4421 983 4488 notandum,
1012 4419 1140 4489 quia
1175 4420 1301 4474 dum
1337 4420 1404 4474 de
1432 4419 1538 4474 illis
1570 4419 1852 4490 Scriptura

276 4505 408 4561 dicit
445 4524 459 4562 :
489 4525 509 4560 ι
541 4506 956 4563 Declinaverunt
991 4517 1113 4579 post
1153 4508 1437 4564 avaritiam
1469 4549 1485 4575 ,
1524 4517 1851 4580 acceperunt

274 4613 519 4662 munera,
559 4616 576 4649 ι
608 4598 854 4668 protinus
877 4598 1054 4654 intulit
1091 4615 1105 4655 :
1142 4617 1163 4652 ι
1198 4602 1850 4672 perverternntjudicium

271 4685 323 4753 (l
351 4685 473 4757 Reg.
505 4689 642 4754 vin).
671 4707 690 4738 ι
722 4688 966 4744 Vicinum
988 4691 1185 4761 quippe
1209 4700 1294 4747 est
1319 4701 1480 4763 atque
1515 4695 1849 4767 contiguum,

270 4785 331 4831 ut
360 4787 480 4846 post
502 4794 695 4833 munus
714 4791 1020 4850 acceptum,
1043 4790 1386 4853 pervertatur
1409 4784 1572 4839 etiam
1597 4795 1852 4856 corrupto

271 4883 497 4923 censore
512 4870 796 4938 judicium.
825 4871 869 4927 0
892 4887 1055 4942 quam
1079 4874 1337 4929 mundam
1366 4873 1585 4929 Samuel
1615 4875 1850 4932 frontem

273 4957 510 5013 habebat
546 4974 575 5012 a
604 4961 950 5024 muneribus,
980 4977 1103 5016 cum
1142 4963 1354 5018 dicebat
1383 4976 1399 5016 :
1436 4980 1455 5015 ι
1488 4963 1851 5020 Conversatus

267 5064 452 5104 coram
482 5048 637 5104 vobis
676 5051 745 5105 ab
787 5051 1152 5107 adolescentia
1197 5069 1316 5108 mea
1374 5070 1544 5123 usque
1593 5055 1660 5109 ad
1708 5055 1850 5111 diem

268 5139 429 5204 hanc,
465 5155 594 5196 ecce
623 5149 819 5211 pnestu
852 5157 994 5209 sum,
1023 5143 1301 5214 loquimini
1326 5145 1391 5201 de
1418 5161 1503 5200 me
1532 5161 1716 5202 coram
1748 5148 1854 5203 Do-

267 5230 418 5286 mino
455 5240 510 5286 et
555 5248 736 5288 coram
765 5233 984 5288 Christo
1023 5233 1166 5300 ejus;
1209 5243 1388 5291 utrum
1439 5236 1630 5293 bovem
1665 5238 1850 5308 cujus-

269 5337 432 5391 quam
460 5323 696 5388 tulerim,
724 5342 790 5378 an
817 5327 1049 5392 asinum,
1081 5328 1124 5382 si
1147 5313 1454 5399 quempiam
1489 5329 1850 5386 calumniatus

269 5427 414 5476 sum,
456 5413 503 5468 si
546 5416 792 5485 Oppressi
846 5416 1102 5487 aliquem,
1144 5419 1190 5472 si
1228 5419 1294 5473 de
1331 5435 1498 5473 manu
1531 5419 1850 5488 cujusquam
1886 5484 1888 5487 ι

269 5520 468 5562 munus
495 5508 706 5576 accepi;
737 5517 790 5564 et
819 5519 1159 5566 contemnam
1199 5510 1326 5566 illud
1351 5510 1854 5576 luxtie,restituam-

266 5611 381 5666 que,
397 5596 552 5651 vobis
579 5596 630 5666 (I
656 5596 784 5668 Reg.
811 5615 882 5653 xn
911 5600 948 5669 ).
980 5619 997 5650 ι
1024 5599 1174 5656 Unde
1194 5609 1250 5655 et
1279 5601 1333 5655 in
1364 5601 1479 5670 lege
1502 5602 1848 5671 praecipitur:

269 5686 602 5770 meum
623 5691 857 5761 accipias
910 5707 1156 5758 munera,
1211 5709 1332 5762 qua:
1359 5703 1637 5749 cxcmcant
1681 5694 1851 5750 etiam

269 5771 588 5847 prudentes,
645 5788 702 5836 et
751 5781 1067 5838 subvertunt
1119 5784 1280 5840 verba
1328 5785 1600 5852 justorum
1652 5784 1850 5857 (Exod.

1959 3320 2147 3382 condi,
2175 3328 2231 3373 et
2261 3319 2571 3391 indignatus
2599 3335 2716 3374 sum
2745 3360 2759 3386 ,
2781 3328 2835 3374 et
2860 3319 2994 3374 abiit
3025 3334 3189 3389 vagus
3225 3318 3278 3372 in
3312 3319 3397 3373 via
3420 3333 3540 3373 car—

1958 3410 2042 3466 dis
2069 3409 2308 3488 sui.(lsa.
2343 3410 2494 3482 Lvn).
2534 3430 2552 3463 ι

2585 3506 2812 3563 CAPUT
2851 3505 2916 3561 ll.

2029 3623 2182 3689 Quod
2207 3623 2413 3693 fructus
2443 3639 2508 3678 ex
2532 3623 2725 3678 divitiis
2765 3623 3004 3693 capitur,
3035 3623 3082 3678 si
3107 3623 3471 3692 dispensentur

2567 3694 2903 3763 pauperibus.

2028 3785 2183 3841 Nulla
2207 3802 2336 3842 sane
2358 3787 2588 3856 putredo
2622 3785 2859 3842 vulneris
2884 3786 2934 3840 in
2968 3786 3060 3841 Dei
3095 3785 3315 3840 naribus
3346 3783 3538 3839 intoleb

1957 3876 2181 3933 rabilius
2231 3877 2384 3942 fetet,
2436 3893 2599 3948 quam
2649 3885 2863 3932 stercus
2915 3877 3175 3930 avaritias.
3207 3875 3274 3929 Et
3311 3875 3537 3945 cupidus

1957 3965 2190 4036 quisque
2209 3965 2335 4020 dum
2362 3966 2631 4020 sordentis
2658 3966 2901 4036 pecunia:
2929 3974 3168 4035 quaestus
3209 3963 3536 4027 accumulat,

1955 4065 2173 4111 vertens
2194 4057 2452 4110 exedram
2481 4056 2534 4110 in
2565 4055 2840 4120 latrinam,
2867 4056 3021 4125 quasi
3060 4055 3254 4109 molem
3281 4055 3538 4109 stercoris

1959 4155 2263 4203 coacervat.
2289 4147 2424 4203 lliuc
2449 4157 2531 4203 est
2566 4148 2708 4217 quod
2755 4163 2851 4218 per
2898 4147 3241 4202 Ezechielem
3289 4147 3535 4202 dicitur:

1961 4256 1981 4291 ι
2012 4238 2304 4308 Argentum
2328 4254 2515 4292 eorum
2544 4237 2689 4293 foras
2710 4239 3116 4309 projicietur,et
3133 4254 3321 4292 aurum
3347 4253 3535 4292 eorum

1956 4329 2009 4383 in
2041 4328 2444 4399 Sterquilinium
2465 4329 2566 4382 erit
2593 4346 2608 4394 ;
2635 4339 2918 4398 argentum
2936 4345 3123 4384 eorum
3137 4339 3191 4384 et
3213 4345 3401 4383 aurum
3431 4345 3536 4382 non

1955 4418 2154 4475 valebit
2180 4419 2412 4474 liberare
2437 4433 2530 4475 eos
2581 4420 2633 4473 in
2667 4421 2754 4474 die
2807 4419 3005 4475 furoris
3059 4419 3268 4474 Domini
3317 4419 3535 4489 (Ezech.

1956 4513 2055 4583 vn)
2083 4530 2096 4566 :
2126 4532 2144 4566 ι
2172 4521 2226 4567 et
2265 4511 2390 4567 alibi
2421 4512 2680 4582 scriptum
2710 4521 2795 4566 est
2823 4527 2838 4565 :
2877 4531 2895 4563 ‹
2927 4513 3018 4567 Vae
3049 4512 3098 4567 ei
3120 4553 3134 4574 ,
3163 4512 3254 4582 qui
3282 4511 3536 4580 multipli-

1957 4611 2047 4658 cat
2065 4618 2172 4658 non
2193 4617 2312 4668 sua,
2337 4616 2638 4672 usquequo,
2660 4611 2715 4657 et
2741 4611 2993 4673 aggravat
3017 4612 3205 4658 contra
3229 4617 3287 4658 se
3311 4603 3536 4656 densum

1957 4694 2162 4750 lutum!
2195 4714 2214 4749 ι
2250 4692 2477 4766 (Habac.
2521 4693 2606 4765 ιι.)
2639 4694 2817 4749 Avaro
2854 4710 2984 4750 sane
3005 4704 3194 4750 contra
3225 4711 3284 4750 se
3311 4697 3536 4750 densum

1959 4785 2132 4841 lutum
2159 4799 2453 4856 aggravare
2479 4826 2494 4850 ,
2549 4793 2635 4840 est
2679 4793 2896 4840 terrena
2945 4787 3096 4842 lucra
3147 4802 3272 4841 cum
3313 4785 3526 4857 peccati

1959 4876 2199 4947 pondere
2224 4875 2520 4931 cumulare.
2554 4873 2806 4931 Habacuc
2834 4877 2996 4932 etiam
3025 4878 3322 4948 propheta:
3360 4895 3379 4929 ι
3423 4876 3535 4942 Vae,

1961 4966 2156 5036 inquit,
2179 4964 2268 5035 qui
2301 4973 2591 5035 congregat
2616 4965 2902 5020 avaritiam
2955 4966 3152 5021 malam
3176 4967 3358 5021 domui
3387 4966 3531 5021 suae!

1955 5067 2019 5112 ut
2054 5057 2125 5111 sit
2153 5056 2208 5111 in
2247 5056 2463 5111 excelso
2487 5056 2645 5110 nidus
2682 5055 2833 5125 ejus,
2856 5065 2911 5111 et
2943 5057 3160 5113 liberari
3186 5074 3246 5113 se
3297 5067 3450 5128 putat
3480 5057 3534 5111 in

1958 5147 2046 5202 die
2073 5146 2199 5201 mali
2228 5145 2440 5217 (Ibid).
2474 5164 2492 5196 ι
2520 5143 2690 5200 Porro
2712 5147 2852 5201 sicut
2897 5148 3076 5218 ignem
3117 5148 3261 5221 ligna
3295 5145 3419 5203 'non
3457 5164 3538 5215 sa-

1958 5240 2115 5300 tiant,
2162 5240 2242 5294 sic
2286 5246 2479 5292 aestum
2528 5238 2773 5293 avaritiae
2825 5241 3054 5309 pecunia
3115 5242 3385 5296 cumulata
3426 5256 3534 5295 non

1955 5329 2126 5385 sedat.
2162 5327 2268 5382 Sed
2297 5327 2437 5383 sicut
2460 5325 2672 5381 flamma
2701 5326 2955 5383 fomentis
3006 5331 3301 5397 extollitur,
3335 5331 3410 5384 ita
3452 5329 3536 5384 ni-

1961 5419 2252 5474 hilominus
2275 5416 2528 5482 avaritia,
2555 5416 2681 5470 dum
2702 5416 2854 5473 lucra
2875 5421 3241 5486 cumulantur,
3283 5427 3535 5491 augetur.

1956 5512 2111 5569 Unde
2136 5521 2190 5568 et
2225 5511 2581 5567 Ecclesiastes
2613 5527 2626 5564 :
2657 5529 2674 5562 ι
2703 5510 2937 5576 Avarus,
2991 5513 3183 5581 inquit,
3211 5527 3318 5566 non
3349 5511 3536 5582 imple-

1954 5604 2100 5660 bitur
2125 5602 2351 5673 pecunia
2379 5618 2393 5666 ;
2419 5601 2584 5670 etqui
2608 5609 2754 5654 amat
2783 5602 3022 5668 divitias,
3050 5603 3259 5658 fructus
3305 5619 3410 5658 non
3447 5617 3537 5654 ca-

1959 5692 2073 5764 piet
2102 5707 2166 5746 ex
2198 5692 2279 5747 eis
2302 5687 2501 5761 (Eccle.
2528 5688 2652 5759 ν).,›
2687 5687 2920 5747 Fructus
2941 5693 3141 5764 quippe
3179 5707 3246 5746 ex
3300 5692 3404 5746 illis
3439 5705 3534 5745 ca-

1956 5789 2129 5854 peret,
2151 5780 2196 5838 si
2226 5794 2321 5839 cas
2345 5780 2484 5836 bene
2513 5792 2772 5852 spargere
2804 5796 2912 5837 non
2957 5784 3192 5842 amando
3239 5783 3524 5844 voluisset,

2883 6029 2909 6054 Ὁ
