4074 6190
435 339 533 395 ,ηδ

1300 328 1547 387 ιιινυειι.
1589 326 1779 384 XXXI.
1822 358 1887 366 —
1927 325 2204 383 CONTRA
2246 324 2796 383 PlllLARGYmAM.

3584 306 3692 385 ssi

420 448 551 522 quia
578 461 709 503 vero
738 442 1021 501 retinendo
1048 442 1244 514 diligit,
1292 441 1384 498 hic
1424 441 1615 513 utique
1663 441 1782 496 sine
1828 439 2004 495 fructu
2040 442 2083 499 Λ
2113 437 2245 493 nihil
2278 453 2399 494 esse
2419 438 2723 503 scelestius,
2757 452 2825 494 ne
2849 438 2975 511 quis
3000 438 3054 496 in
3097 440 3201 497 hoc
3227 441 3416 509 verbo,
3438 445 3581 513 quod
3609 456 3695 502 est
3723 498 3734 510 ,

421 538 785 609 derelinquit,
811 536 974 609 5“
996 535 1087 591 ubi
1115 544 1170 590 et
1192 535 1474 605 sequitur:
1505 555 1524 586 ι
1559 534 1661 591 Ubi
1686 533 2009 590 suntmultze

421 648 575 702 opes,
594 628 994 698 multisuntqni
1012 628 1408 683 comeduntcas
1424 626 1620 700 (Eccle.
1638 627 1737 699 v.).
1761 648 1779 681 ι
1800 629 2008 698 thuid

423 722 645 792 prodest
656 718 976 789 [)USSBSSOI'i,
990 718 1091 773 nisi
1105 717 1247 787 quod
1260 718 1435 773 cernit
1448 718 1666 774 divitias
1679 719 1850 773 oculis
1863 720 2006 775 suis?

426 810 725 880 nequibas
750 808 894 863 idem
921 806 1175 862 Salomon
1197 808 1274 862 ait
1300 822 1315 861 :
1346 826 1365 859 ι
1412 807 1624 863 Divitis:
1671 819 2007 865 conservatae

424 900 703 955 iumalatn
726 898 1067 954 dommisni.
1130 898 1369 953 Pereunt
1414 899 1557 953 enim
1604 900 1659 954 in
1716 899 2005 956 aﬁlictione

420 988 1220 1064 pessimazgenerabittilium,
1249 989 1341 1060 qui
1386 989 1443 1045 in
1496 1006 1708 1045 summa
1763 1001 2006 1061 egestate

419 1083 528 1139 erit
563 1082 773 1153 (Mla).
808 1100 830 1134 ι
868 1082 935 1137 Et
982 1087 1044 1137 ut
1095 1080 1350 1138 ostendat
1393 1095 1555 1149 quam
1606 1080 1849 1137 inﬁdeles
1897 1081 2007 1137 sint

420 1177 621 1233 divitia:
649 1175 969 1247 possidenti,
1009 1191 1133 1230 mox
1167 1172 1384 1242 subiicit
1418 1192 1432 1229 :
1488 1192 1506 1225 ι
1551 1174 1703 1228 Sicut
1755 1189 2005 1243 egressus

419 1276 505 1322 est
530 1267 706 1321 nudus
726 1266 793 1321 de
827 1276 983 1320 utero
1031 1268 1220 1321 matris
1263 1283 1396 1331 suae,
1454 1268 1533 1323 sic
1582 1274 1906 1331 revertetur,
1949 1276 2004 1321 et

420 1357 555 1413 nihil
585 1357 796 1412 auferet
817 1372 999 1411 secum
1028 1357 1096 1411 de
1124 1356 1308 1411 labore
1336 1374 1455 1412 suo.
1487 1358 1804 1414 Miserabilis
1847 1371 2002 1429 pror-

418 1465 513 1507 sus
539 1448 825 1503 inﬁrmitas
853 1448 866 1501 !
897 1447 1166 1517 quomodo
1192 1449 1358 1515 venit,
1381 1449 1460 1505 sic
1510 1459 1829 1505 revertetur.
1861 1450 2000 1518 Quid

416 1558 549 1612 ergo
587 1543 807 1612 prodest
825 1542 968 1613 quod
1002 1541 1265 1598 laboravit
1293 1542 1344 1596 in
1370 1550 1587 1597 ventum
1633 1543 1844 1599 cunctis
1886 1543 2004 1599 die-

417 1635 521 1690 bus
542 1633 667 1688 vita:
696 1632 851 1688 sine?
879 1641 983 1688 etc.
1018 1651 1038 1685 ι
1095 1632 1286 1704 (Ibid.)
1322 1632 1405 1687 An
1435 1632 1637 1688 idcirco
1663 1632 1805 1688 forte
1850 1633 1998 1688 lucra

414 1724 785 1794 congerimus,
814 1733 875 1779 ut
905 1724 1273 1793 possessiones
1309 1740 1373 1780 ac
1409 1724 1607 1795 praedia
1636 1725 2000 1780 redimamns?

418 1814 526 1871 Sed
554 1814 683 1885 quid
713 1815 934 1884 prodest
971 1815 1204 1869 conﬁnia
1253 1815 1456 1885 proprii
1507 1815 1646 1884 juris
1684 1798 2075 1879 extendere,B

418 1921 541 1960 cum
573 1906 689 1960 haec
716 1906 839 1960 vita:
865 1916 1066 1961 nostra:
1098 1915 1368 1976 nequeant
1397 1908 1673 1977 angustias
1694 1908 2000 1977 protelare?

423 1996 575 2052 Unde
603 1998 687 2051 vir
710 1999 926 2069 sapiens
964 1999 1040 2052 ait
1071 2017 1083 2052 :
1138 2017 1157 2051 ι
1194 1999 1313 2054 Noli
1343 2001 1623 2055 attendere
1664 2001 1733 2055 ad
1782 2017 1999 2071 posses-

450 2088 598 2143 iones
630 2088 863 2159 iniquas,
902 2097 958 2143 et
1020 2105 1087 2144 ne
1136 2090 1337 2145 dixeris
1366 2105 1380 2144 :
1408 2090 1503 2145 Est
1544 2092 1674 2146 mihi
1724 2092 2000 2149 sufﬁciens

444 2179 563 2244 ita;
631 2180 764 2234 nihil
821 2180 967 2234 enim
1026 2181 1269 2250 proderit
1335 2181 1389 2234 in
1448 2190 1692 2252 tempore
1750 2182 2000 2239 vindicta:

417 2269 613 2339 (Eccli.
644 2272 719 2339 ν).
756 2290 775 2322 ι
807 2269 941 2324 Nam
972 2280 1026 2325 et
1062 2271 1230 2326 Isaias
1253 2272 1330 2326 ait
1365 2290 1377 2325 :
1414 2291 1433 2323 ι
1459 2273 1570 2337 ναξ,
1598 2274 1689 2343 qui
1722 2273 2000 2345 conjungi-

420 2363 493 2416 tis
514 2363 732 2417 domum
755 2364 823 2417 ad
847 2363 1087 2431 domum,
1110 2373 1164 2417 et
1189 2380 1376 2435 agrttzn
1393 2380 1523 2437 agro
1545 2365 1809 2434 copulatis
1832 2382 2001 2436 usque

412 2451 484 2507 ad
524 2456 814 2508 terminum
862 2453 995 2508 loci!
1050 2455 1289 2523 nunquid
1354 2454 1664 2511 habitabilis
1721 2457 1772 2510 in
1824 2458 2000 2511 medio

412 2548 577 2596 terra:
636 2542 733 2597 soli
803 2544 983 2597 vos?»
1057 2543 1203 2614 (Ita.
1267 2542 1355 2613 v.)
1426 2544 1504 2599 Ac
1561 2544 1604 2599 si
1670 2556 1858 2615 aperte
1920 2546 2000 2601 di-

415 2645 543 2690 cat:
606 2638 894 2707 Qnousqne
916 2652 1012 2691 vos
1068 2638 1359 2692 extenditis
1400 2678 1415 2701 ,
1478 2638 1567 2708 qui
1619 2638 1670 2692 in
1726 2639 1999 2694 communi

410 2724 617 2779 mundo
639 2725 830 2795 degere
851 2724 968 2778 sine
1003 2725 1344 2780 consortibus
1372 2741 1476 2779 non
1507 2726 1773 2795 potestis?
1837 2724 2000 2795 Adja-

414 2823 599 2868 centes
627 2816 841 2883 quidem
869 2826 1030 2884 atque
1052 2816 1334 2885 contiguos
1355 2816 1632 2886 premitis;
1684 2815 1777 2871 sed
1805 2827 1994 2873 contra

414 2918 553 2971 quos
579 2919 673 2958 vos
698 2904 919 2958 vaIt-atis
952 2907 1264 2969 extendere,
1295 2921 1509 2975 semper
1543 2906 1818 2963 invenitis.
1844 2906 1997 2964 Unde

414 2995 676 3065 scriptum
708 3004 833 3050 est:
872 3014 890 3046 ι
924 2996 1024 3062 Qui
1054 2997 1246 3066 qnzerit
1289 2997 1473 3063 ditari,
1528 3012 1633 3053 non
1677 2998 1783 3053 erit
1840 2999 1997 3055 inno-

413 3102 543 3141 cens
573 3084 755 3157 (Prov.
790 3086 1028 3153 xxvnt)»
1051 3088 1116 3142 Et
1139 3088 1265 3142 alibi
1306 3089 1543 3143 dicitur:
1603 3107 1621 3141 ι
1650 3090 1828 3145 Avaro
1860 3089 1991 3146 nihil

411 3186 494 3232 est
529 3177 839 3232 scelestius.
864 3178 1001 3245 Quid
1028 3178 1274 3249 superbis
1320 3189 1460 3233 terra
1509 3188 1565 3235 et
1623 3181 1795 3235 cinis?
1851 3180 1993 3236 Nihil

413 3278 500 3323 est
525 3268 761 3338 iniquius
774 3286 937 3338 quam
964 3286 1149 3325 amare
1176 3271 1459 3339 pecuniam
1479 3270 1670 3342 (Ecdi.
1699 3272 1775 3343 x).
1800 3292 1816 3324 ι
1848 3272 1991 3330 Dura

411 3370 559 3414 certe
587 3370 641 3414 et
667 3361 829 3414 nimis
858 3360 1205 3415 formidolosa
1248 3362 1535 3417 sententia.
1570 3362 1624 3417 Si
1682 3365 1826 3418 enim
1860 3364 1999 3421 nihil

411 3462 495 3507 est
517 3468 682 3506 avaro
713 3452 1018 3519 scelestius,
1048 3453 1178 3507 nihil
1208 3454 1471 3523 iniquius;
1504 3470 1608 3507 nou
1637 3470 1768 3525 ergo
1802 3456 1993 3510 melior

320 3592 329 3599 .
410 3543 717 3612 parricidis,
742 3560 847 3598 non
870 3544 1155 3613 praefertur
1175 3545 1414 3607 incestis,
1434 3555 1681 3614 :equatur
1699 3547 1988 3610 hmretieis.

410 3633 741 3688 assimilatur
797 3634 1115 3689 idnlulatris.
1180 3634 1331 3689 Unde
1376 3645 1430 3690 et
1480 3635 1768 3704 Apostolus
1813 3637 1986 3691 dicit:

416 3741 436 3774 ι
471 3724 709 3777 Avaritia
740 3739 859 3793 qua:
884 3733 966 3778 est
998 3724 1264 3778 idolorum
1297 3725 1531 3780 servitus
1555 3723 1779 3794 (Co/oss.
1825 3726 1929 3796 ιιι).
1966 3746 1984 3778 ι

410 3812 497 3868 Sit
524 3830 652 3885 ergo
680 3815 907 3885 quilibet
929 3826 1130 3879 castus,
1156 3816 1225 3870 sit
1260 3816 1495 3881 sobrius,
1522 3818 1591 3871 sit
1623 3818 1990 3888 indigentibus

409 3905 620 3961 alendis
654 3908 912 3972 intentus,
945 3910 1298 3979 hospitalitati
1329 3910 1573 3975 deditus,
1602 3908 1832 3979 jejnnet,
1857 3911 1991 3981 vigi-

406 3995 501 4063 let,
534 3999 674 4053 diem
713 4002 855 4055 nocti
886 4002 1163 4071 psallenle
1202 4003 1518 4065 continuet;
1564 4003 1607 4057 si
1640 4013 1819 4057 tamen
1864 4020 1988 4057 ava-

404 4106 502 4145 rus
531 4100 633 4156 est,
662 4102 828 4146 totum
860 4093 1067 4162 perdit;
1110 4093 1180 4147 ita
1217 4103 1275 4147 ut
1320 4094 1463 4147 inter
1489 4094 1729 4148 ontnium
1798 4094 1987 4149 crimi-

405 4199 536 4239 num
569 4199 689 4239 reos
716 4186 1031 4253 nequiorem
1054 4200 1113 4239 se
1142 4185 1387 4240 invenire
1417 4200 1522 4239 non
1575 4185 1742 4254 possit
1773 4203 1785 4238 :
1851 4204 1867 4236 ι
1896 4183 1988 4238 Ni-

405 4274 482 4329 hil
519 4284 601 4329 est
629 4275 795 4339 enim,
829 4276 969 4331 sicut
995 4276 1214 4341 dicitur,
1269 4291 1434 4330 avaro
1492 4278 1798 4341 scelestius,
1853 4278 1988 4331 nihil

404 4365 641 4434 iniquius
671 4382 833 4434 quam
886 4383 1069 4422 amare
1100 4368 1381 4436 pecuniam
1441 4367 1632 4441 (Ecrli.
1664 4368 1741 4440 x).
1780 4388 1797 4421 ι
1849 4369 1985 4437 Quid

2111 546 2325 597 avarus,
2356 532 2651 587 dubietatis
2678 532 2962 601 scrupulus
2998 544 3182 604 posset
3223 550 3524 607 emergere,
3552 538 3696 609 νίςίο

2109 618 2287 675 lauter
2316 620 2557 675 addidit:
2621 621 2755 675 nihil
2794 621 3035 691 iniquius
3084 637 3249 692 quam
3296 638 3481 679 amare
3530 641 3697 695 pecn-

2109 714 2276 767 niam.
2343 711 2515 782 lgitur
2567 727 2790 767 avarum
2844 728 2967 768 esse
3022 714 3154 768 nihil
3204 713 3364 785 555
3397 717 3685 779 estaliud.

2108 818 2269 873 quam
2328 818 2511 858 amare
2572 807 2873 872 pecuniam.
2939 804 3169 861 Amatur
3228 821 3372 861 eam
3427 810 3698 878 acquisita

2104 894 2330 964 pecunia
2360 934 2375 959 ,
2413 902 2628 949 amatur
2672 894 3019 950 nihilominus
3052 896 3401 966 acquitenda.
3453 898 3693 955 Avaritia

2105 987 2301 1057 quippe
2344 987 2497 1057 quasi
2546 986 2728 1057 biceps
2770 994 2855 1042 est
2899 987 3154 1054 coluber;
3206 998 3433 1060 utroque
3460 1005 3699 1047 consue-

2103 1078 2178 1132 vit
2226 1093 2323 1134 ore
2383 1078 2632 1133 mordere
2663 1118 2679 1145 ,
2721 1086 2954 1149 utroque
3009 1079 3323 1149 pestiferum
3402 1081 3550 1138 virus
3608 1083 3701 1159 in-

2081 1168 2303 1239 .fluere;
2344 1172 2471 1224 dum
2534 1180 2629 1225 aut
2679 1171 2852 1227 aliena
2902 1187 2991 1229 res
3030 1174 3328 1242 quaeritur,
3376 1183 3468 1229 aut
3512 1175 3697 1231 habita

2103 1259 2491 1316 delectabiliter
2540 1261 2864 1331 possidetur.
2916 1263 2995 1318 De
3050 1262 3142 1318 illo
3206 1278 3338 1319 sane
3380 1265 3488 1334 .qni
3534 1273 3689 1321 utro-

2105 1367 2211 1421 que
2247 1353 2404 1419 lmjus
2448 1352 2717 1423 serpentis
2760 1368 2857 1407 ore
2904 1351 3221 1423 deglutitur,
3270 1353 3532 1425 scriptum
3571 1363 3692 1410 est:

2108 1468 2127 1502 ‹
2169 1444 2296 1499 Viro
2323 1445 2516 1515 cupido
2542 1454 2595 1499 et
2635 1445 2831 1510 tenaci,
2860 1445 2979 1500 sine
3005 1446 3214 1501 ratione
3243 1454 3325 1501 est
3353 1446 3689 1514 substantia;

2103 1550 2158 1594 et
2184 1536 2387 1595 homini
2426 1536 2589 1594 livido
2632 1537 2699 1591 ad
2741 1536 2870 1606 quid
2910 1538 3148 1592 aurum?
3178 1536 3373 1605 injuste
3411 1539 3531 1593 aliis
3560 1554 3693 1594 con-

2104 1644 2306 1705 grcgat,
2331 1645 2387 1690 et
2430 1635 2483 1689 in
2528 1632 2683 1691 bonis
2724 1628 2872 1689 illius
2914 1630 3053 1686 alius
3096 1631 3457 1687 luxuriabitur
3498 1632 3690 1701 (Eccli.

2106 1729 2238 1792 xiv).
2274 1745 2293 1778 ι
2330 1726 2469 1781 Sunt
2510 1738 2770 1797 prieterea
2822 1722 2917 1799 qui
2948 1722 3076 1785 totis
3102 1723 3169 1783 ad
3201 1724 3494 1793 appetenda
3519 1724 3692 1779 aliena

2104 1817 2387 1873 desideriis
2436 1819 2783 1873 inardescunt
2832 1821 2973 1875 :sed
3020 1820 3135 1875 haec
3177 1822 3463 1890 postquam
3516 1815 3694 1882 adepti

2102 1916 2248 1973 sunt,
2302 1910 2706 1979 praecipitanter
2745 1908 3045 1967 effundunt.
3096 1910 3235 1967 Sunt
3271 1914 3361 1983 qui
3408 1915 3476 1968 ad
3520 1906 3695 1967 aliena

2102 1998 2317 2067 quidem
2344 2000 2674 2071 acquirenda
2705 2016 2810 2055 non
2848 2000 3081 2067 inhiant,
3106 2000 3199 2056 sed
3243 2017 3363 2071 qua:
3405 2017 3499 2057 sua
3544 2012 3695 2067 sunt.

2102 2090 2282 2145 tenaci
2307 2091 2552 2147 custodia
2599 2100 2855 2161 tanquam
2886 2091 3101 2148 Cereris
3146 2108 3300 2148 sacra
3347 2103 3690 2149 conservant.

2102 2183 2462 2238 Teterrimum
2504 2192 2685 2237 autem
2736 2198 2907 2253 genus
2951 2191 3035 2238 est
3077 2199 3264 2239 eorum
3308 2184 3399 2254 qui
3429 2192 3485 2239 et
3514 2184 3700 2239 aliena-

2102 2275 2331 2344 turpiter
2362 2275 2627 2338 aittbiunt,
2659 2283 2711 2328 ct
2738 2289 2858 2343 qua:
2882 2272 2994 2342 jam
3028 2274 3110 2329 sui
3138 2274 3278 2344 juris
3307 2283 3432 2330 sunt
3473 2274 3688 2332 sordida

2103 2365 2391 2419 tenacitate
2442 2366 2773 2420 custodiunt.
2837 2364 3056 2435 Pejores
3110 2364 3319 2421 scilicet
3366 2366 3690 2421 draconibus

2100 2453 2425 2527 Babyloniae,
2459 2456 2574 2525 qui,
2624 2455 2749 2510 licet
2782 2456 3043 2510 inﬁnitam
3092 2457 3209 2510 auri
3255 2457 3573 2526 argentique
3608 2457 3691 2511 di-
3788 2530 3793 2533 τ

2100 2554 2294 2601 cantur
2317 2561 2535 2601 servare
2564 2546 2892 2616 congeriem,
2930 2546 3057 2600 nulli
3092 2556 3266 2602 tamen
3292 2547 3564 2617 pr0priam
3606 2547 3689 2601 di-

2099 2638 2302 2707 ripiunt
2330 2637 2640 2693 facultatem
2669 2647 2760 2693 :et
2790 2639 3029 2693 contenti
3060 2638 3215 2707 quasi
3239 2639 3471 2708 propriis
3495 2638 3695 2707 rebus,

2099 2745 2204 2784 non
2236 2730 2447 2784 inhiant
2478 2729 2687 2784 alienis.
2728 2728 2898 2784 Porro
2926 2738 3103 2783 autem
3136 2729 3264 2797 quid
3304 2728 3432 2782 mihi
3455 2743 3683 2797 congre-

2096 2839 2225 2894 gare
2250 2823 2484 2890 divitias,
2511 2839 2648 2893 quas
2669 2839 2843 2893 neque
2868 2823 2974 2878 huc
3019 2823 3310 2893 quispiam,
3336 2824 3461 2877 dum
3506 2824 3685 2892 ingre-

2098 2917 2335 2979 dereutr,
2370 2917 2620 2983 advexit;
2671 2932 2846 2986 neque
2883 2916 3130 2971 comitari
3186 2924 3437 2986 poterunt
3467 2918 3534 2971 de
3577 2930 3679 2971 5.1.-

2096 3007 2216 3062 culo
2245 3002 2587 3062 recedentem
2611 3008 2634 3061 ?
2657 3007 2812 3062 Unde
2858 3007 2988 3061 dicit
3017 3006 3302 3075 Apostolus
3329 3024 3341 3059 :
3374 3024 3391 3057 ι
3427 3006 3570 3061 Nihil
3600 3005 3682 3061 in-

2099 3098 2316 3153 tulimus
2362 3099 2413 3152 in
2449 3096 2595 3154 hunc
2641 3097 2920 3161 mundum,
2972 3097 3111 3152 haud
3159 3098 3378 3152 dubium
3424 3097 3559 3167 quia
3584 3111 3684 3151 nec

2096 3186 2310 3244 auferre
2355 3189 2482 3258 quid
2511 3204 2837 3258 possumus;
2884 3188 3146 3242 habentes
3181 3198 3359 3243 autem
3402 3188 3678 3249 alimenta.

2094 3288 2144 3335 et
2169 3279 2364 3349 quibus
2391 3287 2655 3347 tegamur,
2691 3278 2774 3333 his
2800 3278 3037 3331 contenti
3067 3276 3253 3331 simus.
3283 3276 3414 3329 Nam
3445 3277 3536 3345 qui
3582 3292 3680 3331 vo-

2093 3368 2211 3424 lunt
2232 3369 2424 3422 divites
2449 3368 2588 3429 ﬁeri,
2614 3367 2855 3422 incidunt
2888 3366 2939 3418 in
2966 3366 3316 3420 tcutatiouem
3353 3374 3405 3418 et
3426 3364 3677 3434 laqueum

2093 3459 2311 3521 diaboli,
2337 3468 2391 3512 et
2417 3456 2682 3513 desideria
2733 3454 2898 3510 multa
2948 3454 3156 3508 inutilia
3214 3463 3270 3509 et
3318 3454 3529 3519 nociva,
3558 3470 3678 3523 qua

2091 3556 2340 3619 mergunt
2370 3547 2615 3602 homines
2654 3546 2706 3599 in
2760 3544 3035 3598 interitum
3074 3553 3129 3597 et
3162 3542 3536 3613 perditionem.
3563 3542 3675 3599 Ila-

2092 3639 2180 3692 dix
2224 3637 2367 3693 enim
2411 3636 2652 3691 onmium
2704 3633 2966 3689 malorum
3016 3643 3101 3689 est
3144 3634 3410 3704 cupiditas
3437 3674 3453 3699 ,
3511 3649 3674 3704 quam

2092 3728 2308 3797 quidam
2338 3735 2673 3796 appetentes,
2703 3733 3021 3780 erraverunt
3043 3739 3072 3778 a
3095 3724 3218 3791 ﬁde,
3249 3734 3303 3779 et
3332 3725 3685 3783 inseruerunt

2090 3836 2149 3877 se
2176 3819 2449 3875 doloribus
2480 3817 2731 3890 tnnltis(I
2767 3818 2900 3872 Tim.
2933 3816 3023 3885 vt).
3047 3836 3065 3870 ι
3131 3822 3139 3829 ’

2697 3909 2925 3965 CAPUT
2979 3908 3064 3963 IV.

2306 4000 2477 4066 Quam
2504 4000 2570 4054 sit
2589 4000 2934 4068 perniciosum
2964 3998 3173 4052 divitias
3193 4008 3452 4069 appetere.

2159 4089 2296 4157 Quid
2326 4106 2457 4162 ergo
2486 4090 2681 4144 mirum
2713 4090 2854 4160 quod
2906 4090 3154 4159 superius
3198 4089 3457 4155 diximus,
3505 4105 3693 4146 avaros

2089 4182 2221 4235 nihil
2255 4197 2375 4237 esse
2405 4181 2709 4245 scelestius,
2737 4196 2858 4235 cum
2886 4180 3099 4234 dicatur
3133 4180 3374 4234 omnium
3408 4180 3692 4236 malorum

2091 4272 2239 4326 radix
2267 4285 2387 4326 esse
2409 4270 2712 4340 cupiditas?
2730 4270 2784 4325 In
2817 4286 2924 4340 quo
2966 4270 3108 4326 enim
3143 4270 3297 4326 radix
3321 4279 3405 4325 est
3430 4272 3679 4326 omnium

2088 4361 2377 4420 malorum.
2414 4361 2497 4415 ille
2528 4370 2925 4431 consequenter
2972 4361 3210 4415 omnium
3254 4360 3518 4416 malorum
3546 4377 3685 4417 reus.

402 4472 534 4526 ergo
571 4459 934 4526 proderitnon
964 4459 1251 4515 occidere?
1280 4475 1385 4513 non
1411 4460 1711 4515 mmchari?
1750 4476 1855 4515 non
1900 4475 1985 4515 ra-

2096 4465 2207 4506 esse
2234 4450 2612 4516 convincitur;
2647 4450 2770 4520 quia
2797 4465 3025 4520 quorum
3047 4450 3211 4508 habet
3236 4451 3289 4506 in
3323 4452 3405 4507 sui
3434 4453 3691 4524 pectoris.

402 4551 568 4619 pere?
595 4567 698 4604 non
713 4551 944 4620 denique
958 4549 1168 4620 perjura
1177 4566 1232 4605 re
1244 4552 1266 4604 ?
1279 4551 1677 4621 immunemque
1691 4560 1740 4606 te
1762 4566 1985 4621 prorsus

402 4658 435 4696 a
477 4645 685 4698 cunctis
719 4644 1035 4700 criminibus
1078 4644 1389 4700 custodire?
1440 4645 1730 4700 dummodo
1781 4645 1825 4700 si
1869 4660 1899 4700 a
1934 4656 1986 4701 te

398 4734 624 4788 avaritia
656 4750 761 4790 non
789 4735 1097 4806 expellitur,
1124 4735 1258 4790 nihil
1288 4743 1340 4792 te
1364 4735 1594 4808 nequius
1617 4774 1634 4802 ,
1666 4734 1800 4790 nihil
1852 4748 1979 4791 sce-

400 4823 589 4880 lestius
618 4826 904 4896 reperitur.

1016 4915 1245 4973 CAPUT
1265 4916 1349 4972 Ill.

934 5006 1075 5074 Quid
1112 5008 1181 5063 sit
1201 5007 1448 5062 avaritia.

466 5095 567 5151 Eat
599 5110 731 5168 ergo
796 5112 994 5152 avarus
1020 5138 1036 5165 ,
1080 5098 1319 5167 parietes
1352 5094 1603 5151 Ecclesia:
1674 5101 1975 5159 construat,

392 5186 573 5241 studio
613 5188 1018 5258 praedicationis
1069 5188 1333 5253 insistat,
1382 5186 1707 5241 dissidentes
1746 5185 1798 5239 in
1846 5199 1979 5253 pace

392 5276 748 5342 confmderet,
785 5279 1084 5334 titubantes
1112 5278 1165 5332 in
1227 5276 1508 5331 catholicae
1566 5273 1688 5329 ﬁdei
1746 5273 1977 5329 veritate

393 5369 704 5435 conﬁrmet,
736 5368 1026 5425 oﬁ‘erendis
1053 5367 1294 5438 quotidie
1314 5365 1600 5421 sacriﬁciis
1612 5364 1683 5420 sit
1711 5364 1974 5429 intentus,

392 5473 424 5510 a
450 5459 678 5528 negotiis
699 5458 1049 5513 szecnlaribus
1071 5458 1143 5512 sit
1170 5466 1441 5522 remotus;
1468 5455 1642 5510 donec
1692 5463 1869 5508 tamen
1922 5453 1975 5507 in

391 5562 460 5602 eo
488 5549 651 5604 ardor
676 5549 917 5603 avaritia:
944 5565 1053 5604 non
1074 5548 1439 5619 exstinguitur
1457 5588 1472 5612 ,
1499 5546 1683 5603 omnis
1714 5544 1814 5600 llos
1859 5544 1965 5598 vir-

393 5646 568 5693 tutum
604 5640 720 5709 ejus
743 5640 1013 5703 exuritur,
1045 5648 1099 5693 et
1124 5639 1301 5694 nullus
1318 5655 1383 5694 eo
1405 5637 1747 5693 criminosior
1772 5634 1979 5690 inveni-

394 5738 501 5781 tur.
570 5728 860 5783 Euimvero
901 5738 1184 5791 postquam
1249 5728 1526 5789 Scriptum
1566 5727 1766 5791 posuit.
1810 5741 1974 5782 avaro

2088 4556 2218 4613 agro
2246 4541 2505 4604 radicem,
2535 4555 2641 4595 non
2670 4548 2847 4610 potest
2878 4549 3196 4595 venenatam
3220 4542 3396 4598 vitare
3422 4544 3668 4614 propagio

2090 4644 2232 4685 nem.
2271 4629 2379 4684 Nec
2408 4630 2840 4699 praetereundum
2871 4630 3014 4700 quod
3044 4632 3155 4685 ait:
3186 4649 3205 4682 ι
3243 4631 3415 4698 Quam
3445 4634 3691 4703 quidam.

2079 4723 2420 4786 appetentes,
2445 4720 2769 4775 erraverunt
2786 4713 2947 4770 allde
2971 4711 3189 4784 (Ibid.)r
3205 4715 3503 4784 Nimirum.
3524 4720 3671 4776 sicut

2083 4808 2331 4878 proditor
2365 4804 2705 4874 Salvatorish
2723 4809 2853 4878 qui,
2876 4815 2935 4862 ut
2987 4810 3195 4877 exigua:
3221 4824 3452 4867 summa:
3478 4814 3662 4883 perci-

2084 4908 2238 4970 peret
2253 4898 2751 4969 quantitatem.sub
2765 4899 3055 4955 venalitate
3074 4902 3522 4962 distraxitrerutn
3543 4919 3665 4964 om-

2081 4993 2232 5049 nium
2250 4990 2621 5058 Conditorem,
2639 5002 2711 5056 et.
2735 4991 2965 5062 provilis
2984 5006 3173 5050 amore
3185 4995 3665 5066 pecunim,.aucluc
3686 5040 3693 5046 .

2082 5100 2197 5141 rem
2234 5082 2458 5140 tradidit
2483 5084 2604 5138 vita:
2630 5083 2850 5156 (Matth.
2884 5082 3059 5151 xxvi.)
3088 5082 3243 5138 Sicut
3263 5084 3408 5138 enim
3440 5083 3659 5139 Balaam

2084 5174 2227 5231 ﬁlius
2254 5175 2393 5232 Beor
2426 5172 2617 5244 (Nam.
2646 5172 2807 5244 XXII),
2838 5174 3099 5247 qui,,dum
3146 5175 3213 5230 ad
3258 5174 3500 5246 pecunia:
3544 5189 3694 5246 quae.

2082 5265 2409 5321 offerebatur
2443 5263 2616 5324 inhiat
2642 5274 2930 5335 quaestum,
2957 5264 3052 5320 Dei
3106 5263 3211 5318 ﬁde
3240 5271 3569 5337 contempta,
3596 5264 3687 5319 de-

2080 5354 2356 5414 lsraelitici
2393 5354 2574 5428 populi
2607 5355 2757 5409 dedit
2785 5353 2940 5410 ruina
2974 5354 3279 5409 consilium.
3321 5352 3481 5412 ﬂauo
3502 5352 3670 5424 plane

2080 5446 2299 5520 quidam
2333 5461 2438 5500 non
2470 5444 2878 5499 contemnenda
2907 5443 3248 5497 auctoritatis
3290 5442 3389 5496 viri
3440 5443 3662 5497 tradunt

2079 5539 2216 5610 (ride
2242 5534 2749 5592 sclroliaad’calrem
2777 5534 3057 5603 opusculi),
3106 5533 3261 5588 Heliu
3306 5534 3470 5589 fuisse
3495 5535 3657 5589 Busi-

2082 5638 2172 5683 ten
2200 5628 2265 5682 de
2290 5626 2546 5696 progenie
2574 5624 2784 5679 scilicet
2805 5623 2935 5686 an,
2968 5625 3057 5694 qui
3089 5626 3357 5679 secundus
3386 5625 3527 5680 ﬁlius
3559 5625 3667 5681 fuit

2082 5719 2295 5775 Nachor
2324 5718 2511 5774 fratris
2548 5716 2838 5773 Abraham.
2874 5716 2976 5785 Qui
3027 5718 3275 5775 vidcl.cot
3325 5718 3479 5774 Ilelin
3510 5719 3561 5773 iu
3594 5718 3660 5775 li-
