4074 6190
330 314 338 322 ’
365 337 472 397 ss:

830 337 887 394 S.
922 336 1126 395 PETRI
1165 335 1452 393 DAMIAM
1486 336 1639 394 OPP.
1676 334 1912 394 TOMUS
1948 335 2079 393 εει]
2111 333 2291 393 PARS
2316 334 2401 392 Ill.
2428 330 2882 391 —OPUSCULA
2918 332 3157 390 V‘Aliu.

3515 330 3675 390 356’

360 459 465 513 bro
491 451 551 507 Β.
575 452 676 510 Job
694 454 810 524 ejus
833 454 1040 507 amicus
1061 452 1259 506 dieitur
1284 451 1559 507 exstitisse
1586 450 1709 521 (Job
1732 450 1943 519 xxxii);
1976 454 2024 513 Α
2053 463 2230 503 causa:
2250 447 2546 517 negotium,
2563 445 2767 500 nulhnn‘
2786 446 2926 516 pacti
2943 452 3067 499 sunt
3089 445 3429 500 commodum
3456 463 3470 513 ;
3494 457 3644 518 post-

365 549 617 619 quoniam
650 548 912 618 propheta
945 546 1139 609 fuerat,
1167 553 1225 598 et
1268 544 1529 614 spiritalis
1572 543 1756 615 gratia:
1796 557 1950 598 neve-

364 639 561 693 latione
589 635 859 707 pollebat;
903 634 997 689 sed
1038 634 1166 688 dum
1197 634 1439 687 avaritia:
1482 633 1735 702 paulatim
1783 631 1950 687 decli-

365 735 548 783 nassct
594 728 646 781 in
688 726 895 789 vitium,
928 727 1010 779 'de
1059 725 1320 794 propheta
1372 725 1550 779 factus
1596 722 1821 786 ariolus,
1878 722 1946 776 de

364 820 535 874 ariolo
561 833 857 873 conversus
882 818 1197 886 prohibetur
1246 817 1303 870 in
1349 832 1586 886 magum.
1634 816 1773 870 Ecce
1815 814 1949 883 quid

365 908 613 964 utilitatis
656 907 896 963 conferat
927 906 1089 978 546
1130 907 1391 971 avaritia;
1447 918 1567 976 qua:
1609 907 1736 959 dum
1784 906 1943 960 fidem

364 1001 675 1056 hominibus
705 1000 865 1066 tollit,
895 1007 1211 1070 prepnelam
1236 1000 1398 1053 vertit
1427 1000 1480 1053 in
1512 1013 1751 1069 magum,
1797 1007 1851 1053 et
1876 1011 1944 1053 ex

361 1090 643 1162 apostolici
671 1090 921 1145 culminis
952 1091 1103 1160 apice
1132 1092 1325 1161 mergit
1372 1091 1425 1145 itt
1457 1096 1744 1145 tartarum.
1795 1088 1944 1143 Nun-

357 1181 486 1249 quid
514 1190 571 1235 et
593 1180 747 1236 Giezi
774 1197 803 1234 a
832 1180 939 1234 fide
972 1196 1079 1235 non
1103 1189 1404 1245 erraverat,
1445 1181 1559 1249 qui,
1586 1181 1713 1235 dum
1744 1195 1941 1252 argen-

359 1281 473 1326 tum
504 1269 744 1326 Naaman
770 1270 1082 1327 offerentem
1118 1273 1449 1342 perciperet,
1482 1273 1683 1329 domini
1725 1273 1806 1327 sui
1834 1272 1945 1341 spi-

359 1363 522 1417 ritum
571 1363 951 1435 suspicabatur
1004 1364 1330 1419 absentem?
1393 1364 1499 1419 Sed
1543 1365 1622 1419 ait
1686 1365 1938 1420 Eliseus:

362 1475 397 1508 ι.
435 1455 624 1510 Nonne
694 1470 790 1511 cor
845 1472 1022 1510 meum
1089 1456 1142 1510 in
1191 1456 1443 1526 praesenti
1508 1467 1667 1521 erat,
1725 1455 1943 1525 quando

360 1560 627 1601 reversus
678 1554 761 1601 est
814 1547 977 1602 homo
1041 1547 1108 1602 de
1159 1563 1325 1601 curru
1374 1560 1473 1603 suo
1537 1548 1591 1602 in
1656 1562 1943 1602 occursum

358 1636 502 1691 tibi?
549 1656 567 1688 ›
601 1635 708 1708 (ιγ
738 1636 863 1706 Reg.
896 1641 973 1705 ν.)
1017 1637 1115 1692 Ubi
1165 1647 1321 1693 caute
1360 1638 1812 1693 considerandum
1859 1647 1943 1693 est

354 1728 505 1797 quia,
555 1728 601 1782 si
655 1727 742 1782 ille
807 1728 1064 1783 multatus
1109 1737 1193 1783 est
1270 1729 1361 1797 qui
1419 1729 1652 1799 pretium
1704 1728 1822 1782 tulit
1873 1728 1942 1783 de

2051 542 2267 597 modum
2290 555 2418 595 vero
2435 548 2695 609 tanquam
2715 554 2745 592 a
2766 538 3099 593 debitoribus
3119 537 3362 607 exigunt,
3380 548 3434 592 et
3453 547 3641 594 extor-

2049 632 2279 705 quendis
2302 630 2825 685 rcmunerationibus
2864 629 3214 683 Vehementer
3249 628 3543 694 insistunt;
3581 629 3633 685 hi

2047 740 2106 781 se
2124 723 2273 780 Giczi
2296 739 2402 778 non
2425 722 2886 777 dubitentcrimen
2912 721 3187 775 incurrere
3214 719 3261 791 (I
3282 718 3319 772 ν
3340 720 3464 791 Reg.
3489 722 3632 794 vui),

2046 815 2163 884 qui,
2194 823 2478 883 postquam
2522 810 2762 866 Naaman
2795 820 3014 864 curatus
3061 819 3165 874 cst,
3191 809 3413 881 jamque
3455 826 3626 866 rever-

2048 912 2186 968 tens,
2215 903 2281 963 de
2300 903 2443 957 dono
2470 902 2528 955 S.
2558 901 2792 972 Spiritus
2818 915 2985 955 ausus
3011 911 3095 955 est
3138 902 3619 972 pecuniampostu-

2045 992 2179 1049 lare.
2212 993 2279 1047 Et
2303 994 2443 1048 sicut
2478 993 2570 1048 ille
2600 1006 2707 1045 non
2749 991 2857 1045 alia
2908 976 3071 1061 quam
3117 991 3277 1061 lepra:
3323 992 3474 1063 plaga
3506 1009 3625 1061 per-

2044 1098 2235 1139 cussus
2261 1092 2366 1148 est,
2392 1098 2512 1153 quae
2541 1083 2789 1138 homines
2820 1082 3133 1136 removebat
3159 1098 3188 1135 a
3220 1083 3445 1145 castris;
3472 1082 3631 1154 547

2044 1174 2123 1231 sic
2155 1175 2257 1230 iste
2288 1191 2393 1230 non
2424 1175 2550 1242 levi,
2583 1174 2676 1229 sed
2705 1173 2854 1228 illius
2896 1172 3016 1227 labe
3058 1172 3401 1242 perfunditur
3447 1173 3632 1228 crimi-

2043 1265 2129 1320 nis
2157 1264 2302 1335 quod
2329 1264 2398 1318 ab
2426 1263 2687 1319 Ecclesia:
2717 1270 2933 1333 separat
2958 1262 3332 1316 sacramentis.

2115 1353 2235 1407 Vidi
2266 1352 2444 1422 plane,
2492 1353 2617 1408 dum
2666 1351 2989 1422 epise0palis
3029 1350 3198 1420 apicis
3238 1350 3420 1405 officio
3446 1349 3635 1421 funge-

2044 1455 2195 1502 retur
2225 1446 2361 1517 (22),
2404 1444 2696 1516 quemdam
2742 1444 2811 1500 de
2860 1442 3119 1497 fratribus
3164 1443 3384 1505 nostris,
3436 1457 3630 1497 nomen

2043 1538 2259 1608 quidem
2295 1538 2595 1609 supprimo,
2634 1537 2821 1592 vitium
2856 1546 3003 1601 noto,
3035 1537 3124 1605 qui
3156 1536 3235 1591 sic
3287 1536 3629 1591 subsultabat

2042 1639 2205 1699 atque
2260 1628 2565 1697 gliscebat,
2614 1629 2738 1683 dum
2783 1626 3064 1697 prmfixum
3105 1626 3375 1697 synodalis
3418 1626 3629 1680 concilii

2044 1728 2254 1789 tempus
2291 1719 2597 1784 insisteret,
2646 1734 2711 1773 ac
2776 1717 2820 1772 si
2870 1718 3077 1771 tritura:
3127 1717 3241 1771 sive
3291 1718 3633 1772 vindemialis

354 1818 555 1871 virtute
582 1818 879 1888 propheta},
906 1808 1012 1888 quo
1043 1827 1201 1888 pacto
1230 1820 1352 1889 quis
1378 1798 1575 1874 audeat
1597 1820 1827 1875 vendere
1846 1818 1938 1888 ju-
1969 1798 2014 1857 B
2043 1818 2336 1879 proventus
2366 1808 2628 1863 articulus
2662 1808 2989 1862 immineret.
3022 1807 3349 1876 Accingebat
3385 1807 3527 1862 enim
3573 1822 3631 1861 se

355 1909 555 1964 dicium
587 1909 784 1979 papze?
821 1927 839 1959 ο
875 1909 1167 1979 Accepisti,
1192 1910 1365 1979 inquit
1394 1910 1625 1975 Eliseus,
1656 1913 1941 1980 argentum

354 2007 411 2054 et
445 2009 641 2065 vestes,
670 2009 729 2054 ut
755 2014 904 2055 emas
932 2000 1127 2055 oliveta
1158 2010 1214 2056 et
1260 2002 1477 2067 vineas,
1510 2015 1641 2057 oves
1669 2011 1723 2056 et
1751 2003 1938 2066 boves,

353 2108 543 2148 servos
565 2102 620 2149 et
646 2094 871 2148 ancillas
901 2112 914 2160 ;
958 2095 1051 2150 sed
1082 2105 1137 2151 et
1166 2095 1313 2166 lepra
1350 2096 1587 2151 Naaman
1640 2097 1941 2153 adhaerebit

282 2232 285 2233 ν
355 2182 450 2238 tibi
488 2194 543 2238 et
573 2186 765 2239 semini
805 2195 896 2240 tuo
927 2186 978 2240 in
1012 2188 1400 2258 sempiternum
1427 2189 1641 2260 (Ibid.).
1679 2208 1697 2240 ι

388 2277 540 2331 .Duo
584 2278 742 2348 plane
790 2279 1103 2337 simoniaca:
1154 2282 1428 2339 haereseos
1466 2285 1810 2353 reperiuntur
1844 2301 1939 2340 au-

352 2379 557 2437 ctores,
583 2388 722 2427 unus
754 2372 806 2426 in
839 2372 1019 2428 Veteri
1054 2374 1425 2441 Testamento,
1482 2378 1620 2432 alter
1664 2378 1716 2432 in
1746 2378 1895 2433 Novo
1918 2422 1933 2445 ,

353 2476 475 2530 quae
517 2462 680 2516 etiam
713 2463 818 2517 duo
854 2462 1275 2520 simoniacorum
1324 2481 1523 2536 genera
1572 2466 1934 2537 perfecerunt,

351 2553 700 2609 vendentium
748 2556 974 2621 scilicet,
1019 2567 1074 2612 et
1115 2561 1433 2613 ementium.
1482 2558 1632 2615 Giezi
1670 2562 1936 2631 siquidem

352 2645 551 2699 donum
584 2647 755 2700 sancti
798 2646 1031 2716 Spiritus
1061 2649 1303 2703 vendidit
1331 2648 1436 2719 (IV
1480 2650 1608 2720 Reg.
1636 2654 1712 2720 v),
1746 2651 1933 2707 Simon

350 2734 539 2806 Magus
587 2752 903 2807 comparare
943 2740 1167 2795 tentavit
1199 2740 1337 2810 (Act.
1381 2743 1519 2813 vin).
1558 2743 1663 2798 Nec
1708 2744 1795 2798 ille
1843 2760 1931 2799 so-

349 2822 628 2880 lummodo
657 2828 917 2883 dicendus
942 2836 1025 2883 est
1076 2829 1547 2901 simoniacus,.qui
1581 2835 1675 2887 dat
1726 2835 1808 2889 vel
1848 2848 1934 2888 ac-

2040 1902 2356 1957 muneribus
2382 1901 2725 1971 colligendis,
2755 1900 2821 1953 ad
2853 1915 2989 1969 quos
3036 1900 3222 1968 utique
3265 1899 3633 1968 prmcidcndos

2039 2007 2146 2047 non
2178 1992 2350 2046 aciem
2384 1990 2537 2055 ferri,
2570 1990 2664 2045 scd
2713 1989 2906 2043 falcem
2940 1987 3237 2041 exacucbat
3275 1986 3495 2057 eloquii,
3537 1987 3628 2056 qui

2038 2082 2201 2136 etiam
2236 2080 2397 2149 huius
2423 2079 2630 2135 fraudis
2655 2079 2856 2134 habere
2882 2078 3085 2147 pseudo
3110 2078 3391 2132 dicebatur
3416 2084 3632 2145 aposto-

2039 2173 2139 2239 los,
2183 2172 2275 2243 qui
2322 2171 2577 2226 nimirum
2622 2170 2883 2240 pecunias
2925 2169 3051 2223 hine
3082 2168 3204 2222 inde
3252 2168 3629 2232 corradercnt,

2038 2279 2242 2334 easque
2291 2262 2581 2329 marsupiis
2617 2260 2728 2330 jam
2761 2258 3134 2314 cvomentibus
3183 2257 3520 2311 infarcirent.
3565 2254 3624 2311 Si

2037 2356 2161 2426 quis
2192 2364 2375 2410 autem
2406 2353 2536 2407 mihi
2568 2352 2707 2407 forte
2732 2360 3069 2415 succenseat,
3095 2350 3236 2419 quod
3266 2347 3628 2403 consacerdo-

2041 2457 2149 2503 tem
2183 2462 2363 2501 meum
2391 2454 2496 2499 tam
2545 2443 2874 2499 mordacitcr
2911 2441 3323 2513 reprehendam,
3367 2439 3625 2495 Joannem

2037 2539 2294 2608 corripiat
2339 2546 2394 2593 et
2432 2536 2744 2591 Matthteum
2787 2535 2980 2605 (Joan.
3027 2550 3127 2598 xu,
3177 2548 3298 2598 xm,
3325 2538 3407 2599 et,
3448 2546 3623 2596 xvut;

2037 2632 2226 2686 Manli.
2262 2632 2431 2701 XXVI),
2474 2630 2563 2699 qui
2596 2629 2719 2682 dum
2757 2644 2924 2682 sacra:
2955 2636 3355 2697 prosequuntur
3390 2625 3628 2681 historic

2036 2724 2341 2787 veritatem,
2368 2720 2736 2791 coapostolunt
2767 2736 2922 2774 suum
2950 2720 3194 2788 pecuniis
3223 2720 3516 2773 inhiantem
3542 2734 3631 2771 sa-

2036 2813 2293 2884 crilegum
2319 2813 2601 2882 perhibent
2635 2811 2971 2865 traditorem.
2999 2809 3290 2879 Sperantes
3322 2819 3498 2863 autem
3528 2808 3628 2864 ltu-

352 2916 483 2985 οίρίι
508 2916 575 2972 de
618 2919 786 2973 sacris
814 2920 1092 2976 ordinibus
1120 2923 1352 2991 pretium
1382 2941 1398 2991 ς
1426 2898 1519 2981 se},
1549 2935 1601 2980 et
1630 2928 1721 2996 qui
1750 2929 1934 2983 vena“
2027 2902 2263 2972 jusmodi
2299 2898 2537 2973 qutesttts
2561 2901 2731 2956 hostis
2753 2901 3008 2996 antiquus
3041 2915 3196 2996 saepe!
3216 2899 3442 2996 deludit,
3467 2908 3525 2952 ttt
3548 2898 3627 2951 eis

352 3007 637 3074 synodum,
667 3008 757 3077 qui
804 3008 1056 3065 distrahit
1110 3013 1447 3071 sacerdotale
1488 3016 1772 3086 judicium.
1825 3018 1930 3073 Sed

352 3092 584 3148 fortasse
610 3095 806 3165 aliquis
847 3098 1031 3153 dicat:
1067 3100 1133 3154 Et
1163 3101 1250 3157 ille
1285 3116 1416 3174 ergo
1446 3105 1535 3173 qui
1562 3122 1657 3174 pro
1687 3109 1929 3177 synodali

353 3188 619 3241 sententia
638 3189 937 3259 quidquam
969 3191 1177 3259 tribuit,
1208 3194 1563 3250 simoniacum
1612 3198 1821 3253 crimen
1855 3198 1935 3253 in-

350 3278 563 3333 currit?
595 3278 712 3335 Non
745 3281 848 3336 hoc
882 3281 1112 3338 dixerim
1139 3300 1155 3349 ;
1203 3285 1327 3354 quia
1368 3301 1542 3356 neque
1571 3285 1809 3342 Naaman
1840 3289 1938 3342 dc—

350 3368 532 3440 liquit,
563 3373 688 3426 dum
736 3362 1080 3432 fraudulento
1127 3390 1284 3433 servo
1329 3394 1429 3449 pro
1472 3381 1807 3437 ntundatoris
1853 3382 1936 3437 sui

352 3464 656 3517 reverentia
686 3480 881 3521 munus
914 3468 1126 3523 obtulit.
1156 3468 1314 3523 Aliud
1342 3471 1538 3542 quippe
1578 3481 1680 3534 est.
1707 3473 1939 3542 quamli-

356 3553 447 3605 bet
473 3567 650 3607 causze
672 3570 783 3609 sua:
805 3555 1113 3613 desiderare
1131 3558 1423 3627 justitiam,
1438 3563 1580 3617 aliud
1592 3566 1932 3630 canonicam,

354 3660 475 3713 quae
504 3661 599 3715 per
635 3646 894 3717 Spiritum
943 3661 1191 3706 sanctum
1223 3655 1513 3711 constituta
1556 3667 1660 3720 est,
1694 3654 1933 3711 venalem

351 3734 554 3791 habere
573 3752 877 3794 censuram.
903 3741 969 3795 Et
985 3757 1091 3811 qua
1112 3746 1440 3801 conscientia
1462 3747 1529 3803 de
1548 3748 1937 3819 promulganth

346 3826 621 3896 judicialis
645 3834 927 3890 sententia:
955 3836 1165 3893 calculo
1194 3839 1428 3908 pretium
1468 3842 1735 3897 sumimus
1760 3860 1773 3907 ;
1812 3860 1933 3899 cum

357 3920 468 3986 ille,
497 3925 582 3978 cui
609 3928 966 3996 patrocinium
1012 3933 1203 3990 venale
1251 3937 1579 4005 praebemus,
1634 3948 1726 3993 aut
1767 3938 1932 4008 juste,

351 4023 441 4068 aut
480 4020 771 4073 contendat
798 4020 1034 4090 injuste?
1067 4026 1219 4094 Quod
1250 4028 1296 4082 si
1321 4028 1468 4098 juste
1496 4030 1690 4101 litigat,
1738 4035 1936 4088 verita-

352 4113 463 4158 tem
489 4108 674 4175 procul
699 4109 863 4165 dubio
890 4115 1207 4182 vendimus;
1238 4118 1283 4172 si
1321 4133 1450 4175 vero
1480 4118 1698 4187 injuste,
1746 4130 1933 4179 contra

349 4197 656 4263 veritatem,
688 4216 808 4269 quae
832 4201 1085 4259 Christus
1106 4216 1209 4272 est,
1236 4208 1563 4278 impudentis
1591 4213 1831 4267 audacia:
1856 4223 1933 4268 te—

349 4289 601 4345 meritate
622 4306 940 4361 pugnamus.
968 4295 1104 4351 llinc
1125 4308 1207 4353 est
1222 4302 1362 4368 quod
1380 4301 1433 4354 in
1450 4300 1568 4372 lege
1591 4304 1927 4372 prtecipitur:

352 4396 373 4430 ι
403 4377 556 4435 Juste
590 4384 732 4451 quod
771 4383 975 4452 justum
1018 4397 1124 4452 est,
1171 4393 1483 4461 exsequeris
1513 4393 1690 4463 (Deut.
1727 4395 1859 4465 xvi).
1906 4415 1925 4447 ι

346 4470 545 4538 lnjnste
579 4474 777 4545 quippe
822 4479 966 4545 quod
1027 4477 1232 4545 justum
1291 4492 1375 4537 est
1423 4486 1742 4556 exsequitur
1781 4490 2004 4561 quis-1)

346 4564 467 4633 quis
485 4565 550 4618 ad
573 4565 942 4623 defensionem
961 4569 1187 4638 justitite
1209 4590 1312 4629 non
1331 4576 1547 4632 virtutis
1561 4579 1923 4648 aemulatione,

345 4655 440 4710 sed
466 4671 649 4711 amore
677 4661 885 4727 praemii
912 4664 1223 4733 temporalis
1250 4667 1538 4725 excitatur.
1563 4671 1695 4726 Nam
1728 4672 1926 4742 injuste

345 4749 485 4817 quod
520 4748 725 4817 justum
770 4762 853 4808 est
881 4756 1105 4824 exsequi
1128 4755 1256 4825 jure
1287 4759 1487 4815 dicitur
1516 4763 1607 4832 qui
1655 4762 1921 4834 justitiam

343 4857 506 4910 quam
550 4845 871 4913 praetendit,
918 4850 1230 4905 venundare
1274 4867 1381 4906 non
1436 4864 1676 4910 veretur.
1718 4856 1788 4911 At
1835 4857 1923 4912 ille

342 4934 485 5002 quod
509 4931 715 5003 justum
767 4945 847 4989 est
869 4924 1013 5007 justi:
1045 4941 1305 5009 probatur
1329 4945 1572 5014 exsequi,
1616 4948 1707 5017 qui
1742 4948 1792 5002 in
1836 4964 1921 5003 as-

340 5024 585 5079 sertione
616 5024 839 5093 justitizc
882 5030 955 5083 nil
1003 5031 1148 5086 aliud
1198 5045 1398 5103 praeter
1445 5037 1614 5091 solam
1658 5039 1925 5110 justitiam

337 5116 556 5185 qumrit.
1706 5111 1717 5117 ’

961 5210 1191 5268 CAPUT
1248 5216 1312 5270 V.

344 5328 498 5394 Quod
531 5331 804 5413 sintoniaei
832 5345 949 5389 sunt
979 5353 1083 5413 rion
1128 5337 1295 5392 solum
1330 5341 1421 5409 qui
1444 5345 1802 5410 paciscuntur,
1830 5346 1921 5398 sed

519 5406 672 5455 etiam
696 5406 783 5474 qui
803 5408 1075 5473 pecuniam
1101 5424 1201 5461 non
1223 5406 1427 5477 partem
1444 5406 1736 5480 postulant.
1791 5406 1799 5409 ’
1942 5424 1943 5427 ‘

414 5510 479 5562 Et
527 5515 651 5579 quia
688 5527 812 5571 sunt
852 5521 1097 5576 nonnulli
1139 5524 1230 5592 qui
1276 5524 1359 5579 vel
1396 5534 1685 5596 antequam
1735 5506 1941 5583 cosse?

343 5602 601 5658 crationis
643 5608 931 5663 exhibeant
975 5612 1354 5678 ministerium,
1398 5616 1479 5670 vel
1523 5627 1648 5671 ante
1678 5618 1915 5675 decisum

2035 2998 2341 3055 nullatenus
2386 2996 2602 3066 impleat
2660 2995 2802 3065 quod
2851 2996 3116 3067 promisit.
3167 2984 3312 3050 Sicut
3360 2994 3502 3048 enim
3533 3009 3628 3048 au-

2038 3104 2201 3159 cupes
2253 3088 2568 3157 accipitrem
2628 3087 2695 3141 ad
2738 3100 2917 3151 eseam
2958 3086 3139 3140 carnis
3179 3085 3460 3139 blandiens
3504 3099 3626 3154 pro-

2038 3188 2218 3245 vocat,
2249 3179 2341 3234 sed
2365 3194 2488 3232 mox
2516 3186 2574 3231 ut
2598 3192 2759 3231 manu
2795 3175 3047 3241 tenuerit,
3087 3170 3304 3229 carne'm
3337 3173 3625 3240 subtrahit,

2040 3270 2155 3326 loro
2186 3271 2349 3342 pedes
2373 3270 2623 3340 astringit
2648 3287 2662 3336 ;
2690 3270 2760 3324 ita
2791 3268 3032 3325 diabolus
3059 3270 3234 3339 primo
3266 3268 3483 3338 quidem
3512 3265 3635 3347 pol:

2040 3362 2231 3417 licetur
2256 3361 2660 3430 lucrum,'quod
2697 3360 3038 3430 postmodum
3087 3360 3450 3423 subtrahens,
3495 3371 3623 3429 pec-

2039 3454 2143 3507 cati
2170 3455 2431 3509 duntaxat
2456 3453 2625 3523 injicit
2663 3453 2935 3522 laqueum.
2964 3452 3078 3508 lloc
3108 3452 3290 3522 itaque
3327 3452 3487 3506 modo
3526 3451 3619 3521 qui

2038 3546 2353 3601 muneribus
2384 3546 2578 3611 inhiat,
2610 3554 2867 3613 tanquam
2896 3559 3034 3606 mus,
3081 3544 3207 3599 dum
3235 3558 3415 3597 escam
3440 3557 3623 3598 ωηο·

2038 3638 2167 3692 dere
2221 3638 2433 3700 nititur,
2484 3636 2748 3693 tendicula
2802 3634 3115 3709 suffocatur.
3165 3633 3317 3701 Quod
3364 3635 3618 3690 nimirum

2036 3726 2250 3795 egregie
2280 3724 2530 3793 prmcavit
2576 3724 2799 3793 insignis
2835 3723 2921 3778 ille
2966 3723 3264 3787 Fabricius,
3308 3739 3466 3792 quem
3497 3713 3635 3778 dum-

2037 3814 2274 3884 Pyrrhus
2300 3814 2636 3883 Epirotarum
2665 3828 2777 3875 rex,
2802 3813 3354 3883 adversnsimperinnt
3371 3812 3622 3866 Romana:

2040 3903 2344 3972 reipublica:
2390 3904 2687 3967 dimicans,
2737 3916 2859 3963 esse
2888 3904 3196 3971 pauperem
3246 3901 3618 3970 comperisset,

2035 3992 2327 4047 sollicitare
2353 3992 2535 4060 coepit,
2568 4001 2926 4061 quartamque
2962 3992 3112 4062 regni
3145 3992 3226 4045 sui
3257 4000 3465 4061 partem
3493 3990 3619 4056 sibi,

2036 4083 2080 4136 si
2106 4083 2171 4137 ad
2196 4098 2255 4137 se
2303 4082 2680 4153 transfugeret,
2717 4082 3108 4151 contpromisit.
3154 4080 3306 4148 Quod
3337 4080 3427 4135 ille
3471 4079 3619 4135 dedi-

2034 4183 2229 4242 gnatus
2267 4173 2569 4238 abhorruit,
2613 4182 2685 4236 et,
2720 4173 2914 4241 quovis
2935 4172 3220 4241 gloriosior
3250 4185 3394 4241 rege,
3437 4169 3490 4225 in
3521 4184 3618 4224 sua

2033 4274 2353 4335 paupertate
2399 4264 2712 4334 permansit.
2749 4264 2861 4319 lloc
2907 4264 3091 4335 itaque
3137 4262 3495 4325 Christianus,
3528 4260 3619 4331 qui

2034 4371 2232 4409 avarus
2258 4363 2360 4419 est,
2388 4354 2591 4419 audiat,
2620 4354 2806 4424 sicque
2828 4354 3180 4426 gentilitatem
3225 4367 3379 4407 suam
3408 4360 3463 4408 et
3491 4366 3621 4422 gen-

2036 4446 2143 4501 tilis
2172 4447 2407 4502 hominis
2430 4446 2779 4516 Evangelium
2810 4445 3109 4500 erubescat.
3136 4445 3201 4499 Et
3227 4459 3368 4514 saepe
3393 4444 3493 4499 sub
3516 4444 3619 4497 hac

2031 4535 2329 4590 intentione
2354 4551 2549 4595 munus
2573 4536 2853 4605 accipitur,
2882 4545 2961 4596 ut,
2990 4536 3033 4590 si
3064 4534 3349 4589 munificus
3374 4532 3614 4605 reperia-

2032 4634 2119 4681 tur
2147 4642 2267 4682 esse
2293 4626 2603 4697 culpabilis,
2650 4626 2927 4694 aufugium
2950 4624 3173 4693 justitite
3202 4640 3307 4678 non
3355 4623 3614 4678 lucretur.

2028 4718 2179 4791 Quod
2210 4718 2365 4773 facile
2395 4719 2612 4789 quidem
2661 4719 2923 4790 promitti,
2957 4717 3050 4773 sed
3081 4718 3300 4772 difficile
3349 4716 3489 4770 valet
3519 4719 3618 4773 ἰηι-

2026 4808 2180 4878 pleri.
2207 4808 2457 4878 Acceptis
2484 4809 2682 4877 quippe
2710 4807 3048 4872 muneribus,
3074 4808 3117 4862 si
3148 4817 3337 4862 contra
3364 4806 3610 4861 datorem

2025 4901 2154 4970 quid
2176 4916 2339 4971 agere
2368 4900 2635 4966 volumus,
2664 4916 2787 4955 mox
2830 4902 2885 4955 in
2920 4916 3015 4956 ore
3047 4909 3235 4954 nostro
3275 4900 3437 4955 verba
3484 4899 3614 4954 mol-

2030 4993 2262 5054 lescunt,
2290 4991 2579 5046 locutionis
2602 5007 2827 5045 acumen
2870 4990 3202 5054 obtunditur,
3253 4989 3436 5059 lingua
3484 5005 3613 5059 qna-

2029 5081 2151 5134 dam
2179 5081 2400 5151 pudoris
2426 5082 2798 5139 erubescentia
2833 5081 3172 5153 prrcpetlitttr.
3227 5078 3374 5133 Mens
3418 5079 3613 5149 quippe

2028 5175 2266 5241 percepti
2300 5174 2540 5229 muneris
2568 5175 2806 5239 conscia,
2839 5173 3081 5227 debilitat
3118 5174 3388 5240 judicialis
3416 5184 3609 5226 censu-

2030 5276 2104 5315 ra:
2147 5263 2409 5333 vigorem,
2447 5265 2694 5333 reprimit
2737 5265 3055 5334 eloquentia)
3102 5265 3425 5319 libertatem.
3478 5264 3607 5316 Nam

2029 5361 2083 5404 et
2108 5353 2149 5407 si
2173 5352 2363 5421 judicii
2395 5355 2658 5410 rectitude
2702 5354 2942 5410 funditus
2988 5371 3095 5411 non
3147 5356 3424 5421 adimitur,
3466 5354 3609 5422 judi-

2028 5442 2184 5495 candi
2245 5451 2421 5497 tamen
2474 5445 2769 5499 auctoritas
2825 5455 3132 5499 enervatnr.
3179 5445 3429 5501 NOnnulli
3480 5459 3607 5499 vero

2026 5534 2167 5590 hanc
2198 5535 2339 5589 circa
2373 5550 2432 5591 se
2464 5536 2802 5605 reperiuntur
2829 5536 3029 5591 habere
3061 5538 3380 5605 custodiam,
3425 5545 3483 5591 ut
3519 5530 3607 5606 ju-

2026 5623 2235 5678 dicialis
2262 5625 2435 5679 adhuc
2459 5641 2635 5681 causae
2671 5626 2939 5695 pendente
2971 5638 3189 5700 negotio
3214 5626 3289 5684 nil
3329 5625 3492 5685 etiam
3536 5623 3605 5682 ab

414 5738 525 5811 (9.2)
558 5740 709 5809 Quod
741 5759 843 5798 non
880 5760 1001 5801 vere
1038 5758 1258 5805 sanctus
1284 5748 1472 5805 doctor
1494 5754 1805 5824 episcopatu
1831 5769 1887 5809 se
1919 5754 2197 5825 abdicarit,
2231 5758 2353 5815 licet
2380 5757 2631 5827 voluerit,
2664 5759 2789 5817 alibi
2820 5760 2981 5818 diceet
3003 5777 3082 5819 us.
