4074 6190
478 387 586 445 δῖα·

1383 384 1630 443 OPUSC.
1669 382 1846 442 XXXI
1869 414 1944 429 —
1979 383 2258 444 CONTRA
2297 380 2845 444 PHILARGYRJAM.

3637 395 3757 452 358'

477 504 740 560 offerente
765 502 1060 572 suscipiant
1084 519 1098 568 ;
1129 502 1319 572 sopitis
1337 517 1467 588 vero
1492 502 1696 566 litibus,
1721 501 1889 574 gratis
1913 499 2066 557 obla-
2093 504 2149 564 Α.
2170 498 2466 555 famulatur
2485 471 2778 566 iliegeliris,
2811 503 2936 558 dum
2960 473 3159 560 nonad
3185 516 3482 579 aspectum,
3502 511 3596 567 sed
3626 524 3751 582 post

478 601 534 653 ta
558 610 665 650 non
689 602 964 663 spernant.
992 592 1120 659 Sed,
1135 594 1535 664 emergentibus
1555 594 1756 656 causis,
1781 608 1921 663 saepe
1935 607 2063 647 con-

478 686 602 757 tigit
624 695 703 747 ut,
738 685 880 753 quod
916 698 976 738 se
1001 693 1324 752 putaverant
1347 685 1515 755 gratis
1541 683 1838 754 accepisse,
1867 683 1920 738 in
1946 683 2066 738 aliis

477 787 740 848 cogamur
766 777 998 846 negotiis
1025 791 1380 846 compensare
1404 793 1418 842 ;
1445 775 1701 846 ﬂuviique
1743 774 2064 845 pericuium,

477 872 620 941 quod
649 886 708 926 se
754 877 1106 941 speraverant
1157 869 1438 938 reliquisse
1472 877 1592 938 post
1622 877 1856 938 tergum,
1886 867 2066 938 inspe-

477 970 596 1016 rate
630 974 816 1014 coram
853 975 912 1014 se
957 959 1234 1028 reperiunt
1273 957 1618 1012 enatandum.
1663 956 1775 1010 Hoc
1813 965 1898 1011 est
1934 970 2064 1026 ergo

479 1059 650 1106 tutum
676 1059 733 1106 et
760 1053 1051 1121 integrum,
1085 1057 1163 1114 ut,
1181 1057 1335 1116 juxta
1367 1049 1679 1118 pmphctam
1712 1064 1726 1100 :
1757 1065 1775 1098 ι
1812 1047 2065 1101 Excutia-

478 1158 600 1200 mus
636 1157 828 1218 manus
852 1150 1065 1196 nostras
1093 1141 1160 1195 ab
1203 1140 1350 1194 omni
1399 1155 1657 1200 munere;
1691 1158 1713 1192 ι
1739 1148 1795 1194 et
1835 1137 2064 1194 nocendi

478 1238 591 1292 sive
611 1235 835 1306 juvandi
877 1247 1156 1289 servemus
1203 1232 1360 1286 nobis
1403 1232 1687 1301 ingenuam
1735 1229 2060 1294 libertatem,

477 1337 536 1383 ut
573 1343 679 1382 non
729 1328 1001 1397 litigemus
1049 1324 1150 1380 sub
1197 1326 1459 1381 senitute
1501 1325 1764 1393 pecuniae,
1818 1324 1910 1378 sed
1947 1337 2063 1378 ser-

477 1419 688 1472 viamus
729 1417 786 1470 in
834 1415 1078 1471 libertate
1119 1414 1364 1482 justitize.
1417 1415 1474 1470 Si
1523 1415 1645 1484 quis
1690 1413 1830 1469 forte
1879 1413 2064 1468 dome-

475 1509 623 1562 sticae
695 1505 966 1561 facultatis
1048 1515 1408 1575 conqueratur
1484 1506 1805 1576 angustias,
1877 1505 2062 1565 audiat

475 1597 639 1671 558
681 1605 886 1651 attente
939 1598 1082 1666 quod
1113 1587 1382 1666 (scriptum
1429 1607 1515 1651 cst
1551 1613 1565 1649 :
1622 1614 1641 1645 ι
1677 1593 1904 1664 Propter
1942 1596 2059 1649 ino-

477 1689 799 1759 piauimulti
841 1687 1205 1757 deliquerunt,
1229 1695 1284 1741 et
1334 1687 1425 1756 qui
1472 1686 1668 1755 quaerit
1721 1684 2055 1754 locupletari,

473 1779 670 1834 avertit
705 1777 920 1832 oculum
949 1794 1104 1833 suum
1137 1777 1324 1850 (Eccii.
1348 1780 1539 1846 xxvii).
1573 1797 1590 1831 ι
1617 1777 1673 1832 Si
1695 1792 1823 1848 ergo
1857 1777 1930 1832 illi
1955 1779 2052 1832 de-

2169 602 2375 664 tergent
2401 595 2486 649 sui
2513 597 2836 665 appenditur
2860 600 3208 666 possessoris.
3243 601 3338 656 Cui
3379 620 3483 658 non
3512 605 3748 662 dissimi-

2166 683 2232 738 lis
2259 693 2313 737 et
2343 683 2430 737 illa
2457 685 2696 739 creditur
2726 700 2846 740 esse
2877 686 3143 742 dementia
3162 729 3176 754 ,
3203 689 3328 744 dum
3363 691 3592 749 lectulus
3633 702 3744 749 tam

2165 777 2409 844 operosis
2463 778 2783 831 decussatur
2838 778 3168 848 impendiis,
3241 790 3301 834 ut
3362 793 3741 839 ornamentum

2164 869 2496 922 sacrosancti
2550 868 2874 936 cujuslibet,
2905 871 2988 925 vel
3029 873 3195 927 etiam
3240 874 3408 944 ipsius
3460 878 3742 948 apostolici

2163 959 2437 1029 praecellat
2490 960 2702 1016 altaris.
2742 962 2810 1017 Et
2860 979 3020 1033 quam
3073 966 3287 1022 videtur
3340 969 3629 1027 absurdum
3681 982 3743 1028 ut

2163 1047 2478 1103 stratusille
2502 1049 2811 1120 diligentius
2863 1053 3182 1122 excolatur,
3230 1058 3322 1114 ubi
3367 1061 3744 1129 corruptibilis

2163 1150 2291 1191 caro
2339 1141 2550 1206 soporis
2599 1140 2782 1209 quiete
2831 1142 3140 1210 resolvitur,
3169 1161 3330 1215 quam
3371 1165 3466 1203 ara
3519 1152 3742 1218 crucis,

2163 1227 2216 1280 in
2268 1244 2374 1298 qua
2435 1230 2684 1286 videlicet
2729 1231 2905 1288 hostia
2954 1235 3215 1292 Dominici
3260 1242 3504 1312 corporis
3550 1243 3746 1298 immo-

2163 1317 2335 1373 latur.
2392 1319 2504 1375 lloe
2527 1336 2658 1392 ergo
2685 1322 2843 1378 modo
2871 1339 2993 1379 cum
3047 1328 3313 1384 sobrietas
3369 1330 3540 1387 soleat
3574 1339 3744 1396 jeom-

2161 1411 2420 1466 mendare
2465 1413 2790 1481 pontiﬁces,
2845 1415 3031 1472 ell‘usis
3056 1435 3198 1474 nunc
3227 1420 3420 1491 Opibus
3443 1421 3568 1478 facti
3612 1433 3742 1480 sunt

2166 1503 2468 1560 helluones.
2509 1505 2725 1575 Regalis
2783 1507 2964 1576 itaque
2987 1525 3226 1579 purpura
3253 1511 3399 1582 (vide
3424 1513 3624 1568 scholia
3669 1516 3742 1569 ad

2159 1597 2350 1652 calcem
2433 1597 2759 1668 apusculi),
2833 1600 2958 1670 quia
3013 1601 3258 1655 unicolor
3315 1612 3400 1657 est
3451 1604 3738 1675 vilipcndi-

2159 1685 2341 1746 ditur,
2401 1684 2566 1756 54,9
2637 1685 2797 1756 pallia
2863 1701 2993 1742 vero
3056 1689 3287 1744 diversis
3319 1689 3496 1745 fucata
3549 1692 3743 1748 nitoriu

2158 1775 2261 1829 bus
2290 1774 2357 1829 ad
2385 1776 2635 1830 sublimis
2665 1775 2847 1831 lectuli
2875 1778 3201 1847 deputantur
3227 1789 3497 1837 ornatum.
3521 1782 3587 1837 Et
3615 1798 3740 1839 cum

471 1867 719 1936 linquunt
746 1867 836 1936 qui
894 1868 975 1921 rei
1031 1866 1314 1921 familiaris
1345 1867 1577 1936 inopiam
1623 1868 1923 1935 perferunt,
1958 1867 2048 1936 qui
2083 1859 2125 1918 Β
2152 1867 2435 1922 domestici
2461 1868 2692 1922 murices
2715 1871 2919 1923 nostris
2943 1871 3250 1941 aspectibus
3272 1872 3544 1933 sordeam.
3566 1883 3742 1932 trans-

469 1971 534 2012 ea
578 1973 793 2028 quoque
846 1973 966 2027 quae
1036 1957 1203 2011 victui
1269 1967 1395 2012 sunt
1454 1957 1781 2020 necessaria,
1835 1956 2047 2010 sibimet

464 2046 656 2104 deesse
685 2049 1051 2119 conspiciunt;
1081 2050 1149 2114 si,
1181 2049 1422 2119 inquam,
1455 2057 1510 2103 et
1534 2049 1619 2103 isti
1651 2057 1898 2118 peccant,
1922 2047 2048 2101 dum

465 2141 814 2209 acquirendis
865 2141 1025 2196 rebus
1087 2156 1192 2195 non
1242 2139 1524 2210 supernuis
1584 2140 1678 2194 sed
1729 2139 2050 2195 necessariis

465 2239 690 2284 testnant
711 2247 725 2292 ;
750 2230 893 2300 quod
925 2229 1029 2284 illis
1053 2229 1315 2299 judicium
1342 2230 1435 2299 qui
1485 2229 1550 2282 ad
1587 2229 1688 2284 hoc
1739 2227 1904 2282 ditari
1932 2243 2048 2282 ιιιοά

465 2318 668 2373 liuntur
694 2319 1026 2374 utemuant?
1056 2330 1112 2373 ιιι
1157 2320 1400 2375 diversas
1450 2319 1791 2374 metallorum
1840 2318 2050 2387 species

464 2417 522 2465 et
541 2411 776 2464 olmoxia
805 2411 965 2466 tineis
992 2411 1311 2466 vestimenta
1339 2410 1680 2466 recondam?
1708 2408 1916 2477 Quibus
1941 2418 2050 2464 ter-

461 2499 696 2555 ribiliter
733 2501 986 2556 intonans
1036 2500 1271 2557 Jacobus
1319 2503 1681 2556 comminatur
1725 2500 2044 2571 apostolus:

465 2608 488 2644 ε
522 2590 704 2661 Agite,
727 2592 919 2661 inquit,
945 2608 1087 2647 nunc
1115 2593 1335 2657 divites,
1365 2602 1419 2647 et
1449 2592 1655 2662 plorate
1685 2591 1961 2646 ululantes
1993 2591 2046 2645 in

461 2686 702 2740 miseriis
747 2702 868 2756 ψιω
916 2687 1205 2741 advenient
1253 2687 1405 2741 vobis
1457 2685 1605 2756 (Jac.
1658 2685 1736 2756 v).
1775 2705 1794 2737 ι
1841 2685 2047 2753 Quibus

462 2775 780 2844 praemissis,
815 2785 871 2830 et
898 2763 1130 2831 causam
1159 2785 1358 2846 pratsto
1409 2775 1682 2846 subiungit
1707 2795 1720 2830 :
1750 2779 1796 2846 ξι
1836 2776 2046 2830 Divitiae

461 2877 654 2922 veStra:
684 2867 998 2937 putrefacta:
1037 2879 1184 2933 sunt,
1215 2868 1534 2923 vestimenta
1568 2877 1747 2924 vestra
1804 2883 1831 2922 a
1885 2868 2045 2924 tineis

458 2966 696 3011 comesta
723 2966 868 3022 sum,
901 2973 1094 3014 aurum
1147 2968 1203 3012 et
1231 2965 1515 3029 argentum
1556 2965 1796 3012 vestrum
1851 2957 2045 3028 aarugi-

460 3047 626 3107 navit,
651 3056 702 3101 et
727 3062 907 3118 :rrugo
929 3061 1116 3102 eorum
1159 3048 1211 3102 in
1243 3048 1612 3104 testimonium
1643 3047 1794 3101 vobis
1816 3047 1922 3100 erit
1945 3084 1961 3111 ,
1989 3054 2044 3100 et

459 3138 803 3192 manducabit
827 3154 1020 3193 carnes
1039 3148 1248 3194 vestras
1271 3139 1413 3193 sicut
1434 3139 1607 3208 ignis;
1634 3135 2043 3192 thesaurizastis

455 3229 600 3283 enim
633 3229 782 3284 vobis
813 3229 949 3284 iram
981 3229 1034 3284 in
1062 3230 1371 3285 novissimis
1402 3230 1590 3284 diebus
1621 3225 1827 3299 (ibid).
1869 3247 1888 3280 ι

1068 3341 1296 3397 CAPUT
1324 3341 1411 3397 Vl.

455 3429 613 3498 Quod
641 3433 838 3487 divitia:
867 3450 971 3488 non
1029 3444 1343 3558 apptiitqntur
1397 3434 1467 3488 ad
1537 3435 1896 3504 indigentiam,
1946 3435 2038 3489 sed

1105 3522 1136 3557 α
1218 3521 1399 3558 uxum.

1105 3521 1173 3558 aa
1196 3521 1399 3560 taxum.

525 3593 694 3649 Porro
724 3603 904 3648 autem
925 3596 1016 3665 qui
1039 3596 1304 3667 ejusmodi
1331 3604 1476 3661 sunt,
1510 3612 1616 3651 non
1647 3597 1712 3651 ad
1762 3597 1867 3652 hoc
1906 3613 2039 3653 con-

451 3698 756 3759 queruntur
807 3689 1040 3760 inopiam
1072 3699 1133 3745 ut
1177 3690 1527 3758 indigentiam
1554 3699 1761 3746 natura:
1799 3691 2038 3746 necessi-

453 3791 626 3836 tatum
656 3782 1042 3838 sustentaculis
1071 3781 1296 3837 fulciant
1321 3799 1335 3847 ;
1363 3783 1456 3838 sed
1480 3791 1533 3836 ut
1570 3783 1776 3838 turrita:
1808 3782 2036 3852 dapibus

452 3873 635 3929 lances
659 3876 836 3930 indica
867 3875 1139 3946 pigmenta
1172 3874 1471 3939 redoleaut,
1501 3883 1560 3928 ut
1616 3875 1669 3928 in
1701 3874 2034 3946 crystallinis

452 3966 693 4021 vasculis
721 3967 1018 4021 adulterata
1078 3967 1238 4022 melle
1271 3966 1396 4020 vina
1446 3964 1762 4020 ﬂavescunt.
1810 3965 1890 4019 Ad
1921 3964 2025 4018 hoc

451 4065 603 4110 certe
626 4057 780 4110 ditari
799 4056 1020 4125 cupiunt
1041 4065 1121 4122 ut,
1152 4069 1475 4126 quocunque
1507 4054 2030 4123 deveniunt,pr:esto

447 4145 755 4202 cubiculum
795 4146 1038 4215 operosis
1086 4153 1141 4200 et
1167 4145 1491 4200 mirabiliter
1514 4144 1673 4198 textis
1693 4144 2028 4199 cortinarum

449 4235 692 4307 phaleris
716 4236 958 4302 induant,
997 4237 1182 4307 sicque
1228 4237 1465 4307 parietes
1519 4237 1709 4289 domus
1749 4234 1817 4288 ab
1859 4232 2030 4288 oculis

443 4326 774 4384 intuentium
839 4337 1092 4398 tanquam
1142 4328 1507 4397 Sipeliendum
1557 4326 1791 4381 cadaver
1841 4323 2030 4380 obvol-

447 4429 602 4473 vant.
633 4417 748 4472 Mox
775 4419 934 4474 etiam
960 4419 1153 4493 tapetis
1178 4419 1514 4490 prodigiosas
1538 4419 1805 4489 imagines
1827 4417 2028 4488 praefe-

449 4508 700 4563 rentibus
724 4510 910 4564 sedilia
951 4519 1222 4575 sternunt,
1281 4511 1704 4580 peripetasmata
1760 4509 2030 4580 laqueari-

444 4600 568 4661 bus,
602 4616 670 4670 ne
697 4601 822 4670 quid
848 4603 1130 4657 occiduum
1158 4601 1459 4661 delabatur.
1484 4611 1791 4671 Opponuut;
1837 4602 1956 4655 dein
1982 4601 2027 4652 ie

440 4689 723 4743 clientium
755 4692 907 4744 turba
935 4691 1212 4746 dividitur.
1244 4691 1346 4745 Alii
1380 4691 1647 4760 siquidem
1687 4691 1907 4745 domino
1929 4703 2028 4742 suo

442 4790 761 4836 reverenter
795 4783 1076 4846 assistunt,
1104 4793 1399 4853 nutumque
1438 4783 1554 4852 ejus
1617 4782 1662 4836 si
1716 4782 1842 4852 quid
1888 4764 2028 4834 iortc

431 4869 721 4937 jniwatur,
756 4873 971 4926 curiosa
1003 4873 1188 4938 nimis,
1235 4873 1379 4928 velut
1426 4873 1710 4928 rimatores
1766 4873 2022 4934 siderum,

434 4961 828 5017 observatione
852 4965 1184 5019 custodiunt.
1228 4963 1331 5017 Alii
1358 4963 1579 5017 Martha:
1607 4962 1905 5016 ministerio
1928 4963 2024 5031 de-

440 5052 569 5118 diti,
600 5053 1106 5120 veluthiruudines,
1143 5055 1366 5125 inquieti
1409 5069 1504 5124 per
1554 5054 1764 5108 diversa
1816 5052 2028 5108 discur-

435 5149 595 5195 runt.
625 5142 770 5196 Inter
799 5144 897 5198 has
940 5153 1119 5200 autem
1174 5145 1356 5200 delira:
1403 5143 1714 5198 ambitionis
1768 5143 2023 5207 insanias,

439 5230 575 5300 quid
640 5232 741 5287 sibi
789 5235 1018 5289 dorsalia
1074 5245 1342 5306 quaerunt,
1397 5251 1516 5306 quae
1549 5251 1579 5288 a
1623 5235 1737 5289 suis
1785 5234 2024 5302 conspici

432 5323 678 5379 dominis
713 5341 818 5379 non
847 5328 1169 5382 merentur?
1223 5327 1400 5382 Grave
1447 5326 1642 5395 quippe
1688 5325 2022 5393 dispendium

435 5413 524 5468 sui
557 5415 835 5483 patiuntur
860 5427 1107 5481 ornatus,
1135 5418 1260 5473 dum
1293 5419 1343 5471 in
1375 5417 1628 5485 occipitio
1682 5417 1766 5470 vel
1796 5415 2023 5470 cervici-

435 5505 548 5562 bus
572 5507 712 5561 oeuli
737 5523 842 5561 non
865 5517 1174 5578 erumpunt.
1208 5509 1274 5562 Et
1315 5523 1482 5576 quam
1535 5506 1664 5561 utile
1714 5505 2022 5560 divitiarum

427 5609 636 5667 genus,
662 5599 805 5667 quod
833 5599 959 5653 dum
989 5599 1193 5653 nullum
1221 5615 1376 5654 usum
1411 5607 1612 5667 praeter
1631 5595 1801 5651 solam
1828 5595 2025 5649 habeat

427 5688 924 5760 pulchritudinem,
957 5693 1136 5762 Specie
1165 5701 1344 5747 tamen
1387 5707 1485 5746 sua
1537 5698 1772 5760 nequeat
1801 5701 2026 5758 pascere

418 5782 805 5853 «possidentem
834 5784 847 5839 !
871 5785 1184 5841 Alienorum
1211 5797 1400 5860 nempe
1428 5783 1692 5846 duntaxat
1741 5780 2022 5838 oculorum

2151 1958 2487 2013 marinorum
2526 1959 2695 2028 pelles
2716 2000 2730 2023 ,
2775 1961 2900 2029 quia
2945 1957 3150 2031 magno.
3180 1964 3353 2034 pretio
3383 1975 3735 2028 coemuutur.

2150 2047 2441 2102 oblectant.
2470 2045 2662 2103 Ovium
2705 2049 2889 2118 itaque
2911 2090 2925 2112 ,
2972 2051 3132 2104 simul
3172 2060 3227 2105 et
3259 2067 3522 2120 agnorunt
3555 2054 3739 2124 despi-

2150 2137 2367 2191 ciuntur
2394 2138 2623 2203 exuvizc,
2652 2139 2921 2204 ermelini,
2945 2140 3218 2210 gebellini,
3251 2154 3514 2200 martores
3549 2146 3743 2216 exqui-

2150 2239 2363 2294 runtur,
2394 2239 2450 2284 et
2482 2230 2686 2300 vulpes.
2719 2231 2852 2286 Cum
2891 2232 2975 2285 illa
3007 2234 3216 2288 scilicet
3251 2234 3303 2288 in
3350 2236 3525 2292 sacris
3559 2237 3733 2292 hono-

2150 2329 2335 2374 rentur
2387 2320 2658 2390 eloquiis,
2710 2330 2765 2376 ct
2813 2323 2896 2377 vel
2951 2323 3247 2389 Ecclesim,
3305 2325 3387 2379 vel
3443 2342 3735 2395 personam

2147 2411 2454 2480 exprimant
2501 2411 2802 2467 Salvatoris
2832 2430 2847 2465 :
2881 2431 2900 2463 ι
2934 2411 3111 2477 Oves,
3151 2415 3362 2484 inquit,
3391 2432 3524 2472 mea:
3547 2433 3735 2473 vocem

2149 2515 2322 2554 meam
2372 2500 2922 2573 audiunt'(loan.x);
2955 2521 2973 2554 ι
3021 2513 3076 2558 et
3108 2519 3123 2557 :
3158 2525 3173 2555 ι
3211 2505 3346 2560 Ecce
3372 2507 3557 2578 Agnus
3597 2510 3690 2564 Dei
3716 2549 3734 2574 ,

2147 2606 2274 2647 ecce
2323 2595 2412 2663 qui
2455 2594 2592 2649 tollit
2645 2604 2861 2666 peccata
2898 2598 3079 2652 tumuli
3131 2598 3310 2668 (Joan.
3352 2600 3446 2667 1).»
3491 2601 3567 2657 De
3613 2603 3735 2658 istis

2149 2700 2276 2738 vero
2341 2685 2422 2739 vel
2471 2695 2716 2765 taceatur
2759 2688 3023 2753 omnino,
3084 2699 3137 2743 et
3191 2691 3404 2762 indigna
3452 2694 3562 2748 sint
3613 2709 3736 2765 quae

2148 2775 2425 2844 Scriptura
2456 2788 2874 2843 commemoret;
2909 2779 3010 2842 vel,
3040 2781 3081 2833 si
3109 2796 3294 2834 eorum
3321 2785 3589 2852 reperitur
3624 2785 3734 2840 ulla

2147 2868 2428 2932 memoria,
2449 2869 3052 2934 sinistram-probantur
3082 2871 3281 2926 habere
3313 2872 3554 2944 figurant.
3583 2874 3737 2932 Sicut
3800 2896 3810 2912 ι

2143 2967 2228 3012 est
2251 2956 2381 3011 illud
2415 2975 2430 3010 :
2467 2976 2488 3009 ι
2526 2959 2719 3028 Vulpes
2743 2958 2926 3015 foveas
2953 2960 3153 3015 habent
3175 3003 3188 3021 ,
3220 2962 3388 3017 Filius
3428 2975 3605 3020 auten.
3635 2968 3737 3024 ho-

2149 3049 2312 3103 minis
2335 3064 2439 3103 non
2472 3050 2634 3104 habet
2651 3049 2740 3106 ubi
2765 3059 2927 3122 caput
2956 3068 3112 3107 suum
3141 3053 3365 3108 reclinet
3391 3055 3735 3126 (Matt/avni;

2146 3138 2276 3195 Luc.
2307 3141 2407 3209 IS).
2446 3159 2464 3191 ι
2501 3141 2640 3197 Ecce
2687 3157 2792 3196 non
2824 3142 3117 3197 reclinatur
3160 3144 3212 3197 in
3250 3145 3542 3213 vulpeculis
3569 3147 3731 3202 Chri-

2066 3203 2113 3267 C
2143 3239 2287 3294 stus;
2316 3203 2515 3286 dormit
2553 3232 2655 3286 sub
2683 3232 2916 3302 vulpiuis
2949 3233 3180 3303 pellibus
3204 3203 3563 3290 Christianus.
3592 3237 3731 3292 Res-

2139 3321 2254 3389 puit
2284 3321 2535 3376 animalia
2563 3323 2937 3392 Redemptoris
2955 3323 3137 3378 mundi
3155 3324 3422 3379 vocabulo
3447 3325 3728 3391 decorata;

2139 3399 2268 3468 iilut‘l
2289 3429 2445 3468 suum
2461 3415 2680 3485 deputat
2702 3425 3104 3482 ornamentum,
3127 3431 3245 3486 qua:
3266 3417 3466 3488 ﬁguras
3495 3419 3728 3474 iuuuunt

2137 3505 2517 3576 reproborum.
2568 3505 2673 3562 Sed
2703 3507 2899 3562 divites
2943 3508 3030 3564 isti
3084 3523 3190 3563 non
3222 3510 3481 3565 mediocri
3524 3511 3730 3579 percela

2135 3596 2321 3650 luntur
2343 3596 2643 3662 obstaculo,
2665 3599 2812 3666 quia,
2845 3599 2970 3652 dum
3003 3599 3298 3669 phaleratis
3319 3609 3480 3670 atque
3501 3601 3730 3672 depictis

2137 3702 2194 3743 se
2219 3687 2484 3742 lodicibus
2511 3696 2834 3758 contegunt,
2871 3703 2949 3743 va:
2975 3728 2990 3754 ,
3036 3704 3117 3744 va:
3161 3689 3296 3744 illis!
3330 3690 3533 3760 apertis
3559 3688 3732 3746 oculis

2136 3781 2374 3836 dormire
2404 3797 2508 3835 non
2559 3790 2804 3850 possunt.
2835 3781 3185 3838 Iuvidendum
3222 3790 3308 3836 est
3347 3797 3476 3851 ergo
3517 3781 3729 3853 Regulo

2136 3870 2334 3925 dudum
2368 3871 2574 3925 consuli
2614 3872 2979 3926 Romanorum
3010 3872 3272 3942 (Eu-mor.
3306 3871 3504 3926 Hister.
3541 3873 3632 3927 lib.
3661 3889 3729 3939 Il,

2133 3961 2188 4013 in
2235 3960 2400 4029 ﬁne),
2440 3961 2525 4015 cui
2572 3960 3066 4030 Carthaginenses,
3118 3961 3243 4015 dum
3296 3961 3348 4014 in
3405 3961 3719 4031 reipublic»

2134 4059 2450 4105 constanter
2496 4067 2683 4106 arnore
2711 4053 3030 4122 persisteret
3057 4093 3071 4117 ,
3115 4052 3395 4107 oculorum
3438 4053 3731 4124 palpebras

2089 4185 2097 4192 .
2133 4140 2517 4210 praeciderunt.
2553 4141 2618 4195 Et
2645 4157 2829 4196 revera
2855 4141 2921 4195 ad
2948 4143 3076 4211 quid
3098 4142 3262 4197 decor
3289 4142 3390 4196 istc
3418 4142 3722 4213 pulchrituq

2091 4232 2293 4297 -dinis,
2323 4232 2370 4286 si
2419 4247 2527 4286 non
2574 4232 2870 4302 aspicitur?
2901 4231 2980 4286 Ad
3027 4234 3154 4302 quid
3183 4242 3330 4287 certe
3379 4249 3561 4288 rerum
3608 4239 3728 4306 tam

2131 4324 2374 4394 speciosa
2422 4325 2694 4389 varietas,
2755 4323 2801 4379 si
2865 4324 2970 4379 hac
3034 4325 3294 4382 intuentis
3347 4325 3560 4379 aninms
3613 4341 3724 4382 non

2132 4415 2427 4487 pascatur?
2475 4415 2805 4470 Praeclarum
2852 4415 3104 4470 videlicet
3140 4416 3244 4470 hoc
3287 4415 3597 4470 divitiarum
3638 4425 3724 4472 est

2135 4523 2322 4577 genus,
2351 4523 2458 4576 quo
2484 4508 2610 4562 dum
2641 4509 2830 4572 utitur,
2869 4518 3100 4577 nequeat
3129 4508 3328 4576 aspici;
3368 4509 3490 4563 dum
3520 4510 3726 4581 aspici-e

2060 4580 2259 4668 Dtur,
2337 4619 2493 4658 usum
2562 4602 2806 4674 praebere
2867 4619 2973 4658 non
3023 4603 3226 4672 ‘poSsit.
3280 4603 3466 4658 Taedet
3522 4580 3721 4659 ctetera

2130 4693 2387 4748 vanitatis
2455 4701 2738 4757 attexere,
2795 4708 2901 4747 non
2969 4692 3192 4746 ridenda
3227 4731 3242 4754 .
3308 4694 3401 4747 sed
3457 4695 3719 4764 gemenda

2130 4781 2386 4848 ridicula;
2421 4782 2694 4837 fastidium
2723 4791 2806 4837 est
2839 4790 2917 4836 tot
2946 4782 3259 4836 ambitionis
3298 4797 3362 4836 ac
3395 4783 3721 4854 prodigiosa)

2135 4873 2372 4928 vesania:
2401 4872 2748 4928 dinumerare
2791 4881 3060 4942 portenta.
3089 4871 3314 4942 Papales
3341 4873 3544 4927 scilicet
3574 4872 3717 4927 infu-

2129 4961 2208 5015 las
2256 4961 2484 5031 gemmis
2536 4960 2862 5016 micantibus
2923 4963 3211 5030 aureisque
3275 4962 3566 5018 bracteolis
3618 4977 3718 5031 per

2128 5053 2338 5108 diversa
2384 5051 2500 5109 loca
2527 5063 2833 5123 corruptas.
2865 5053 3178 5124 hnperiales
3203 5068 3394 5123 equos,
3437 5054 3552 5124 qui,
3586 5055 3714 5110 dum

2127 5143 2375 5213 pernices
2436 5159 2656 5214 gressus
2717 5144 2955 5199 arcuatis
3008 5145 3312 5200 cervicibus
3369 5144 3714 5213 glomerant,

2127 5234 2357 5290 sessoris
2385 5235 2465 5289 sui
2491 5251 2681 5289 manus
2708 5235 2840 5290 loris
2863 5235 3087 5291 innexas
3118 5237 3376 5290 indomita
3435 5235 3714 5290 ferocitate

2129 5324 2375 5395 fatigant.
2421 5324 2627 5381 Omitto
2654 5325 2882 5379 annulos
2912 5325 3229 5378 enormibus
3266 5323 3538 5378 adhibitos
3569 5340 3712 5377 mar-

2127 5417 2335 5486 garitis.
2385 5415 2657 5472 [Praetereo
2684 5417 2896 5486 virgas,
2928 5432 3033 5471 non
3059 5416 3170 5487 jam
3203 5431 3334 5469 auro
3374 5416 3712 5487 gemmisque

2127 5507 2466 5574 conspicuas,
2497 5508 2589 5561 sed
2619 5507 2877 5576 sepultas.
2911 5504 3194 5575 Nunquam
3219 5515 3366 5560 certe
3394 5505 3591 5562 vidisse
3621 5523 3711 5562 me

2127 5597 2347 5653 memini
2379 5597 2717 5666 pontiﬁcales
2750 5597 2972 5652 baculos
3014 5605 3122 5649 tam
3162 5597 3420 5651 continuo
3446 5597 3708 5652 radiantis

2126 5687 2328 5743 metalli
2354 5687 2527 5742 nitore
2549 5695 2846 5750 contectus,
2872 5687 3012 5742 sicut
3032 5695 3188 5742 erant
3233 5688 3324 5757 qui
3353 5687 3421 5741 ab
3442 5686 3706 5743 Esculano

2129 5789 2296 5853 atque
2310 5777 2570 5836 Tranensi
2583 5777 2942 5858 gestabantur
2961 5779 3246 5854 episcopis.
3266 5779 3504 5853 Uterque
3525 5788 3705 5842 tamen
