4074 6190
313 410 324 420 -
335 373 442 439 .559

788 371 846 427 S.
869 368 1077 427 PETRI
1118 369 1406 431 DAMIANI
1444 368 1596 427 OPP.
1641 366 1878 425 TOMUS
1916 365 2047 426 SEU
2096 368 2276 428 PARS
2313 371 2400 427 III.
2431 403 2499 414 -—
2528 370 2893 430 OPUSCULA
2927 372 3157 431 VARIA.

3176 286 3219 305 η.

3498 375 3611 437 διε)

334 486 474 542 alter
506 482 562 540 in
587 482 779 554 Apulis
804 482 1019 549 ﬁnibus,
1050 480 1272 538 Nicolao
1296 479 1653 552 praesidente;
1685 476 1823 533 alter
1860 476 1913 532 in
1941 478 1991 539 Δ
2020 478 2072 533 in
2100 482 2327 551 pariete.
2387 482 2456 537 Et
2503 498 2659 539 mens
2706 483 2820 553 ipsa
2869 499 3058 540 earum
3118 498 3302 540 rerum
3344 484 3611 555 imagines

336 577 695 635 Lateranensi
740 574 1005 641 Ecclesia,
1056 590 1240 631 coram
1278 574 1613 639 Alexandro,
1658 570 1937 627 Romanis.

337 668 546 724 scilicet
583 665 962 736 pontiﬁcibus.
1005 675 1133 719 sunt
1164 663 1377 733 deiecti.
1434 662 1544 718 Nec
1594 662 1675 719 eis
1718 660 1922 733 profuit

336 757 480 825 quod
509 754 793 825 pontiﬁces
844 754 1035 824 ligneis
1060 793 1075 818 ,
1121 755 1358 813 auratis.
1404 753 1483 807 usi
1519 762 1646 807 sunt
1680 752 1916 818 baculis;

336 847 461 901 dum
495 844 786 899 sacerdotii
814 843 1068 897 meritum
1097 856 1203 896 non
1230 844 1373 896 nitor
1407 842 1607 897 efﬁciat
1643 841 1875 896 vestium
1903 880 1918 905 ,

337 935 432 989 sed
479 933 840 1004 spiritualium
877 949 1065 987 norma
1104 933 1396 998 virtutum;
1430 943 1615 986 etnon
1663 932 1918 987 micantia

339 1025 633 1094 margarita
691 1023 774 1078 vel
816 1038 1079 1092 gemmae,
1123 1024 1219 1077 sed
1270 1038 1449 1078 mores
1502 1022 1651 1077 aurei
1695 1023 1922 1076 deceant

336 1119 698 1171 sacerdotem.
748 1114 899 1170 Sicut
944 1115 1087 1170 enim
1137 1130 1261 1169 vera
1302 1114 1597 1169 sacerdotis
1647 1113 1921 1167 humilitas

339 1205 510 1260 Deum
536 1205 638 1260 sibi
663 1203 941 1265 conciliat,
965 1211 1019 1258 et
1038 1211 1233 1257 caetera
1255 1202 1373 1272 ejus
1392 1203 1531 1257 bona
1554 1201 1919 1265 commendat;

340 1297 419 1351 sic
456 1296 782 1365 arrogantiae
830 1304 1009 1351 tumor
1059 1301 1112 1348 et
1154 1278 1407 1348 vanitatis
1451 1293 1677 1347 ambitio
1728 1291 1924 1345 divime

340 1387 628 1443 adversum
659 1400 718 1441 se
754 1384 1139 1455 indignationis
1167 1382 1500 1438 iracundiam
1527 1388 1824 1451 provocat,
1871 1388 1926 1435 et

340 1489 534 1535 contra
584 1480 782 1534 bonum
852 1480 996 1549 quod
1046 1477 1336 1546 aliquando
1391 1476 1617 1531 forsitan
1669 1484 1926 1545 operatus

340 1580 426 1625 est
492 1578 715 1639 pugnat.
783 1568 939 1624 Unde
992 1582 1088 1638 per
1143 1567 1337 1623 Isaiam
1401 1566 1659 1620 Dominus
1726 1565 1857 1619 dicit
1907 1581 1921 1617 :

348 1682 367 1715 ε
405 1660 657 1732 Nunquid
689 1675 852 1731 super
878 1660 961 1714 his
998 1674 1101 1714 non
1132 1657 1500 1729 indignabor?
1535 1676 1553 1709 ι
1595 1654 1732 1727 (Ira.
1766 1654 1924 1727 Lvn.)

350 1753 527 1823 Super
558 1761 794 1807 montem
826 1748 1022 1821 quippe
1052 1750 1337 1806 sublimem
1360 1749 1616 1803 sacerdos
1643 1747 1923 1813 ascendit,

342 1863 466 1902 cum
492 1862 616 1902 sese
642 1847 695 1900 in
724 1845 991 1916 superbiae
1013 1844 1331 1923 fastumper
1348 1844 1612 1914 quasdam
1637 1842 1925 1898 adulteriui
1956 1827 2001 1886 Β

342 1936 556 1992 decoris
594 1935 913 1990 insolentias
954 1934 1134 2002 erigit.
1168 1934 1383 1987 Etcum
1426 1934 1604 1988 anima
1641 1932 1805 2003 550
1832 1948 1923 1986 sa—

341 2025 578 2080 cerdotis
645 2036 903 2093 tanquam
970 2038 1169 2094 sponsa
1237 2023 1457 2078 Christo
1525 2023 1786 2093 spiritalis
1859 2022 1931 2076 sit

342 2116 578 2188 coniugii
629 2115 836 2171 {uellere
868 2115 1149 2187 copulata;
1183 2116 1228 2170 si
1258 2117 1336 2171 sic
1367 2116 1694 2171 exteriorem
1726 2115 1932 2170 ambiat

343 2194 570 2272 cult’um,
597 2217 657 2262 ut
692 2208 1000 2262 interiorem
1040 2217 1332 2278 postponat
1364 2218 1638 2271 ornatum,
1667 2208 1931 2278 quodam-

344 2300 504 2355 modo
529 2299 626 2353 viri
664 2300 745 2354 sui
777 2308 895 2355 toro
928 2299 1225 2355 introducit
1258 2300 1584 2356 adulterum.
1634 2298 1793 2355 Unde
1824 2314 1929 2354 vox

344 2391 527 2445 divina
558 2399 757 2461 praesto
785 2391 1061 2464 snliijungit
1092 2409 1106 2445 :
1143 2410 1163 2443 ί
1199 2391 1334 2459 Quia
1375 2393 1530 2463 juxta
1575 2406 1662 2446 me
1683 2433 1698 2457 ,
1728 2392 1806 2446 ait
1832 2432 1848 2457 ,
1880 2399 1932 2446 te

344 2480 759 2550 discooperuisti
782 2522 798 2545 ,
830 2490 885 2534 ct
924 2480 1208 2551 suscepisti
1253 2480 1554 2535 adulterum
1591 2479 1802 2551 (Ibid.).
1835 2498 1853 2531 ι
1889 2477 1932 2535 Ο

343 2589 505 2643 quam
525 2574 707 2628 acerbi
732 2573 935 2628 doloris
960 2584 1063 2638 est,
1088 2574 1155 2639 si,
1178 2589 1300 2627 cum
1316 2574 1544 2628 maritus
1566 2581 1648 2627 est
1674 2585 1931 2641 presens,

347 2676 474 2721 tunc
497 2667 873 2721 introducatur
893 2666 1128 2731 adulter;
1153 2677 1207 2722 et
1230 2667 1282 2720 in
1309 2667 1547 2720 thalamo
1574 2680 1682 2735 quo
1712 2664 1936 2719 recubat

347 2773 600 2828 sponsus,
634 2757 819 2812 rivalis
843 2757 1166 2810 admittatur
1207 2755 1472 2811 incestus!
1505 2755 1662 2810 Unde
1689 2754 1935 2823 protinus

345 2848 609 2902 additur:
647 2867 665 2899 ‹
707 2847 951 2902 Dilatasti
982 2846 1160 2902 cubile
1200 2854 1349 2900 tuum
1379 2887 1395 2911 ,
1424 2855 1479 2900 et
1519 2846 1769 2917 pepigisti
1812 2860 1935 2900 cum

347 2939 427 2995 eis
457 2979 471 3002 ,
502 2938 735 2992 dilexisti
774 2947 1006 2992 stratum
1044 2952 1231 2991 eorum
1284 2938 1337 2992 in
1382 2953 1544 2992 manu
1579 2946 1791 3007 aperta.
1821 2956 1842 2991 ι
1871 2936 1939 2991 Et

348 3044 416 3083 ne
446 3029 511 3082 de
537 3041 734 3083 ornatu
782 3027 864 3081 vel
890 3028 1096 3082 deliciis
1127 3037 1325 3093 taceat,
1354 3028 1499 3083 illico
1522 3027 1743 3096 subiicit
1774 3045 1787 3082 :
1825 3046 1844 3080 ‹
1875 3028 1940 3083 Et

346 3120 553 3175 ornasti
585 3115 637 3173 te
668 3119 815 3189 regio
848 3129 1157 3189 unguento,
1185 3127 1239 3172 et
1271 3117 1638 3189 multiplicasti
1663 3119 1936 3189 pigmenta

348 3221 441 3266 tua
488 3210 696 3281 (Ibid.).
736 3231 754 3264 ι
790 3211 1084 3282 Postquam
1128 3226 1257 3267 vero
1300 3211 1544 3266 confudit
1569 3212 1935 3283 arrogantiam

347 3302 705 3372 superborum
746 3310 801 3355 et
853 3301 1132 3357 luxuriose
1161 3302 1457 3357 viventium
1482 3343 1497 3368 ,
1532 3317 1655 3357 mox
1688 3303 1936 3373 spiritum

348 3390 660 3445 consolatur
707 3390 990 3445 humilium
1068 3402 1123 3446 et
1175 3392 1468 3448 salubriter
1545 3391 1865 3449 amictorum
1919 3410 1932 3447 :

354 3498 372 3529 ι
411 3478 635 3534 Auferte
658 3520 674 3545 ,
707 3478 905 3549 inquit,
935 3478 1254 3535 offendicula
1287 3480 1464 3551 populi
1494 3481 1598 3537 mei
1625 3523 1641 3549 ,
1668 3483 1795 3551 quia
1822 3483 1939 3539 haec

348 3570 480 3625 dicit
502 3570 763 3625 Dominus
790 3571 1034 3626 excelsus
1065 3582 1119 3627 et
1171 3572 1452 3637 sublimis,
1497 3574 1749 3629 habitans
1774 3585 1939 3631 mter-

351 3663 581 3717 nitatem
612 3663 664 3716 in
696 3663 912 3718 excelso
938 3703 952 3727 ,
999 3672 1056 3717 et
1097 3664 1148 3718 in
1188 3672 1375 3719 sancto
1405 3665 1658 3720 habitans
1682 3706 1696 3728 ,
1728 3674 1785 3720 et
1815 3681 1938 3721 cum

350 3753 586 3809 contrito
617 3765 676 3809 et
706 3753 991 3809 humiliato
1038 3736 1270 3824 spiritu,
1306 3762 1366 3808 ut
1413 3753 1648 3809 viviﬁcet
1689 3754 1937 3825 spiritum

351 3844 633 3899 humilium
658 3886 672 3908 ,
705 3854 761 3899 et
804 3845 1041 3900 viviﬁcet
1066 3861 1162 3901 cor
1201 3845 1877 3920 contritorum(lbid.vn).
1916 3867 1935 3903 ι

350 3936 458 3993 Cor
483 3938 718 4008 denique
759 3937 1059 3993 sacerdotis
1090 3937 1186 3992 Dei
1216 3937 1474 4008 templum
1496 3979 1510 4002 ,
1545 3937 1746 3993 Christi
1781 3939 1943 3995 debet

352 4028 478 4087 esse
522 4033 823 4088 sacrarium
850 4072 864 4096 ,
898 4048 1004 4086 non
1034 4040 1182 4086 certe
1206 4073 1221 4098 ,
1256 4031 1398 4086 sicut
1439 4030 1657 4102 legitur,
1685 4031 1943 4102 spelunca

353 4126 627 4181 latronum
667 4124 885 4194 (Matth.
920 4126 1067 4192 ut),
1096 4122 1179 4178 vel
1216 4123 1485 4179 sordentis
1514 4124 1755 4193 pecuniae
1796 4139 1945 4179 recc-

352 4219 654 4290 ptaculum.
716 4218 830 4271 Iloc
873 4218 1018 4271 enim
1076 4228 1413 4289 unaquaeque
1456 4231 1610 4271 mens
1652 4216 1705 4271 in
1760 4216 1943 4273 divino

353 4318 649 4385 deputatur
688 4311 938 4367 examine
966 4352 981 4375 ,
1012 4310 1155 4380 quod
1185 4318 1374 4373 versat
1412 4325 1513 4380 per
1558 4310 1944 4380 concupiscen-

354 4404 487 4459 tiam
516 4402 570 4456 in
614 4399 960 4471 cogitatione.
991 4398 1428 4453 Fornicationem
1462 4399 1788 4466 imaginatur
1811 4439 1828 4464 ,
1858 4397 1943 4454 vel

355 4493 681 4549 adulterium
706 4531 722 4557 ,
754 4490 978 4561 lupanar
1011 4487 1248 4543 efﬁcitur
1292 4489 1640 4544 meretricum
1675 4506 1687 4541 :
1718 4486 1939 4544 eﬁusio-

353 4599 477 4640 nem
523 4583 800 4652 sanguinis
846 4578 1174 4646 meditatur,
1223 4586 1279 4632 et
1328 4578 1551 4644 odium,
1599 4592 1823 4648 campus
1855 4585 1939 4633 est

354 4673 702 4732 frementium
741 4671 1065 4727 bellatorum
1098 4686 1112 4723 :
1144 4668 1388 4724 ciborum
1423 4677 1478 4723 et
1507 4668 1756 4723 suavium
1797 4682 1935 4738 epu-

354 4768 531 4824 larum
556 4774 739 4822 versat
765 4765 889 4836 quis
921 4765 976 4819 in
1015 4762 1340 4833 cogitatione
1364 4761 1617 4827 delicias;
1646 4760 1776 4831 quid
1795 4759 1940 4815 aliud

355 4860 412 4917 in
439 4867 732 4930 conspectu
758 4857 853 4912 Dei
877 4857 1129 4921 videtur,
1180 4855 1284 4911 nisi
1324 4855 1560 4910 cacabus
1616 4854 1731 4909 sive
1792 4852 1940 4908 lebes

356 4956 414 5012 in
463 4970 571 5025 quo
616 4952 770 5007 cibus
845 4948 1209 5019 excoquitur?
1264 4944 1677 5002 Controversias
1746 4952 1942 5000 tractat

358 5058 520 5118 atque
561 5044 796 5116 litigium
824 5059 840 5110 ;
870 5042 1000 5112 quid
1059 5039 1203 5094 aliud
1256 5054 1418 5109 quam
1457 5036 1692 5093 tribunal
1740 5035 1941 5104 indicis

357 5136 623 5208 aspicitur
654 5174 669 5199 ,
724 5133 837 5188 sive
888 5130 1105 5186 forum?
1168 5127 1322 5185 Unde
1390 5144 1511 5184 cum
1564 5127 1825 5181 Dominus
1873 5126 1941 5180 ad

358 5225 699 5285 Ezechielem
726 5224 931 5280 diceret
962 5241 977 5278 :
1015 5242 1033 5275 ι
1069 5221 1378 5291 Ingredere,
1422 5229 1476 5275 et
1512 5219 1634 5274 vide
1663 5216 1941 5273 abomina-

359 5319 537 5375 tiones
589 5317 893 5388 pcssimas,
944 5330 1081 5384 quas
1122 5313 1211 5368 isti
1252 5310 1458 5367 faciunt
1511 5311 1636 5376 hic;
1674 5328 1692 5361 ι
1747 5317 1942 5379 praesto

360 5408 642 5479 subiungit
687 5428 700 5464 :
760 5427 779 5461 ι
835 5408 902 5463 Et
946 5408 1221 5478 ingressus
1276 5403 1431 5470 vidi,
1482 5411 1538 5457 et
1583 5416 1712 5457 ecce
1764 5402 1942 5455 oumis

360 5502 659 5561 similitudo
713 5502 984 5572 reptilium
1055 5509 1112 5555 et
1151 5498 1509 5564 animalium,
1573 5496 1941 5559 abominatio,

360 5601 419 5649 et
474 5593 725 5647 universa
773 5592 913 5646 idola
963 5592 1154 5648 domus
1197 5590 1361 5646 Israel
1422 5589 1634 5659 depicta
1678 5596 1833 5642 erant
1888 5588 1944 5643 in

360 5682 572 5756 pariete
600 5681 654 5736 in
687 5682 917 5736 circuitu
954 5698 1051 5752 per
1087 5691 1259 5745 totum
1291 5678 1507 5753 (Ezech.
1548 5675 1693 5746 vnn).
1735 5696 1755 5730 ι
1791 5676 1946 5744 Quod

362 5772 512 5831 enim
538 5780 785 5830 versatur
805 5771 861 5829 in
893 5781 1093 5845 mente,
1120 5781 1376 5845 tanquam
1405 5770 1676 5845 depictum
1705 5769 1946 5828 cernitur

2021 575 2337 639 contrahit,
2397 590 2535 645 quas
2591 564 2777 630 sedula
2830 576 3183 632 meditatione
3232 576 3498 644 revolvit;
3556 590 3613 636 ω

2023 675 2279 737 tanquam
2345 667 2577 723 diversis
2627 667 2901 723 actionum
2950 668 3276 739 imaginibus
3327 668 3605 737 pingitur.

2021 765 2184 828 prout
2239 774 2377 814 vana
2446 759 2530 814 vel
2567 759 2718 813 utilia
2760 759 3076 813 meditatur.
3125 759 3204 813 Ac
3246 758 3291 811 si
3340 758 3606 829 quispiam

2023 848 2277 904 micantia
2309 863 2453 903 nunc
2475 858 2620 903 astra
2651 849 2935 919 suspiciat,
2968 864 3111 902 nunc
3147 847 3384 903 declinet
3422 848 3607 907 oculos

2021 938 2076 994 in
2116 938 2391 1003 latrinam,
2425 937 2584 993 modo
2614 938 2843 994 miretur
2876 935 3142 993 radiantis
3165 937 3282 992 auri
3305 937 3606 1009 fulgorem,

2022 1031 2182 1086 modo
2211 1032 2459 1087 scabram
2482 1030 2614 1086 ferri
2635 1030 3028 1101 contempletur
3049 1030 3342 1102 aeruginem
3364 1046 3379 1097 ;
3406 1030 3505 1096 sic,
3530 1031 3608 1087 sic

2024 1122 2261 1179 humana
2306 1139 2460 1179 mens
2508 1123 2635 1179 dum
2680 1133 2896 1178 terrena
2950 1124 3242 1178 meditatur
3292 1132 3349 1178 et
3384 1123 3609 1189 inﬁma,

2023 1213 2208 1285 procul
2274 1213 2437 1269 dubio
2486 1222 2631 1270 terra
2678 1214 3049 1286 conspicitur;
3113 1230 3237 1270 cum
3288 1212 3439 1271 vero
3490 1230 3611 1285 quae

2023 1304 2240 1375 pietatis
2279 1312 2406 1360 sunt
2452 1310 2691 1373 tractat,
2738 1320 2863 1361 cum
2924 1305 3103 1360 divina
3177 1305 3381 1378 cogitat
3447 1314 3613 1375 atque

2025 1394 2308 1461 cmlestia,
2356 1396 2552 1451 merito
2610 1396 2810 1453 ctelum
2836 1436 2852 1464 ,
2900 1396 3157 1467 templum
3207 1395 3304 1452 Dei
3352 1395 3613 1465 videtur,

2026 1491 2191 1554 atque
2221 1484 2545 1560 sacrarium.
3152 1490 3164 1499 '

2633 1573 2862 1630 CAPUT
2901 1572 3011 1629 VII.

2136 1664 2290 1730 Quod
2325 1663 2560 1719 Romana
2589 1664 2824 1719 Ecclesia
2852 1666 2999 1720 sedes
3021 1665 3088 1719 sit
3115 1663 3497 1735 apostolorum.

2100 1753 2255 1809 Nunc
2290 1767 2550 1824 przcterca
2596 1753 2839 1809 Romana
2891 1755 3157 1819 Ecclesia,
3193 1770 3313 1825 qua‘.
3344 1756 3503 1810 sedes
3532 1762 3618 1810 est

2031 1844 2420 1915 apostolorum,
2459 1845 2736 1916 antiquam
2767 1845 2927 1899 debet
2955 1844 3153 1899 imitari
3183 1844 3391 1898 curiam
3420 1842 3613 1898 Roma-

2030 1951 2246 1989 norum.
2279 1934 2435 1990 Sicut
2485 1935 2630 1989 enim
2678 1944 2805 1989 tunc
2852 1945 3101 1989 terrenus
3150 1934 3237 1989 ille
3287 1942 3509 1988 senatus
3550 1934 3618 1986 ad

2031 2025 2133 2080 hoc
2175 2023 2645 2079 commnnicabant
2691 2037 2853 2078 omne
2880 2022 3037 2095 551
3068 2022 3372 2085 consilium,
3412 2022 3465 2076 iu
3517 2022 3620 2076 hoc

2030 2118 2337 2189 dirigebant
2377 2125 2433 2172 et
2465 2116 2737 2171 subtiliter
2759 2118 3088 2171 exercebant
3135 2115 3440 2170 communis
3466 2113 3621 2168 indu-

2031 2211 2179 2265 striae
2208 2208 2489 2273 studium,
2547 2217 2608 2262 ut
2658 2217 2976 2263 cunctarum
3033 2206 3274 2277 gentium
3334 2206 3621 2276 multitudo

2033 2302 2276 2357 Romano
2326 2300 2649 2355 subderetur
2698 2299 2959 2369 imperio;
3001 2300 3073 2353 ita
3116 2314 3262 2354 nunc
3308 2297 3617 2368 apostolica:

2032 2394 2179 2450 sedis
2204 2392 2408 2457 :editui,
2443 2392 2534 2463 qui
2566 2391 2838 2461 spiritales
2858 2400 2983 2446 sunt
3018 2390 3340 2446 universalis
3364 2390 3620 2445 Ecclesia:

2035 2496 2336 2549 senatores,
2365 2486 2491 2541 huic
2518 2485 2619 2539 soli
2654 2485 2832 2540 studio
2859 2484 3058 2540 debent
3084 2484 3315 2540 solerter
3349 2484 3621 2549 insistere,

2037 2587 2096 2631 ut
2134 2577 2428 2631 Immanqu
2458 2589 2629 2645 genus
2661 2574 2776 2628 veri
2815 2574 3157 2644 imperatoris
3184 2573 3382 2628 Christi
3407 2573 3623 2628 valeant

2036 2666 2245 2738 legibus
2286 2666 2599 2736 subjugare.
2639 2666 2706 2719 Et
2732 2665 2874 2719 sicut
2924 2674 3050 2718 tunc
3096 2663 3463 2718 Romanorum
3494 2677 3624 2719 con-

2038 2757 2183 2813 sules
2231 2772 2294 2812 ex
2353 2756 2587 2811 diversis
2645 2754 2831 2810 mundi
2898 2754 3144 2825 partibus
3211 2753 3620 2823 reportabant,

2039 2856 2261 2920 peracta
2316 2848 2553 2904 hostium
2617 2847 2807 2909 ea'de,
2859 2845 3147 2909 victorias;
3206 2844 3287 2899 sic
3339 2844 3426 2899 isti
3482 2859 3623 2898 nunc

2041 2940 2255 2994 animas
2286 2938 2563 2993 hominum
2608 2937 2685 2992 de
2716 2951 2878 2990 manu
2918 2934 3116 2991 diaboli
3163 2934 3363 2990 debent
3392 2934 3622 2988 liberare
3708 2948 3713 2955 ·

2042 3030 2303 3099 captivas.
2342 3028 2425 3084 Ad
2456 3028 2556 3083 hos
2584 3027 2782 3098 quippe
2810 3026 3167 3081 victoriarum
3194 3025 3399 3089 titulos,
3428 3025 3494 3080 ad
3527 3025 3626 3079 hos

2044 3119 2244 3176 debent
2298 3134 2512 3188 semper
2586 3117 2798 3173 inhiare
2858 3116 3193 3188 triumphos;
3255 3114 3505 3170 videlicet
3566 3121 3627 3167 ut

2043 3211 2267 3281 antiquo
2317 3210 2556 3281 prazdoni
2609 3210 2913 3265 animarum
2954 3208 3293 3280 pereuntium
3343 3207 3627 3263 manubias

2039 3317 2256 3373 rapere,
2284 3312 2339 3357 et
2370 3302 2480 3372 regi
2514 3316 2612 3356 suo
2636 3300 2853 3356 Christo
2886 3299 3039 3370 signa
3067 3298 3340 3369 gaudeant
3382 3296 3628 3351 victricia

2042 3404 2343 3466 reportare.
2393 3394 2546 3448 Ilunc
2574 3407 2736 3459 porro
2778 3390 3090 3458 conflictum
3141 3389 3307 3444 David
3355 3387 3628 3459 signavit,

2041 3500 2166 3540 cum
2222 3481 2472 3538 Rahbath
2519 3483 2793 3537 civitatem
2848 3482 3024 3536 victor
3072 3480 3327 3536 obtinuit.
3381 3477 3629 3533 Rabhath

2038 3579 2238 3649 quippe
2301 3562 2582 3630 multitudo
2623 3576 2704 3630 vel
2739 3576 2956 3645 grandis
2995 3575 3384 3645 interpretatur
3408 3612 3425 3638 ,
3484 3570 3628 3642 quod

2042 3684 2149 3724 non
2223 3666 2672 3721 inconvenienter
2746 3665 3154 3729 universitatem
3219 3663 3379 3731 huius
3446 3658 3632 3715 mundi

2041 3762 2348 3833 signiﬁcare
2376 3759 2744 3832 cognoscitur.
2777 3759 2943 3814 David
2977 3760 3159 3829 itaque
3196 3758 3444 3813 Rabbath
3485 3756 3630 3813 obti-

2042 3856 2160 3911 nuit
2185 3855 2457 3910 civitatem
2475 3850 2549 3920 (ll
2599 3852 2725 3923 Reg.
2748 3850 2997 3923 xn),cum
3022 3853 3136 3907 suis
3160 3851 3370 3922 legibus
3385 3849 3635 3905 Christus

2043 3946 2300 4018 grandem
2355 3954 2410 4000 et
2454 3946 2731 4015 copiosam
2774 3942 2934 4013 hujus
2964 3943 3149 3998 mundi
3181 3942 3419 3997 subdidit
3444 3939 3629 3997 multi-

2046 4041 2305 4096 tudinem.
2334 4039 2599 4095 Coronam
2636 4054 2765 4093 vero
2793 4038 2860 4093 de
2902 4037 3077 4108 capite
3114 4036 3425 4107 regisillius
3459 4034 3626 4091 David

2043 4129 2285 4193 abstulit,
2319 4114 2553 4196 sibique,
2576 4127 2717 4181 sicut
2746 4126 3024 4195 Scriptura
3060 4134 3310 4191 testatur,
3348 4125 3625 4196 imposuit,

2042 4220 2189 4291 quod
2246 4229 2373 4274 tunc
2426 4234 2585 4274 verus
2634 4217 2800 4273 David
2855 4217 3105 4273 Christus
3163 4215 3448 4295 implevit,
3509 4230 3631 4269 cum

2045 4312 2230 4366 mundi
2298 4310 2616 4380 sapientes,
2684 4309 2881 4378 quibus
2931 4306 3331 4378 quodammodo
3392 4304 3636 4362 diabolus

2044 4403 2383 4466 ornabatur,
2433 4401 2669 4471 eripuit,
2724 4410 2780 4455 et
2837 4401 2889 4454 in
2947 4400 3029 4454 sui
3075 4400 3291 4454 decoris
3339 4406 3395 4453 et
3450 4396 3637 4467 gloria:

2045 4494 2295 4549 diadema
2350 4493 2640 4547 convertit.
2691 4491 2972 4546 Multitudo
3000 4491 3198 4561 quippe
3243 4489 3477 4543 ﬁdelium
3528 4502 3635 4541 non

2046 4587 2206 4643 modo
2259 4585 2509 4651 Christi,
2564 4586 2660 4641 sed
2704 4594 2763 4639 et
2815 4585 3057 4639 doctoris
3101 4581 3368 4651 cuiusque
3435 4596 3635 4635 corona

2046 4679 2361 4755 perhibetur
2388 4718 2402 4739 ,
2445 4675 2599 4745 cuius
2646 4676 3030 4746 praedicatione
3076 4673 3434 4730 convertitur.
3484 4670 3633 4727 Sicut

2047 4771 2246 4826 Paulus
2300 4769 2741 4841 Philippensibus
2797 4769 2918 4825 ait:
2957 4788 2976 4821 ι
3017 4768 3202 4837 Itaque
3227 4806 3241 4831 ,
3291 4766 3491 4822 fratres
3530 4765 3636 4821 mei

2047 4860 2393 4926 charissimi,
2452 4859 2707 4930 gaudium
2767 4874 2946 4913 meum
2995 4867 3051 4912 et
3100 4871 3300 4913 corona
3346 4870 3509 4922 mea,
3556 4855 3635 4910 sic

2047 4961 2188 5006 state
2216 4949 2894 5021 inDomino(PItilipp.tv).
2918 4970 2939 5002 ι
2975 4948 3082 5004 Sed
3110 4958 3166 5004 et
3194 4948 3457 5019 praedam,
3476 4945 3637 5014 iuxta

2049 5041 2410 5111 Seripturam,
2438 5042 2742 5111 asportavit
2768 5040 2994 5096 multam
3023 5039 3197 5095 valde.
3223 5038 3410 5095 Pneda
3440 5039 3637 5110 quippe

2050 5133 2116 5186 de
2148 5132 2396 5188 Rabbath
2441 5132 2687 5195 tollitur.
2733 5146 2857 5186 cum
2915 5146 2981 5186 ex
3023 5129 3382 5186 boc'mundo
3436 5127 3639 5198 quique

2050 5222 2236 5278 ﬁdeles
2289 5232 2451 5292 atque
2512 5221 2693 5278 devoti
2762 5222 2830 5275 ad
2908 5220 3001 5275 Dei
3047 5218 3437 5288 omnipotentis
3482 5216 3637 5271 obse-

2048 5313 2235 5382 quium
2263 5321 2674 5367 convertuntur.
2709 5311 2846 5374 Vos,
2873 5310 3117 5381 inquam,
3160 5325 3193 5363 ο
3217 5308 3391 5363 sancti
3417 5304 3637 5375 pontiﬁ-

2051 5421 2142 5460 ces
2172 5445 2187 5468 .
2242 5421 2339 5460 vos
2368 5405 2708 5475 potissimum
2740 5401 3047 5471 huiusmodi
3096 5399 3307 5456 debetis
3357 5415 3480 5455 esse
3504 5411 3635 5468 pra:-

2051 5496 2250 5561 dones;
2289 5495 2381 5565 qui
2410 5494 2653 5565 quotidie
2694 5492 2972 5548 desudetis
2997 5492 3210 5546 animas
3258 5489 3540 5545 hominum
3571 5485 3639 5541 de

2051 5585 2299 5639 manibus
2328 5584 2542 5653 reprobi
2575 5583 2905 5654 possessoris
2934 5582 3171 5652 eripere,
3193 5591 3248 5634 et
3278 5576 3639 5648 triumphales

2052 5677 2162 5747 regi
2203 5686 2381 5731 vestro
2412 5674 2581 5731 David
2629 5674 2916 5729 manubias
2955 5682 3255 5743 reportare.
3303 5669 3414 5726 Nec
3456 5678 3638 5723 tamen

2050 5767 2273 5838 sufﬁcit,
2313 5781 2436 5847 cum
2480 5765 2695 5824 diabolo
2729 5774 2920 5839 raptus
2964 5765 3030 5821 ad
3078 5765 3245 5822 Deum
3291 5760 3521 5834 quisque
3549 5758 3636 5831 pia
