4074 6190
359 404 457 464 5η

1247 412 1493 471 OPUSC.
1535 414 1728 474 XXXI.
1763 447 1828 460 -—
1873 410 2153 471 CONTRA
2192 412 2742 474 PHILARGYRIAH.

3513 414 3621 472 διε

365 522 643 580 'levottone
668 522 1004 578 convertitur
1030 563 1043 589 ,
1084 524 1187 581 nisi
1221 541 1346 581 mox
1376 527 1541 583 etiam
1586 544 1615 584 a
1642 538 1816 587 status
1854 525 1938 584 sul
1967 529 2016 589 A
2044 524 2241 589 ofﬁcio,
2270 527 2397 583 dum
2426 529 2540 599 ipse
2563 544 2667 585 non
2692 527 2947 591 incidam,
2972 524 3261 583 incidentis
3290 525 3460 581 aciem
3490 526 3618 583 ferri

355 615 554 672 duritia
604 614 757 685 quasi
806 613 999 669 crebro
1045 626 1247 671 sanctae
1284 618 1688 686 praedicationis
1744 621 1940 676 malleo

356 714 691 762 tonteratur.
736 703 889 761 Unde
937 719 1033 775 per
1078 704 1416 762 Jeremiam:
1460 725 1478 759 ι
1519 708 1772 779 Nunquid
1832 725 1938 765 non

356 797 519 853 verba
570 812 687 851 mea
740 804 866 851 sunt
918 797 1073 861 quasi
1125 798 1263 865 ignis
1295 839 1310 863 ,
1369 798 1509 852 dicit
1548 798 1940 857 Dominus:et

354 889 507 959 quasi
566 887 792 942 malleus
864 896 1152 942 conterens
1213 891 1473 957 petram?
1505 910 1523 943 ι
1569 890 1703 961 (Jer.
1756 892 1936 962 χχιιι.)

357 977 529 1033 Verba
578 980 774 1048 quippe
811 978 1026 1033 Domini
1066 981 1220 1048 quasi
1249 980 1391 1049 ignis
1411 992 1564 1044 sunt.
1594 983 1721 1052 quia
1771 983 1938 1054 frigus

354 1066 669 1136 expellunt,
727 1066 963 1120 calorem
1018 1068 1289 1123 mentibus
1349 1070 1648 1139 ingerunt;
1712 1073 1938 1129 malleus

353 1163 533 1211 autem
592 1166 738 1223 sunt,
780 1156 1035 1225 quoniam
1080 1158 1463 1215 obstinationis
1517 1169 1572 1215 et
1617 1165 1936 1232 pervicacia:

355 1246 606 1300 duritiam
653 1246 923 1300 molliunt.
986 1245 1237 1317 Congme
1277 1264 1408 1320 ergo
1452 1266 1607 1305 sacra
1664 1254 1937 1308 subnectit

354 1336 577 1391 historia
619 1356 631 1391 :
669 1355 688 1389 ι
730 1336 993 1407 Populum
1027 1354 1246 1408 quoque
1292 1339 1408 1408 ejus
1450 1342 1723 1399 adducens
1752 1358 1940 1400 serva-

351 1431 480 1495 vit,
529 1438 583 1485 et
642 1429 967 1500 circumegit
1020 1445 1183 1500 super
1228 1447 1322 1488 eos
1383 1432 1586 1489 ferrata
1640 1417 1931 1505 carpenta;

352 1524 641 1593 divisitque
687 1523 910 1590 cultris,
965 1535 1021 1580 et
1074 1527 1382 1581 transduxit
1432 1527 1487 1581 in
1533 1538 1658 1599 typo
1702 1527 1934 1582 laterum

352 1610 576 1685 (IIReg.
622 1614 742 1685 χιι).
792 1636 810 1668 ι
868 1614 1006 1682 Quid
1053 1616 1197 1671 enim
1239 1632 1337 1686 per
1397 1618 1600 1672 ferrata
1632 1627 1931 1689 carpenta,

349 1706 493 1774 quod
514 1706 701 1776 utique
726 1722 897 1777 genus
925 1716 1007 1762 est
1046 1723 1300 1762 curruum
1326 1749 1341 1774 ,
1380 1709 1481 1765 nisi
1527 1708 1719 1764 fortem
1769 1721 1933 1780 atque

350 1796 820 1867 inexpugnabilem
851 1798 1167 1870 quadrigam
1212 1810 1523 1857 sanctorum
1573 1801 1933 1871 evangelista-

2044 620 2213 688 magis
2235 634 2298 674 ac
2326 621 2497 692 magis
2523 634 2823 683 exacuam;
2858 617 3125 673 evellatnr
3164 633 3193 672 a
3227 618 3391 672 corde
3435 628 3622 673 nostro

2043 708 2301 764 radicitus
2335 710 2561 764 avaritia
2589 751 2603 775 ,
2654 709 3103 764 concurrentibus
3143 707 3353 763 scilicet
3376 707 3619 762 omnium

2042 797 2443 869 Scripturarum
2495 800 2821 855 testimoniis
2887 798 3290 853 evidentissime
3357 800 3618 853 condem-

2039 898 2164 943 nata
2197 907 2211 943 :
2238 899 2293 945 et
2322 906 2446 945 cum
2480 890 2661 945 Achan
2697 890 2807 944 lilio
2837 888 3077 955 Charmi,
3105 890 3257 959 quasi
3290 898 3368 944 tot
3397 888 3617 943 Patrum

2039 981 2322 1036 sententiis
2348 1022 2363 1045 ,
2408 990 2539 1052 quot
2577 981 2843 1051 lapidibus
2897 981 3089 1035 obruta
3167 979 3306 1041 (los.
3346 989 3468 1049 vit).
3500 978 3616 1034 Non

2024 1071 2365 1143 accipiendis
2404 1072 2717 1127 muneribus
2767 1071 3146 1135 delectemur,
3192 1085 3260 1125 ne
3317 1071 3370 1125 in
3419 1069 3615 1124 occulti

2036 1162 2281 1217 censoris
2308 1164 2558 1218 examine
2585 1179 2614 1217 a
2642 1162 2987 1226 sacerdotali,
3017 1163 3157 1232 quod
3184 1161 3325 1216 absit
3350 1163 3362 1216 ι
3399 1160 3618 1228 dejicia—

2036 1266 2158 1306 mur
2194 1251 2382 1305 ordine
2406 1292 2421 1313 ,
2470 1251 2609 1305 sicut
2654 1251 2747 1306 filii
2802 1250 3070 1306 Samuelis
3108 1251 3177 1306 ob
3215 1250 3320 1305 hoc
3344 1249 3617 1320 judicialis

2033 1341 2268 1396 amisere
2296 1341 2547 1397 culminis
2584 1342 2922 1414 dignitatem.
2963 1341 3079 1397 Non
3108 1343 3403 1398 vendamus
3448 1357 3614 1414 syno-

2036 1430 2161 1486 dum
2186 1472 2201 1496 ,
2255 1448 2355 1487 nec
2386 1433 2644 1504 synodale
2678 1432 2958 1488 decretum
3012 1433 3317 1503 redigamus
3350 1432 3416 1486 ad
3454 1431 3614 1504 pretii

2033 1522 2429 1590 quantitatem,
2480 1539 2547 1578 ne
2594 1524 2734 1578 sacri
2792 1524 3005 1578 concilii
3056 1524 3316 1593 Spiritum
3365 1532 3611 1578 sanctum

2033 1610 2338 1669 distrahere
2391 1611 2675 1665 videamur
2726 1620 3022 1666 auctorem.
3080 1611 3366 1667 Saecularis
3403 1627 3615 1683 pompa:

2032 1697 2267 1753 facessat
2317 1700 2581 1765 ambitio,
2640 1702 2951 1756 moderetur
3020 1702 3165 1756 nitor
3220 1710 3274 1756 et
3326 1702 3613 1758 insolentia

2030 1790 2283 1854 vestium,
2331 1790 2636 1860 epularum,
2667 1806 2730 1845 ac
2766 1801 2987 1861 potnnm
3019 1792 3366 1862 ingurgitatio
3409 1800 3614 1861 tempe-

347 1904 499 1951 rum,
527 1903 589 1941 ae
632 1903 728 1957 per
752 1889 855 1942 hoc
880 1890 1121 1944 omnium
1170 1890 1473 1945 divinarmn
1522 1890 1927 1961 Scripturarum
1959 1886 2003 1943 ll
2035 1889 2206 1936 τθῑυτι
2234 1880 2289 1934 In
2318 1896 2511 1936 manus
2538 1897 2843 1953 pauperum
2866 1892 3048 1936 nostra
3082 1884 3305 1952 pecunia
3338 1893 3608 1946 lt'anseal:

346 1978 643 2048 intelligere
665 1979 925 2034 debemus
954 1979 1226 2050 eloquium
1247 1980 1270 2034 ?
1290 1978 1448 2046 Nam,
1476 1992 1637 2051 prout
1663 1981 1789 2037 alibi
1815 1982 1926 2052 jam

345 2066 603 2132 diximus,
642 2068 747 2121 vile
773 2069 989 2137 quidem
1037 2068 1263 2134 ferrum,
1295 2081 1474 2126 tamen
1520 2072 1738 2126 edomat
1766 2088 1928 2127 omne

344 2155 645 2210 metallum.
695 2156 846 2213 Sicut
896 2158 1099 2214 ferrum
1144 2161 1376 2217 metallis
1403 2163 1655 2217 omnibus
1682 2163 1928 2217 domina-

343 2253 461 2311 tur;
494 2248 572 2301 sic
612 2250 919 2320 evangelica
946 2252 1188 2307 doctrina
1230 2254 1395 2309 duras
1434 2264 1643 2311 mentes
1683 2257 1927 2312 emollire

339 2340 707 2408 cognoscitur.
755 2341 893 2409 Quid
933 2352 1017 2398 est
1065 2356 1194 2413 ergo
1234 2361 1397 2415 super
1440 2355 1630 2416 captos
1678 2348 1926 2404 homines

340 2427 545 2484 ferrata
607 2442 859 2501 carpenta
913 2435 1318 2507 circumagere,
1379 2436 1482 2490 nisi
1542 2451 1710 2491 sacra:
1764 2437 1923 2508 552

340 2521 638 2592 Scriptura:
666 2525 798 2580 rotis
834 2526 1190 2582 lmmanarum
1238 2530 1499 2583 mentium
1548 2545 1731 2585 aream
1765 2532 1927 2585 tritu-

338 2613 500 2667 rare?
531 2623 589 2668 ut
630 2616 680 2669 in
727 2617 806 2671 eis
826 2633 1010 2674 sermo
1035 2621 1248 2676 divinus
1274 2630 1326 2675 et
1358 2621 1613 2676 vitiorum
1649 2623 1919 2679 reluctan-

338 2703 470 2757 tium
499 2704 685 2774 glebas
723 2708 954 2773 obterat,
990 2719 1045 2764 et
1085 2725 1178 2766 eas
1209 2712 1274 2765 ad
1299 2712 1672 2780 suscipiendas
1702 2715 1925 2768 manda-

339 2803 518 2851 torum
570 2799 869 2855 ctelestium
901 2810 1110 2871 segetes
1141 2804 1487 2875 complanare
1541 2813 1597 2859 et
1640 2821 1923 2875 exaequare

336 2888 649 2942 contendat.
682 2889 749 2943 Et
791 2891 920 2960 quid
967 2901 1049 2946 est
1075 2933 1090 2958 ,
1131 2906 1226 2948 eos
1254 2893 1444 2949 cultris
1489 2894 1730 2949 dividere
1755 2934 1771 2959 ,
1820 2894 1920 2949 nisi

339 2987 682 3044 peccatorum
710 2980 991 3035 hominum
1017 2983 1404 3038 conscientiam
1428 2983 1493 3037 ad
1523 2982 1920 3039 confessionem

336 3069 503 3123 divini
536 3073 682 3126 verbi
715 3074 1189 3141 praedicationibus
1223 3077 1473 3146 aperire?
1515 3076 1591 3133 De
1617 3093 1724 3147 quo
1754 3079 1921 3131 verbo

336 3163 465 3215 dicit
489 3164 776 3234 Apostolus
799 3183 812 3218 :
846 3185 863 3218 ι
892 3166 1138 3222 Gladium
1162 3169 1406 3238 spiritus,
1428 3171 1568 3239 quod
1591 3178 1672 3226 est
1693 3172 1916 3225 verbum

337 3251 427 3306 Dei
475 3233 691 3322 (Ep/res.
726 3257 821 3328 vt).
852 3277 869 3310 ι
906 3258 1059 3314 Tunc
1105 3233 1250 3321 enim
1296 3233 1551 3331 tanquam
1586 3262 1920 3331 spiritalibus
1945 3233 1990 3295 Ο

336 3342 527 3397 eultris
579 3345 741 3401 homo
771 3347 1028 3402 dividitur
1052 3389 1066 3412 ,
1099 3365 1221 3405 cum
1269 3351 1334 3404 a.l
1363 3352 1691 3422 detegendas
1725 3355 1919 3409 animai

334 3447 447 3485 suae
468 3433 654 3506 plagas
676 3437 843 3492 divini
881 3439 1030 3494 verbi
1061 3440 1239 3511 gladio
1265 3442 1568 3498 desecatur.
1605 3442 1717 3499 Cur
1738 3454 1917 3499 autem

331 3537 428 3578 eos
462 3524 515 3579 in
568 3535 749 3597 typum
792 3529 1020 3585 laterum
1066 3532 1440 3589 transduxisse
1490 3544 1784 3601 narratur,
1814 3537 1917 3591 nisi

333 3614 460 3681 quia
493 3614 689 3671 lateres
717 3628 770 3672 et
820 3621 1019 3675 terreni
1052 3629 1181 3676 sunt
1208 3630 1264 3677 et
1300 3623 1547 3679 decocti?
1572 3623 1725 3679 Tunc
1772 3630 1917 3681 enim

333 3719 592 3775 peccator
635 3711 687 3765 in
727 3723 912 3784 typum
942 3713 1127 3769 lateris
1155 3716 1385 3771 vertitur
1408 3756 1424 3782 ,
1456 3733 1580 3772 cum
1610 3719 1675 3773 ad
1724 3719 1920 3787 pracdi—

331 3800 565 3853 cationis
601 3815 786 3856 vocem
814 3842 829 3866 ,
872 3804 1046 3858 sancti
1086 3804 1321 3875 Spiritus
1358 3808 1607 3862 ardorem
1637 3809 1875 3878 concipit
1902 3851 1915 3873 ,

327 3898 402 3947 et.
432 3890 699 3945 veraciter
746 3892 1059 3949 humiliatus
1088 3935 1104 3959 ,
1134 3902 1334 3950 terram
1383 3910 1444 3950 se
1492 3914 1557 3951 ac
1598 3896 1766 3951 lutum
1798 3912 1920 3953 esse

328 3980 633 4047 perpendit.
680 3980 771 4036 Sic
800 3983 981 4054 itaque
1035 3984 1264 4055 quisque
1290 4001 1585 4041 conversus
1635 4002 1698 4043 ac
1745 3988 1922 4058 paeni-

332 4079 453 4125 tens
483 4071 537 4125 in
568 4071 755 4126 lateris
789 4072 1056 4129 formatur
1109 4075 1397 4147 imaginem
1432 4117 1448 4143 ,
1492 4093 1616 4132 cum
1660 4087 1715 4133 et
1742 4078 1919 4133 humi-

329 4157 497 4213 liatur
537 4176 602 4215 ex
650 4178 762 4217 suae
813 4163 1120 4235 fragilitatis
1172 4166 1328 4231 luto,
1364 4177 1419 4221 et
1477 4169 1630 4237 quasi
1680 4170 1918 4226 rubescit

326 4250 443 4306 sive
462 4249 786 4323 flammescit
808 4255 858 4308 in
872 4272 1060 4310 amore
1079 4256 1283 4320 divino,
1300 4268 1380 4322 ut,
1401 4259 1527 4313 dum
1551 4275 1610 4315 se
1640 4269 1916 4316 terrenum

326 4346 610 4412 pulverem
670 4356 911 4414 pensat,
966 4364 1065 4403 cor
1109 4365 1263 4404 suum
1314 4353 1381 4405 ad
1444 4352 1757 4408 referendas
1808 4354 1917 4409 Deo

327 4434 560 4506 gratias,
586 4435 676 4504 qui
706 4451 765 4490 se
815 4440 1107 4505 revocavit,
1141 4443 1422 4496 accendat.
1459 4443 1610 4499 Unde
1659 4454 1714 4499 et
1744 4444 1913 4499 Adam

327 4526 720 4593 interpretatur
766 4536 907 4583 terra
972 4530 1133 4586 rubra
1163 4571 1179 4596 ,
1231 4542 1290 4586 ut
1336 4549 1401 4588 ex
1457 4534 1617 4604 primi
1671 4536 1913 4605 parentis

325 4618 550 4672 nomine
587 4618 817 4688 quisque
853 4621 1134 4677 condiscat
1161 4623 1245 4677 vel
1274 4624 1403 4694 qdid
1450 4596 1792 4693 originaliter
1818 4626 1912 4689 sit,
1942 4596 1993 4655 D

325 4713 413 4785 vel
435 4706 566 4776 quid
587 4723 710 4763 eum
737 4709 1024 4765 actualiter
1042 4726 1162 4766 esse
1182 4714 1485 4769 conveniat
1506 4714 1587 4770 Ad
1611 4715 1710 4769 bos
1733 4715 1915 4785 itaque

330 4784 685 4872 ltriumphos]
714 4802 1030 4859 sacerdotes
1060 4804 1447 4870 Ecclesiarum,
1473 4806 1541 4860 ad
1569 4805 1702 4861 istas
1741 4807 1916 4861 sancti

323 4890 612 4953 rontilices
641 4892 943 4948 debuerant
994 4893 1254 4950 anhelare
1296 4895 1555 4950 victorias
1580 4935 1596 4958 ,
1628 4910 1734 4950 non
1763 4911 1916 4950 sum-

320 4982 537 5049 ptuosis
581 4984 863 5053 epularum
912 4985 1133 5042 ferculis
1158 5027 1174 5053 ,
1204 5001 1311 5042 non
1360 4986 1555 5042 resolvi
1589 4986 1917 5042 lenocinanti

321 5074 624 5141 petulantia
652 5068 965 5147 voluptatis.
1002 5077 1133 5134 Post
1175 5077 1360 5132 mundi
1406 5078 1604 5148 quippe
1641 5077 1917 5133 nascentis

321 5167 609 5223 exordium
668 5183 767 5238 per
815 5169 960 5225 mille
989 5170 1161 5226 ferme
1204 5179 1366 5242 atque
1407 5179 1695 5227 sexcentos
1742 5185 1915 5225 annos

320 5260 627 5335 humanum
672 5278 843 5334 genus
884 5263 1003 5321 sine
1050 5262 1162 5318 vini
1201 5264 1393 5335 poculo
1436 5271 1492 5319 et
1529 5278 1624 5319 esu
1665 5262 1910 5318 carnium

320 5351 492 5418 vixit;
528 5368 629 5409 nec
677 5361 854 5410 tamen
902 5354 1211 5425 quispiam.
1250 5369 1409 5424 quem
1445 5353 1728 5423 Scriptura
1766 5367 1916 5408 com-

320 5450 613 5511 memoret,
645 5459 818 5516 usque
847 5446 916 5501 ad
943 5446 1150 5501 obitum
1180 5445 1439 5516 languore
1467 5444 1766 5502 contabuit.

915 5554 1143 5612 CAPUT
1182 5554 1314 5610 Vlll.

636 5665 927 5740 Epilogus,
959 5679 1007 5725 et
1040 5669 1278 5739 opusculi
1304 5666 1586 5723 conclusio.

391 5760 501 5816 Sed
534 5769 597 5815 ut
613 5757 728 5830 jam
748 5800 765 5826 ,
800 5777 921 5834 qua:
945 5778 1107 5834 supra
1136 5761 1297 5819 latius
1325 5762 1713 5834 comprehensa
1737 5766 1865 5817 sunt
1889 5799 1905 5825 ,

314 5852 498 5911 brevis
553 5851 751 5925 epilogi
811 5853 917 5910 line
966 5852 1285 5911 concludam
1338 5871 1353 5910 :
1401 5861 1455 5912 et.
1505 5852 1643 5912 cotis
1687 5850 1905 5910 functus

2028 1989 2149 2042 qua!
2204 1990 2300 2044 per
2345 1974 2633 2028 avaritiam
2694 1983 2971 2041 turserat,
3028 1990 3124 2044 per
3182 1976 3608 2031 misericordiam

2027 2065 2292 2118 exhausta
2331 2064 2443 2131 jam
2501 2080 2759 2120 crumena
2831 2065 3095 2121 follcscat.
3159 2065 3365 2121 Nostrae
3409 2068 3609 2121 divitia:

2029 2165 2324 2222 nosterque
2376 2153 2665 2209 thesaurus
2719 2154 2870 2209 lucra
2905 2156 3014 2210 sint
3059 2156 3360 2210 animarum
3389 2195 3405 2221 ,
3450 2163 3506 2210 et
3550 2156 3606 2210 in

2030 2259 2155 2297 arca
2212 2243 2382 2297 nostri
2432 2243 2667 2313 pectoris
2705 2244 2937 2312 pretiosa
2993 2245 3359 2299 recondantur
3405 2244 3605 2299 talenta

2024 2336 2305 2388 virtutum.
2339 2334 2393 2388 In
2427 2335 2529 2390 hac
2556 2335 2720 2392 etiam
2752 2351 2845 2388 ara
2874 2334 3248 2404 principaliter
3275 2335 3600 2390 sacrificium

2024 2419 2315 2477 offeramus
2338 2461 2353 2486 ,
2402 2430 2458 2476 et
2481 2461 2497 2488 ,
2529 2421 2825 2491 proﬂigatis
2856 2438 2974 2491 qua:
3000 2423 3142 2477 circa
3176 2439 3272 2476 nos
3304 2432 3427 2477 sunt
3453 2463 3468 2487 ,
3511 2424 3608 2476 de-

2024 2531 2170 2570 mum
2202 2514 2360 2586 553
2384 2516 2741 2584 nosmetipsos
2766 2516 2873 2569 Deo
2902 2515 3142 2569 viventes
3168 2514 3372 2568 hostias
3405 2513 3601 2567 immo-

2024 2606 2228 2671 lemus;
2276 2616 2544 2676 quatenus
2581 2605 2672 2674 qui
2703 2605 3009 2659 sacerdotes
3038 2605 3088 2658 in
3115 2604 3285 2657 oculis
3322 2604 3599 2657 hominum

2019 2696 2298 2752 cernimur
2320 2735 2335 2759 ,
2384 2695 2437 2749 in
2490 2693 2769 2749 obtutibus
2803 2693 2966 2747 etiam
3008 2692 3202 2748 occulti
3239 2692 3446 2747 Iudicis
3483 2692 3599 2748 veri

2023 2787 2310 2841 sacerdotii
2334 2784 2457 2855 jure
2483 2785 2787 2855 fungamur.

2659 2957 2969 3014 SCHOLIA.

2094 3051 2298 3120 Regalis
2332 3053 2509 3123 itaque
2546 3068 2779 3120 purpura
2816 3052 2937 3121 quia
2970 3049 3209 3123 unicolor
3245 3059 3352 3117 est,
3391 3047 3604 3123 t'ilipett-

2022 3124 2200 3185 ditnr;
2230 3122 2392 3191 pallia
2422 3120 2537 3175 rero
2566 3123 2783 3175 diversis
2810 3120 2984 3191 fucata
3026 3120 3300 3191 nitoribus,
3335 3121 3404 3173 ad
3439 3120 3604 3191 subli-

2021 3194 2119 3246 mis
2159 3188 2335 3245 lectuli
2373 3192 2689 3257 deputantur
2724 3188 2984 3245 ornatum.
3021 3190 3093 3243 Ex
3144 3190 3243 3243 hoc
3284 3189 3402 3244 loco
3444 3188 3603 3243 facile

2021 3262 2290 3333 colligitur
2313 3261 2480 3315 multo
2511 3269 2635 3333 ante
2663 3274 2821 3333 quam
2835 3258 3604 3333 _recenti9res__aliquotallir-

2022 3328 2207 3389 ruant.
2258 3346 2549 3402 purpuram
2600 3328 2778 3402 S_.’R.
2832 3330 2894 3384 E.
2941 3328 3298 3402 cardinalium
3356 3329 3596 3382 habitum

2020 3402 2219 3465 fuisse,
2252 3397 2572 3455 neccorum
2612 3399 2894 3461 duntaxat,
2932 3399 3023 3468 qui
3059 3414 3124 3454 ex
3156 3397 3475 3453 clericorum
3505 3412 3598 3450 or-

2020 3474 2145 3527 dine
2196 3472 2262 3525 ad
2312 3480 2419 3524 tam
2471 3468 2698 3523 sublime
2730 3469 3013 3540 fastigium
3064 3468 3457 3540 evehebautur,
3504 3469 3597 3540 sed

2018 3545 2184 3598 etiam
2225 3541 2607 3595 monachorum
2650 3554 2681 3592 e
2722 3537 2779 3593 S.
2819 3536 2893 3594 PI
2926 3538 3197 3593 Benedicti
3241 3537 3490 3592 claustris
3531 3536 3598 3590 ad

2018 3628 2138 3667 eam
2184 3612 2501 3681 dignitatem
2520 3618 2964 3681 _assumptorum.
3035 3610 3259 3681 Constat
3316 3607 3459 3681 enim
3505 3622 3600 3661 eos

2019 3684 2086 3737 ad
2122 3677 2256 3752 quos
2290 3677 2941 3752 Petros_I_)am.__scribit,
2986 3678 3280 3752 monachos
3325 3677 3491 3752 tuisse
3532 3693 3599 3732 ex

2019 3747 2194 3808 sancti
2226 3750 2500 3805 Benedicti
2533 3747 2754 3812 familia,
2787 3749 3187 3818 quibwamen
3218 3748 3289 3801 ita
3325 3747 3596 3816 loquitur:

2026 3841 2043 3873 ι
2075 3823 2141 3876 Ει
2175 3837 2295 3876 cum
2328 3818 2606 3874 domestici
2645 3820 2876 3873 murices
2907 3818 3105 3873 nllris
3147 3818 3453 3885 aspectibus
3482 3832 3601 3869 sor-

2018 3892 2214 3955 deant,
2264 3888 2748 3943 transmarinorum
2792 3889 2990 3956 pelles,
3029 3888 3153 3957 quia
3194 3902 3386 3957 magno
3424 3886 3599 3956 pretio

2017 3969 2357 4023 coemuntur,
2398 3958 2691 4013 oblectant.
2729 3976 2748 4009 »
2786 3958 2886 4025 Qui
2917 3956 3175 4019 arbitror,
3218 3956 3597 4025 utﬁicebam,

2019 4031 2176 4102 longe
2198 4029 2556 4102 antiquiorem
2587 4024 2836 4102 purpurae
2859 4027 3183 4102 usun1__int_0r
3379 4024 3439 4078 E.
3464 4040 3598 4102 pra?

2017 4093 2163 4157 sulé's
2193 4093 2389 4163 fuisse,
2420 4093 2937 4168 qttaurrecentiores
2967 4096 3131 4164 aliqui
3164 4095 3492 4168 existiment.
3530 4093 3600 4148 Et

2017 4171 2235 4242 quidem
2264 4170 2306 4223 si
2339 4169 2391 4223 in
2423 4164 2569 4223 hisce
2599 4167 2758 4220 rebus
2788 4176 3166 4237 argumentum
3197 4164 3337 4242 valet
3364 4178 3400 4242 a_
3421 4164 3599 4242 pi_ct_u-

2017 4233 2094 4296 ris
2114 4242 2477 4308 desumptum,
2503 4233 2932 4308 pttrpuraztnsmn
2962 4252 3067 4308 non
3094 4235 3252 4308 modo
3278 4234 3330 4287 in
3354 4233 3593 4308 clericis,

2017 4312 2111 4366 sed
2150 4304 2317 4366 etiani
2348 4309 2398 4363 in
2432 4304 2708 4361 rnonachis
2746 4305 2910 4361 fuisse
2938 4304 3374 4373 antiquissimum
3408 4304 3600 4373 probat

2016 4383 2179 4436 etiam
2206 4389 2395 4434 auctor
2421 4377 2539 4432 libri
2565 4376 2725 4430 beato
2753 4376 3029 4431 Desiderio
3055 4371 3237 4429 abbati
3261 4383 3316 4427 et
3335 4371 3599 4426 cardinali

2014 4466 2182 4521 prope
2208 4465 2406 4521 armum
2429 4447 2637 4521 Domini
2668 4445 2805 4521 meo
2827 4446 3076 4521 decli_c_ati.
3104 4454 3157 4500 et
3180 4460 3246 4498 ex
3270 4442 3596 4521 bibliotheca

2015 4512 2295 4575 Casittensi
2332 4535 2452 4573 cum
2485 4518 2605 4572 aliis
2644 4516 2828 4572 multis
2863 4517 2913 4571 in
2944 4515 3258 4570 Vaticanam
3301 4512 3545 4566 translati
3579 4529 3593 4565 :

2019 4591 2071 4646 iu
2101 4589 2254 4657 cujus
2285 4589 2478 4650 fronte,
2514 4589 2645 4656 ipse,
2680 4587 2927 4657 inquam.
2965 4584 3276 4657 Desiderius‘
3299 4583 3598 4657 monachus

2017 4670 2072 4715 et
2093 4650 2261 4715 abbas
2284 4659 2422 4713 sacri
2454 4650 2765 4710 monasterii
2789 4656 3121 4717 Casinensis,
3151 4669 3214 4707 ac
3240 4651 3378 4705 tituli
3405 4651 3462 4705 S.
3489 4650 3599 4705 Ca:-

2017 4731 2156 4787 cilire
2180 4729 2468 4798 presbyter
2494 4724 2785 4798 cardinalis
2811 4724 3008 4798 duplici
3041 4732 3211 4785 veste,
3245 4721 3435 4775 stricta
3462 4736 3594 4784 una,

2019 4793 2397 4858 talari'altera,
2433 4804 2495 4869 et
2517 4793 2670 4869 quasi
2706 4793 2973 4869 consolari
3011 4806 3281 4869 purpurea
3321 4800 3549 4869 utraqtte
3574 4828 3590 4851 ,

2018 4871 2259 4935 vittaque
2286 4880 2448 4919 aurea
2484 4862 2549 4918 in'
2564 4862 2788 4935 singulis
2816 4862 3254 4935 extremitatibus
3286 4868 3476 4935 ot'nata
3510 4862 3594 4935 iu-

2020 4928 2263 5009 spicitur.
2292 4935 2400 5009 Nec
2424 4928 2882 5009 est.dub]andnm
2911 4933 3039 5004 quin
3069 4931 3285 4986 vivente
3318 4928 3595 5009 Desiderio

2019 5000 2083 5063 ea
2116 5007 2319 5078 pictura
2351 5003 2489 5078 facta
2520 5002 2778 5078 sit;_nam
2811 5000 3168 5078 prmierqtratn
3201 5000 3344 5078 quod
3379 5013 3594 5078 versus,

2019 5024 2083 5063 ea
2116 5019 2319 5078 pictura
2351 5019 2489 5059 tacta
2520 5019 2622 5065 su;
2655 5019 2778 5055 nam
2811 5019 3167 5126 praaerquam
3201 5019 3344 5071 quoa
3379 5019 3594 5063 versus,

2018 5079 2108 5147 qui
2143 5077 2283 5147 libri
2308 5072 2573 5147 principio
2607 5072 3024 5147 ab-anonymoi
3049 5074 3098 5127 lo
3128 5070 3406 5127 Casinensi
3452 5069 3596 5136 ejus-

2018 5142 2139 5204 dem
2168 5142 2575 5219 libri_scriptore
2598 5142 2965 5219 praeligantur,
2989 5144 3161 5213 ipsum
3187 5153 3439 5219 tanquam
3465 5154 3597 5219 prm-

2017 5226 2225 5273 seutem
2262 5208 2613 5285 alloquuntur
2647 5231 2661 5266 :
2706 5208 2962 5285 id'etiam
3009 5208 3271 5285 przeterea
3297 5208 3591 5285 'ostendjt,

2016 5288 2172 5359 quod
2188 5277 2499 5359 Desiderius
2526 5282 2591 5359 ad
2618 5282 2819 5359 capitis
2848 5277 3055 5353 tergum
3084 5282 3403 5359 quadratattt
3432 5277 3596 5331 habet

2016 5348 2298 5421 tabellam,
2324 5371 2445 5426 qua:
2471 5348 2747 5426 indicium
2766 5366 2830 5406 ea
2863 5348 3180 5422 tempestate
3207 5348 3437 5405 viventis
3471 5361 3595 5402 esse

2014 5428 2189 5483 solere
2216 5420 2578 5498 ,_pei'vetusta
2619 5420 2779 5498 Urbis
2814 5420 3193 5485 monumenta,
3226 5432 3455 5498 quorum
3491 5433 3594 5498 nos

2016 5498 2184 5553 multa
2215 5486 2651 5553 observavimus,
2679 5491 3053 5545 demonstrant
3084 5509 3096 5543 :
3128 5500 3178 5544 et
3214 5486 3451 5544 leannes
3472 5486 3594 5540 dia-

2016 5584 2187 5623 conus
2219 5565 2508 5622 cardinalis
2538 5564 2589 5617 in
2620 5561 2738 5614 Vita
2767 5561 2825 5615 S.
2854 5559 3079 5629 Gregor.
3111 5559 3204 5614 lib.
3237 5574 3311 5624 tv,
3346 5573 3467 5627 cap.
3498 5556 3594 5629 εξι,

2015 5646 2262 5692 testatur.
2294 5635 2552 5706 Amplius.
2586 5632 2727 5706 sicut
2753 5630 3057 5706 cardinales
3082 5630 3135 5683 in
3168 5629 3593 5706 locum_senatus

2013 5707 2220 5777 antiqui
2251 5698 2698 5777 successere,_ita
2732 5699 2900 5777 multo
2931 5708 3279 5777 anteaquam
3313 5698 3366 5753 bi
3398 5712 3592 5753 recen-

2014 5769 2177 5848 tiores
2196 5776 2506 5848 Opinaritur,
2534 5788 2563 5825 a
2586 5770 2850 5848 Somanis
2872 5769 3215 5848 pontiﬁcibus
3236 5785 3329 5824 eos
3355 5781 3591 5848 purpura

2009 5834 2250 5906 donatos'
2273 5844 2444 5903 fuisse
2486 5834 2935 5901 verisimillimu'm
2977 5840 3057 5899 fit.
3094 5840 3234 5911 Sed,
3269 5848 3322 5896 et
3352 5834 3476 5895 cum
3506 5834 3590 5891 di-
