4074 6190
419 443 530 498 N5

850 435 908 493 S.
941 435 1145 492 PETRI
1185 432 1469 491 DAMI’ANI
1508 433 1666 493 OPP.
1692 432 1932 492 TOMUS
1965 432 2101 492 SEU
2144 433 2340 491 PARS
2365 433 2451 490 ιιι.
2481 433 2942 492 ——‘0PUSCULA
2984 433 3213 488 VARIA.

3589 432 3631 491 ’6
3639 437 3705 494 Η

421 558 548 612 cant
575 551 1061 609 Innocentium‘lV'
1082 565 1226 606 anno
1249 551 1455 607 Christi
1491 549 1626 606 12M
1663 550 1922 606 statuisse
1949 558 2010 605 ut
2035 557 2083 617 Α
2107 552 2284 607 lorum
2319 567 2384 607 ac
2425 562 2742 608 czeterorum
2782 549 3089 618 huiusmodi
3113 520 3364 615 .iniurias
3395 549 3707 604 hominum-

420 624 724 684 cardinales
750 638 889 691 equo
919 625 970 677 iu
1001 622 1272 692 publicum
1302 622 1460 688 vecti,
1489 622 1670 692 galero
1701 622 1864 692 rubro
1894 631 2010 676 ute-

423 706 639 758 rentur;
673 705 728 748 et
770 691 1059 748 l‘anlumll
1107 709 1248 748 anno
1277 693 1433 747 Dom.
1474 691 1610 748 [464
1653 707 1751 746 suo
1784 691 2010 746 Decreto

427 765 713 820 mandasse
743 774 798 816 nt
849 764 1206 816 cardinalmm
1243 763 1408 832 galeri
1439 774 1503 816 ex
1537 763 1714 832 serico
1748 763 2010 832 coccineo

422 838 646 897 fierent,
680 835 876 903 quibus
918 835 1082 887 etiam
1115 849 1292 902 panno
1330 833 1569 904 ejusdem
1608 831 1770 904 55h.
1815 832 2013 886 coloris

423 910 564 960 dono
602 905 766 968 datis,
795 904 917 973 equi
950 904 1032 956 vel
1062 903 1219 978 nulla:
1245 919 1466 978 eorum,
1508 903 1633 978 dum
1665 903 1974 978 equitarth
1996 943 2012 967 ,

425 987 484 1031 ut
521 984 893 1029 sternerentur
931 975 1196 1037 voluisse;
1243 975 1438 1027 mirum
1495 973 1708 1026 videtur
1746 973 2014 1041 quomodo

425 1046 512 1098 alii
559 1045 802 1098 historici
847 1045 1088 1098 scribant
1129 1044 1433 1096 cardinales
1474 1051 1718 1110 tempore
1760 1044 2013 1097 Clemen-

425 1117 496 1171 tis
524 1115 588 1169 Vl
617 1116 759 1168 circa
791 1129 990 1167 annum
1021 1115 1220 1169 Christi
1254 1112 1391 1167 1555
1423 1123 1474 1167 et
1510 1113 1645 1167 1558
1677 1129 1854 1182 panno
1886 1128 2013 1182 pur-

424 1201 612 1254 pureo,
649 1195 754 1238 tam
789 1185 952 1252 ipsos,
987 1200 1148 1252 quam
1182 1185 1416 1254 ipsorum
1461 1198 1630 1254 equos
1668 1185 1919 1246 indutos,
1953 1199 2018 1237 ac

427 1252 744 1327 perornatus
772 1255 1046 1327 l'nissetut
1071 1255 1138 1308 de
1167 1253 1428 1327 cardinali
1456 1252 1672 1327 [Egidio
1699 1253 2016 1327 A_lborno_ti_o

429 1321 680 1394 testatum
714 1324 929 1394 reliquit
955 1324 1096 1378 illius
1127 1325 1302 1378 aetatis
1325 1321 1558 1392 scriptor
1590 1322 1874 1394 Mattiacas
1905 1321 2014 1374 Vil-

427 1396 583 1449 lanus
609 1393 810 1447 Chron.
834 1393 1116 1457 Florent.,
1155 1393 1246 1447 lib.
1294 1410 1375 1456 ιιι,
1409 1409 1525 1462 cap.
1569 1393 1657 1455 5-1,
1691 1403 1743 1447 et
1779 1393 1871 1445 lib.
1907 1406 2014 1456 vn,

425 1481 547 1534 cap.
582 1464 698 1526 100,
723 1474 780 1518 et
801 1475 1042 1521 assertor
1070 1465 1191 1518 vita:
1217 1465 1354 1518 beati
1383 1463 1526 1517 Petri
1556 1464 1623 1518 de
1647 1464 2018 1532 Lucemburgo

427 1535 718 1590 cardinalis
745 1536 917 1589 creati
953 1535 1018 1588 ad
1049 1550 1247 1588 annum
1284 1535 1450 1598 1536,
1484 1535 1697 1588 tametsi
1731 1550 1759 1586 a
1789 1534 2017 1602 pseudo-

428 1620 564 1676 papa
605 1621 709 1658 non
750 1605 920 1676 solum
952 1604 1117 1674 galeri
1165 1603 1352 1668 rnbei,
1401 1605 1576 1676 sedet
1607 1619 1794 1676 _capp;e
1843 1602 2019 1676 rubeat

429 1673 638 1728 duobus
672 1676 723 1728 in
757 1675 890 1728 locis
923 1673 1053 1730 satis
1081 1685 1265 1743 aperte
1307 1675 1572 1728 meminit.
1607 1673 1802 1727 vitrum
1836 1684 1890 1724 nt
1917 1673 2020 1726 hoc

431 1746 548 1798 loco
591 1745 716 1798 illud
763 1746 926 1799 etiam
966 1762 1070 1798 non
1121 1756 1543 1814 praetereamus,
1592 1745 1815 1798 abbates
1854 1751 2018 1796 etiam

425 1815 761 1870 Benedictini
817 1815 1024 1869 ordinis
1073 1815 1334 1884 quosdam
1398 1815 1675 1883 dignitatis
1739 1829 2017 1868 common-

429 1887 664 1940 stranda:
694 1885 863 1956 gratia
898 1885 1046 1954 (licet
1075 1901 1261 1938 eorum
1297 1885 1544 1938 monachi
1586 1885 1750 1951 nigris
1779 1884 2018 1936 vestibus

432 1956 603 2008 induti
651 1956 990 2023 incederent)
1043 1956 1278 2007 tiolaceo
1326 1970 1451 2008 usos
1494 1970 1645 2015 esse,
1697 1963 1753 2007 ιιι
1801 1962 2016 2007 constat

431 2025 809 2093 antiquissimo
851 2026 1162 2079 monasterii
1203 2024 1480 2078 Farfensis
1516 2025 1765 2092 registt‘o,
1807 2038 1870 2077 ex
1911 2037 2017 2092 quo

431 2096 715 2150 manifeste
748 2105 970 2164 apparet
999 2097 1236 2164 quinque
1282 2112 1343 2149 ac
1377 2096 1594 2164 triginta
1641 2096 1754 2148 fere
1795 2108 2018 2146 numero

431 2165 655 2220 abbates
685 2166 750 2219 ad
784 2135 1126 2234 ἓῗιρροιιιξιιι,
1149 2135 1252 2234 lqui
1287 2181 1428 2218 anno
1449 2135 1665 2218 Domini
1699 2164 1837 2218 1010
1863 2163 2015 2234 vixit,

433 2235 519 2289 his
571 2237 808 2289 vestibus
859 2233 1072 2289 indutos
1124 2233 1508 2288 tliOItttSlCl‘illm
1563 2236 1788 2288 rexisse.
1847 2233 2017 2299 Quem

433 2303 729 2359 violacenm
756 2306 989 2359 colorem
1024 2306 1306 2358 abbatibus
1325 2346 1339 2368 ,
1369 2313 1423 2358 et
1457 2306 1689 2358 maxime
1721 2305 1905 2357 Ronia:
1929 2305 2019 2356 dc-

432 2376 713 2444 gcntibus,
755 2377 912 2443 quive
943 2391 1099 2429 sacro
1139 2376 1628 2428 illustrissimornm
1661 2374 2018 2429 cardinalium

433 2449 781 2509 consistorio,
820 2463 882 2499 ac
929 2461 1141 2500 summo
1187 2445 1425 2513 pontitici
1472 2458 1668 2513 pnesto
1714 2445 1935 2504 adesse,
1968 2453 2023 2496 et

433 2516 586 2584 quasi
615 2533 643 2568 a
675 2518 841 2571 latere
870 2532 988 2571 esse
1014 2525 1430 2580 consueverant,
1463 2525 1515 2569 et
1545 2525 1870 2584 temporum,
1905 2513 2022 2568 bel-

413 2797 443 2826 η

2111 638 2216 693 qne
2246 623 2506 677 malitiam
2536 622 2805 693 ademisse
2840 621 2997 693 facile
3025 621 3290 693 creditum
3311 629 3423 693 _est.
3460 620 3571 693 N_ee
3603 622 3706 693 hoc

2113 687 2328 763 quidem
2364 694 2592 753 mirum,
2625 707 2746 745 cum
2780 691 3112 763 Benedictini
3147 691 3354 763 ordinis
3383 687 3710 758 professori-

2105 760 2214 817 bus
2247 778 2314 816 ex
2341 763 2669 817 sanctissimi
2717 763 2797 814 sui
2839 762 3006 829 patris
3036 760 3218 828 regula
3270 776 3594 830 quocunque
3627 763 3707 817 uti

2111 834 2293 887 colore
2325 834 2644 900 permissum
2691 831 2872 885 fuerit.
2908 833 3248 900 Quapropter
3281 845 3404 884 cum
3451 832 3706 886 cardina-

2115 904 2227 958 litia
2266 905 2348 957 vel
2384 905 2576 972 quavis
2609 902 2712 956 alia
2771 902 3033 971 dignitate
3080 901 3374 970 fulgebant,
3407 909 3473 972 ut
3505 916 3705 972 purpu-

2116 989 2264 1026 ream
2308 974 2389 1027 vel
2417 972 2706 1026 violaceam
2736 972 3073 1041 chlamydem
3103 980 3400 1039 gestarent,
3427 971 3705 1040 dispensa-

2118 1045 2261 1097 tione
2283 1043 2478 1097 smnmi
2503 1042 2772 1111 pontificis
2796 1045 2875 1105 (ut
2894 1041 3116 1093 alterius
3135 1041 3362 1094 instituti
3387 1049 3704 1106 sectatores,

2116 1114 2310 1182 quibus
2347 1113 2502 1166 aliter
2541 1114 2687 1165 innni
2729 1122 2945 1182 cautum
2981 1123 3063 1182 est
3097 1111 3304 1181 regula)
3350 1127 3456 1164 non
3488 1111 3709 1182 indige-

2116 1180 2264 1238 bant.
2319 1183 2576 1249 Quamvis
2627 1197 2754 1236 vero
2807 1181 2865 1234 S.
2924 1181 2980 1234 P.
3040 1180 3364 1235 Benedictus
3415 1180 3533 1236 suis
3581 1180 3706 1236 eum

2119 1255 2400 1307 monachis
2429 1254 2478 1306 in
2514 1262 2658 1307 veste
2686 1254 2834 1321 nigra
2869 1251 3164 1314 incederet,
3189 1251 3488 1320 generatim
3522 1261 3704 1306 tamen

2117 1325 2232 1377 hzec
2264 1323 2503 1392 praecipit
2537 1341 2547 1375 :
2591 1341 2606 1372 ι
2642 1323 2712 1375 De
2751 1320 2980 1390 quarum
3015 1337 3191 1374 rerum
3228 1320 3703 1392 omniumrolorc,

2069 1428 2074 1433 -
2102 1401 2212 1446 'aut
2243 1389 2607 1462 grossitndine
2635 1407 2738 1444 non
2769 1389 3059 1444 causentur
3090 1393 3370 1462 monachi;
3402 1389 3496 1444 sed
3519 1391 3706 1462 quales

2119 1460 2346 1517 inveniri
2373 1472 2596 1530 possunt
2622 1463 2672 1515 in
2703 1462 2993 1531 provincia,
3013 1462 3066 1515 in
3093 1473 3197 1529 qua
3225 1461 3522 1531 habitant.»
3557 1460 3707 1516 Unde

2117 1533 2318 1588 Paulus
2356 1529 2627 1586 Diaconus
2651 1529 2960 1585 Casinensis
2987 1532 3229 1600 apposite
3257 1532 3400 1584 hunc
3430 1529 3606 1584 locum
3632 1531 3707 1600 ita

2119 1604 2352 1670 expliCat
2382 1618 2395 1656 :
2435 1621 2451 1653 ι
2475 1601 2589 1656 Νοιι
2624 1602 2819 1656 debent
2855 1598 3100 1654 monachi
3133 1616 3380 1664 caiisare,
3413 1603 3456 1654 si
3491 1598 3710 1670 pedules

2115 1668 2224 1727 albi
2262 1674 2479 1736 fuerint,
2512 1682 2562 1725 et
2594 1673 2786 1725 tunicze
2819 1673 2998 1733 fusum,
3033 1672 3083 1723 id
3112 1681 3222 1735 est,
3256 1671 3300 1725 si
3327 1668 3546 1740 pedulcs
3570 1668 3709 1724 alte-

2122 1745 2235 1798 rius
2263 1744 2461 1797 eoloris
2490 1742 2710 1806 fuerint,
2742 1752 2794 1794 et
2823 1742 3045 1795 alterius
3073 1744 3268 1796 tunica}
3297 1751 3460 1808 atque
3487 1741 3710 1794 alterius

2121 1813 2344 1868 cucule
2379 1833 2396 1864 ι
2426 1814 2490 1867 Et
2513 1813 2803 1871 Ferriolus,
2834 1811 3132 1881 Smaragdo
3167 1812 3361 1864 abbate
3397 1810 3663 1881 referente
3690 1826 3704 1863 :

2128 1902 2145 1934 ι
2174 1883 2416 1936 Colorem
2447 1886 2630 1947 etiam,
2667 1883 2858 1952 inquit,
2899 1883 2948 1935 in
2981 1880 3065 1937 his
3095 1882 3274 1935 album
3307 1881 3390 1935 vel
3421 1880 3581 1952 nimis
3606 1895 3708 1952 _rn-

2123 1955 2263 2014 lmu,
2297 1969 2391 2022 per
2421 1968 2578 2023 quem
2619 1950 2758 2020 sche
2788 1953 2994 2022 species
3029 1952 3274 2021 corporis
3315 1951 3387 2023 ad
3415 1950 3707 2023 peryiciem

2122 2025 2273 2079 suam
2297 2019 2604 2078 videntibus
2636 2019 3070 2083 cornunemlatnr,
3114 2019 3266 2076 vitet.
3294 2040 3312 2073 ι
3349 2021 3472 2075 Haec
3501 2019 3714 2075 Ferrio—

2123 2096 2225 2152 lus.
2255 2094 2347 2162 qui
2379 2095 2530 2162 quasi
2560 2109 2626 2148 ex
2655 2093 2882 2147 consilio
2906 2092 3172 2160 ejusmodi
3199 2093 3496 2148 monachos
3529 2090 3714 2162 admo-

2125 2159 2304 2218 nebat.
2337 2159 2544 2231 Quibus
2574 2163 2833 2230 inspectis
2864 2159 3149 2218 manifeste
3181 2170 3406 2231 constat,
3423 2159 3715 2215 monachos

2126 2236 2178 2288 iu
2219 2225 2472 2291 claustris
2503 2225 2802 2302 degentes,
2851 2233 2893 2286 si
2939 2233 3117 2287 omnis
3159 2233 3356 2286 coloris
3396 2225 3713 2302 indumento

2126 2305 2229 2372 tegi
2269 2313 2536 2372 poterant,
2571 2300 2759 2372 majori
2783 2301 2905 2369 jure
2945 2303 3198 2356 Ecclesia:
3229 2317 3483 2371 proceres
3513 2300 3715 2372 consti-

2127 2369 2299 2436 tuit—os,
2342 2373 2548 2442 injussn
2603 2369 2671 2427 et'
2727 2375 2945 2442 impune
3007 2369 3294 2442 purpureis
3334 2373 3419 2427 vel
3460 2369 3714 2428 violaceis

2126 2447 2368 2500 vestibus
2397 2444 2641 2514 insigniri
2677 2459 2833 2514 posse
2861 2443 2983 2511 quis
3009 2444 3262 2497 dubitat?

2473 2513 2555 2570 Si!
2587 2531 2770 2568 nomen
2806 2513 3013 2566 Domini
3041 2514 3388 2567 benedictum.

3441 2743 3712 2766 ..α-..ᾔ

517 2905 680 2980 ⁵⁵⁵
710 2909 1723 3042 556OPUSCULUM
1815 2927 2709 3046 TRICESIMUM
2802 2927 3625 3042 SECUNDUM.

441 3181 449 3187 '
518 3153 626 3228 DE
665 3167 823 3246 QUA
841 3168 1300 3230 DRAGESIMA
1353 3170 1454 3230 ET
1513 3167 1673 3242 QUA
1691 3167 2104 3230 DRAGINTA
2148 3168 2458 3231 DUABUS
2502 3168 3026 3230 HEBll/EORUM
3069 3167 3629 3234 MANSIONIBUS.

437 3484 838 3548 Aeculanum.
865 3511 933 3522 -
958 3482 1258 3537 Occasione
1288 3479 1568 3551 cujusdam
1597 3481 1686 3551 qui
1724 3495 1822 3551 per
1851 3481 2208 3551 quadraginta
2245 3482 2386 3548 dies,
2417 3492 2521 3536 non
2553 3481 2714 3535 modo
2744 3489 2872 3536 tunc
2924 3494 3047 3535 cum
3079 3479 3146 3535 ab
3176 3479 3418 3534 Ecclesia
3451 3479 3719 3536 sancitum

509 3563 614 3616 est,
646 3554 739 3606 sed
770 3553 890 3606 aliis
923 3553 1087 3606 etiam
1118 3553 1241 3604 anni
1277 3553 1628 3621 temporibus,
1663 3551 1800 3606 cibis
1833 3553 2152 3608 lautioribus
2181 3555 2516 3614 abstinebat,
2557 3551 2973 3622 quadragenarii
3007 3551 3164 3622 huius
3196 3551 3403 3622 numeri
3460 3551 3716 3620 mysteria

444 3676 451 3685 ,,
515 3633 569 3677 et
597 3623 859 3693 quasdam
888 3624 1041 3690 quasi
1073 3624 1458 3692 praerogativas
1485 3637 1552 3676 ex
1585 3623 1757 3676 sacris
1788 3623 1982 3676 litteris
2020 3625 2242 3692 colligit.
2279 3625 2478 3678 Deinde
2509 3624 2865 3693 quadraginta
2898 3623 3003 3675 duo
3031 3621 3144 3674 loca
3164 3622 3264 3693 ,_in
3297 3621 3495 3690 quibus
3526 3621 3720 3693 morati

513 3691 637 3748 sunt
667 3692 939 3760 paulisper
969 3693 1176 3745 llebrici
1215 3691 1503 3760 antequam
1534 3695 1598 3744 ad
1632 3693 1900 3746 destinata
1933 3693 2036 3746 sibi
2069 3694 2327 3748 divinitus
2356 3709 2483 3745 arva
2518 3691 2897 3761 pervenirent,
2932 3693 3156 3761 mystice
3193 3691 3613 3759 interpretatur;
3646 3692 3723 3744 ita

513 3773 572 3816 ιιι
599 3778 696 3831 per
729 3777 789 3814 ea
824 3763 1006 3816 virtuti
1033 3781 1041 3791 -
1149 3763 1432 3816 uibusdam
1466 3763 1721 3833 gradibus
1750 3764 1815 3814 ad
1845 3763 2232 3832 perfectionem
2260 3774 2314 3817 et
2343 3763 2656 3818 felicitatem
2675 3763 3026 3826 tendentem,
3058 3761 3350 3815 Christiani
3383 3761 3615 3817 hominis
3641 3761 3726 3815 vi-

517 3842 629 3887 tam
660 3832 870 3888 occulte
901 3777 1194 3890 Slfllt‘tlll'l
1226 3832 1344 3887 luce
1375 3832 1576 3887 clarius
1607 3834 1879 3887 ostendat.

447 3877 452 3884 .
517 3842 629 3887 tam
660 3832 870 3888 occulte
901 3832 1194 3902 sign-ari
1226 3832 1344 3887 luce
1375 3832 1576 3887 clarius
1607 3834 1879 3887 ostendat.

449 4028 455 4034 ν
517 4010 981 4067 Rcverentissimo
1021 4010 1172 4064 fratri
1215 4009 1632 4073 "ILDEBRANDO,
1669 4008 1884 4063 Pmnus
1913 4022 2038 4076 pec—
2066 4010 2338 4080 Cp‘scit,
2397 4011 2486 4066 ille
2535 4012 2781 4081 protinus
2827 4011 3035 4067 frenum
3084 4009 3428 4065 abstinentia:
3475 4009 3726 4065 faucibus

443 4086 599 4160 calor
628 4099 924 4155 monachus
956 4099 1158 4154 intima:
1188 4099 1491 4153 dilectionis
1517 4097 1787 4151 affectum.

448 4222 456 4235 ι
513 4193 667 4260 Quod
702 4208 802 4263 ego
840 4192 998 4248 simul
1032 4201 1086 4246 et
1151 4202 1227 4256 tu,
1258 4192 1582 4246 venerabilis
1613 4190 1805 4254 frater,
1837 4190 2041 4246 vicaria

447 4300 622 4355 nuper
653 4284 1062 4338 interlocutione
1104 4283 1429 4337 contulimus
1454 4321 1470 4348 ,
1522 4297 1627 4336 non
1671 4283 1904 4335 otiosmn
1958 4278 2040 4335 vel

453 4373 781 4446 superfluum
815 4375 1060 4428 ducimus
1100 4374 1145 4428 si
1195 4389 1293 4444 per
1330 4372 1564 4428 tilularis
1595 4373 1758 4426 etiam
1801 4371 1923 4442 styli
1956 4385 2041 4426 sc-

448 4466 585 4523 riem
630 4464 925 4533 digeratur.
968 4462 1087 4517 Dixi
1134 4463 1443 4531 siquidem,
1488 4461 1532 4516 si
1573 4461 1774 4516 oblitus
1807 4477 1912 4514 non
1941 4476 2038 4525 es,

445 4563 608 4612 nosse
637 4569 723 4608 me
757 4568 971 4608 servum
1004 4551 1132 4615 Dei,
1166 4553 1257 4621 qui
1299 4561 1496 4622 prteter
1534 4550 1651 4606 illas
1681 4550 2040 4622 Quadragesi-

450 4659 588 4709 mas,
621 4659 740 4715 qua:
767 4644 974 4699 scilicet
999 4660 1028 4697 a
1058 4643 1312 4699 Patribns
1343 4644 1626 4708 institntze,
1659 4644 1875 4712 suisque
1899 4643 2040 4696 limi-

451 4738 594 4792 tibus
623 4753 718 4808 per
745 4738 871 4791 anni
903 4735 1164 4792 circulum
1210 4745 1338 4791 sunt
1366 4737 1632 4806 prmlixze,
1667 4734 1801 4789 alias
1831 4734 2041 4790 occulte

448 4827 666 4881 carinas
694 4825 761 4898 [f.
800 4825 1064 4898 cortinas]
1097 4825 1367 4892 celebrat,
1395 4827 1592 4896 quibus
1631 4825 1840 4881 scilicet
1871 4825 2041 4880 illices

451 4919 747 4973 'carnalium
777 4918 1087 4988 passionum
1118 4919 1389 4988 appetitus
1429 4918 1665 4989 frangat,
1701 4932 1765 4971 ac
1793 4915 2042 4987 prurien-

453 5020 536 5065 tes
581 5009 864 5064 zestnantis
908 5009 1690 5080 illecebrae,concupiscentias
1733 5009 2036 5078 crucifigat.

453 5099 612 5158 Modo
639 5097 838 5168 quippe
867 5115 964 5168 per
989 5098 1347 5168 quadraginta
1377 5100 1588 5154 dierum
1619 5101 1854 5169 spatium
1881 5097 2041 5167 pisci-

448 5190 551 5246 bus
580 5189 852 5261 abstinet,
900 5190 1060 5244 modo
1102 5204 1161 5244 se
1204 5189 1348 5244 vela
1393 5204 1675 5259 pomormn
1705 5229 1720 5256 ,
1753 5188 1836 5244 vel
1877 5188 2038 5243 etiam

449 5281 684 5354 olerum,
714 5295 834 5350 quae
861 5281 1078 5336 sibimet
1109 5281 1316 5351 aptiora
1340 5292 1485 5347 sunt,
1517 5282 1861 5352 perceptione
1885 5295 2039 5334 coer-

2144 4103 2345 4172 injicit;
2394 4120 2498 4158 non
2540 4105 2725 4175 utique
2795 4105 3164 4160 condcmnans
3206 4106 3358 4159 cibos
3405 4119 3541 4173 quos
3582 4104 3725 4158 Deus

2143 4195 2347 4247 creavit
2387 4195 2452 4248 ad
2506 4195 2906 4264 percipiendum
2945 4211 3066 4251 cum
3093 4195 3389 4265 gratiarum
3426 4195 3638 4249 actione
3663 4191 3730 4247 fi-

2129 4282 2380 4348 delibus;
2411 4298 2510 4337 nec
2541 4285 2790 4354 ignorans
2821 4285 2944 4353 quia
2969 4285 3143 4340 omnis
3168 4293 3415 4337 creatura
3442 4283 3535 4338 Dei
3564 4285 3725 4349 bona,

2140 4381 2195 4426 et
2220 4372 2350 4426 nihil
2377 4372 2723 4443 rrjiciendum
2748 4374 2888 4443 quod
2909 4390 3030 4428 eum
3055 4375 3348 4445 gratiarmn
3373 4373 3586 4428 actione
3604 4387 3732 4442 per-

2139 4462 2339 4532 cipitur
2368 4463 2417 4534 (I
2489 4463 2622 4518 Tim.
2671 4463 2767 4535 tv).
2798 4464 2930 4520 Cum
2973 4465 3152 4518 omnia
3198 4464 3403 4520 scilicet
3444 4463 3730 4519 comedere

2140 4554 2290 4623 prius
2318 4555 2573 4624 incipiat,
2606 4571 2913 4625 quanquam
2945 4571 3070 4612 esus
3096 4557 3184 4611 ille
3215 4557 3385 4628 magis
3415 4557 3480 4610 ad
3519 4556 3732 4611 crucia—

2144 4653 2252 4696 tum
2281 4660 2442 4714 quam
2469 4647 2534 4699 ad
2585 4645 2958 4701 oblectationis
2982 4647 3345 4700 emolumenta
3376 4644 3640 4716 proficiat.
3667 4643 3729 4699 In

2142 4735 2242 4788 hac
2271 4735 2435 4805 igitur
2459 4736 2782 4791 abstinentia
2811 4737 2945 4806 gulae
2973 4736 3240 4807 frangitur
3267 4735 3566 4806 appetitus.
3599 4749 3733 4789 con-

2139 4826 2484 4895 cupiscentia:
2510 4826 2690 4882 fervor
2709 4827 3092 4896 exstinguitur,
3121 4843 3224 4881 non
3251 4827 3365 4891 Dei,
3389 4829 3532 4896 quod
3550 4825 3725 4881 absit!

2139 4925 2389 4971 creatura
2416 4917 2704 4972 damnatur
2729 4933 2744 4971 :
2773 4926 2827 4973 et
2863 4919 2916 4972 in
2954 4919 3055 4974 hoc
3078 4919 3294 4974 uberior
3319 4918 3581 4973 mercedis
3611 4916 3731 4972 fru-

2139 5017 2258 5062 etus
2287 5008 2607 5077 acquiritur,
2634 5009 2774 5077 quod
2811 5009 2926 5065 haec
2951 5011 3101 5078 quasi
3136 5009 3318 5063 vilium
3351 5025 3532 5063 rerum
3555 5009 3731 5064 absti-

2139 5097 2322 5152 nentia
2369 5112 2476 5151 non
2523 5097 2758 5164 famosa,
2805 5099 2888 5154 vel
2937 5099 3208 5165 celebris,
3238 5098 3400 5172 [sed]
3447 5107 3499 5154 et
3545 5093 3729 5170 pa'latn

2137 5190 2364 5259 geritur,
2391 5200 2446 5244 et
2470 5201 2648 5247 tamen
2680 5191 2825 5245 velut
2851 5192 3060 5247 occulta
3087 5192 3345 5248 nescitur.
3379 5192 3552 5258 Quem
3578 5189 3728 5244 vide-

2136 5280 2292 5346 licet,
2335 5280 2573 5348 fratres,
2620 5284 2663 5338 si
2702 5285 2823 5354 quis
2869 5301 2966 5340 cur
3032 5287 3134 5340 hoc
3186 5285 3266 5340 vel
3317 5285 3407 5339 illo
3451 5283 3572 5340 cibo
3619 5300 3730 5339 non

451 5381 564 5427 cet.
598 5372 902 5442 Aliquando
931 5373 1196 5440 siquidem
1225 5387 1535 5426 cerasorum
1571 5371 1838 5441 primitias
1862 5386 2044 5426 come-
2074 5377 2350 5438 Dntatnr,
2381 5373 2648 5444 inquirat;
2683 5375 2974 5445 respondet
3025 5376 3168 5430 illico
3196 5376 3322 5444 quia
3351 5376 3464 5430 suis
3499 5373 3723 5429 infirmi-

452 5463 575 5526 tlit,
625 5463 916 5532 aliquando
964 5478 1268 5534 peponnm,
1339 5464 1629 5531 aliquando
1701 5462 1896 5517 lienam
1954 5465 2036 5518 vel

455 5549 711 5620 uvarum,
742 5555 824 5609 vel
853 5556 1111 5625 quidquid
1139 5553 1262 5608 illud
1296 5564 1380 5609 est
1405 5553 1545 5623 quod
1573 5553 1853 5608 delicatius
1875 5555 2033 5623 sapit.

453 5631 564 5704 Sed
603 5662 726 5702 mox
755 5657 812 5702 ut
838 5648 958 5716 gula
986 5661 1331 5718 provocatur,
1366 5657 1424 5702 ut
1454 5649 1724 5712 comedat,
1756 5649 2036 5717 disciplina

455 5738 703 5806 protinus
731 5740 1033 5805 adhibetur,
1065 5757 1132 5796 ne
1159 5742 1461 5796 desiderata
1489 5741 1769 5812 contingat
1791 5758 1805 5806 ;
1831 5751 1886 5796 et
1910 5742 2036 5810 quia

460 5829 602 5916 quod
637 5829 800 5886 ardor
845 5830 1036 5887 edendi
1074 5829 1185 5902 jam
1217 5840 1560 5903 gustaverat,
1600 5833 1809 5888 avidius
1840 5845 2035 5888 concu-

2146 5464 2346 5522 tatibns
2382 5465 2525 5519 hunc
2556 5466 2774 5519 noxium
2817 5483 2920 5520 non
2963 5467 3192 5538 ignorat.
3225 5466 3376 5533 Quod
3419 5476 3594 5520 tamen
3625 5467 3735 5518 iste

2144 5557 2211 5609 de
2244 5555 2590 5626 languorlbus
2619 5557 2812 5611 anima:
2847 5557 3108 5628 loquitur,
3149 5558 3251 5614 hoc
3294 5558 3379 5612 ille
3410 5557 3475 5612 de
3517 5557 3726 5609 incom-

2145 5647 2405 5700 moditate
2439 5647 2680 5716 corporis
2724 5649 3034 5702 arbitratur.
3068 5650 3136 5704 Et
3177 5650 3316 5704 hanc
3363 5664 3458 5719 per
3487 5645 3740 5714 singulos

2139 5737 2257 5792 illos
2285 5738 2433 5793 cibos
2470 5739 2847 5794 abstinentiam
2877 5741 3225 5814 quadragcno
3255 5755 3484 5815 semper
3518 5739 3727 5795 dierum

2138 5827 2340 5883 circulo
2369 5835 2552 5883 tenere
2576 5829 2875 5886 consuevit.
3282 5827 3286 5831 “
