4074 6190
355 417 462 472 535
555 462 562 466 .

875 535 1106 591 CAPUT
1147 535 1434 591 ιιιιιιιυιιι.

349 625 510 695 Quod
545 628 598 681 in
631 625 782 680 rebus
819 627 1224 697 despicabilibus
1252 631 1466 700 gravior
1495 640 1568 685 est
1608 631 1948 686 abstinentta.

427 715 548 786 ipse
583 729 796 786 quoque
835 716 970 770 mihi
1024 732 1195 786 nuper
1235 717 1518 774 confessus
1579 735 1639 776 es
1695 712 1960 790 quoniam

353 807 480 862 ideo
507 817 560 860 te
599 805 842 860 funditus
878 821 907 860 a
938 821 1227 876 porrorum
1285 808 1401 863 sive
1443 803 1713 878 cmparum
1766 825 1954 880 perce-

351 897 540 967 ptione
562 896 884 965 compescis,
911 897 1037 965 quia
1069 897 1317 952 videlicet
1349 898 1434 953 his
1458 900 1801 955 acuminibus
1824 901 1958 956 ube-

354 989 472 1044 rius
499 987 809 1042 delcctaris.
849 989 905 1041 ln
935 989 1019 1044 his
1049 989 1232 1058 itaque
1261 991 1680 1060 tlespicahilihus
1713 994 1874 1048 rebus
1901 1002 1954 1048 ct

355 1083 578 1155 gravior
615 1083 942 1137 abstinentia
968 1123 983 1148 ,
1042 1092 1098 1137 et
1137 1083 1318 1138 minor
1352 1094 1434 1139 est
1479 1087 1670 1156 gloria.
1718 1087 1954 1143 Facilius

356 1174 502 1230 enim
539 1188 739 1240 carne,
784 1189 947 1243 quam
992 1174 1107 1228 sale
1136 1175 1259 1244 quis
1302 1175 1568 1243 abstinet;
1611 1178 1830 1248 gravius
1873 1187 1955 1233 est

359 1265 595 1334 abjicere
643 1265 851 1319 fructus
895 1265 1150 1319 arborum
1179 1306 1194 1330 ,
1244 1281 1406 1336 quam
1452 1283 1706 1338 aspersas
1757 1270 1958 1340 patinis

357 1355 688 1427 fragrantias
715 1356 1136 1426 pigmentorum.
1161 1355 1481 1424 Quanquam
1505 1367 1559 1411 et
1583 1369 1834 1427 parentes
1859 1375 1955 1414 no-

357 1457 504 1502 stros
548 1446 614 1500 de
640 1447 906 1516 paradiso
951 1461 1170 1515 pomum
1220 1445 1506 1517 projecerit
1538 1448 1692 1519 (Gen.
1825 1450 1908 1521 tu)
1935 1489 1951 1516 ,

359 1551 466 1590 non
508 1537 861 1608 pigmentum.
911 1535 1046 1602 Quia
1077 1553 1186 1591 non
1219 1547 1302 1592 est
1330 1538 1384 1592 in
1424 1538 1580 1609 culpa
1613 1541 1754 1608 quod
1785 1541 1954 1611 pluris

357 1625 494 1688 emi,
531 1625 624 1680 sed
655 1625 797 1694 quod
835 1626 1006 1695 possit
1039 1625 1251 1680 avidius
1281 1629 1612 1697 concupisci.
1644 1631 1756 1684 Sed
1780 1611 1954 1699 potio;

355 1733 478 1774 rum
517 1734 696 1773 rerum
733 1718 1056 1772 abstinentia
1095 1717 1283 1790 plausu
1322 1720 1524 1775 favoris
1561 1721 1845 1786 attollitur,
1874 1721 1954 1776 vi.

357 1809 490 1863 lium
519 1824 648 1864 vero
682 1817 1024 1878 contemptus
1049 1809 1246 1879 dignus
1281 1811 1552 1881 prmconio
1583 1827 1686 1865 non
1715 1801 1954 1866 videtur.

361 1900 518 1957 Unde
561 1901 620 1954 fit
655 1908 713 1954 ut
772 1901 914 1968 quod
961 1901 1186 1955 minoris
1225 1911 1309 1956 est
1339 1901 1563 1956 honoris
1603 1902 1656 1955 in
1699 1901 1950 1971 publico,
1981 1901 2028 1961 B

363 1990 589 2058 majoris
627 1990 810 2062 gloriae
877 1991 1088 2061 pondus
1161 1991 1472 2047 habeat‘in
1531 1992 1764 2048 occulto.
1830 1993 1948 2049 Sic-

353 2089 418 2137 ut
455 2081 532 2134 ait
595 2081 922 2152 praedicator
971 2080 1266 2152 egregius:
1337 2099 1356 2133 ι
1389 2071 1544 2150 Quod
1607 2080 1769 2156 557
1831 2098 1948 2138 mo-

352 2183 720 2236 mentaneum,
771 2172 974 2241 inquit,
1023 2165 1242 2226 et‘teve
1285 2179 1369 2226 est
1425 2171 1795 2227 tribulationis
1853 2189 1950 2230 n0-

354 2277 508 2332 strte,
553 2283 714 2336 supra
759 2268 975 2320 modum
1031 2266 1084 2320 in
1141 2265 1475 2320 sublimitate
1531 2274 1794 2320 :eternum
1833 2267 1950 2336 glo-

353 2357 453 2414 ria:
502 2357 711 2426 pondus
749 2365 1006 2424 operatur
1035 2354 1088 2409 in
1119 2355 1274 2409 nobis
1315 2353 1398 2425 (II
1426 2353 1547 2409 Cor.
1577 2355 1672 2425 tv).
1695 2343 1724 2408 ἰ
1757 2356 1946 2410 Enim-

351 2469 486 2510 vero
531 2455 661 2508 mihi
705 2454 930 2508 videtur.
950 2466 1144 2508 servus
1189 2450 1280 2505 ille
1325 2451 1436 2519 Dei,
1485 2465 1646 2522 quem
1686 2451 1946 2520 diximus,

355 2546 426 2601 de
475 2546 646 2601 sancti
697 2545 934 2616 Spiritus
981 2545 1085 2598 hoc
1135 2542 1404 2598 infusione
1447 2529 1756 2614 concipere,
1804 2545 1958 2614 quod

354 2651 574 2705 semper
612 2635 727 2688 vult
773 2635 840 2688 de
888 2633 1312 2704 Quadragesima
1361 2634 1414 2688 in
1464 2627 1948 2705 Quadragesim’am

356 2742 454 2798 per
515 2727 695 2780 varias
747 2726 1090 2781 succedentis
1144 2726 1490 2782 abstinentia:
1548 2727 1952 2806 vicissitudines

357 2833 604 2885 currere,
649 2827 701 2873 et
740 2833 1016 2886 nunquam
1047 2817 1176 2871 velit
1203 2833 1231 2870 a
1263 2803 1760 2896 proposita'sacrati
1791 2803 1956 2896 hujus

357 2910 574 2966 numeri
606 2910 746 2964 linea
781 2909 1077 2964 declinare.
1115 2907 1216 2965 Hic
1242 2919 1324 2965 est
1346 2895 1805 2984 e‘nim'numerus,
1844 2929 1951 2986 quo

355 3002 559 3056 cor-lum
595 2991 960 3071 cataclysmus
989 3001 1231 3071 aperuit;
1266 3016 1410 3076 cum,
1444 3001 1664 3057 abolitis
1693 3003 1951 3071 iniquita-

357 3099 472 3146 tum
500 3091 769 3154 sordibus,
803 3090 986 3144 mundi
1019 3089 1212 3144 faciem
1238 3091 1415 3145 divina
1444 3092 1620 3160 pietas
1669 3091 1952 3146 innovavit

358 3185 517 3256 (Gen.
553 3185 669 3252 ru).
721 3183 829 3237 Per
860 3183 1020 3254 hujus
1055 3186 1265 3240 numeri
1307 3186 1692 3240 continentiam
1741 3185 1952 3257 Moyses

1245 416 1490 477 OPUSC.
1537 421 1750 476 XXXII.
1794 449 1848 460 --
1879 421 1968 476 Dii-
2004 411 2572 497 QliADliAGESllllA,
2613 426 2766 488 ETC.

3529 437 3644 497 ειη·

1978 553 2026 610 Α
2059 545 2296 600 rationes
2345 549 2782 618 quattuordecim,
2832 566 2862 606 ει
2909 555 3384 626 transmigratione
3409 559 3642 630 Babylo-

2057 635 2142 688 nis
2189 649 2359 704 usque
2399 636 2464 690 ad
2507 636 2784 692 Christum
2823 644 3202 710 generationes
3227 649 3637 716 quatuordcrim

2060 721 2278 794 (Matth.
2305 723 2399 794 1).»
2435 725 2554 795 lpso
2585 741 2715 796 ergo
2763 743 2988 784 numero
3031 733 3292 790 Dominus
3331 736 3383 790 in
3416 736 3638 809 Egypli

2059 815 2222 885 hujus
2267 816 2372 870 ima
2419 817 2718 883 descendit,
2751 835 2859 889 quo
2889 823 3119 892 populus
3147 825 3308 881 lsrael
3339 828 3407 883 ad
3438 838 3637 884 terram

2057 915 2494 984 repromissionis
2519 917 2781 972 ascendit.
2829 917 3134 984 Descendit,
3167 922 3409 991 inquam,
3443 923 3551 988 ille,
3584 937 3643 980 ut

2059 1002 2157 1055 iste
2171 1003 2604 1058 ascenderet.llle
2618 1006 2892 1060 servitutis
2907 1007 3076 1061 induit
3091 1008 3260 1062 forma
3271 1015 3340 1081 ιιι(
3353 1011 3641 1082 Philipnt),

2055 1101 2116 1145 ut
2139 1091 2238 1146 iste
2265 1093 2332 1147 de
2361 1095 2637 1148 servitutis
2664 1095 2934 1164 ergastulo
2966 1097 3102 1151 libct‘
3131 1100 3322 1153 exiret.
3357 1101 3424 1155 Et
3452 1101 3640 1158 obser-

2057 1193 2246 1261 vanter
2293 1182 2508 1254 Moyses
2556 1186 2757 1254 posuit,
2806 1187 3038 1241 dicens:
3075 1189 3488 1244 «Ascenderunt
3541 1193 3636 1243 lilii

2056 1273 2220 1328 l'sracl
2247 1289 2370 1330 cum
2402 1277 2602 1330 virtute
2631 1291 2725 1330 sua
2761 1275 2957 1347 (Exod.
2989 1277 3131 1349 xm).
3165 1295 3182 1327 ι
3220 1279 3349 1344 Qua;-
3380 1289 3462 1333 est
3491 1281 3637 1334 enim

2057 1363 2354 1418 electorum
2400 1365 2594 1432 virtus,
2636 1367 2737 1421 nisi
2777 1367 3046 1432 Christus,
3076 1368 3166 1436 qui
3197 1379 3279 1422 est
3308 1369 3478 1424 virtus
3509 1357 3642 1425 Dei?

2059 1457 2108 1528 (Ι
2151 1458 2274 1514 Cor.
2316 1461 2380 1532 ι.)
2427 1461 2528 1528 Qui
2578 1477 2708 1532 ergo
2757 1461 3026 1527 ascendit,
3081 1478 3203 1516 cum
3245 1463 3361 1532 ipso
3398 1465 3636 1520 ascendit

2057 1549 2149 1618 qui
2177 1550 2243 1604 ad
2275 1566 2372 1606 nos
2417 1567 2522 1605 non
2567 1551 2914 1616 necessitate,
2955 1551 3050 1606 sed
3085 1552 3394 1622 dignatione
3418 1553 3644 1609 drsccn-
3681 1545 3684 1548 Α

2058 1639 2171 1704 dit;
2217 1649 2275 1695 ut
2329 1641 2458 1694 illud
2503 1656 2692 1694 verum
2735 1629 2854 1695 esse
2884 1657 2989 1694 non
3017 1640 3312 1706 dubitetur,
3364 1645 3506 1712 quod
3544 1660 3642 1712 per

2057 1727 2372 1798 Apostolum
2421 1731 2660 1786 dicitur:
2699 1749 2716 1780 ι
2741 1731 2841 1796 Qui
2881 1731 3182 1793 descendit,
3218 1732 3330 1800 ipse
3367 1741 3522 1786 estet
3547 1734 3642 1802 qui

2057 1821 2307 1874 ascendit
2350 1835 2514 1890 super
2545 1837 2734 1877 omnes
2765 1821 2954 1888 cmlos,
3007 1830 3065 1875 ut
3104 1821 3426 1892 adimpleret
3459 1827 3644 1882 munia

2058 1911 2275 1985 (Ep/tes.
2305 1909 2401 1984 tv).
2433 1931 2451 1964 ι

2673 2001 2904 2059 CAPUT
2943 2003 3008 2064 ll.

2053 2095 2252 2150 Contra
2279 2112 2366 2152 eos
2392 2097 2481 2168 qui
2505 2095 3043 2219 litteraljterutontu‘m
3081 2113 3289 2154 sacram
3313 2097 3644 2178 Scriptum-rt

2696 2177 2803 2219 inte
2851 2181 2971 2219 raun
3003 2205 3016 2219 .

2696 2177 3016 2236 intelligunt.

2070 2257 2074 2260 ’
2123 2259 2231 2315 Sed
2282 2260 2408 2330 quia
2458 2275 2559 2316 nos
2610 2274 2679 2314 ex
2733 2260 3021 2313 occasione
3068 2260 3314 2328 praedicti
3361 2259 3544 2315 fratris
3585 2262 3642 2316 in

2051 2352 2339 2408 materiam
2384 2348 2544 2416 hujus
2594 2349 2974 2418 disputationis
3005 2348 3315 2416 incidimus,
3345 2349 3509 2422 558
3537 2357 3644 2405 non"

2051 2447 2284 2502 otiosum
2329 2445 2601 2499 credimus
2645 2444 2690 2498 si
2737 2444 2790 2496 in
2833 2459 2896 2497 ea
2941 2443 3103 2512 paulo
3138 2444 3340 2498 diutius
3388 2435 3643 2498 humore?

2051 2553 2218 2600 mur;
2283 2537 2584 2608 praesertim
2644 2550 2768 2590 cum
2823 2533 3094 2598 nonnulli,
3143 2533 3339 2588 divinae
3417 2536 3644 2589 rationis

2051 2627 2246 2700 ignari,
2280 2626 2529 2680 frivolum
2561 2632 2967 2694 conquerantur
2997 2631 3159 2693 atque
3211 2619 3538 2692 superfluum
3585 2634 3644 2678 ut

2051 2719 2108 2771 in
2147 2715 2386 2770 Ecclesia
2428 2713 2636 2786 legatur
2683 2714 2910 2766 istarum
2950 2713 3244 2782 descriptio
3281 2714 3642 2767 mansionum.

2050 2807 2402 2863 Arbitrantur
2449 2805 2594 2857 enim
2629 2805 2744 2858 ha:c
2779 2804 2920 2857 scire
2958 2803 3041 2856 vel
3101 2803 3280 2873 legere
3316 2803 3391 2856 nil
3425 2805 3643 2873 peni.us

2051 2898 2304 2952 utilitatis
2346 2895 2540 2950 afferre
2571 2913 2584 2947 :
2616 2905 2868 2964 putantes
2905 2893 3049 2963 quod
3099 2909 3212 2946 rem
3271 2896 3643 2948 tantuuunmlo

2053 3002 2259 3068 gestam
2312 2995 2497 3042 narret
2552 2985 2810 3051 historia,
2871 2995 2922 3039 et
2975 2984 3120 3039 hanc
3171 2999 3293 3037 cum
3345 2984 3459 3054 ipsa
3517 2977 3644 3037 tunc

2052 3093 2326 3139 vetustate
2356 3083 2638 3148 transisse,
2683 3097 2860 3150 neque
2903 3095 3044 3134 nunc
3073 3080 3138 3134 a-:.l
3166 3091 3410 3134 nOStram
3437 3079 3645 3150 aliqua-

2055 3186 2211 3230 tenus
2272 3174 2521 3228 notitiam
2579 3173 2873 3242 pertinere.
2929 3171 3035 3226 Sed
3088 3171 3133 3226 si
3192 3169 3467 3226 subtiliter
3526 3161 3646 3242 ipsa}

355 3255 558 3344 scripta
603 3275 770 3346 digito
820 3276 910 3330 Dei
957 3275 1089 3346 legis
1135 3276 1388 3344 mandata
1419 3277 1721 3347 promeruit
1749 3255 1948 3348 (Esod.

2058 3267 2356 3337 Scriptura:
2399 3267 2561 3322 verba
2608 3263 3016 3334 perpendimus,
3058 3279 3221 3330 quam
3263 3272 3522 3318 extrema:
3549 3255 3644 3318 de?

355 3370 508 3436 xxiv)
540 3384 553 3420 :
581 3382 676 3436 per
703 3368 844 3422 hanc
877 3377 934 3422 ct
965 3367 1112 3422 Elias
1149 3383 1324 3438 usque
1351 3368 1417 3424 ad
1451 3377 1686 3423 montem
1719 3369 1812 3424 Dei
1845 3369 1951 3425 llo-

357 3461 456 3516 reb
498 3460 761 3515 indelicua
815 3476 1096 3530 gressuum
1125 3459 1366 3528 agilitate
1397 3462 1643 3530 pervenit
1669 3459 1788 3530 (III
1817 3459 1947 3532 Reg.

357 3550 495 3622 xta).
527 3551 754 3606 Accedit
786 3553 910 3606 huic
942 3567 1168 3606 munero
1197 3551 1354 3622 longe
1377 3553 1577 3606 clarior
1605 3552 1794 3622 gloria,
1827 3569 1948 3607 cum

357 3649 417 3696 et
445 3642 560 3712 ipse
603 3641 863 3696 Dominus
894 3653 946 3695 et
975 3643 1337 3714 quadraginta
1383 3643 1573 3698 diebus
1599 3642 1864 3712 jejunavit
1894 3643 1948 3698 in

363 3732 588 3785 deserto
635 3731 850 3802 (Matth.
895 3749 941 3786 iv
969 3749 986 3801 ;
1018 3737 1184 3789 Marc.
1219 3750 1270 3802 ις
1317 3733 1444 3790 Luc.
1489 3732 1588 3806 tv),
1644 3742 1697 3790 et
1725 3735 1950 3790 tetidem

367 3823 519 3877 horis
555 3825 899 3888 postmodum
926 3826 1108 3894 jacere
1147 3829 1400 3895 dignatus
1438 3837 1524 3884 est
1582 3828 1635 3882 in
1672 3831 1948 3897 sepulcro.

365 3903 493 3976 Post
527 3915 996 3972 Resonet-tionem
1054 3933 1271 3988 quoque
1321 3917 1688 3988 quadraginta
1755 3916 1950 3970 diebus

364 4025 486 4062 rum
525 4009 804 4078 discipulis
837 4010 1020 4078 deguit
1045 4013 1226 4076 donec
1258 4011 1329 4066 ad
1371 4011 1673 4082 majestatis
1699 4019 1946 4080 paternae

362 4117 681 4155 concessum
709 4104 880 4174 vieto;
909 4104 1154 4162 ascendit
1191 4106 1332 4172 (Act.
1363 4106 1428 4168 ι).

433 4179 588 4248 Quod
620 4195 748 4250 ergo
784 4181 950 4234 h-ater
979 4181 1068 4234 illo
1094 4181 1254 4251 hujus
1281 4184 1424 4237 sacri
1453 4183 1664 4240 numeri
1694 4185 1953 4255 mysterio

363 4269 757 4326 delectabiliter
782 4271 1044 4338 pascitur,
1071 4279 1126 4324 ut
1152 4272 1290 4326 intra
1317 4282 1517 4328 metam
1545 4274 1660 4344 ejus
1688 4291 1784 4346 per
1808 4276 1955 4332 salu-

359 4361 503 4414 taris
531 4375 746 4429 semper
771 4362 1112 4416 abstinentia:
1139 4363 1542 4419 vicissitudines
1570 4363 1958 4435 transferatur,

363 4451 534 4507 divini
580 4453 766 4522 procul
815 4453 977 4507 duhio
1018 4451 1257 4521 Spiritus
1280 4455 1643 4523 promovetur
1671 4457 1950 4525 instinctu,

365 4547 448 4606 ut,
477 4540 604 4594 dum
635 4542 774 4595 intra
805 4543 1218 4614 quadragenarii
1251 4545 1462 4599 numeri
1501 4547 1716 4602 modum
1753 4547 1954 4620 jugitcr

2055 3358 2271 3413 mentia:
2301 3349 2371 3408 sit
2402 3355 2504 3409 hoc
2534 3355 2738 3418 dicere,
2789 3353 2907 3406 lucc
2942 3353 3143 3406 clarius
3189 3353 3514 3408 invenimus.
3548 3355 3644 3410 Alt

2053 3451 2197 3505 enim
2223 3449 2480 3502 historica
2520 3445 2731 3500 series:
2763 3463 2782 3495 ι
2813 3444 2880 3497 Ει
2925 3445 3009 3498 hac
3049 3444 3361 3500 mansiones
3407 3445 3640 3502 filiolum

2056 3538 2247 3605 lsracl,
2283 3554 2351 3593 ex
2382 3553 2490 3607 quo
2519 3536 2770 3590 exierunt
2819 3536 2885 3590 de
2929 3545 3072 3590 terra
3111 3533 3328 3606 rEgypti
3373 3554 3492 3592 cum
3527 3537 3648 3612 vir-r

2055 3642 2169 3687 tute
2193 3646 2290 3685 sua
2323 3629 2375 3683 in
2411 3643 2572 3682 manu
2603 3625 2770 3698 Moysi
2801 3635 2855 3682 et
2901 3627 3115 3690 Aaron;
3138 3647 3154 3677 ι
3186 3643 3420 3696 moxque
3455 3613 3643 3684 διὼὶιιέ

2056 3723 2217 3781 tulit:
2272 3739 2291 3772 ι
2313 3721 2376 3775 Et
2417 3719 2636 3788 scripsit
2677 3717 2886 3789 Moyses
2915 3717 3293 3788 profectiones
3328 3735 3514 3776 eorum
3547 3703 3644 3790 per

2051 3817 2277 3872 verbum
2312 3813 2526 3868 Domini
2549 3805 2749 3884 '(Num.
2777 3799 2996 3883 κιαιιῂ
3019 3831 3038 3863 ι
3325 3869 3328 3872 ,

2122 3905 2368 3960 Audistis
2419 3904 2543 3972 quia
2585 3903 2804 3972 scripsit
2859 3903 2974 3956 haec
3024 3901 3234 3972 Moyses
3282 3916 3380 3972 per
3419 3903 3642 3958 verbum

2055 3995 2304 4051 Domini?
2343 3995 2410 4048 Et
2431 3993 2553 4062 quis
2582 3993 2686 4046 hoc
2714 3991 2915 4046 audeat
2945 3991 3160 4046 dicere?
3193 3991 3302 4045 imo
3327 3993 3448 4060 quis
3475 4002 3643 4046 teme-

2055 4089 2202 4143 rario
2247 4093 2540 4157 praesumat
2587 4099 2682 4139 ore
2737 4083 2948 4154 garrire
2992 4092 3050 4137 ut
3108 4083 3249 4154 quod
3291 4081 3519 4138 Domino
3547 4083 3640 4154 ju-

2053 4182 2217 4236 bente
2269 4177 2665 4242 conscribitur,
2727 4175 2802 4230 nil
2861 4175 3142 4239 utilitatis,
3197 4177 3344 4230 nulla
3397 4176 3643 4232 conferat

2053 4269 2418 4326 emolumenta
2463 4268 2690 4324 salutis?
2737 4267 3039 4337 Aggrediar
3064 4283 3215 4340 ergo,
3250 4267 3418 4322 frater
3453 4268 3548 4332 mi,
3593 4269 3664 4322 si.

2057 4361 2152 4417 tibi
2181 4373 2473 4414 onerosum
2515 4374 2622 4414 non
2671 4367 2778 4422 est,
2819 4359 3166 4414 mansionum
3199 4357 3412 4414 illarum
3441 4358 3645 4428 figuras

2055 4455 2371 4511 summatim
2413 4469 2477 4508 ac
2522 4453 2802 4508 succincte
2847 4451 3238 4523 perstringere,
3287 4459 3342 4506 et
3385 4451 3526 4522 quod
3572 4468 3641 4527 ex

2059 4547 2215 4600 dictis
2229 4545 2448 4598 Patrum
2466 4544 2723 4613 indagare
2735 4543 3023 4612 potuerim,
3039 4541 3439 4612 compendiosis
3460 4540 3644 4595 verbis

363 4630 634 4698 graditur,
664 4647 730 4685 ex
761 4631 996 4704 rEgypto
1025 4612 1149 4688 cum
1181 4635 1442 4692 lsraelitis
1479 4637 1546 4692 ad
1607 4612 1845 4708 patriani
1894 4657 1952 4698 se
1981 4612 2030 4671 D
2054 4637 2294 4693 breviter
2328 4612 2612 4698 annotare,
2641 4641 2699 4688 ut
2727 4632 3042 4702 querelosus
3074 4633 3342 4701 quispiam
3375 4645 3438 4687 ex
3479 4640 3641 4702 gustu

363 4735 659 4790 properare
707 4731 952 4778 testetur.
985 4725 1090 4780 Per
1117 4727 1263 4784 hunc
1293 4728 1438 4782 enim
1466 4744 1750 4788 numerum
1781 4732 1955 4790 Israe-

365 4811 549 4866 liticus
585 4813 812 4882 populus
856 4822 1056 4868 terram
1095 4817 1538 4878 repromissionis
1571 4819 1850 4891 ingressus
1869 4831 1954 4879 est

363 4899 557 4971 (Num.
589 4917 707 4966 XIV;
750 4901 907 4956 Deut.
933 4919 1099 4969 XXIX;
1132 4905 1247 4959 Jos.
1277 4914 1355 4975 ν).
1407 4907 1507 4974 Ει,
1548 4924 1581 4963 o
1624 4926 1954 4982 quampro-

365 4991 543 5056 fuudi,
574 5007 848 5063 quamque
877 4991 1483 5064 admirabilisaltitudo
1519 4991 1790 5071 mysterii.l
1825 5007 1958 5073 quia

363 5097 464 5152 per
507 5097 669 5150 quam
700 5085 1028 5138 sacramenti
1051 5085 1255 5141 lineam
1283 5089 1432 5148 Deus,
1453 5099 1546 5148 est
1563 5105 1859 5147 conversus
1885 5095 1954 5152 ad

369 5173 643 5238 homines,
683 5189 780 5242 per
807 5175 948 5236 hanc
973 5175 1137 5233 homo
1164 5192 1417 5234 reversus
1443 5191 1524 5234 est
1555 5181 1618 5234 ad
1651 5165 1950 5238 auctorem.

366 5264 422 5318 in
486 5267 801 5336 egressione
847 5268 1048 5340 quippe
1106 5270 1340 5325 filiorum
1391 5271 1552 5326 Israel
1606 5289 1670 5328 ex
1717 5273 1954 5346 Egypto

367 5357 732 5428 quadraginta
763 5359 880 5418 duae
921 5369 1049 5416 sunt
1092 5362 1422 5427 ntausioues,
1470 5373 1522 5420 et
1553 5365 1816 5422 adventus
1851 5367 1954 5422 Do?

367 5447 502 5502 mini
545 5447 845 5503 Salvatoris
894 5449 948 5504 in
991 5453 1250 5506 mundum
1294 5469 1388 5524 per
1426 5441 1782 5526 quadraginta
1818 5445 1954 5514 duas

367 5537 726 5592 nihilominus
763 5541 1140 5610 generationes
1191 5535 1480 5607 inducitur,
1530 5560 1668 5613 quas
1708 5545 1954 5602 videlicet

367 5630 700 5706 evangelista
729 5631 1012 5686 Matthteus
1037 5643 1338 5698 enumerat,
1369 5635 1554 5691 dicens
1581 5660 1595 5691 ;
1630 5656 1648 5690 ι
1675 5637 1754 5692 Ah
1780 5637 1952 5691 Abra-

372 5717 500 5775 ham
533 5736 706 5790 usque
735 5719 803 5776 ad
851 5722 1019 5776 David
1050 5727 1430 5792 generationes
1465 5726 1890 5796 quattuordecim.
1919 5742 1952 5784 a

373 5809 546 5868 David
585 5827 755 5882 usque
797 5815 863 5869 ad
903 5815 1438 5888 transmigrationem
1470 5817 1752 5890 Babylonis
1778 5835 1944 5892 gene-

2056 4729 2322 4783 micarum
2346 4727 2642 4782 labentium
2665 4725 2887 4794 colligat
2911 4739 3071 4794 quam
3120 4721 3391 4778 nectareis
3413 4713 3646 4792 dapibus-

2054 4819 2199 4891 pleni
2234 4819 2424 4874 ferculi
2451 4831 2642 4873 mensa
2675 4817 2963 4874 red-undat.

2127 4910 2436 4965 Notandum
2469 4918 2650 4964 autem
2705 4906 2962 4976 quoniam
2995 4893 3175 4960 omnis
3215 4903 3304 4959 ille
3338 4903 3642 4970 discursus,

2055 5011 2116 5058 ut
2145 5001 2406 5073 quidquid
2443 5001 2551 5056 iJlic
2573 5008 2784 5069 gestum
2813 4997 3174 5056 historialiter
3205 4997 3426 5069 legitur,
3465 5008 3638 5052 totum

2055 5094 2108 5148 in
2136 5094 2292 5148 nobis
2325 5107 2420 5163 per
2463 5091 2782 5162 mysterium
2833 5086 3132 5160 spiritualis
3179 5089 3484 5150 intellectus
3532 5088 3632 5142 im-

2053 5184 2253 5254 pletur.
2287 5183 2437 5250 Quod
2471 5183 2612 5236 enim
2645 5191 2773 5236 tunc
2803 5181 3092 5260 visibiliter
3114 5189 3324 5251 gestum
3351 5185 3452 5242 est,
3481 5177 3644 5233 nobis

2054 5290 2152 5344 per
2173 5273 2524 5343 spiritualem,
2541 5273 2954 5344 intelligentiam
2978 5273 3254 5343 congruit,
3280 5279 3470 5328 nostro
3496 5279 3639 5326 tem-

2056 5371 2174 5438 pori
2216 5379 2370 5424 vetus
2413 5369 2560 5444 illud.
2590 5369 2848 5424 saeculum
2883 5369 3158 5424 militavit.
3203 5367 3328 5424 llaec
3370 5368 3542 5432 enim,
3583 5375 3642 5423 ut

2059 5461 2137 5516 ait
2179 5459 2618 5529 Apostolusuin
2665 5458 2838 5528 figura
2890 5458 3278 5528 contingebant
3311 5456 3414 5526 illis
3439 5456 3490 5528 (Ι
3513 5458 3646 5512 Cor.

2059 5549 2138 5618 ι).
2165 5568 2184 5600 ι
2238 5547 2348 5604 Nos
2391 5549 2538 5604 enim
2591 5549 2658 5602 de
2711 5545 2936 5603 fornace
2983 5548 3320 5618 Aigyptiaca:
3366 5549 3644 5604 servitutis

2058 5641 2402 5710 egredimur,
2455 5649 2506 5696 et
2542 5631 2744 5696 terram
2799 5641 3237 5710 repromissionis
3284 5641 3490 5713 ingredi
3545 5656 3644 5712 per

2057 5729 2292 5801 plurima
2334 5731 2678 5786 mansionum
2726 5731 2862 5796 loca,
2896 5732 2998 5788 hoc
3023 5739 3126 5798 est,
3165 5746 3266 5803 per
3293 5733 3506 5788 diversa
3535 5732 3643 5786 vir-

2059 5829 2235 5874 tutum
2279 5819 2619 5878 incrementa
2665 5835 2947 5878 conantur.
2987 5819 3096 5878 Sed
3131 5823 3388 5894 quoniam
3437 5823 3642 5891 absque
