4074 6190
378 390 483 445 587

850 385 909 442 S.
935 384 1143 442 PETRI
1183 383 1465 441 DAMIANI
1505 380 1637 440 OPP
1682 380 1919 440 TOMUS
1953 380 1967 435 ε

2068 380 2085 437 J
2122 378 2302 436 PARS
2338 377 2425 436 Ill.
2456 410 2521 421 —
2548 376 2917 440 OPUSCULA
2957 380 3185 437 VARIA.

3539 387 3643 443 548

377 505 521 560 tribu
547 493 658 557 sola
684 498 839 565 Levi,
865 499 1086 554 Patrum
1115 515 1250 569 pene
1279 500 1519 555 omnium
1552 498 1815 553 cadavera
1839 513 1963 568 pros
1992 504 2042 562 Α
2071 495 2434 551 ascenderunt
2477 508 2575 565 per
2614 493 2973 565 quadraginta
3012 493 3145 548 duas
3190 493 3530 561 mansiones,
3569 496 3645 554 ita

378 604 551 650 strata
594 601 718 647 sunt
751 592 803 645 in
838 592 1084 655 deserto,
1115 593 1182 645 ad
1213 600 1417 645 terram
1469 602 1648 645 autem
1692 589 1835 644 illam
1864 589 1960 645 ﬁlii

381 668 756 740 tantummodo
794 691 1189 753 pervenerunt,
1236 682 1455 752 expedit
1499 689 1559 735 ut
1603 692 1755 736 vetus
1803 682 1964 736 homo

382 784 571 829 noster
598 774 847 836 intereat,
872 785 928 826 et
952 787 1149 838 novus,
1173 773 1264 842 qui
1293 772 1590 828 secundum
1619 772 1787 827 Deum
1811 788 1964 828 crea-

381 878 469 923 tus
497 868 571 921 sit
621 865 837 937 (Ephes.
869 865 966 936 tv),
1014 863 1082 919 ad
1126 864 1475 919 obtinendam
1522 874 1725 919 terram
1776 865 1962 918 viven—

380 956 515 1010 tium
569 954 933 1009 convalescat.
990 952 1144 1021 Quod
1188 964 1369 1009 autem
1434 955 1608 1008 tribus
1655 953 1787 1009 Levi
1840 969 1963 1008 cum

380 1046 594 1101 czeteris
623 1046 676 1099 in
708 1046 922 1099 deserto
950 1058 1057 1098 non
1084 1044 1268 1113 periit,
1317 1043 1444 1099 hinc
1483 1042 1770 1098 manifeste
1814 1042 1964 1098 colli-

379 1136 547 1207 gitur,
578 1134 727 1205 quia,
767 1132 1054 1203 postquam
1087 1134 1330 1188 omnium
1373 1133 1740 1188 lsraelitarum
1771 1148 1963 1187 nume-

382 1238 475 1275 rus
508 1237 537 1275 a
570 1220 760 1291 viginti
804 1226 960 1274 anuis
1014 1230 1068 1274 et
1117 1237 1312 1289 supra,
1363 1222 1546 1292 Moyse
1599 1232 1977 1293 supprimam,—

382 1312 689 1381 descriptus
731 1318 834 1374 est,
884 1319 1081 1379 praesto
1132 1309 1473 1379 subjuuctum
1515 1325 1598 1367 est
1643 1330 1658 1368 :
1712 1331 1730 1364 ι
1761 1312 1963 1368 Levita:

382 1412 567 1457 autem
618 1402 671 1456 in
719 1401 966 1456 tribubus
1024 1400 1352 1457 familiarum
1410 1417 1630 1456 suarum
1684 1418 1791 1456 non
1841 1412 1967 1457 sunt

383 1491 650 1545 numerati
685 1505 808 1544 cum
839 1490 919 1544 eis
962 1488 1258 1560 (Numm).
1282 1510 1300 1542 ι
1355 1492 1493 1546 Dicit
1515 1492 1659 1545 enim
1708 1490 1966 1546 Dominus

380 1583 449 1634 ad
476 1580 692 1651 Moysen
721 1598 734 1633 :
764 1570 1019 1633 «Tribuni
1048 1579 1171 1634 Levi
1202 1582 1307 1635 noli
1340 1598 1645 1647 numerare,
1678 1599 1851 1652 neque
1872 1599 1965 1652 po-

384 1687 483 1725 nas
537 1685 803 1725 summam
853 1666 1044 1725 eorum
1091 1687 1214 1725 cum
1260 1672 1384 1725 ﬁliis
1435 1673 1594 1727 lsrael
1628 1672 1908 1745 (Num.t).
1938 1693 1958 1728 ι

386 1760 735 1815 Postmodum
768 1774 896 1814 vero
921 1758 1200 1829 Scriptura
1229 1762 1359 1817 dicit
1386 1780 1399 1815 :
1434 1782 1451 1815 ι
1475 1762 1573 1817 liie
1596 1774 1678 1818 est
1705 1781 1963 1819 nmnerus

2069 585 2319 641 Salvator
2347 595 2535 640 noster
2560 586 2615 641 in
2644 584 2937 656 .‘Egyplutn
2971 585 3156 639 mundi
3188 584 3346 653 hujus
3367 586 3649 645 descendit

2064 692 2160 748 per
2188 677 2415 732 totidem
2438 685 2639 745 patres.
2668 676 2821 743 Quod
2856 676 2900 732 si
2925 675 3038 744 jam
3082 676 3434 747 intelligimus
3477 696 3649 750 quan-

2070 777 2180 822 tum
2225 769 2551 823 sacramenti
2596 784 2853 824 numerus
2895 769 2997 823 iste
3027 770 3341 832 contineat,
3398 772 3648 830 humanm

2067 859 2273 914 scilicet
2305 859 2659 923 ascensionis,
2687 869 2743 913 et
2778 859 2972 914 divina:
3005 860 3393 927 descensionis,
3425 862 3647 934 incipia-

2066 964 2187 1003 mus
2209 948 2321 1019 jam
2356 964 2454 1018 per
2478 964 2539 1003 ea
2569 964 2690 1019 qum
2718 949 2995 1005 descendit
3043 948 3294 1003 Christus
3316 952 3643 1019 ascendere;

2065 1046 2122 1093 et
2162 1038 2394 1108 primam
2434 1038 2590 1094 nobis
2633 1053 2753 1093 eam
2802 1038 3158 1103 mansionem,
3207 1055 3366 1110 quam
3408 1043 3522 1112 ipse
3550 1060 3645 1099 no-

2067 1127 2345 1182 vissimam
2395 1127 2607 1193 habuit,
2657 1127 2945 1184 aediﬁcare.
2994 1127 3051 1182 Si
3096 1129 3221 1197 quis
3259 1131 3402 1184 enim
3438 1132 3506 1187 ad
3546 1148 3645 1188 nos

2065 1233 2164 1291 per
2192 1218 2307 1273 loca
2336 1216 2590 1287 qualibet
2618 1217 2819 1280 veniat,
2871 1228 2929 1270 ut
2979 1233 3101 1271 mox
3146 1219 3359 1274 rediens
3396 1235 3491 1290 per
3524 1221 3639 1276 loca

2067 1324 2167 1363 nos
2196 1308 2386 1362 eadem
2416 1311 2614 1373 ducat;
2648 1308 2736 1362 ubi
2769 1307 2967 1361 desiuit
3012 1308 3120 1369 ille,
3171 1325 3269 1363 nos
3314 1310 3416 1366 iter
3456 1313 3645 1384 incipi-

2067 1415 2208 1463 mus,
2232 1406 2289 1454 et
2313 1399 2402 1454 ubi
2427 1398 2517 1454 ille
2539 1408 2800 1468 emperat.
2827 1414 2924 1452 nos
2945 1398 3182 1455 ﬁnimus.
3208 1400 3389 1456 Prima
3440 1403 3647 1461 scilicet

2067 1481 2267 1545 Christi
2313 1491 2591 1557 generatio
2628 1488 2791 1555 εωμίι
2838 1491 2906 1543 ab
2950 1489 3241 1549 Abraham,
3293 1491 3481 1547 ultima
3517 1508 3645 1549 vero

2067 1579 2215 1633 velut
2268 1588 2541 1647 postrema
2606 1580 2813 1633 mansio
2874 1578 3184 1633 terminavit
3239 1580 3291 1634 in
3346 1582 3639 1651 Virginem.

2068 1672 2134 1726 Et
2164 1671 2421 1741 quoniam
2452 1670 2730 1723 Abraham
2773 1670 3183 1739 interpretatur,
3215 1683 3363 1740 pater
3387 1674 3641 1739 excelsus,

2070 1782 2170 1821 nos
2210 1767 2313 1821 hoc
2358 1765 2462 1841 iter
2512 1765 2799 1835 incipimus
2836 1780 2867 1818 a
2912 1764 3148 1835 Virginis
3195 1774 3375 1834 partu,
3424 1773 3483 1817 ut
3524 1780 3645 1835 per-

386 1849 620 1903 ﬁliorum
653 1848 834 1914 lsrael,
865 1849 956 1917 qui
982 1849 1283 1919 descriptus
1310 1860 1395 1904 est
1428 1867 1457 1905 a
1490 1851 1674 1922 Moyse
1730 1862 1786 1907 et
1809 1853 1966 1907 Elea-
1996 1839 2039 1897 Β
2068 1866 2325 1930 agrantes
2366 1839 2650 1927 sequentia
2700 1856 2959 1926 deinceps
2996 1855 3335 1909 mansionum
3378 1855 3517 1920 loca,
3549 1870 3647 1925 po-

383 1954 516 1994 zaro
561 1939 863 2003 sacerdote,
909 1940 1054 1993 inter
1097 1955 1236 2008 quos
1275 1939 1451 1995 nullus
1483 1940 1587 1995 fuit
1645 1956 1833 1997 eorum
1868 1942 1962 2011 qui

381 2035 544 2082 antea
588 2029 855 2082 numerati
904 2036 1030 2082 sunt
1058 2028 1295 2100 abloyse
1338 2037 1393 2083 et
1459 2029 1639 2083 Aaron
1682 2031 1735 2085 in
1781 2041 1966 2086 monte

385 2116 537 2173 Sinai
589 2116 799 2186 (Nam.
858 2118 1037 2188 xxvn).
1066 2137 1084 2170 ι
1136 2117 1467 2174 Prasdixerat
1514 2120 1659 2175 enim
1706 2119 1965 2175 Dominus

382 2209 526 2277 quod
547 2223 737 2262 omnes
771 2217 1114 2262 morerentur
1152 2208 1206 2262 in
1244 2209 1552 2264 solitudine.
1581 2209 1788 2276 Quibus
1811 2211 1965 2265 vide-

382 2298 509 2351 licet
535 2296 776 2350 historia:
804 2297 982 2351 verbis
1013 2307 1263 2367 patenter
1289 2298 1594 2354 ostenditur
1626 2299 1775 2369 quia,
1808 2308 1966 2354 caete-

392 2386 468 2440 ris
546 2387 600 2440 in
632 2386 847 2441 deserto
872 2388 1181 2455 prostratis,
1204 2387 1271 2441 ad
1297 2389 1735 2458 repromissionis
1767 2399 1967 2442 terram

383 2474 512 2530 Levi
542 2474 717 2529 tribus
742 2476 1029 2531 incolumis
1055 2488 1112 2532 et
1155 2478 1359 2532 illibata
1409 2478 1675 2549 pervenit.
1713 2478 1967 2548 Quisquis

385 2581 516 2636 ergo
579 2580 639 2619 se
687 2569 928 2636 potuerit
985 2567 1039 2621 in
1114 2569 1454 2623 sacerdotum
1518 2571 1603 2623 vel
1656 2568 1966 2624 Levitarmn

386 2656 581 2711 ordine
624 2656 991 2721 constituere;
1029 2658 1276 2728 quisquis
1315 2660 1553 2715 noluerit
1590 2675 1712 2714 cum
1746 2659 1967 2728 reliquis

386 2745 699 2800 hominibus
733 2746 787 2799 in
827 2756 971 2800 terra
1011 2758 1217 2801 sortem
1265 2737 1619 2805 litereditariae
1646 2751 1808 2822 559
1844 2767 1968 2820 por-

386 2835 551 2889 tionis
587 2837 891 2903 acquirere,
937 2838 1031 2891 sed
1059 2837 1232 2891 solum
1262 2854 1383 2893 cum
1420 2840 1560 2895 tribu
1587 2841 1717 2896 Levi
1744 2854 1966 2897 conten-

388 2933 474 2978 tus
521 2925 591 2979 sit
640 2926 926 2980 Dominum
974 2928 1275 2997 possidere,
1307 2928 1411 2986 iste
1444 2929 1691 3001 profecto
1723 2932 1775 2986 in
1810 2933 1967 3002 hujus

389 3017 574 3071 mundi
622 3018 838 3071 deserto
880 3032 986 3071 non
1020 3019 1273 3085 moritur,
1316 3022 1411 3075 sed
1450 3032 1651 3075 terram
1678 3024 1977 3093 repromis-z

384 3106 556 3161 sionis
593 3106 801 3175 ingredi
861 3106 1017 3161 vivus
1055 3118 1108 3162 et
1139 3109 1424 3165 incolumis
1462 3123 1822 3181 promeretur.
1864 3114 1965 3182 Qui

387 3199 454 3252 ad
496 3198 883 3286 pronrissinnes
917 3214 1048 3270 ergo
1086 3199 1305 3255 Patrum
1349 3203 1633 3271 pervenire
1672 3202 1961 3270 desiderat,
1992 3194 2035 3254 C

388 3287 719 3343 ltazreditatis
747 3288 802 3341 in
831 3297 975 3343 terra
1008 3289 1305 3344 funiculum
1342 3307 1464 3346 eum
1507 3294 1648 3348 tribu
1682 3292 1810 3347 Levi
1842 3310 1968 3365 pos-

385 3377 564 3432 sidere
589 3387 922 3433 contemnat.
952 3379 1085 3434 Nam
1113 3381 1202 3451 qui
1227 3397 1285 3437 se
1308 3398 1406 3453 pro
1430 3387 1658 3441 terrenis
1685 3388 1738 3442 in
1764 3402 1965 3444 terram

385 3468 600 3539 dejecit,
636 3471 729 3539 qui
759 3485 898 3537 sese,
926 3471 1014 3526 ubi
1057 3486 1179 3526 cum
1204 3475 1564 3531 amaritudine
1589 3477 1798 3534 Pascha
1826 3478 1969 3535 cole-'-

384 3559 651 3612 brandum
674 3569 776 3624 est,
797 3574 862 3614 ac
893 3560 1146 3616 velociter
1168 3565 1577 3630 transeundum,
1607 3567 1809 3625 diutius
1831 3585 1966 3640 gau-

389 3651 515 3705 dere
546 3650 768 3706 conlidit
797 3669 811 3705 :
845 3668 863 3701 t
885 3652 1103 3720 Anima,
1133 3654 1401 3724 inquiens,
1436 3656 1603 3713 habes
1634 3659 1797 3714 multa
1827 3662 1967 3717 bona

391 3742 626 3811 reposita
653 3743 706 3796 in
740 3758 913 3798 armos
942 3743 1163 3812 multos,
1194 3747 1493 3816 requiesce,
1531 3754 1772 3817 comede,
1819 3753 1966 3823 bibe,

388 3834 648 3903 epulare;
700 3850 807 3889 non
853 3834 972 3891 sine
1015 3851 1179 3893 causa
1226 3849 1470 3895 meretur
1516 3842 1964 3912 audire:Stulte,

390 3926 491 3979 hac
535 3936 693 3980 nocte
722 3936 968 3998 repetent
1007 3928 1244 3984 animam
1294 3939 1438 3985 tuam
1465 3947 1495 3985 a
1526 3941 1576 3987 te
1602 3949 1617 3999 ;
1645 3950 1764 4003 qua:
1785 3946 1965 3991 autem

388 4018 613 4084 parasti,
647 4018 803 4086 cujus
824 4021 1021 4075 erunt?
1040 4041 1059 4075 ›
1092 4010 1192 4077 ilic
1216 4024 1399 4094 itaque
1425 4042 1529 4081 non
1556 4029 1666 4094 die,
1690 4030 1782 4084 sed
1811 4040 1967 4087 nocte

390 4109 702 4179 perimitur,
729 4111 869 4166 sicut
893 4112 1253 4184 primogenita
1279 4116 1674 4188 IEgyptiorum.
1702 4118 1967 4174 Nimirum

383 4199 475 4267 qui
520 4214 626 4253 non
675 4203 880 4270 sprevit
920 4201 1239 4274 Egyptum,
1268 4210 1363 4262 sed
1392 4209 1708 4279 obsequium
1736 4210 1968 4276 praebuit

390 4292 691 4346 rectoribus
738 4293 1109 4362 tenebrarum,
1161 4297 1252 4367 qui
1288 4309 1344 4353 et
1374 4299 1475 4369 ipsi
1527 4312 1684 4356 nocte
1730 4302 1966 4356 animam

384 4379 503 4448 ejus
547 4389 837 4450 repetunt;
885 4385 1146 4452 quoniam
1184 4387 1353 4442 odivit
1388 4390 1587 4457 lucem,
1619 4409 1719 4447 nec
1739 4391 1969 4461 justitite

390 4480 713 4525 consecutus
754 4479 838 4524 est
883 4473 1190 4529 veritatem.
1239 4476 1344 4531 Sed
1398 4480 1523 4534 dum
1574 4484 1858 4553 vagantius
1899 4484 1967 4538 ad

384 4563 657 4617 exteriora
694 4564 1099 4635 progredimur,
1134 4566 1249 4635 jam
1285 4572 1437 4638 qitasi
1481 4574 1771 4643 prmmissae
1799 4590 1964 4646 spon-

387 4653 557 4708 sionis
603 4654 779 4719 obliti,
835 4671 977 4710 nunc
1025 4661 1092 4711 ad
1122 4659 1491 4717 lsraelitarum
1540 4666 1869 4733 mansiones,
1907 4667 1963 4723 iu

386 4745 586 4813 quibus
618 4744 1007 4812 aliquantulum
1033 4744 1415 4825 i’mtnoraturos
1447 4769 1546 4808 nos
1572 4770 1693 4810 esse
1714 4757 1966 4826 promisi-

388 4854 531 4900 mus,
576 4836 689 4905 jam
733 4840 990 4909 quodam,
1038 4849 1098 4894 ut
1138 4843 1213 4897 ita
1252 4842 1469 4915 loquar,
1509 4848 1846 4918 postliminio
1881 4866 1969 4906 re-

386 4930 637 4981 deamus.

976 5037 1205 5096 CAPUT
1261 5043 1344 5099 ΙΙΙ.

387 5123 542 5194 Quod
575 5125 842 5181 descensio
874 5125 1070 5251 Chr‘iisli
1099 5134 1169 5184 at!
1199 5150 1291 5255 uss
1319 5134 1477 5204 fuerit
1502 5154 1593 5207 per
1620 5138 1969 5209 quadraginta

1015 5217 1081 5254 uo
1128 5219 1220 5255 ara
1263 5222 1344 5255 us.

1015 5217 1081 5254 uo
1127 5217 1344 5272 gradus.

456 5286 665 5356 itaque,
704 5285 846 5343 sicut
878 5289 1080 5345 dictum
1125 5301 1226 5359 est,
1274 5294 1330 5348 in
1357 5294 1715 5367 quadraginta
1758 5295 1968 5353 duabus

386 5378 758 5436 mansionibus
807 5392 1171 5451 pervenerunt
1208 5383 1300 5438 ﬁlii
1326 5384 1489 5440 lsrael
1515 5398 1684 5455 usque
1723 5388 1791 5442 ad
1823 5388 1971 5458 prin-

387 5470 586 5538 cipium
635 5471 910 5539 capienda:
950 5473 1283 5529 haereditatis
1303 5473 1495 5546 (Num.
1518 5478 1732 5547 uiuit).
1764 5476 1970 5532 Princi-

389 5560 535 5628 pium
564 5574 692 5613 vero
723 5561 996 5631 capienda:
1030 5564 1365 5621 hwreditatis
1412 5566 1543 5634 fuit,
1573 5570 1661 5623 ubi
1694 5569 1880 5624 Ruben
1917 5578 1972 5625 et

387 5647 506 5729 Cad
548 5656 604 5702 et
663 5648 886 5703 dimidia
928 5650 1099 5707 tribus
1136 5652 1388 5710 Manasse
1454 5656 1727 5727 accipiunt
1767 5666 1967 5711 terram

389 5737 598 5796 Galaad
654 5737 708 5793 in
765 5741 1185 5809 possessionem.
1241 5744 1412 5803 Porro
1470 5757 1675 5815 autem,
1705 5747 1843 5804 sicut
1891 5748 1966 5803 illi

1994 4532 2045 4592 D

2068 1961 2272 2005 stremo
2315 1951 2382 2005 ad
2436 1949 2647 2014 Deum,
2705 1947 2923 2002 Patrem
2975 1947 3224 2002 videlicet
3271 1949 3646 2017 perveniamus

2065 2038 2359 2096 excelsum.
2408 2037 2603 2107 Partus
2647 2053 2777 2108 ergo
2809 2036 3047 2109 Virginis
3096 2038 3251 2091 nobis
3297 2052 3359 2091 ex
3412 2035 3645 2109 Aigypto

2065 2132 2216 2186 exire
2258 2129 2564 2185 volentibus
2608 2128 2664 2184 in
2710 2127 2900 2198 primis
2939 2126 3197 2191 occurrit,
3221 2143 3376 2190 cum,
3409 2126 3645 2183 Verbum

2067 2219 2161 2273 Dei
2206 2234 2425 2274 carnem
2468 2217 2668 2273 factum
2710 2216 2763 2272 in
2801 2218 2943 2271 hunc
2988 2217 3245 2272 mundum
3291 2218 3501 2272 venisse
3526 2234 3646 2273 cre-

2066 2312 2276 2375 dentes,
2326 2311 2531 2365 relictis
2569 2310 2821 2365 omnibus
2862 2308 3079 2363 caducis
3105 2317 3159 2361 et
3208 2309 3549 2372 transitoriis,
3592 2310 3646 2364 in

2066 2401 2157 2477 illo
2187 2401 2300 2456 solo
2330 2401 2737 2471 requiescimus,
2776 2401 2828 2453 in
2861 2399 2951 2453 illo
2984 2409 3179 2453 nostra:
3206 2401 3402 2469 quietis
3447 2408 3502 2453 ct
3528 2401 3641 2469 spei

2068 2491 2430 2547 habitaculum
2468 2490 2815 2545 collocamus.
2852 2488 2981 2544 Post
3009 2489 3122 2543 haec
3140 2489 3252 2559 jam
3285 2490 3329 2543 si
3358 2490 3639 2558 perﬁcere,

2066 2597 2120 2643 et
2167 2587 2234 2641 ad
2281 2585 2518 2657 singulos
2569 2600 2811 2655 quosque
2865 2584 2987 2638 ﬁdei
3038 2592 3093 2637 et
3141 2584 3402 2637 virtutum
3443 2584 3641 2653 gradus

2067 2678 2361 2732 ascendere
2380 2677 2626 2743 nitimur,
2653 2675 2837 2730 tandiu
2863 2676 3119 2730 debemus
3141 2674 3444 2741 immorari,
3471 2674 3643 2730 donec

2068 2769 2282 2822 valeant
2332 2768 2560 2823 virtutes
2610 2768 2664 2822 in
2715 2767 3160 2823 consuetudinem
3209 2768 3366 2821 verti.
3408 2767 3473 2821 Et
3514 2752 3641 2821 tunc

2066 2875 2174 2914 non
2201 2858 2356 2927 quasi
2381 2869 2759 2913 transcurrere
2786 2857 3085 2928 spiritualis
3110 2856 3234 2910 vitae
3258 2858 3469 2911 deserta
3507 2872 3638 2911 con-

2066 2949 2347 3019 spicimus,
2379 2948 2542 3020 560
2578 2950 2675 3004 sed
2722 2951 3057 3003 mansionem
3102 2948 3302 3012 facere,
3355 2948 3438 3003 vel
3478 2949 3641 3003 etiam

2067 3040 2313 3095 habitare
2359 3040 2413 3093 in
2466 3041 2598 3110 ipsis
2641 3040 2899 3094 virtutmn
2946 3038 3277 3110 profectibus
3313 3038 3639 3107 judicamur.

2068 3130 2203 3186 Nam
2238 3131 2330 3202 qui
2361 3132 2560 3187 bonum
2606 3147 2743 3202 opus
2792 3146 2898 3186 non
2942 3140 3384 3200 perseveraturus
3429 3130 3639 3200 incipit,

2067 3207 2223 3293 quasi
2256 3224 2395 3277 viam
2435 3224 2775 3293 properando
2807 3223 3156 3287 transcurrit;
3185 3222 3277 3290 qui
3328 3236 3456 3275 vero
3485 3221 3535 3274 in
3572 3235 3637 3274 ea

2068 3331 2231 3387 quam
2289 3315 2455 3370 semel
2506 3315 2780 3384 arripuit,
2848 3321 3131 3384 permanet
3182 3312 3512 3376 sanctitate,
3567 3306 3639 3365 ibi

2068 3404 2468 3476 quodammodo
2520 3404 2754 3458 aediﬁcat
2807 3401 3165 3457 mansionem.
3233 3399 3301 3454 Et
3350 3400 3641 3454 notandum

2069 3495 2196 3565 quia
2231 3509 2353 3548 cum
2382 3493 2484 3557 ire,
2512 3502 2566 3546 et
2596 3506 2836 3555 manere,
2866 3506 2930 3544 ac
2956 3506 3052 3561 per
3076 3489 3179 3543 hoc
3209 3488 3335 3553 iter,
3361 3498 3413 3542 et
3436 3487 3646 3541 mansio

2070 3597 2099 3635 a
2155 3597 2215 3637 se
2269 3582 2378 3635 sint
2427 3580 2644 3650 penitus
2699 3580 2945 3643 dissona,
3000 3594 3100 3631 nec
3150 3577 3365 3631 sibimet
3415 3574 3645 3630 invicem

2067 3677 2384 3741 congruant,
2434 3676 2721 3736 utrumque
2768 3677 2947 3722 tamen
2977 3667 3029 3720 in
3062 3666 3152 3720 illo
3175 3664 3469 3719 Israelitico
3498 3678 3631 3733 pro-

2067 3759 2248 3814 cinctu
2289 3757 2609 3813 convenisse
2652 3755 2933 3825 Scriptura
2978 3757 3286 3817 cenﬁrmat,
3336 3762 3394 3807 ut
3434 3752 3508 3807 illi
3552 3767 3650 3822 per

2068 3846 2342 3901 desertum
2387 3854 2445 3899 et
2490 3844 2593 3900 iter
2642 3845 2896 3899 habuisse
2942 3844 3196 3897 dicantur
3226 3856 3281 3898 et
3312 3842 3644 3896 mansiones.

2067 3935 2202 4003 Quia
2250 3937 2506 3991 nimirum
2557 3950 2676 3999 nos,
2718 3935 2807 4004 qui
2855 3943 3055 3990 terram
3108 3935 3403 3989 viventium
3443 3935 3646 3987 intrare

2066 4029 2471 4093 contendimus,
2503 4036 2559 4083 et
2590 4041 2811 4081 manere
2837 4026 3093 4082 debemus
3122 4042 3217 4097 per
3248 4026 3410 4080 ﬁxum
3442 4025 3647 4095 proles-

2068 4120 2238 4175 sionis
2264 4128 2463 4173 nostra:
2492 4117 2851 4187 propositum,
2882 4124 2937 4170 et
2967 4116 3046 4170 ire
3076 4130 3290 4185 semper
3326 4130 3421 4184 per
3455 4113 3643 4168 melio-
3678 4101 3688 4109 ’

2067 4210 2248 4264 randae
2277 4207 2709 4264 conversationis
2747 4215 2803 4261 et
2843 4205 3155 4262 cumulandi
3186 4204 3460 4275 profectus
3486 4219 3648 4274 argu-

2066 4310 2330 4356 mentum.
2740 4352 2743 4359 ,

2136 4392 2193 4446 In
2217 4391 2409 4462 primis
2427 4405 2557 4461 ergo
2578 4389 2993 4461 proﬁciscuntur
3015 4387 3107 4442 ﬁlii
3121 4386 3283 4441 lsrael
3305 4386 3370 4440 de
3387 4385 3640 4438 Ramese.

2071 4480 2326 4544 Ramese,
2376 4482 2517 4535 sicut
2569 4478 2844 4535 nonnullis
2889 4479 3119 4539 videtur,
3152 4478 3202 4531 in
3231 4486 3411 4531 nostra
3443 4474 3646 4545 lingua,

2068 4571 2343 4624 commotio
2387 4569 2629 4633 turbida,
2676 4569 2760 4624 vel
2821 4569 3094 4623 commotio
3136 4568 3290 4621 tinea:
3335 4565 3552 4619 dicitur.
3588 4562 3647 4617 In

2070 4675 2179 4730 quo
2223 4659 2385 4714 datur
2428 4658 2657 4728 intelligi
2704 4658 2847 4728 quod
2876 4658 3058 4713 omnia
3098 4670 3218 4725 qua:
3260 4653 3443 4708 mundi
3499 4661 3644 4717 sunt,

2072 4747 2127 4802 in
2177 4747 2631 4803 commotionibus
2674 4756 2729 4801 et
2782 4744 3287 4816 perturbationibus
3333 4745 3645 4807 constituta,

2071 4850 2128 4893 et
2181 4838 2534 4909 corruptehe,
2587 4852 2750 4906 quam
2801 4837 2948 4891 tinea
3004 4836 3281 4905 designat,
3347 4836 3649 4904 probantur

2073 4928 2329 4982 obnoxia.
2387 4926 2445 4983 In
2496 4928 2692 4997 quibus
2746 4928 2931 4998 utique
2986 4941 3094 4981 non
3143 4933 3359 4995 oportet
3410 4926 3647 4980 animam

2073 5019 2356 5084 residere,
2408 5018 2504 5073 sed
2562 5018 2943 5073 incunctanter
2994 5018 3166 5072 exire.
3229 5016 3457 5085 Quidam
3520 5030 3650 5070 vero

2074 5111 2306 5166 Ramese
2357 5112 2700 5180 interpretari
2765 5110 3187 5175 commotionem,
3234 5107 3317 5162 vei
3360 5107 3651 5160 tonitruum

2072 5206 2419 5274 putaverunt.
2453 5201 2607 5269 Quod
2634 5200 2820 5270 utique
2850 5199 3003 5253 nobis
3029 5198 3204 5269 aptari
3225 5211 3335 5253 non
3356 5198 3654 5266 incongrue

2072 5293 2303 5364 poterit,
2336 5292 2482 5363 quia,
2535 5292 2665 5346 dum
2711 5292 2778 5347 ad
2832 5290 3275 5362 praedicationem
3325 5288 3653 5356 evangelicae

2076 5384 2220 5440 tuba:
2262 5383 2520 5438 commoti
2566 5380 2853 5447 fuerimus,
2890 5381 3039 5436 velut
3068 5381 3136 5436 ad
3167 5380 3464 5435 tonitruum
3492 5379 3649 5434 cmle-

2076 5474 2241 5533 stium
2290 5473 2515 5528 nubium
2562 5472 2806 5533 excitati.
2858 5487 2927 5527 ex
2976 5470 3211 5542 Egypto
3257 5470 3443 5525 mundi
3490 5468 3651 5538 hujus

2073 5567 2304 5620 eximus.
2350 5562 2616 5618 Exierunt
2663 5572 2845 5617 autem
2885 5562 2960 5617 illi
2994 5577 3180 5616 mense
3208 5561 3403 5630 primo,
3437 5559 3652 5633 quinta-

2074 5656 2284 5713 decima
2330 5654 2479 5722 luna,
2524 5655 2578 5709 in
2629 5656 2746 5724 ipso
2791 5654 3000 5710 scilicet
3046 5652 3359 5722 plenilunio,
3406 5666 3471 5705 ac
3511 5648 3654 5703 veris

2073 5747 2319 5806 exordio.
2360 5746 2426 5803 Et
2469 5762 2568 5804 nos
2595 5762 2717 5803 cum
2754 5760 2982 5803 summa:
3030 5745 3164 5801 lucis
3205 5744 3372 5800 radiis
3414 5742 3653 5799 illustra-
