4074 6190
510 354 614 410 519

1398 351 1648 413 OPUSC.
1691 350 1910 409 XXXII.
1951 382 2020 393 —
2059 351 2147 407 DE
2184 349 2748 423 QUADRAGESIMA,
2793 354 2947 413 ETC.

3663 360 3774 422 550

507 482 653 533 mur,
700 480 823 521 cum
874 464 929 520 in
974 464 1133 520 nobis
1179 464 1335 521 bona:
1378 464 1679 521 voluntatis
1706 464 1867 521 ﬂores
1902 479 2085 520 erum-
2110 471 2160 530 Α
2189 478 2286 533 per
2330 464 2475 520 hunc
2519 464 2802 536 Aquilonis
2831 467 3133 537 dominum,
3161 468 3266 525 nisi
3308 470 3568 543 antiquus
3607 472 3783 533 hostia

506 566 676 628 punt,
742 571 867 611 cum
924 555 1105 611 omnia
1165 564 1539 620 renovantur,
1601 571 1724 611 cum
1782 563 1934 625 prata
1990 554 2087 609 de-

507 649 674 717 nique
746 655 1058 701 nostrorum
1115 645 1360 701 cordium
1431 647 1654 717 superni
1712 647 1842 703 solis
1900 646 2087 700 fomite

505 737 862 802 recalescunt,
906 745 1034 791 tunc
1069 751 1133 790 ex
1172 735 1391 809 {Egypti
1433 738 1674 793 tenebris
1712 738 1895 810 egredi
1937 737 2085 792 festi-

505 843 715 882 namus.
792 853 799 859 '

575 916 820 971 Secunda
876 915 1087 969 mansio
1140 914 1201 968 fit
1251 914 1305 969 in
1359 914 1583 971 Socbot.
1640 916 1846 972 Sochot
1903 924 2083 969 autem

505 1010 892 1079 interpretatur
951 1008 1312 1063 tabernacula.
1387 1009 1603 1065 Primus
1672 1010 1837 1081 igitur
1890 1011 2085 1065 anima:

503 1097 778 1168 profectus
802 1106 886 1153 est
914 1108 973 1153 ut
1002 1099 1236 1154 terrenis
1269 1115 1328 1155 se
1375 1101 1829 1155 commotionibus
1855 1102 2082 1168 dividat,

502 1189 716 1259 sibique
752 1199 1008 1259 tanquam
1039 1190 1340 1259 peregrinae
1380 1199 1436 1245 et
1480 1190 1671 1247 incola:
1723 1208 1826 1247 non
1869 1193 2082 1249 habita-

501 1280 683 1336 culum
713 1280 867 1350 figat,
899 1280 993 1334 sed
1018 1279 1194 1335 exsilii
1226 1281 1634 1335 tabernaculum
1660 1290 1866 1346 struat;
1895 1281 2084 1352 lugens

498 1386 622 1424 cum
656 1369 925 1440 Propheta
954 1387 967 1423 :
1006 1389 1023 1420 ι
1044 1367 1157 1423 Heu
1196 1384 1308 1436 me,
1333 1370 1461 1440 quia
1490 1369 1759 1424 incolatus
1781 1385 1936 1424 meus
1964 1385 2085 1440 pro-

500 1458 749 1531 longatns
772 1460 882 1513 est!
906 1479 924 1511 ι
960 1456 1132 1529 (Psal.
1158 1459 1334 1530 cxtx.)

572 1548 781 1604 Deinde
822 1550 1050 1603 veniunt
1094 1549 1145 1602 in
1194 1548 1393 1614 Ethan,
1442 1547 1575 1612 sive,
1624 1558 1683 1603 ut
1728 1547 2079 1619 Septuaginta

499 1641 829 1711 interpretes
849 1640 1050 1700 dicunt,
1071 1639 1301 1704 Butban,
1318 1656 1436 1709 qua:
1450 1648 1532 1694 est
1548 1640 1599 1695 in
1613 1641 1874 1695 extremis
1887 1640 2082 1695 finibus

500 1728 825 1783 solitudinis.
864 1728 1041 1782 Ethan
1081 1729 1441 1797 fortitudinem
1474 1737 1649 1783 sonat.
1685 1729 1785 1796 Qui
1819 1728 2078 1800 ergojam

2189 555 2534 625 exprimitur,
2558 557 2650 626 qui
2685 557 2896 627 frigidis
2941 560 3088 615 etab
3115 574 3303 614 amore
3330 561 3425 615 Dei
3450 561 3643 617 alienis
3666 576 3785 619 corn-

2187 642 2347 697 dibus
2389 643 2769 713 principatur?
2807 646 2950 701 Ante
2991 646 3136 701 hunc
3179 663 3331 719 ergo.
3373 649 3425 703 id
3464 659 3548 704 est
3590 659 3784 706 contra

2189 729 2334 786 hunc
2367 742 2846 801 castrametamur,
2877 751 2998 791 cum
3030 736 3289 792 adversus
3323 754 3448 793 eum
3486 739 3784 796 infmderao

2186 822 2280 877 bili
2311 824 2656 879 dimicatione
2679 825 3042 897 confligimus.

2257 913 2381 968 Inde
2438 915 2667 984 profecti
2731 931 2830 985 per
2888 931 3040 970 mare
3095 915 3338 970 Rubrum
3397 927 3664 973 venerunt
3702 920 3780 985 _in

2189 1001 2361 1069 Mara,
2392 1020 2513 1074 quae
2540 1005 2949 1076 interpretatur,
2982 1008 3307 1061 amaritudo.
3334 1007 3536 1063 Rectus
3561 1009 3778 1065 scilicet

2185 1094 2322 1147 ordo
2365 1104 2450 1148 est
2497 1105 2554 1148 ut
2588 1095 2680 1164 qui
2712 1096 2778 1150 ad
2816 1105 3015 1150 terram
3046 1108 3337 1167 pr0perant
3368 1099 3526 1153 melle
3555 1116 3782 1155 manan-

2190 1190 2322 1248 tem,
2362 1183 2414 1236 in
2462 1184 2677 1238 deserto
2726 1184 2851 1239 vita:
2899 1182 3058 1251 hujus
3110 1185 3314 1237 laboris
3357 1196 3414 1237 et
3463 1188 3781 1239 tentationls

2184 1275 2598 1331 amaritudinem
2627 1276 2912 1340 hauriant;
2946 1285 2999 1330 et
3039 1291 3136 1346 per
3164 1276 3465 1346 disciplina:
3492 1279 3781 1347 praesentis

2184 1370 2534 1439 asperitatem
2576 1369 2895 1439 perveniant
2941 1369 3007 1423 ad
3052 1369 3503 1424 remunerationis
3548 1370 3777 1425 interna:

2184 1460 2547 1515 dulcedinem.
2583 1460 2734 1516 Unde
2760 1459 2893 1514 dicit
2923 1458 3212 1529 Apostolus
3240 1477 3252 1512 :
3292 1478 3310 1511 ι
3339 1458 3548 1523 Omnis,
3578 1460 3776 1529 inquit,

2185 1548 2464 1619 disciplina
2497 1550 2551 1602 in
2582 1549 2833 1617 praesenti
2864 1548 3079 1616 quidem
3109 1564 3214 1602 non
3242 1549 3456 1602 videtur
3495 1566 3618 1604 esse
3644 1566 3778 1620 gau-

2183 1638 2279 1702 dii,
2308 1640 2402 1693 sed
2432 1638 2715 1702 maeroris;
2744 1646 2865 1707 post
2892 1648 3072 1691 autem
3100 1636 3332 1691 fructum
3366 1639 3771 1705 pacatissimam

2183 1730 2496 1785 exercitatis
2526 1745 2623 1799 per
2651 1745 2770 1784 eam
2801 1730 2990 1784 reddet
3025 1728 3251 1797 justitia:
3284 1727 3472 1795 (Hebr.
3506 1730 3626 1799 xu).
3662 1750 3680 1783 ι
3715 1730 3775 1786 In

499 1836 599 1891 pro
627 1821 737 1875 Deo
770 1819 1195 1890 peregrinantur
1224 1820 1275 1873 in
1315 1820 1534 1885 mundo,
1567 1819 1658 1890 qui
1706 1836 1765 1874 se
1795 1820 2001 1875 incolas
2029 1829 2085 1875 et
2113 1842 2163 1904 Β
2185 1821 2472 1890 procinctu
2524 1820 2792 1890 siquidem
2844 1820 3139 1889 spiritualis
3188 1821 3397 1874 militiae
3440 1822 3775 1887 constitutis,

496 1913 713 1967 exsules
758 1921 1171 1981 recognoscunt,
1199 1927 1425 1967 necesse
1451 1921 1533 1967 est
1562 1921 1622 1966 ut
1670 1920 1872 1982 quanto
1910 1913 2083 1981 magis

499 2019 559 2058 se.
582 2002 825 2072 praebent
870 2004 922 2056 in
977 2002 1210 2057 terrenis
1236 2003 1447 2056 actibus
1466 2002 1689 2067 debiles,
1715 2010 1862 2056 tanto
1887 2004 1997 2057 sint
2027 2004 2082 2057 in

499 2093 804 2148 humilitate
865 2108 929 2148 ac
985 2094 1248 2162 patientia
1299 2092 1573 2149 fortiores.
1626 2094 1837 2148 Butban
1898 2103 2079 2148 autem

497 2182 655 2237 uallis
701 2184 1109 2252 interpretatur.
1137 2183 1280 2253 quod
1333 2182 1400 2238 ab
1450 2184 1639 2239 eodem
1671 2199 1834 2239 sensu
1872 2199 2079 2253 nequa-

500 2290 663 2344 quam
695 2274 985 2345 discrepat.
1020 2274 1249 2344 Oportet
1289 2275 1431 2329 enim
1481 2284 1542 2329 ut
1578 2275 1825 2345 quisquis
1862 2275 1929 2328 ad
1964 2285 2079 2330 ter-

498 2379 613 2418 ram
667 2364 960 2419 viventium
1015 2372 1287 2434 properat,
1339 2364 1406 2418 ad
1448 2364 1766 2435 perferenda
1821 2367 2078 2421 tentatio-

498 2471 625 2510 num
669 2454 846 2523 iacula
904 2455 957 2509 in
1004 2455 1327 2509 humilitatis
1393 2464 1447 2509 et
1492 2455 1767 2525 patientia:
1836 2455 2078 2510 convalle

494 2546 773 2616 persistat.

566 2638 693 2692 Inde
718 2637 943 2707 profecti
968 2644 1093 2692 sunt
1116 2635 1169 2690 in
1191 2635 1529 2696 Phiahiroth,
1546 2650 1666 2705 qua:
1690 2634 1908 2704 respicit
1929 2634 2076 2690 Beel-

494 2729 720 2799 phegor,
741 2737 795 2782 et
816 2728 1184 2782 castrametati
1211 2737 1335 2781 sunt
1364 2736 1489 2781 ante
1514 2726 1834 2797 Magdalum.
1860 2726 2076 2780 Phiahi-

494 2823 618 2875 roth
642 2820 986 2889 interpretari
1010 2819 1230 2885 dicitur,
1254 2836 1310 2872 os
1332 2819 1715 2888 nobilium,per
1734 2818 1877 2887 quod
1898 2818 2079 2887 expri-

496 2913 664 2965 mitur
694 2911 869 2981 lingua
899 2911 1202 2964 doctorum.
1226 2910 1283 2963 lu
1315 2908 1558 2964 convalle
1579 2909 1777 2979 quippe
1800 2909 2076 2977 patientiae

492 3001 846 3063 constitutus,
871 3015 977 3068 quo
1001 3000 1219 3069 gravius
1251 2999 1333 3053 vel
1377 2999 1811 3069 persecutionum
1839 2998 1921 3053 vel
1950 3014 2076 3054 car-

496 3092 697 3145 nalium
743 3092 1098 3145 tentationum
1151 3089 1374 3160 ﬂagellis
1432 3091 1715 3152 atteritur,
1776 3106 1841 3145 eo
1902 3092 2075 3161 magis

499 3197 724 3236 necesse
770 3190 853 3235 est
891 3190 952 3235 ut
1001 3182 1050 3236 ei
1089 3180 1156 3235 ab
1192 3196 1288 3236 ore
1320 3182 1613 3246 nobilium,
1643 3183 1694 3236 id
1725 3192 1837 3247 est,
1883 3202 1912 3236 a
1954 3199 2079 3238 san-

492 3283 703 3325 ctorum
753 3274 1032 3326 doctorum
1081 3273 1548 3327 exhortationibus
1597 3285 1966 3329 succurratur.
2019 3274 2076 3329 Si

494 3361 650 3433 561
699 3378 825 3417 "ero
868 3379 972 3417 non
1014 3363 1330 3418 Pltiahiroth
1367 3365 1460 3418 sed
1499 3364 1750 3419 Osiraath
1794 3366 2079 3436 proferen-

494 3456 617 3507 dum
647 3463 753 3517 est,
783 3462 839 3507 ut
866 3453 967 3507 alia
1002 3462 1228 3507 testatur
1254 3455 1451 3520 editio,
1486 3457 1766 3510 sciendum
1822 3466 1904 3510 est
1936 3459 2079 3526 quod

494 3541 694 3607 lraath,
743 3545 881 3597 vicus
917 3544 1320 3613 interpretatur.
1356 3546 1432 3599 Ad
1463 3561 1524 3600 os
1559 3562 1709 3617 ergo,
1752 3548 1853 3602 hoc
1880 3558 1982 3613 est,
2012 3549 2079 3603 ad

493 3632 725 3701 primum
759 3633 859 3686 vici
904 3633 1062 3701 hujus
1093 3635 1306 3688 venitur
1339 3634 1674 3706 ingressum,
1723 3636 1865 3707 quod
1913 3639 2082 3710 signi-

495 3722 617 3777 ficat
645 3739 794 3777 nova:
827 3724 1255 3778 conversationis
1298 3724 1528 3779 initium.
1563 3725 1713 3781 Unde
1745 3743 1851 3781 non
1882 3730 1949 3781 ad
1986 3746 2077 3783 ur-

492 3811 636 3877 bem,
666 3813 759 3867 sed
787 3814 854 3867 ad
886 3814 1060 3867 vicum
1088 3813 1340 3879 veniunt;
1393 3814 1521 3883 quia
1552 3830 1772 3871 necesse
1795 3826 1878 3872 est
1904 3826 1960 3871 ut
1988 3832 2080 3871 no-

491 3911 606 3964 vitii
638 3911 837 3980 quique
878 3911 1093 3965 interim
1137 3925 1196 3965 se
1239 3911 1380 3967 intra
1423 3912 1746 3968 suburbana:
1777 3914 1902 3970 vita:
1929 3916 2078 3969 cohi-

493 4007 654 4060 beant
707 4006 965 4071 modum,
1018 4022 1118 4062 nec
1168 4006 1569 4077 praecipitanter
1615 4008 1791 4063 adhuc
1844 4010 2079 4063 audeant

493 4095 777 4149 senatoriae
838 4095 1187 4166 perfectionis
1244 4104 1511 4151 attentare
1570 4096 1864 4167 fastigium.
1922 4098 2076 4153 Unde

491 4183 629 4239 bene
677 4185 876 4239 dicitur
942 4185 1196 4253 quoniam
1239 4184 1431 4241 Arioth
1479 4186 1699 4257 respicit
1746 4186 2073 4256 Beelsephon

493 4274 683 4345 (Num.
726 4278 942 4339 xxxtu).
994 4276 1324 4345 Beelsephon
1370 4276 1637 4346 siquidem
1686 4278 2077 4347 interpretatur

489 4366 723 4420 ascensio
754 4365 998 4436 speculae,
1026 4366 1139 4421 sive
1173 4367 1355 4421 turris.
1392 4367 1437 4421 Α
1468 4368 1647 4438 parvis
1679 4369 1822 4423 enim
1854 4370 1920 4423 ad
1957 4385 2072 4423 ma-

491 4469 592 4523 gna
622 4455 1023 4508 conscenditur.
1056 4453 1171 4509 Non
1199 4455 1343 4509 enim
1374 4444 1488 4511 haec
1510 4458 1717 4511 mansio
1750 4458 1848 4511 fuit
1873 4459 1925 4512 in
1961 4459 2072 4528 ipsa

490 4543 733 4613 specula,
749 4545 842 4597 sed
857 4545 1180 4614 respiciebat
1199 4546 1494 4617 speculam.
1515 4548 1649 4614 Quia
1667 4550 1901 4605 novitius
1917 4551 2066 4620 quis-
2099 4534 2147 4593 Ι)

490 4647 619 4701 que,
662 4641 716 4686 et
757 4634 800 4688 si
840 4634 907 4687 ad
952 4634 1335 4703 speculativam
1372 4638 1539 4693 vitam
1574 4639 1686 4709 jam
1733 4655 1829 4710 per
1864 4642 2073 4697 deside-

491 4722 631 4774 rium
678 4723 896 4788 tendat,
936 4725 1165 4777 necdum
1208 4732 1384 4780 tamen
1422 4728 1489 4781 ad
1532 4728 1872 4797 speculativre
1904 4732 2075 4799 perfe-

489 4811 689 4865 ctionis
727 4811 940 4866 culmen
982 4814 1204 4883 aspirat.
1247 4815 1609 4882 Quamobrem
1649 4817 1758 4873 illic
1795 4829 1917 4888 apte
1953 4820 2075 4874 sub-

484 4904 732 4975 jungitur
781 4921 794 4958 :
851 4922 870 4956 ‹
929 4903 997 4959 Et
1050 4908 1417 4961 castrametati
1469 4918 1596 4963 sunt
1644 4909 1712 4963 ad
1767 4909 2067 4981 Magdalum

489 4995 700 5068 tlbid.).
750 5016 769 5049 ι
814 4997 1091 5069 Madgalus
1149 5000 1536 5070 magnificentia
1582 5001 1801 5057 dicitur.
1852 5002 2074 5058 Noviter

486 5088 632 5141 enim
681 5088 801 5157 quis
837 5090 906 5143 ad
948 5090 1043 5145 Dei
1084 5093 1365 5146 servitium
1405 5093 1660 5158 veniens,
1700 5096 2069 5151 ascensionem

486 5178 745 5248 speculae,
766 5188 821 5233 et
844 5181 1303 5251 magnificentiam
1328 5182 1441 5253 jam
1464 5184 1678 5260 quidem
1702 5186 1755 5239 in
1778 5168 2069 5257 conspectu

486 5284 589 5323 suo
617 5284 713 5339 per
738 5271 1093 5325 intentionem
1126 5280 1288 5339 tenet,
1324 5274 1417 5328 sed
1449 5289 1545 5343 per
1569 5273 1824 5333 effectum
1854 5275 2071 5329 virtutis

487 5360 719 5413 necdum
753 5362 1011 5437 possidet.
1040 5362 1175 5429 Quia
1212 5363 1337 5418 licet
1365 5378 1459 5434 spe
1489 5365 1961 5435 contemplationis
2008 5382 2071 5421 ac

484 5447 836 5518 perfectionis
871 5450 985 5519 jam
1026 5462 1277 5523 pascatur
1302 5463 1357 5508 et
1397 5454 1696 5520 nutriatur,
1729 5455 1955 5510 necdum
1993 5465 2071 5509 ta-

486 5554 613 5593 men
641 5552 1030 5597 consummata:
1058 5545 1331 5599 munditia:
1388 5545 1471 5599 vel
1503 5562 1749 5616 superna:
1778 5548 1967 5618 gratia:
1996 5548 2072 5602 ni-

485 5637 607 5683 tore
640 5631 955 5699 perfruitur.
996 5632 1065 5687 Ut
1098 5634 1143 5688 si
1182 5632 1505 5705 Beelsephor
1542 5637 1943 5707 interpretatur,
1981 5639 2072 5693 do-

485 5722 661 5777 minus
705 5723 1001 5795 Aquilonis,
1051 5725 1191 5782 sicut
1230 5742 1259 5781 a
1301 5728 1623 5798 quibusdam
1670 5729 1891 5799 dicitur,
1941 5733 2068 5802 quid

2187 1913 2346 1965 modo
2372 1925 2559 1964 amara
2590 1910 2858 1973 dulcibus,
2889 1910 3048 1965 modo
3074 1910 3247 1965 dulcia
3292 1910 3591 1966 miscentur
3621 1927 3774 1966 ama.

2185 1999 2293 2064 ris;
2323 2009 2381 2054 ut
2410 2015 2506 2069 per
2529 2000 2647 2055 haec
2677 2000 2991 2068 experiatur
3021 2001 3256 2055 humana
3290 2001 3530 2055 conditio
3564 2010 3618 2055 et
3644 2003 3777 2073 quid

2183 2105 2214 2144 a
2245 2107 2303 2145 se
2333 2092 2571 2161 patiatur
2601 2089 2951 2154 inﬁrmitatis,
2983 2100 3035 2145 et
3061 2092 3191 2161 quid
3220 2107 3249 2144 a
3297 2090 3408 2147 Deo
3431 2092 3624 2147 debeat
3652 2108 3777 2163 spe-

2184 2197 2307 2237 rare
2338 2183 2575 2237 virtutis.
2610 2181 2763 2237 Sicut
2805 2182 2981 2237 eidem
3012 2183 3208 2252 populo
3240 2184 3439 2238 dicitur
3474 2203 3488 2238 :
3531 2204 3548 2237 ι
3592 2184 3770 2240 Aﬂlixi

2183 2278 2257 2332 te,
2288 2280 2342 2325 et
2371 2270 2543 2325 cibari
2578 2279 2629 2326 te
2659 2285 2855 2325 manna
2901 2271 2953 2324 in
2984 2271 3218 2333 deserto,
3246 2274 3562 2328 nesciebant
3592 2284 3775 2343 patres

2181 2357 2284 2420 tui,
2328 2357 2499 2412 donec
2545 2358 2956 2426 dignosceretur
2996 2359 3123 2428 quid
3173 2369 3319 2415 esset
3366 2361 3421 2415 in
3469 2363 3653 2416 corde,
3679 2370 3774 2416 tuo

2180 2446 2358 2518 (Deut.
2388 2446 2529 2515 vm).
2566 2466 2583 2500 ι

2795 2539 3022 2595 CAPUT
3061 2538 3149 2593 iV.

2347 2646 2503 2713 Quod
2530 2648 2751 2717 apostoli
2776 2649 2878 2702 sint
2908 2648 3066 2702 duces
3095 2647 3275 2718 pepuli
3299 2647 3603 2703 Christiani.

2258 2756 2412 2812 Unde
2453 2757 2701 2825 sequitur
2730 2756 2879 2825 quia,
2924 2755 3155 2827 profecti
3196 2758 3261 2811 de.
3303 2756 3476 2822 Mara,
3511 2767 3773 2813 venerunt

2185 2845 2238 2899 in
2270 2845 2434 2908 Elim,
2464 2846 2555 2899 ubi
2586 2844 2868 2899 duodecim
2899 2855 3055 2900 erant
3082 2844 3255 2900 fontes
3282 2860 3566 2915 aquarum,
3595 2855 3649 2900 et
3682 2862 3773 2900 se-

2177 2936 2458 3008 ptuaginta
2487 2936 2698 3005 palmae.
2731 2936 2894 2991 Vides
2934 2944 3054 3006 post
3101 2936 3411 2991 tentationis
3450 2937 3771 2992 amaritudi-

2180 3042 2303 3080 nem
2336 3026 2404 3079 ad
2437 3038 2697 3095 quantam
2730 3025 3024 3080 deveniunt
3049 3034 3105 3080 et
3129 3026 3363 3080 dulcium
3387 3040 3669 3095 pomormn
3717 3033 3773 3080 et

2179 3130 2442 3184 aquarum
2494 3114 2875 3184 profluentium
2932 3112 3320 3167 amoenitatem.
3372 3112 3476 3166 Per
3520 3115 3773 3168 tentatio-

2106 3194 2149 3253 C
2184 3206 2266 3260 nis
2310 3206 2493 3273 itaque
2522 3219 2776 3274 pugnam,
2822 3203 3191 3272 perducuntur
3234 3202 3301 3256 ad
3330 3201 3560 3270 palmas,
3589 3212 3643 3257 et
3673 3218 3772 3271 per

2181 3293 2300 3346 sitis
2349 3292 2702 3346 intoleranda:
2752 3290 3065 3360 penuriam,
3120 3290 3187 3344 ad
3237 3290 3493 3361 irriguam
3544 3291 3767 3346 veniunt

2180 3364 2787 3455 aquarum‘viventium
2837 3382 3188 3436 afﬂuentiam.
3238 3370 3556 3437 A'nimarum
3608 3382 3771 3454 562

2181 3476 2376 3546 quippe
2403 3474 2646 3529 medicus
2667 3472 3007 3542 omnipotens
3036 3472 3177 3527 Deus
3205 3473 3285 3528 sic
3312 3474 3491 3526 omnia
3520 3473 3772 3528 ordinate

2179 3569 2484 3638 dispensat,
2527 3579 2607 3635 ut,
2636 3578 2892 3638 tanquam
2938 3567 3096 3622 melle
3139 3568 3428 3638 pigmentis
3472 3567 3670 3634 infuso,
3713 3577 3772 3623 et

2182 3658 2424 3713 tristibus
2469 3657 2619 3723 laeta,
2675 3667 2729 3712 et
2778 3657 2912 3711 lanis
2967 3657 3139 3711 tristia
3197 3657 3449 3718 misceat:
3501 3667 3771 3727 quatenus

2178 3763 2332 3803 mens
2378 3747 2592 3803 infirma
2657 3755 2712 3803 et
2752 3748 3040 3817 aliquando
3083 3764 3336 3818 percussa
3385 3764 3659 3819 nunquam
3702 3749 3769 3803 de

2178 3839 2537 3909 prosperitate
2581 3838 2879 3908 superbiat,
2910 3848 2964 3893 et
2996 3839 3288 3908 aliquando
3334 3838 3528 3903 refota,
3572 3839 3624 3892 in
3674 3839 3766 3893 ad-

2178 3931 2530 3984 versilatibus
2574 3946 2679 3985 non
2724 3918 3061 3985 succumbat.
3106 3931 3243 3983 Elim
3289 3940 3551 3999 prrcterea
3601 3930 3769 3984 inter—

2176 4028 2423 4089 pretatur
2459 4020 2668 4081 arietes,
2698 4018 2790 4087 qui
2823 4018 3076 4071 nimirum
3109 4026 3234 4071 sunt
3264 4033 3486 4087 gregum
3525 4031 3764 4085 sequen-

2179 4108 2312 4162 tium
2344 4108 2527 4162 duces.
2580 4107 2678 4174 Qui
2724 4123 2855 4163 vero
2900 4117 3024 4162 sunt
3053 4108 3217 4163 duces
3246 4108 3523 4163 rationalis
3559 4109 3762 4179 gregis,

2176 4197 2279 4252 hoc
2307 4207 2407 4260 est,
2446 4198 2624 4267 pupilli
2656 4198 2975 4263 Christiani,
3020 4198 3126 4252 nisi
3173 4198 3347 4253 sancti
3379 4200 3651 4269 apostoli?
3698 4200 3762 4254 lli

2177 4289 2433 4343 nimirum
2464 4300 2591 4343 sunt
2620 4290 2902 4344 duodecim
2945 4289 3123 4345 fontes
3152 4290 3457 4345 ariditatem
3499 4291 3763 4344 mentium

2176 4380 2438 4436 doctrina:
2477 4381 2716 4437 cmlestis
2756 4380 3018 4436 fluoribus
3062 4381 3369 4452 irrigantes.
3402 4379 3601 4435 Verum
3634 4383 3760 4451 quia

2178 4486 2283 4524 non
2328 4470 2447 4525 illos
2482 4470 2765 4526 duodecim
2795 4471 3058 4525 duntaxat
3085 4470 3357 4540 apostolos
3388 4468 3635 4524 Salvator
3662 4485 3763 4525 no—

2175 4570 2290 4614 ster
2332 4561 2516 4630 elegit,
2566 4562 2659 4615 sed
2705 4570 2761 4613 et
2788 4561 2923 4614 alios
2951 4558 3287 4629 septuaginta
3335 4559 3643 4623 constituit;
3677 4558 3761 4612 id-

2175 4652 2322 4705 circo
2373 4667 2479 4706 non
2530 4652 2703 4706 solum
2750 4652 3030 4706 duodecim
3070 4650 3266 4714 fontes,
3303 4652 3397 4706 sed
3438 4662 3494 4706 et
3536 4662 3759 4720 septua-

2175 4741 2323 4811 ginta
2371 4742 2753 4796 describuntur
2800 4742 2908 4796 illic
2953 4742 3174 4796 arbores
3220 4738 3387 4796 fuisse
3434 4740 3754 4811 palmarum.

2179 4832 2315 4886 Nam
2347 4841 2402 4887 et
2436 4834 2533 4902 ipsi
2562 4833 2790 4901 apostoli
2824 4834 3191 4900 nominantur,
3233 4835 3389 4893 sicut.
3412 4843 3469 4889 et
3512 4835 3565 4889 in
3611 4835 3755 4891 beati

2180 4920 2331 4976 Pauli
2366 4923 2544 4977 verbis
2571 4923 2900 4992 agnoscitur.
2927 4921 3060 4977 Cum
3082 4924 3226 4978 enim
3248 4924 3315 4979 de
3337 4924 3757 4980 Resurrectione

2175 5009 2472 5064 Salvatoris
2509 5017 2692 5081 ageret
2733 5025 2748 5064 :
2794 5028 2813 5062 ι
2850 5011 3009 5066 Visus
3043 5020 3156 5079 est,
3195 5014 3403 5085 inquit,
3444 5015 3665 5085 Cephaa,
3701 5026 3757 5073 et

2172 5111 2293 5171 post
2334 5102 2448 5157 haec
2495 5102 2600 5157 illis
2649 5104 2918 5168 undecim,
2964 5105 3155 5160 deinde
3205 5107 3452 5175 apparuit
3496 5104 3756 5176 apostolis

2171 5194 2423 5251 omnibus
2460 5194 2511 5265 (ι
2544 5194 2666 5248 Cor.
2704 5196 2817 5267 xv).
2851 5214 2870 5248 ι
2913 5197 2987 5250 Ex
3029 5199 3223 5266 quibus
3252 5199 3433 5253 verbis
3474 5199 3755 5256 manifeste

2172 5281 2439 5351 colligitur
2468 5284 2632 5352 quod,
2674 5295 2871 5354 praeter
2900 5284 3018 5339 illos
3044 5288 3346 5349 duodecim,
3377 5296 3427 5341 et
3460 5287 3552 5341 alii
3584 5288 3751 5346 disci-

2170 5373 2280 5444 puli
2312 5388 2418 5427 non
2451 5374 2891 5429 inconvenienter
2918 5376 3141 5445 apostoli
3171 5376 3535 5431 nominentur.

2244 5462 2349 5518 Sed
2397 5466 2599 5533 egressi
2638 5465 2705 5519 de
2746 5465 2913 5529 Elim,
2940 5467 3091 5536 juxta
3138 5480 3285 5520 mare
3312 5466 3552 5523 Rubrum
3587 5468 3753 5525 ﬁxere

2174 5556 2428 5610 tentoria.
2468 5556 2626 5620 Nota,
2658 5557 2781 5626 quia
2813 5573 2920 5612 non
2951 5574 3101 5612 mare
3136 5572 3322 5613 rursus
3353 5558 3747 5627 ingrediuntur.

2173 5645 2267 5701 sed
2294 5644 2450 5714 juxta
2476 5660 2626 5701 mare
2652 5646 3057 5703 tabernaculum
3100 5649 3307 5720 figunt:
3341 5661 3401 5706 ut
3447 5668 3594 5707 mare
3626 5662 3747 5707 tan-

2172 5745 2287 5791 tum
2315 5743 2370 5791 et
2403 5734 2757 5807 procellarum
2801 5738 3044 5796 cumulos
3097 5740 3285 5814 procul
3332 5744 3619 5813 aspiciant,
3657 5758 3749 5798 ne-
