4074 6190
311 354 416 411 551

777 351 836 410 S.
863 351 1067 409 PETRI
1100 349 1384 405 DAMIAM
1419 347 1570 405 OPP.
1595 346 1832 405 renus
1865 348 1999 406 SEU
2037 349 2218 407 PARS
2247 351 2342 406 'll’l.
2368 367 2436 392 —-‘-
2478 349 2840 408 OPUSCULA
2884 351 3109 408 VABlA.

3474 356 3582 409 532

311 484 584 540 quaquam
629 476 806 523 tamen
882 479 1059 522 motus
1101 467 1218 535 ejus
1262 473 1314 520 et
1361 465 1593 532 impetus
1640 464 1895 533 pertime-
1929 473 1974 530 Α
2004 481 2100 535 per
2134 465 2395 520 Ananiam
2426 474 2646 519 sanatus
2678 474 2762 519 est
2799 465 2995 518 Paulus
3027 465 3164 536 (Act.
3193 467 3291 536 ix),
3326 475 3383 520 ut
3411 474 3584 524 conti-

313 572 486 616 seant.
521 558 630 615 Nos
665 562 826 615 etiam
862 571 981 629 post.
1012 556 1372 612 tentationum
1400 553 1612 618 ﬂuctus,
1646 562 1767 622 post
1799 571 1898 607 un-

313 653 488 705 disoni
540 653 706 705 maris
756 648 1099 705 formidolosa
1153 645 1466 715 naufragia,
1514 644 1703 698 cadent
1757 659 1899 714 saepe

314 745 453 798 mala
510 759 631 814 quae
696 743 1038 812 pertulimus,
1087 751 1212 795 ante
1255 741 1436 795 oculos
1481 739 1730 809 ponimus
1777 757 1791 792 :
1841 747 1902 793 ut

308 834 601 902 jam,velut
626 835 675 888 in
702 835 882 888 littore
905 834 1205 898 constitui,
1233 834 1426 904 dignas
1450 831 1686 902 ereptori
1715 841 1900 886 nostro

313 926 422 979 Deo
451 925 654 994 gratias
687 925 1009 980 referamus.
1616 970 1622 975 ,

383 1015 620 1070 Profecti
670 1031 886 1084 quoque
928 1017 995 1068 de
1040 1015 1173 1069 mari
1220 1015 1404 1068 linbro
1433 1012 1806 1083 applicuerunt
1845 1012 1897 1066 in

312 1104 585 1158 desertum
630 1103 746 1158 Sin.
791 1105 884 1158 Sin
935 1107 1352 1172 interpretatur,
1401 1104 1586 1167 rubus,
1634 1104 1747 1157 sive
1791 1115 1899 1156 ten-

313 1194 460 1242 tatio.
508 1190 700 1259 Incipit
751 1208 881 1260 ergo
924 1196 1126 1246 Christi
1174 1195 1327 1246 militi
1366 1194 1478 1259 jam
1527 1195 1901 1264 prosperitatis

245 1317 251 1325 -
313 1295 439 1348 spes
470 1282 731 1345 arridere,
767 1292 821 1335 et
856 1283 1229 1338 collocationis
1259 1285 1451 1338 divina:
1489 1286 1646 1339 verba
1677 1287 1924 1354 promit-.

313 1381 446 1426 tere.
483 1371 558 1426 De
587 1371 741 1426 Rubo
769 1374 1033 1443 siquidem
1067 1375 1326 1428 Dominus
1351 1377 1619 1444 apparuit,
1648 1385 1702 1430 et
1732 1376 1923 1445 Moysi.

314 1461 381 1514 ad
413 1461 550 1516 ﬁlios
578 1462 739 1517 Israel
767 1465 1006 1532 perferre
1033 1465 1286 1518 mandata
1320 1467 1572 1534 przeccpit
1597 1466 1770 1536 (Exod
1798 1467 1900 1530 Ill).

312 1553 425 1607 lllic
449 1567 578 1625 ergo
609 1555 700 1608 tibi
731 1555 889 1607 datur
914 1556 1195 1622 sperandae
1222 1555 1519 1609 clementia:
1551 1555 1789 1622 signum,
1815 1555 1899 1608 ubi

313 1643 517 1698 factum
549 1653 632 1699 est
674 1645 979 1700 Israelitica:
1015 1647 1344 1700 visitationis
1378 1647 1612 1701 initium.
1651 1648 1758 1701 Sed
1795 1663 1900 1701 non

311 1737 487 1792 otiose
516 1736 610 1792 Sin
643 1738 806 1792 etiam
839 1739 1060 1792 tentatio
1089 1738 1305 1793 dicitur.
1336 1738 1484 1794 Solet
1512 1738 1675 1793 etiam
1707 1739 1900 1808 saepius

1999 555 2122 608 nuis
2151 555 2490 624 postmodum
2523 553 2798 608 laboribus
2827 554 3120 608 insudarct.
3153 553 3288 608 lliue
3316 565 3399 610 est
3441 560 3585 625 quod

1997 646 2173 699 eidem
2201 647 2424 699 Ananiae
2453 645 2520 698 de
2548 644 2636 698 illo
2661 645 2864 698 dictum
2893 653 2979 698 est
3006 662 3016 696 :
3048 662 3064 693 ι
3099 644 3207 714 Ego
3230 646 3374 699 enim
3404 657 3585 702 osten-

2000 738 2120 792 dam
2154 736 2229 790 illi
2263 745 2464 805 quanta
2512 743 2762 804 oporteat
2788 750 2910 788 cum
2951 749 3049 804 pro
3077 735 3292 789 nomine
3324 752 3443 790 meo
3474 738 3584 806 pati

2001 825 2018 894 (
2061 822 2189 877 Ibid.
2227 823 2267 889 ).
2317 840 2337 875 ι
2480 824 2633 890 Quod
2661 833 2840 878 autem
2872 824 3036 878 Halus
3065 825 3231 879 etiam
3263 825 3585 882 fermentum

2000 915 2344 983 interpretari
2375 915 2591 979 dicitur,
2625 925 2680 970 et
2709 916 2834 969 hinc
2860 916 3016 968 nobis
3043 930 3293 984 congrum
3321 918 3562 986 significa

2001 1007 2164 1062 tionis
2187 1007 2490 1061 intellectus
2521 1007 2766 1062 olfertur.
2803 1007 2927 1061 llazc
2960 1012 3044 1061 est
3073 1008 3215 1061 enim
3262 1007 3587 1063 fermentum

2002 1101 2134 1155 illud
2182 1102 2325 1171 quod
2353 1102 2544 1156 tollens
2573 1102 2768 1155 mulier
2797 1103 3135 1156 commiscuit
3159 1102 3212 1156 in
3242 1103 3427 1157 far-iur
3455 1105 3588 1158 satis

2003 1192 2196 1257 tribus,
2222 1193 2390 1246 donec
2417 1191 2838 1246 fermentaretur
2863 1201 3033 1246 totum
3056 1191 3378 1263 (Luc._xm),
3405 1193 3458 1245 ιεί
3481 1210 3583 1260 ρει,

2003 1292 2248 1338 sanctum
2305 1284 2673 1354 Evangelium.
2723 1285 2777 1339 In
2827 1285 2928 1340 hac
2977 1287 3243 1354 siquidem
3294 1289 3586 1344 solitudine

2002 1372 2230 1443 populus
2269 1375 2647 1438 murmuravit,
2695 1382 2751 1428 et
2798 1390 2989 1428 manna
3018 1376 3176 1429 simul
3201 1384 3256 1430 et
3279 1379 3588 1434 coturnices

2004 1463 2230 1533 accepit.
2261 1463 2325 1517 Et
2350 1479 2472 1517 cum
2495 1479 2604 1518 non
2633 1465 2794 1518 modo
2817 1463 3164 1529 fermentum,
3195 1467 3286 1520 sed
3309 1476 3361 1522 et
3391 1483 3583 1520 manna

2003 1569 2216 1608 sacrum
2246 1553 2515 1624 signiﬁcet
2540 1555 2908 1623 Evangelium,
2936 1555 3076 1608 miro
3102 1556 3259 1610 modo
3288 1558 3401 1612 lure
3428 1557 3582 1612 simul

2006 1645 2058 1699 in
2090 1645 2299 1699 decima
2331 1646 2612 1700 mansione
2638 1647 2968 1701 conveniunt
3001 1663 3014 1700 :
3049 1657 3106 1700 ut
3136 1658 3257 1718 post
3286 1648 3418 1714 legis
3452 1663 3601 1718 [μαθέ

2003 1734 2184 1789 missae
2214 1734 2526 1806 decalogmn
2549 1776 2564 1800 ,
2601 1736 2756 1806 panis
2782 1737 3056 1807 Evangelii
3088 1740 3379 1794 succedere
3410 1740 3588 1794 videa-

312 1838 370 1884 et
406 1829 459 1883 in
489 1829 784 1884 visionibus
825 1829 1150 1883 intervenire
1196 1830 1439 1894 tentatio,
1485 1833 1612 1882 dum
1653 1843 1900 1882 nonnun-
1931 1817 1976 1875 Β
2005 1833 2114 1879 tur.

314 1935 476 1990 quam
514 1920 735 1990 spiritus
780 1919 1079 1988 iniquitatis
1109 1919 1456 1991 transfigurat
1485 1935 1544 1974 se
1571 1920 1626 1974 in
1654 1920 1900 1991 angelum

313 2009 450 2064 lucis
481 2009 567 2081 (ΙΙ
593 2009 715 2065 Cor.
744 2009 843 2080 XI).
872 2009 940 2063 Et
976 2009 1096 2064 ideo
1123 2010 1393 2065 subtiliter
1420 2019 1505 2064 est
1534 2012 1820 2082 agendum,
1844 2019 1918 2064 ιιι·

314 2099 694 2154 discernantur
734 2114 933 2168 genera
963 2099 1252 2154 visionum.
1298 2099 1452 2154 Sicut
1497 2111 1548 2155 et
1589 2099 1714 2155 Jesu
1756 2100 1904 2156 Nave

315 2205 440 2243 cum
469 2189 718 2259 angelum
747 2199 1014 2254 cerneret,
1041 2199 1094 2244 et
1131 2191 1772 2262 tentationes-aliquando
1803 2193 1916 2247 hu-ﬁ

308 2279 545 2348 jusmodi
579 2280 876 2335 visionibus
908 2282 1084 2336 inesse
1116 2282 1421 2338 nullatenus
1452 2283 1745 2350 dubitaret,
1778 2300 1916 2354 pro--

315 2370 460 2423 titius
487 2370 555 2424 ab
582 2384 646 2424 eo
671 2371 761 2439 qui
812 2372 1125 2441 apparebat,
1160 2373 1463 2441 requisivit,
1489 2373 1676 2427 dicens
1702 2391 1717 2428 :
1746 2393 1762 2425 ι
1796 2373 1915 2429 Νοι-

312 2474 427 2520 ster
463 2480 542 2531 es,
572 2480 640 2520 an
677 2466 1142 2520 adversariorum?
1180 2466 1320 2534 (Jos.
1358 2467 1436 2537 v.)
1475 2486 1494 2519 ι
1528 2466 1664 2522 Nam
1702 2475 1764 2522 ‘et
1808 2484 1904 2538 per

313 2557 629 2625 Apostolum
686 2557 964 2611 discretio'
999 2557 1284 2626 spirituum
1341 2557 1485 2613 inter
1533 2557 1673 2613 dona
1729 2560 1902 2615 sancti

315 2648 551 2718 Spiritus
583 2659 936 2704 enumeratur
963 2649 1012 2719 (I
1066 2649 1187 2705 Cor.
1223 2651 1342 2722 xu).
1385 2651 1538 2718 Quod
1582 2659 1762 2707 autem
1807 2653 1902 2707 Sin

312 2739 481 2796 etiam
513 2741 692 2796 odium
737 2741 1082 2810 interpretari
1113 2742 1330 2807 dicitur,
1361 2754 1532 2812 neque
1557 2745 1660 2798 hoc
1686 2746 1902 2812 quidem

316 2845 350 2883 a
383 2831 650 2901 spirituali
679 2833 953 2887 exorbitat
990 2831 1284 2887 intellectu.
1326 2832 1580 2902 Quisquis
1607 2836 1751 2891 enim
1776 2851 1906 2905 per-

315 2919 467 2976 venit
498 2921 564 2976 ad
609 2921 872 2975 visionem
902 2922 985 2976 vel
1043 2922 1420 2978 allocutionem
1456 2925 1572 2990 Dei,
1617 2926 1918 2981 confestim-

318 3009 558 3080 concipit
587 3009 768 3065 odium
803 3010 1010 3065 mundi.

943 3118 1170 3176 CAPUT
1209 3120 1274 3174 V.

2076 1914 2322 1970 Posthazc
2347 1915 2573 1970 veniunt
2601 1917 2652 1969 in
2678 1916 2964 1988 Rapliidin.
2995 1918 3382 1990 Interpretatur
3406 1921 3588 1990 itaque

2005 2007 2269 2076 Rapbidin
2299 2007 2417 2061 laus
2450 2007 2666 2076 judicii.
2705 2008 2770 2062 Et
2799 2018 2948 2064 certe
2985 2010 3119 2064 satis
3155 2026 3409 2081 congrue,
3442 2017 3591 2066 utet

2004 2097 2156 2152 labor
2180 2098 2467 2152 antecedat
2491 2099 2723 2165 laudem,
2750 2109 2804 2154 et
2831 2099 2951 2155 laus
2979 2103 3258 2170 proveniat
3285 2112 3406 2170 post
3432 2102 3587 2157 labo-

2005 2200 2139 2241 rem.
2173 2186 2368 2241 Verum
2403 2203 2513 2241 non
2561 2186 2930 2258 cujuscunque
2961 2190 3056 2253 rei,
3105 2190 3198 2244 sed
3242 2190 3358 2244 laus
3372 2189 3587 2259 iudicii,

2005 2279 2147 2352 [ιιιιιιξ
2172 2280 2593 2352 add.]’videlicet
2620 2282 2686 2336 de
2721 2283 2944 2337 rationis
2970 2281 3178 2352 judicio
3207 2284 3451 2353 prodeat,
3479 2299 3584 2338 non

2003 2369 2121 2426 laus
2177 2384 2296 2439 qua:
2335 2369 2402 2424 de
2445 2370 2713 2441 superbiae
2755 2372 2991 2426 vanitate
3034 2373 3314 2440 procedat.
3350 2391 3368 2423 ι
3409 2372 3601 2441 Spiri-_~

2001 2458 2165 2520 tualis
2193 2458 2340 2514 enim
2367 2459 2530 2513 homo
2550 2460 2754 2529 iudicat
2781 2461 2980 2525 omnia,
3009 2471 3063 2515 et
3088 2477 3114 2513 a
3144 2462 3356 2515 nemine
3379 2460 3596 2529 indica--

2003 2557 2090 2600 tur
2118 2546 2166 2618 (I
2199 2545 2322 2600 Cor.
2356 2547 2438 2618 ιι).
2475 2567 2492 2599 ›
2532 2548 2895 2617 Reperiuntnr
2927 2558 2981 2602 et
3027 2550 3144 2603 alia:
3189 2549 3378 2603 borum
3414 2549 3600 2605 noun--

2004 2655 2130 2697 num
2162 2640 2671 2708 interpretationes;
2718 2639 2811 2694 sed
2845 2640 2903 2694 si“
2932 2649 3147 2705 cuneta,
3179 2655 3299 2710 qua:
3338 2640 3492 2695 nobis
3527 2631 3596 2695 in

2006 2732 2106 2785 hac
2136 2732 2361 2787 materia
2393 2739 2708 2802 suggerunt,
2738 2732 3132 2802 amplectimur,
3163 2731 3277 2801 jam
3321 2749 3426 2787 non
3471 2746 3596 2788 ser--

2003 2823 2218 2878 vabitur
2243 2821 2554 2891 epistolaris
2579 2824 2711 2878 ordo
2737 2825 3061 2894 compendii,
3086 2826 3178 2880 sed
3212 2825 3426 2880 onerosi
3456 2840 3586 2878 con-

1982 2922 2188 2983 surget
2214 2913 2510 2969 enormitas
2541 2905 2687 2969 libri.
2732 2916 3095 2970 lsraelitarum
3127 2932 3256 2988 ergo
3278 2916 3585 2970 mansiones

2004 3005 2279 3061 succincte
2308 3007 2753 3072 transcurrimus,
2798 3024 2902 3062 non
2953 3018 3012 3063 ut
3053 3025 3237 3063 earum
3280 3016 3586 3063 scrutemur

2006 3109 2204 3149 arcana
2238 3095 2509 3156 cubicula.
2555 3099 2647 3152 sed
2694 3107 2754 3153 ut
2801 3098 2853 3152 in
2882 3113 3067 3153 earum
3105 3099 3429 3159 nominibus,
3463 3107 3581 3151 tan-

321 3209 476 3279 Quod
505 3183 782 3280 languore:
821 3209 1144 3280 animtesint
1187 3210 1333 3280 ritia,
1364 3225 1503 3262 mors
1537 3225 1656 3264 vero
1688 3220 1900 3280 peccata
1925 3158 1973 3219 Ο
2005 3201 2167 3280 “fw
2197 3186 2466 3280 θξίθτίθξτδ
2493 3188 2758 3280 parieti“
2787 3189 3104 3280 Simplicne'
3131 3189 3499 3244 οδίθηδθπηίε·

951 3279 1270 3333 criminalia.

391 3368 502 3426 Sed
532 3377 586 3424 et
615 3369 738 3424 inde
775 3369 1066 3440 progressi,
1099 3377 1361 3424 venerunt
1393 3369 1444 3424 in
1472 3367 1706 3439 Deplbca
1743 3389 1756 3424 :
1791 3371 1906 3426 sive

316 3471 379 3516 ut
425 3460 530 3514 alia
584 3460 866 3514 translatio
912 3460 1189 3530 perbibet.
1246 3459 1497 3529 Raphaca
1549 3459 1747 3530 (Exod.
1785 3461 1900 3529 xu).

318 3550 478 3620 563
509 3550 746 3618 Depbtea
777 3549 1006 3617 denique
1034 3548 1259 3618 pulsatio
1286 3549 1502 3603 dicitur.
1537 3550 1600 3603 Et
1625 3564 1725 3603 nos
1752 3559 1902 3617 post-

317 3653 482 3705 quam
535 3637 892 3706 pertingimns
943 3638 1008 3690 ad
1060 3637 1388 3702 Ecclesiam,
1439 3653 1603 3707 quam
1653 3639 1908 3695 videlicet

320 3726 510 3781 ltubus
545 3726 632 3780 ille
667 3725 952 3794 signiﬁcat,
986 3726 1075 3780 ubi
1121 3727 1214 3781 Dei
1258 3737 1498 3782 meretur
1537 3730 1697 3783 homo
1740 3729 1903 3784 collo-

314 3816 530 3885 quium,
569 3815 658 3869 ubi
706 3815 841 3869 visio
875 3816 1210 3886 conspicitur
1245 3818 1578 3888 angelorum,
1609 3828 1735 3874 tunc
1779 3820 1905 3876 inci-

317 3908 496 3978 pimus
540 3917 750 3978 petere,
802 3923 1064 3978 quarrere,
1107 3924 1170 3965 ac
1220 3911 1369 3980 regni
1419 3911 1657 3966 caelestis
1703 3927 1902 3968 arcana

317 4000 553 4069 pulsare,
577 4000 804 4055 Domino
828 4001 1172 4071 prarcipiente
1219 4011 1271 4057 et
1297 4002 1603 4072 pollicente,
1626 4003 1718 4072 qui
1739 4003 1900 4057 dicit:

319 4108 344 4140 ι
378 4089 614 4155 Pulsate,
641 4101 698 4146 et
721 4092 991 4160 aperietur
1020 4094 1172 4148 vobis
1198 4093 1413 4165 (Matth.
1446 4110 1548 4159 vn;
1579 4092 1709 4148 Luc.
1740 4095 1837 4163 xi).
1876 4112 1895 4146 ι

319 4178 377 4232 Si
425 4196 550 4234 vero
580 4181 829 4249 [iapbaca
859 4183 979 4250 quis
1012 4183 1162 4236 malit
1203 4183 1509 4247 admittere,
1541 4200 1660 4254 qua}
1695 4185 1902 4238 sanitas

316 4269 558 4322 dicitur:
593 4269 694 4323 hoc
742 4285 938 4324 nomen
985 4271 1178 4324 animae
1224 4271 1425 4326 dudum
1475 4271 1758 4340 languidae,
1808 4273 1902 4328 sed

312 4354 425 4422 iam
463 4371 556 4422 per
583 4356 780 4411 donum
817 4366 1018 4411 saneta:
1059 4357 1314 4412 Ecclesia:
1354 4358 1628 4429 languoris
1674 4359 1902 4416 nexibus

313 4444 579 4498 absoluta:
608 4445 993 4499 convenienter
1015 4454 1250 4515 aptatur.
1274 4445 1399 4501 llaec
1428 4457 1514 4502 est
1553 4447 1694 4501 enim
1721 4448 1901 4502 anima

315 4534 407 4590 cui
436 4534 669 4588 dicitur:
699 4553 719 4587 ι
749 4535 999 4601 Betiedic,
1019 4536 1223 4602 anima,
1248 4553 1363 4591 mea
1384 4538 1625 4600 Domino,
1651 4539 1899 4595 etomnia

317 4623 580 4682 interiora
640 4639 759 4678 mea
817 4625 1022 4681 nomini
1074 4635 1263 4682 sancto
1315 4625 1430 4695 ejus
1481 4625 1655 4698 (Psal.
1705 4629 1823 4699 cu).
1872 4648 1892 4682 ο

315 4715 512 4785 Quem,
546 4729 747 4786 qna'so,
776 4716 1098 4773 Dominum?
1135 4717 1234 4786 Qui
1278 4727 1454 4783 sanat,
1486 4718 1679 4790 inquit,
1712 4734 1903 4776 omnes.

317 4805 605 4877 languores
641 4815 780 4872 tuos,
811 4807 902 4878 qui
940 4809 1161 4864 redimit
1187 4810 1254 4865 de
1282 4810 1504 4865 interitu
1535 4810 1699 4866 vitam
1728 4820 1894 4866 tuam.

319 4891 574 4964 Languor
597 4894 804 4950 scilicet
827 4897 1019 4952 anima:
1049 4898 1175 4953 vitia
1202 4907 1349 4965 sunt,
1381 4913 1529 4954 mors
1553 4899 1748 4956 anima:
1775 4915 1904 4970 pec-

321 4989 442 5037 cata
468 4981 766 5038 criminalia
791 4994 935 5040 sunt.
968 5005 986 5038 ι
1016 4986 1300 5042 Peccatum
1326 4989 1469 5043 enim
1495 5003 1619 5044 cum
1648 5003 1898 5046 consum-

322 5080 524 5126 matum
554 5070 738 5138 fuerit,
769 5084 989 5144 generat
1018 5085 1242 5131 mortem
1273 5077 1412 5147 (Jac.
1443 5078 1504 5143 ι).
1545 5096 1564 5130 ι

391 5161 596 5219 Deinde
622 5163 846 5218 veniunt
881 5165 932 5218 in
971 5163 1155 5220 llalus.
1187 5164 1353 5220 llalus
1380 5161 1782 5238 interpretatur.
1817 5167 1902 5223 ια.

321 5254 486 5316 bores,
529 5255 644 5311 sive
682 5254 1012 5324 fermentum.
1061 5255 1128 5308 Et
1171 5265 1318 5312 certe
1361 5257 1647 5313 sanitatem
1686 5257 1898 5314 labores

321 5351 646 5411 sequuntur,
697 5345 952 5415 quoniam
990 5345 1056 5399 ad
1093 5345 1168 5400 nil
1207 5345 1352 5402 aliud
1387 5347 1672 5402 sanitatem
1711 5357 1896 5404 sancta

323 5433 484 5489 debet
527 5435 704 5490 anima
739 5437 1144 5506 concupiscere,
1187 5437 1290 5492 nisi
1321 5445 1380 5491 ut
1408 5437 1618 5493 labores
1659 5453 1759 5508 pro
1791 5437 1902 5492 Deo

323 5522 500 5578 valeat
545 5539 931 5596 pressurasque
995 5527 1256 5596 perferre.
1307 5526 1429 5583 Ideo
1477 5542 1669 5597 nempe
1715 5543 1903 5584 socrus

323 5603 470 5692 Petri
497 5615 562 5668 de
590 5615 739 5670 febre
777 5617 1071 5684 convaluit,
1102 5627 1159 5673 ut
1198 5618 1425 5674 Domino
1463 5632 1562 5689 per
1598 5617 1902 5676 sedulitatis

322 5703 635 5774 obsequium
680 5707 1012 5764 ministraret
1052 5708 1268 5783 (Matth.
1317 5725 1446 5780 vm;
1475 5711 1637 5769 Marc.
1668 5708 1734 5784 ι).
1777 5709 1901 5768 Ideo

2076 3275 2277 3331 Deinde
2304 3277 2526 3331 veniunt
2562 3279 2614 3332 in
2645 3278 2912 3334 desertum
2940 3279 3108 3334 Sinai.
3139 3280 3274 3344 Sim,
3300 3295 3460 3349 quam
3489 3295 3581 3335 su-

2001 3365 2184 3433 perius
2213 3365 2466 3431 diximus.
2510 3376 2565 3421 et
2596 3367 2768 3433 Sinai,
2799 3385 2961 3423 unum
2993 3385 3098 3424 non
3143 3370 3435 3439 ambigitur
3460 3382 3584 3424 esse

2003 3454 2309 3521 desertum;
2341 3457 2433 3511 sed
2461 3456 2555 3511 Sin
2591 3459 2791 3513 dicitur
2827 3459 2939 3529 ipsa
2971 3460 3238 3529 planities.
3277 3459 3426 3514 Sinai
3456 3473 3584 3515 vero

2005 3559 2161 3599 mons
2189 3551 2272 3599 est
2302 3545 2353 3598 in
2378 3547 2568 3600 eadem
2601 3549 3010 3617 supereminens
3037 3549 3344 3611 solitudine.
3375 3549 3425 3602 in
3471 3562 3578 3619 quo

2003 3634 2258 3690 nimirum
2292 3635 2551 3692 Dominus
2571 3637 2708 3709 legis
2737 3638 2911 3693 edicta
2943 3640 3268 3710 promulgat.
3294 3647 3346 3690 et
3371 3638 3581 3713 Moyses

2005 3725 2414 3781 tabernaculum
2459 3725 2689 3781 fabricat
2717 3726 2914 3798 (Exod.
2945 3733 3198 3802 xx,etc.).
3218 3729 3396 3788 Ethoc
3417 3741 3580 3801 apuso

2004 3814 2140 3869 sime
2181 3816 2448 3885 congruit,
2477 3824 2536 3868 ut
2577 3825 2860 3886 postquam
2911 3818 3247 3872 rationabilis
3273 3818 3452 3870 anima
3495 3831 3582 3871 re-

2001 3912 2150 3958 ctum
2187 3919 2251 3959 ac
2271 3915 2370 3973 per
2391 3904 2553 3977 564
2573 3906 2674 3961 hoc
2696 3905 2962 3962 laudabile
2983 3905 3210 3976 rceperit
3226 3906 3426 3961 habere
3442 3906 3582 3976 judi-

2001 3993 2170 4057 cium,
2219 4003 2346 4050 tunc
2393 3996 2444 4049 in
2489 4010 2549 4050 se
2581 3996 2689 4050 Deo
2718 4010 2816 4051 suo
2841 4004 3119 4051 construat
3149 3995 3576 4055 tabernaculum,

2003 4092 2059 4139 et
2085 4084 2244 4155 digna
2270 4084 2380 4155 jam
2409 4083 2686 4141 Creatoris
2709 4085 2962 4157 alloquio,
2991 4085 3294 4143 caelestium
3321 4085 3582 4155 percipiat

2005 4173 2265 4243 mysteria
2293 4174 2692 4230 mandatorum.

2073 4262 2202 4318 Post
2225 4263 2338 4318 lucc
2360 4263 2585 4334 profecti
2610 4273 2736 4320 sunt
2758 4265 2825 4320 ad
2845 4264 3090 4336 sepulcra
3111 4265 3580 4335 concupiscentia,

2005 4354 2095 4410 ubi
2125 4356 2332 4411 scilicet
2365 4357 2592 4426 pulcher
2615 4359 2747 4412 ordo
2774 4357 3099 4413 contexitur.
3134 4356 3268 4412 Nam
3299 4373 3421 4412 cum
3453 4356 3580 4410 felix

2004 4445 2186 4499 anima
2213 4461 2310 4501 suo
2335 4447 2406 4501 sit
2435 4447 2838 4502 tabernaculum
2867 4445 3137 4511 Creatori,
3169 4461 3289 4501 cum
3313 4447 3584 4501 mandatis

2005 4534 2200 4589 divina:
2228 4534 2363 4605 legis
2410 4535 2615 4590 intenta
2655 4536 2767 4605 jam
2813 4535 3306 4607 cmperitcmlestia
3339 4546 3582 4592 contem-

2002 4626 2166 4697 plari;
2210 4643 2336 4683 mox
2375 4628 2716 4683 mstuantium
2768 4629 3021 4684 vitiorum
3065 4628 3230 4683 ardor
3276 4625 3576 4696 exstingui-

2003 4727 2114 4784 tur,
2139 4727 2194 4776 et
2215 4719 2392 4775 omnis
2415 4711 2649 4775 carnalis
2675 4719 2942 4777 illecebrze
2961 4718 3397 4790 concupiscentia
3427 4731 3584 4788 sepe-

1999 4808 2162 4876 litur;
2195 4817 2254 4864 ut
2281 4824 2388 4865 non
2411 4809 2524 4878 jam
2553 4825 2680 4866 caro
2706 4825 2764 4866 se
2793 4811 3054 4866 adversus
3074 4810 3320 4881 spiritum
3345 4815 3586 4872 moveat,

2003 4913 2114 4954 non
2140 4900 2400 4954 adversus
2443 4913 2660 4956 carnem
2704 4901 2923 4972 spiritus
2951 4899 3302 4970 concupiscat
3329 4897 3472 4969 (Gal.
3497 4899 3577 4968 v).

2070 4987 2199 5043 Inde
2219 4988 2481 5045 transitur
2496 4990 2554 5044 in
2573 4989 2825 5055 Aseroth,
2846 4991 2987 5060 quod
3010 4988 3416 5058 interpretatur,
3441 4986 3580 5043 atria

2000 5081 2250 5151 perfecta,
2271 5082 2358 5138 vel
2383 5084 2669 5138 beatitudo.
2699 5084 2784 5149 Et,
2809 5100 2842 5140 o
2863 5100 3022 5155 quam
3051 5085 3280 5158 pulcher
3301 5085 3439 5140 ordo
3465 5097 3579 5155 my-
3625 5150 3628 5152 γ

2002 5172 2178 5237 sterii,
2206 5188 2368 5244 quam
2398 5174 2595 5230 decora
2619 5176 2790 5232 series
2821 5176 3117 5246 spiritualis
3142 5176 3492 5233 incrementi!
3519 5181 3582 5237 ut

2001 5270 2286 5332 postquam
2329 5262 2606 5332 sepelieris
2640 5266 3101 5336 concupiscentiae
3138 5266 3341 5331 carnis,
3380 5274 3577 5337 praesto

2002 5349 2286 5419 pervenias
2316 5350 2384 5405 ad
2432 5352 2633 5409 atrium
2674 5354 3019 5424 perfectionis
3047 5363 3104 5410 et
3137 5355 3422 5426 praemium
3451 5355 3580 5410 bea-

2002 5439 2264 5497 titudinis.
2305 5440 2456 5496 Felix
2493 5441 2694 5506 anima.
2735 5461 2856 5516 qua:
2883 5446 3047 5502 nullis
3080 5445 3197 5515 jam
3220 5446 3365 5501 vitiis
3396 5445 3580 5501 carnis

2001 5539 2243 5602 urgetur,
2273 5532 2398 5601 quia
2429 5549 2552 5588 mox
2585 5536 2651 5589 ad
2681 5536 3066 5594 beatitudinem
3094 5537 3453 5609 percipienda:
3488 5550 3573 5591 re-

2002 5622 2392 5677 munerationis
2423 5623 2720 5695 ingreditur
2750 5629 2763 5680 l

2073 5709 2202 5767 Post
2227 5712 2342 5769 haec
2373 5723 2633 5770 venerunt
2671 5715 2725 5770 in
2773 5718 3021 5786 Rcthma,
3050 5721 3163 5776 sive
3188 5720 3442 5775 Pharam.
3473 5716 3580 5772 ne.
