4074 6190
404 301 513 358 555

1321 284 1566 344 OPUSC.
1607 285 1822 343 XXXII.
1860 318 1939 353 —,
1971 288 2057 345 DE
2094 285 2661 357 QUADRAGESIMA,
2700 286 2852 343 ETC.

3574 296 3679 351 551»

400 401 979 472 thma,utopinamur,
1005 399 1565 471 interpretatur,visio
1586 410 1982 466 consummata;
2012 406 2060 465 Α
2090 410 2198 470 tur,
2236 411 2292 458 et
2338 418 2447 459 non
2497 403 2815 474 incongrue.
2858 400 2917 458 Si
2974 403 3119 461 cnim
3158 413 3281 475 post
3328 406 3681 477 perfectionis

397 494 633 551 Pbaram
660 506 811 557 vero,
844 488 1043 545 uisibile
1070 505 1150 544 es.
1190 489 1246 544 In
1274 490 1473 560 quibus
1496 490 1627 560 quid
1650 490 1795 546 aliud
1828 490 1991 546 intel-

398 583 603 653 ﬂgitur.
641 580 744 638 nisi
777 588 837 634 ut
879 587 1068 635 saneta
1099 578 1353 649 anclibet
1381 579 1564 635 anima
1601 588 1724 651 post
1754 580 1994 652 sepultas

393 671 505 743 jam
532 671 717 729 carnis
736 669 1227 740 concupiscentias,
1254 669 1515 740 perducta
1551 670 1667 742 jam
1697 672 1765 727 ad
1793 671 1992 728 atrium

398 763 775 837 perfectionis,
805 776 996 817 secura
1022 763 1095 815 de
1124 761 1351 832 pricmio
1379 762 1733 819 beatitudinis
1762 762 1832 818 ad
1860 778 1994 821 con-

397 865 725 915 summatam
753 870 878 910 mox
905 854 998 909 Dei
1027 854 1291 909 visionem
1314 853 1516 921 veniat,
1538 853 1762 924 ejusque
1782 853 1994 910 visibiie

397 966 482 1013 os.
524 950 628 1011 hoc
656 956 773 1012 est,
806 954 1127 1016 praesentem
1167 944 1260 999 Dei
1303 946 1536 1014 speclem
1570 946 1795 1001 cernat?
1838 944 1994 1001 Nunc

400 1039 544 1096 enim
571 1038 818 1093 videmus
839 1050 987 1101 eum,
1011 1035 1153 1090 sicut
1178 1034 1312 1090 dicit
1334 1034 1647 1105 Apostolus,
1670 1037 1725 1090 in
1749 1035 1991 1106 speculo,

402 1140 459 1187 et
484 1131 537 1186 in
566 1130 887 1201 aenigmate;
918 1136 1047 1182 tunc
1077 1134 1260 1181 autem
1290 1125 1432 1185 facie
1463 1127 1531 1183 ad
1559 1125 1753 1183 faciem
1783 1126 1834 1197 (ι
1863 1126 1990 1182 Cor.

400 1222 523 1295 sui)
546 1238 563 1277 t
587 1231 642 1280 et
670 1236 816 1277 nunc
837 1234 1109 1291 cognosco
1133 1234 1199 1281 ex
1229 1227 1404 1289 parte.
1428 1227 1559 1276 tunc
1585 1229 1767 1276 autem
1791 1234 1994 1291 cogno-

397 1332 571 1378 scam,
593 1315 735 1371 sicut
760 1321 817 1368 et
842 1312 1093 1383 cognitus
1114 1327 1255 1367 sum.
1281 1312 1411 1380 Quae
1435 1320 1614 1369 tamen
1634 1313 1838 1379 omnia,
1863 1313 1990 1384 quia

399 1406 573 1463 sancti
605 1406 833 1476 quilibet
862 1407 916 1460 in
947 1419 1114 1460 carne
1142 1405 1447 1472 constituti,
1471 1405 1675 1463 habere
1716 1413 1993 1477 nequeunt

400 1498 632 1569 plenitcr
656 1496 708 1551 in
734 1510 813 1559 re,
831 1495 945 1565 jam
968 1494 1170 1549 habent
1199 1494 1253 1549 in
1279 1509 1394 1566 spe,
1421 1510 1586 1566 quam
1615 1494 1822 1551 scilicet
1841 1510 1990 1567 spem

398 1589 508 1660 jam
551 1586 919 1641 ﬁrmissimam
976 1592 1192 1651 tenent;
1241 1586 1368 1654 quia
1413 1584 1675 1655 Spiritum
1718 1595 1988 1650 sanctum,

400 1680 492 1751 qui
522 1694 616 1734 cos
659 1678 714 1732 in
744 1677 843 1730 viae
873 1675 1032 1745 hujus
1074 1675 1345 1731 laboribus
1379 1677 1628 1741 roborat,
1670 1676 1863 1747 pignus
1894 1676 1997 1731 ha-

401 1770 554 1825 bent.
580 1767 734 1829 Unde
755 1775 811 1822 et
836 1765 924 1820 illa
954 1765 1353 1836 interpretatio,
1378 1781 1483 1836 qua
1511 1765 1740 1821 Rethma
1767 1768 1991 1832 sonitus,
2022 1752 2071 1813 Β

398 1861 517 1916 sive
536 1858 818 1929 iuniperus
847 1856 1069 1921 dicitur,
1101 1870 1205 1911 non
1249 1855 1544 1926 incongrua
1565 1853 1859 1924 judicatur.
1891 1856 1994 1912 Fe-

400 1957 529 2005 runt
556 1948 702 2003 enim
752 1946 958 2017 lignum
988 1947 1093 2001 hoc
1139 1945 1317 2015 ignem
1366 1944 1422 2000 in
1451 1960 1511 2002 se
1542 1945 1706 2017 longo
1751 1955 1997 2017 tempore

400 2051 729 2093 conservare
750 2035 925 2106 (Pun.
952 2034 1043 2090 lib.
1059 2051 1174 2099 ut,
1192 2050 1316 2105 cap.
1332 2034 1461 2106 i5);
1497 2035 1634 2090 adeo
1658 2044 1717 2090 ιιι
1741 2035 1787 2091 si
1808 2050 1994 2105 prunre

400 2127 523 2197 ejus
552 2126 752 2183 fuerint
787 2126 1062 2184 cineribus
1110 2127 1410 2197 adoperta,
1456 2142 1628 2196 usque
1677 2126 1744 2181 ad
1791 2141 1993 2181 annum

404 2220 587 2291 ignita:
612 2220 953 2289 perveniant.
986 2219 1120 2285 Quia
1145 2233 1277 2289 ergo
1314 2217 1555 2289 Spiritus
1581 2228 1821 2284 sanctus,
1853 2220 1995 2273 sicut

403 2310 625 2383 legitur,
655 2311 940 2366 scientiam
978 2310 1140 2365 habet
1164 2310 1313 2365 vocis
1339 2309 1490 2382 (Sep.
1518 2311 1578 2381 l),
1611 2321 1666 2367 et
1697 2312 1749 2366 in
1781 2320 1998 2382 aposto-

404 2402 489 2458 los
514 2402 713 2457 rnissus
737 2411 822 2456 est
849 2402 901 2454 in
926 2401 1105 2471 specie
1132 2400 1272 2471 ignis
1297 2400 1434 2469 (Act.
1460 2403 1555 2471 u);
1584 2402 1701 2457 haec
1731 2402 1994 2471 interpre-

404 2492 563 2556 tatio,
586 2507 690 2560 qua
718 2490 948 2547 Retbma
970 2489 1171 2545 sonitus
1217 2489 1301 2543 vel
1314 2490 1596 2559 juniperus
1616 2490 1995 2559 dicitunaptis-

404 2581 544 2636 sime
572 2579 795 2649 Spiritui
827 2589 1016 2634 sancto
1044 2577 1337 2633 convenire
1365 2578 1598 2632 videtur.

477 2670 615 2725 Hinc
655 2670 841 2739 itaque
866 2667 1115 2739 digressi,
1143 2669 1516 2723 castrametati
1545 2676 1674 2722 sunt
1705 2668 1759 2723 in
1789 2668 1994 2724 Remon

404 2759 788 2828 Phares,quod
810 2758 951 2830 apud
975 2771 1097 2823 nos,
1117 2756 1323 2811 excelsa
1344 2757 1608 2811 intercisio
1629 2756 1843 2811 dicitur.
1860 2756 1995 2812 Nam

406 2866 531 2904 cum
560 2850 755 2905 anima:
786 2847 1063 2905 redeuntis
1104 2847 1172 2902 ad
1200 2848 1366 2902 Deum
1407 2847 1714 2903 intellectus
1748 2857 1997 2919 augetur,

408 2955 532 2997 mox
562 2940 612 2995 ei
660 2939 822 2994 datur
861 2937 1101 3008 perfecta
1144 2937 1358 3001 notitia,
1401 2951 1507 3006 qua
1554 2936 1762 2995 scilicet
1784 2937 1999 2998 excelse

407 3040 571 3099 atque
597 3028 905 3085 sublimiter
934 3030 1086 3094 novit
1113 3037 1168 3083 et
1191 3036 1411 3087 terrena
1432 3044 1462 3082 a
1487 3027 1803 3085 calestibus
1828 3030 1997 3084 inter-

2090 492 2304 549 culmen
2354 493 2421 549 ad
2447 506 2610 563 opera
2661 492 2922 548 lutulenta
2952 493 3352 563 descendimus,
3385 498 3685 570 disciplinae

2091 580 2360 643 nexibus,
2389 588 2446 636 et
2473 580 2811 651 ptenitentire
2858 580 2991 636 loris
3020 580 3327 639 inirenandi
3357 599 3565 652 sumus,
3612 601 3684 643 ne

2091 684 2350 740 vagctnur
2374 684 2473 740 per
2497 671 2725 740 abrupta
2755 670 3085 740 pratcipites,
3130 673 3225 728 sed
3255 672 3367 729 cito
3395 676 3684 732 redeamus

2091 761 2160 817 ad
2221 771 2497 818 consuetm
2561 763 2845 819 munditire
2903 764 3220 834 puritatem.
3286 766 3683 837 interpretatur

2090 853 2253 908 etiam
2284 854 2452 910 Ressa
2477 855 2719 920 visibilis,
2754 856 2869 913 sive
2893 854 3179 913 laudabilis
3209 858 3443 913 latitatio.
3482 858 3686 928 Quam.-

2091 944 2175 1000 vis
2207 945 2353 1004 enim
2385 962 2538 1002 mens
2564 946 2851 1017 cujuslibet
2875 947 3010 1018 justi
3042 948 3167 1015 viri,
3185 948 3298 1019 jam
3323 951 3393 1005 ad
3426 950 3535 1006 alta
3552 966 3685 1024 pro-

2092 1035 2264 1102 ﬁciat,
2315 1037 2618 1094 tentatione
2648 1047 2827 1095 tamen
2853 1042 3032 1098 adhuc
3086 1042 3141 1098 in
3189 1044 3296 1099 ima
3330 1044 3675 1116 deprimitur,

2091 1142 2161 1183 ne
2186 1143 2284 1199 per
2330 1135 2600 1183 tumorem
2629 1132 2900 1201 superbiae
2952 1133 3019 1189 de
3048 1134 3338 1189 virtutibus
3365 1136 3680 1191 extollatur.

2092 1217 2357 1277 Stimuius
2403 1221 2548 1276 enim
2599 1220 2918 1277 tentationis
2964 1222 3033 1276 ad
3062 1223 3362 1277 custodiant
3396 1224 3686 1281 adhibetur

2090 1309 2433 1365 humilitatis.
2483 1310 2636 1367 Unde
2666 1311 2798 1367 dicit
2826 1311 3118 1382 Apostolus
3148 1329 3164 1367 :
3205 1332 3225 1364 ι
3261 1312 3340 1368 Ne
3371 1316 3685 1385 magnitudo

2091 1400 2482 1457 revelationum
2531 1401 2760 1458 extollat
2797 1417 2905 1467 me,
2954 1402 3116 1458 datus
3142 1410 3226 1458 est
3260 1403 3392 1457 mihi
3433 1404 3685 1459 stimulus

2090 1490 2273 1546 carnis
2326 1504 2463 1547 mea
2511 1491 2735 1562 angelus
2788 1490 3043 1557 Satanaz,
3098 1492 3192 1563 qui
3255 1507 3342 1548 mc
3381 1494 3686 1565 coiaphizet

2093 1576 2174 1646 (Π
2187 1578 2310 1635 Cor.
2342 1580 2465 1652 xu).
2507 1601 2527 1632 ι
2572 1582 2696 1637 lliec
2722 1596 2852 1653 ergo
2894 1584 3122 1639 lentatio
3158 1584 3385 1641 visibilis
3421 1596 3530 1654 est,
3557 1588 3685 1657 quia

2093 1670 2419 1739 manifesta;
2453 1671 2761 1734 laudabilis.
2794 1674 2919 1745 quia
2948 1673 3250 1730 salutifera.

2710 1763 2941 1820 CAPUT
2979 1763 3069 1820 V'l.

2220 1851 2376 1918 Quod
2412 1869 2538 1908 caro
2568 1855 2624 1908 in
2656 1855 2940 1909 tentatione
2964 1855 3293 1925 subjicienda
3327 1856 3560 1927 spiritui.

2165 1943 2292 1999 Inde
2335 1946 2609 2015 progressi
2650 1946 2877 2000 veniunt
2925 1946 2979 2001 in
3011 1946 3303 2013 Ceciatha,
3347 1948 3490 2019 quod
3516 1949 3687 2003 inter-

2093 2042 2357 2104 pretatur,
2382 2036 2633 2101 ecclesia;
2663 2045 2721 2090 ut
2744 2036 2994 2093 videlicet
3018 2039 3301 2095 instabiles
3324 2040 3524 2110 quique
3543 2079 3559 2104 ,
3590 2039 3687 2110 qui

2092 2141 2154 2181 se
2193 2142 2290 2196 per
2330 2127 2586 2183 vitiorum
2636 2128 2864 2199 abrupta
2928 2131 3331 2200 praecipitanter
3376 2131 3681 2203 impellunt,

2095 2232 2265 2272 sacrae
2310 2216 2607 2289 Scriptura:
2636 2219 2806 2275 frenis
2844 2222 2913 2275 ad
2945 2220 3242 2276 Ecclesiam
3291 2222 3682 2287 retrahuntur;

2094 2306 2209 2362 sive
2238 2306 2382 2375 quod
2403 2307 2509 2361 alia
2530 2316 2678 2362 tenet
2706 2308 2893 2372 editio,
2926 2308 3229 2377 Machebat,
3259 2310 3402 2382 quod
3430 2319 3514 2365 est
3538 2311 3688 2379 prin-

2096 2398 2299 2466 cipatus
2351 2397 2528 2468 virgte.
2585 2398 2739 2465 Quod
2788 2406 3073 2470 utrumque
3120 2408 3444 2470 potestatem
3473 2400 3690 2456 videtur

2096 2488 2424 2558 exprimere.
2462 2486 2625 2542 Carni
2657 2488 2872 2559 quippe,
2907 2504 3028 2559 qum
3061 2498 3315 2554 tentatur,
3356 2504 3580 2545 necesse
3603 2499 3690 2544 est

2096 2585 2156 2632 ut
2186 2577 2481 2647 prtesidens
2511 2577 2735 2646 spiritus
2762 2579 3117 2647 principetur.
3166 2578 3234 2635 Ut
3264 2595 3386 2634 cum
3428 2579 3515 2633 illa
3548 2579 3688 2648 abji-

2096 2668 2206 2723 ciat
2243 2682 2502 2738 pugnam,
2553 2666 2656 2721 iste
2688 2667 2844 2736 quasi
2875 2669 3113 2738 desuper
3141 2667 3372 2723 intentet
3402 2668 3690 2723 minaciter

2096 2763 2326 2833 virgam,
2360 2763 2486 2815 dum
2522 2759 2681 2830 rigidi
2714 2761 2939 2815 terroris
2960 2761 3181 2816 adhibet
3214 2760 3579 2837 disciplinam.

2167 2854 2375 2908 Exinde
2404 2853 2623 2908 venitur
2651 2851 2707 2907 in
2738 2864 2976 2908 montem
3010 2850 3241 2922 Sepher,
3290 2854 3405 2908 sive
3453 2853 3688 2923 Srphar,

2098 2948 2241 3018 quod
2265 2947 2575 3000 tubicinatio
2624 2944 2946 3016 appellatur.
2993 2944 3145 2999 Tuba
3173 2946 3385 3016 signum
3429 2955 3512 2999 est
3537 2943 3687 2999 belli.

2100 3039 2281 3108 Equus
2306 3038 2452 3092 enim
2482 3037 2576 3092 Dei
2616 3037 2877 3092 odoratur
2918 3034 3150 3103 bellum,
3187 3044 3244 3091 et
3287 3052 3409 3091 cum
3456 3036 3691 3091 audierit

406 3122 612 3183 cidere.
641 3127 697 3174 el
716 3119 920 3175 caduca
950 3118 1202 3189 quaelibet
1221 3134 1287 3174 ac
1318 3118 1626 3173 ιηιιεὶιοΐὶθ
1658 3134 1689 3173 ³
1720 3120 1995 3190 Perpetuis
2024 3105 2069 3163 C
2100 3105 2405 3190 buccinam,
2437 3126 2587 3191 dicit,
2622 3126 2727 3181 vah
2751 3124 2880 3198 {Job
2920 3124 3147 3197 XXXIX);
3190 3135 3247 3181 et
3280 3126 3452 3196 miles)
3480 3126 3688 3181 Christi

407 3223 685 3279 separare.
718 3206 775 3264 Si
805 3222 935 3265 vero
963 3208 1169 3263 Remon
1202 3205 1423 3272 Phares,
1456 3214 1513 3260 ut
1544 3205 1671 3267 alibi
1702 3209 1992 3277 reperitur,

408 3299 535 3355 mali
582 3298 766 3369 punici
818 3298 1013 3353 divisio
1056 3298 1275 3363 dicitur,
1322 3312 1421 3367 per
1461 3297 1562 3351 hoc
1602 3298 1790 3365 procul
1833 3299 1997 3357 dubio

408 3400 595 3445 sancta
649 3389 966 3460 designatur
1009 3388 1293 3453 Ecclesia,
1346 3402 1466 3459 quin
1520 3398 1775 3458 tanquam
1830 3390 1997 3448 multa

409 3498 580 3553 grana
606 3499 716 3538 uno
742 3483 952 3537 cortice
970 3483 1234 3553 contegit,
1260 3481 1387 3535 dum
1412 3496 1627 3536 omnem
1659 3482 1994 3539 credentium

410 3577 626 3634 turbant
661 3576 1008 3647 inseparabili
1047 3574 1332 3632 catholicae
1376 3573 1499 3630 ﬁdei
1532 3573 1739 3627 unitate
1774 3572 1997 3629 conclu-

409 3669 509 3722 dit.

482 3757 684 3812 Deinde
725 3764 1007 3811 transeunt
1042 3755 1099 3831 in
1140 3754 1357 3818 Lebna,
1397 3754 1539 3823 quod
1585 3754 1996 3823 interpretatur,

410 3848 696 3907 dealbatio.
743 3848 861 3903 Non
893 3856 1075 3905 autem
1117 3846 1431 3916 ignoramus
1465 3844 1863 3899 dealbationem
1895 3844 1995 3897 ali-

407 3940 624 4008 quando
650 3955 749 4009 pro
774 3939 1007 3994 crimine
1030 3939 1176 4008 poni,
1204 3939 1347 3993 sicut
1370 3938 1625 3991 dicuntur
1652 3946 1997 3990 monumenta

408 4030 684 4094 dealbata,
734 4039 788 4084 et
834 4030 1015 4099 paries
1059 4028 1371 4091 dealbalus,
1422 4025 1583 4097 565
1628 4026 1721 4081 sed
1771 4026 1862 4080 hic
1908 4024 1994 4078 illa

409 4119 682 4174 dealbatio
699 4120 860 4179 debet
888 4118 1112 4187 intelligi
1153 4117 1221 4172 de
1257 4131 1361 4186 qua
1402 4131 1498 4184 per
1525 4114 1722 4169 Isaiam
1760 4113 1993 4167 dicitur:

414 4228 437 4265 ι
467 4210 527 4266 Si
569 4211 768 4267 fuerint
798 4220 1017 4281 peccata
1057 4218 1242 4263 vestra
1274 4216 1335 4261 ut
1370 4206 1676 4269 coccinum,
1706 4204 1865 4274 quasi
1904 4205 1996 4258 nix

407 4301 847 4356 dealbabuntur:
879 4308 933 4354 ot
960 4300 1006 4354 si
1042 4298 1245 4353 fuerint
1279 4297 1441 4351 rubra
1465 4296 1619 4367 quasi
1644 4294 1997 4361 vermiculus,

409 4398 469 4445 ut
497 4390 621 4443 lana
666 4390 787 4444 alba
817 4397 977 4444 erunt
1004 4388 1141 4459 (lsa.
1186 4388 1247 4457 ι).
1285 4404 1303 4439 ι
1349 4388 1417 4441 Ει
1446 4387 1499 4441 in
1521 4387 1728 4457 psalmo
1760 4403 1773 4440 :
1812 4405 1831 4438 ι
1864 4385 1996 4441 Nive

408 4478 807 4534 dealbabnntur
839 4479 893 4533 in
920 4478 1141 4533 Selmon
1170 4476 1343 4546 (Psal.
1377 4474 1567 4547 urit).
1604 4492 1623 4528 ι
1672 4474 1742 4530 Et
1763 4475 1816 4529 in
1848 4474 1996 4545 Apo-

408 4567 655 4638 calypsi:
693 4586 710 4620 ι
740 4568 930 4638 Capilli
972 4566 1099 4621 lcsu
1139 4575 1396 4634 tanquam
1430 4564 1550 4618 lana
1584 4565 1703 4618 alba
1753 4564 1998 4619 referun-

409 4671 498 4718 tur
536 4661 720 4732 (Apoc.
770 4661 830 4729 l).
866 4678 883 4712 ι
947 4660 1288 4727 Quapropter
1338 4658 1427 4710 hic
1470 4656 1742 4711 dealhalio
1800 4671 1996 4710 conve-

409 4756 623 4810 nienter
655 4753 977 4823 intelligitur
1011 4753 1076 4806 de
1105 4766 1247 4805 verae
1282 4750 1419 4805 lucis
1440 4750 1731 4819 splendore
1756 4749 1995 4818 prodire,

408 4856 464 4899 et
507 4847 574 4900 de
613 4858 841 4900 summa:
870 4843 1096 4911 visionis
1134 4842 1388 4897 claritate
1440 4841 1789 4895 descendere.
1846 4839 1997 4905 Quod

406 4937 453 4994 si
486 4937 696 5001 Lebna,
728 4945 787 4989 ut
814 4936 1036 5005 quidam
1063 4935 1272 4998 dicunt,
1305 4933 1359 4987 in
1386 4932 1612 4987 laterem
1651 4931 1900 4995 vertitur,
1943 4930 1994 4983 in

408 5042 519 5097 quo
550 5026 805 5084 videlicet
844 5041 1009 5095 opere
1054 5023 1382 5079 lsraeliticus
1414 5024 1466 5078 in
1505 5022 1740 5094 Egypto
1769 5022 1998 5092 populus

410 5126 634 5173 mactus
660 5127 742 5174 est
764 5118 1012 5172 laborare
1035 5133 1048 5180 ;
1105 5117 1207 5171 boc
1238 5117 1399 5170 dator
1431 5115 1678 5185 intelligi,
1705 5114 1831 5184 quia
1856 5115 1999 5169 sicut

411 5208 487 5263 illi
538 5216 661 5277 post
700 5216 810 5260 uim
857 5205 1108 5261 sublimia
1138 5204 1253 5257 loca
1306 5220 1494 5257 rursus
1547 5204 1598 5257 in
1633 5204 1856 5257 laterem
1907 5219 1997 5255 ve-

411 5300 601 5364 niunt;
643 5299 714 5352 ita
747 5314 849 5352 nos
872 5298 1113 5367 quandiu
1161 5296 1213 5349 in
1250 5293 1407 5362 hujus
1443 5294 1625 5349 mundi
1656 5296 1875 5349 deserto
1899 5310 1994 5362 pc-

412 5394 799 5464 regrinamur,
843 5391 1172 5445 necessitate
1216 5388 1593 5456 compellimur
1635 5388 1926 5457 aliquando
1969 5404 1997 5441 a

411 5484 642 5538 summis
696 5485 763 5537 ad
820 5484 925 5537 ima
964 5483 1318 5545 descendere,
1365 5490 1419 5535 et
1468 5496 1498 5534 a
1529 5480 1900 5551 spiritualibus
1934 5480 1999 5534 ad

414 5583 644 5628 terrente
670 5575 899 5628 actionis
926 5588 1086 5642 opera
1122 5573 1527 5639 transmigrarc.

488 5664 616 5718 l‘ost
653 5664 767 5718 hmo
797 5663 1016 5716 veniunt
1042 5662 1093 5715 in
1128 5662 1318 5723 Besso,
1371 5661 1514 5730 quod
1542 5661 1595 5714 in
1629 5661 1804 5730 frenos
1834 5662 2000 5717 verti-

788 5754 1057 5811 ΡΑτιιυι.
1176 5766 1413 5829 CXLV.

2097 3232 2218 3273 cum
2249 3233 2308 3274 se
2336 3216 2671 3289 persenserit
2694 3215 2951 3273 vitiorum
2979 3216 3345 3286 ingruentium
3391 3216 3690 3271 tentatione

2097 3308 2376 3374 vallatum,
2399 3308 2662 3363 virtutum
2698 3306 2946 3376 protinus
2977 3322 3127 3360 arma
3153 3306 3476 3379 corripiens,
3497 3320 3691 3377 proce-

2095 3398 2177 3453 dit
2204 3398 2271 3453 ad
2295 3398 2541 3469 praelium
2565 3413 2582 3464 3
2607 3406 2664 3451 et
2690 3396 2937 3452 cominus
2965 3395 3017 3450 in
3050 3395 3187 3450 bella
3218 3395 3588 3464 congreditur,
3620 3410 3689 3449 ne

2098 3487 2350 3557 degeneri
2381 3495 2601 3558 torpore
2639 3484 2869 3550 solutus,
2909 3485 2978 3540 ab
3004 3484 3334 3540 adversariis
3362 3484 3520 3539 facile
3544 3484 3691 3559 peri-

2098 3587 2302 3642 matur,
2353 3585 2410 3632 et
2441 3584 2571 3632 tunc
2616 3576 2817 3646 poterit
2842 3574 3131 3648 gloriosius
3157 3575 3282 3629 tuba
3314 3589 3534 3645 canere,
3588 3574 3690 3629 hoc

2097 3675 2204 3731 est,
2235 3665 2302 3720 ad
2326 3650 2623 3735 spirituale
2639 3672 2917 3720 certamen
2948 3672 3004 3720 et
3025 3663 3162 3719 alios
3186 3679 3506 3734 provocare.

2174 3755 2325 3811 Unde
2354 3754 2705 3819 illicdicitur,
2748 3755 2877 3825 quia
2921 3754 3049 3810 inde
3073 3754 3306 3824 profecti
3338 3763 3602 3810 venerunt
3634 3754 3689 3810 in

2101 3846 2332 3911 llarada,
2365 3846 2481 3901 sive
2511 3846 2655 3917 quod
2680 3845 2809 3900 alibi
2839 3845 3061 3913 dicitur,
3088 3846 3144 3901 in
3172 3844 3336 3924 568
3354 3845 3688 3907 Charadath.

2098 3935 2242 4006 quod
2273 3936 2328 3989 in
2374 3943 2561 3991 nostra
2610 3935 2791 4006 lingua
2843 3942 3023 4001 sonat,
3060 3935 3280 3989 idoneus
3320 3936 3582 4004 eiectus;
3630 3946 3690 3988 ut

2100 4029 2215 4099 ipse
2237 4028 2494 4082 nimirum
2518 4025 2633 4097 jam
2688 4027 3012 4097 prmdicator
3050 4026 3247 4091 factus,
3287 4026 3482 4081 merito
3510 4028 3691 4081 valeat

2099 4133 2222 4173 cum
2271 4116 2528 4187 Apostolo
2560 4117 2781 4173 dicere:
2830 4115 2981 4182 (Qui
3012 4116 3237 4171 idoneos
3271 4129 3371 4171 nos
3417 4115 3550 4171 fecit
3590 4117 3691 4171 nd—

2099 4208 2301 4264 nistros
2331 4208 2454 4263 novi
2487 4207 2795 4263 testamenti
2819 4206 2908 4279 (II
2946 4206 3073 4262 Cor.
3103 4208 3208 4278 ιιι).
3239 4226 3259 4259 ι

2171 4301 2278 4356 Sed
2329 4308 2385 4356 et
2413 4300 2538 4355 inde
2566 4288 3001 4370 proﬁciscentes,
3048 4300 3275 4355 veniunt
3313 4300 3368 4355 in
3398 4299 3690 4367 Maceloth.

2100 4393 2241 4463 quod
2268 4393 2677 4463 interpretatur,
2703 4392 2767 4445 ab
2808 4392 2978 4445 initio.
3020 4389 3276 4460 Quisquis
3300 4392 3445 4446 enim
3469 4393 3537 4446 ad
3572 4409 3694 4462 pcr-

2101 4480 2353 4537 fectionis
2407 4496 2674 4536 summatn
2727 4480 3051 4545 contendit,‘
3078 4480 3323 4534 omnium
3355 4496 3535 4536 rerum
3566 4498 3694 4537 con-

2103 4572 2393 4642 templatur
2424 4572 2659 4635 initium,
2716 4571 2844 4625 dum
2897 4581 3093 4625 cuncta
3143 4570 3412 4625 viscerum
3468 4586 3691 4627 suorum

2100 4670 2225 4715 vota
2249 4662 2517 4716 convertit
2547 4660 2613 4713 ad
2669 4660 2857 4714 Deum.
2914 4659 2983 4713 Et
3025 4660 3151 4714 dum
3182 4675 3277 4716 cor
3306 4660 3373 4714 ad
3405 4670 3685 4716 auctorem

2101 4765 2256 4805 suum
2281 4748 2485 4818 jugiter
2511 4749 2733 4818 dirigit,
2782 4762 2812 4801 a
2861 4763 3041 4802 rerum
3085 4749 3329 4801 omnium
3379 4750 3533 4805 initio
3582 4768 3692 4806 non

2105 4840 2331 4896 recedit.
2366 4838 2462 4892 Vel
2498 4839 2541 4894 si
2572 4837 2861 4903 Maceloth,
2910 4846 2969 4891 ut
2997 4837 3216 4907 quidam
3246 4838 3510 4902 sentiunt,
3543 4840 3693 4894 dica-

2104 4942 2193 4988 tur
2218 4946 2341 4988 esse
2371 4940 2691 4996 conventus,
2732 4945 2830 5000 per
2853 4929 2959 4987 hoc
2984 4929 3227 4985 Ecclesia
3254 4929 3591 5003 intelligitur,
3638 4933 3691 4986 in

2103 5043 2208 5099 qua
2246 5026 2497 5083 videlicet
2529 5042 2558 5079 a
2603 5024 2818 5081 cunctis
2872 5023 3121 5080 fidelibus
3165 5024 3501 5080 convenitur.
3538 5023 3693 5079 Unde

2104 5118 2352 5174 canitur:
2389 5135 2409 5169 ι
2449 5117 2586 5171 Ecce
2620 5130 2782 5185 quam
2814 5115 3038 5179 bonum,
3087 5122 3143 5170 et
3190 5130 3354 5184 quam
3391 5112 3690 5183 jucundum

2104 5212 2355 5266 habitare
2379 5209 2579 5263 fratres
2607 5209 2658 5262 in
2689 5224 2855 5263 ιιιιιιιιι
2884 5206 3056 5279 (I'sal.
3122 5207 3348 5274 cum).
3382 5225 3401 5258 ι

2175 5301 2377 5355 Deinde
2398 5300 2611 5355 venitur
2632 5294 2688 5353 in
2716 5298 2980 5362 Tharatlt,
3011 5297 3113 5359 vel,
3140 5297 3281 5351 sicut
3303 5295 3431 5349 alibi
3470 5295 3689 5366 legitur,

2106 5392 2158 5446 in
2181 5392 2377 5455 Caath,
2424 5390 2565 5459 quod
2592 5396 2674 5443 est
2703 5389 2979 5456 patientia,
3026 5386 3110 5440 vel
3143 5384 3496 5453 conﬁrmatio.
3528 5385 3691 5452 Quis.

2104 5482 2228 5551 quis
2257 5480 2402 5535 enim
2442 5480 2715 5534 desiderat
2745 5488 2943 5533 terram
2986 5476 3279 5531 viventium
3316 5490 3413 5546 per
3456 5489 3695 5546 pra.~en-

2106 5574 2173 5627 tis
2208 5572 2331 5625 vitm
2360 5570 2574 5625 labores
2610 5569 2837 5639 ingredi,
2885 5581 3105 5622 necesse
3157 5576 3241 5621 est
3270 5581 3393 5620 eum
3442 5566 3507 5619 ad
3556 5568 3692 5619 tole-

2110 5662 2276 5717 randa
2317 5661 2502 5716 mundi
2558 5658 2798 5731 pericula
2850 5674 2946 5730 per
2982 5656 3301 5729 patientiam
3355 5655 3688 5711 conﬁrmari.

3134 5748 3206 5805 18
