4074 6190
288 339 505 405 ,535

895 334 959 389 S.
991 331 1203 388 PETRI
1239 328 1525 384 DA’MIANI
1563 325 1712 383 OPP.
1753 322 1989 379 TOMUS
2028 321 2156 375 SEU
2198 318 2377 374 PARS
2410 318 2493 373 lll.
2521 349 2591 361 -—
2629 315 2991 375 OPUSCULA
3026 314 3257 370 VARIA.

3552 313 3656 369 556

401 455 495 513 Vel
525 454 568 509 si
602 448 872 511 Thaliath,
901 455 961 500 ut
994 461 1023 500 a
1051 442 1368 513 quibusdam
1409 439 1631 503 dicitur,
1654 437 1885 492 vertitur
1909 434 1964 489 in
1994 438 2043 495 Α
2071 432 2164 496 lat,
2195 432 2433 501 inquam,
2477 446 2599 486 cum
2647 429 2773 484 illud
2801 427 3171 499 evangelicum
3198 434 3387 481 servat
3420 442 3433 479 ε
3468 423 3541 479 Ut
3589 441 3657 481 ne

404 558 673 617 pavorem.
715 540 923 595 dicatur
952 532 1243 600 unicuique
1270 528 1525 592 certauti,
1558 525 1657 580 ‘vel
1681 524 1798 595 jam
1833 522 1974 578 forte

404 614 498 709 per
522 634 757 688 divinam
798 625 1024 697 gratiam
1058 619 1450 691 triumphanti:
1495 635 1513 669 α
1544 614 1854 671 Noli-altum
1885 626 1975 667 sa-

396 716 547 798 pere,
581 721 672 776 sed
712 720 839 771 time
868 714 1039 785 (Rom.
1065 713 1162 781 xi).
1204 730 1221 762 ι

471 813 577 868 Sed
610 810 728 864 inde
774 804 1001 876 profecti
1036 802 1261 857 veniunt
1302 801 1356 856 in
1387 798 1587 862 Thare,
1624 794 1766 865 quod
1791 792 1978 848 Graece

400 904 615 974 quidem
636 899 859 954 ecstasis
883 898 1288 964 interpretatur,
1332 893 1387 946 in
1410 900 1593 946 nostra
1628 902 1782 942 vero.
1797 885 1977 954 lingua

397 994 596 1048 dicitur
624 986 1008 1056 contemplatio.
1040 984 1393 1053 Consequens
1417 990 1503 1037 est
1538 974 1705 1043 eniln,
1740 986 1801 1030 ut
1829 976 1978 1045 quis-

399 1082 521 1151 quis
548 1089 705 1134 antea
746 1076 1003 1145 probetur
1029 1088 1124 1143 per
1150 1071 1487 1143 patientiam,
1516 1069 1743 1137 proinde
1764 1066 1830 1120 ad
1853 1080 1978 1119 con-

403 1170 767 1236 ιθιηριειιίοιιὶε
792 1165 1072 1231 perveniat
1106 1163 1374 1233 gratiam;
1421 1169 1476 1215 et
1503 1159 1594 1227 qui
1619 1157 1769 1227 prius
1798 1156 1850 1209 in
1878 1154 1976 1206 tri-

404 1255 682 1313 bulatione
705 1250 1043 1320 deprimitur,
1072 1248 1409 1317 postmodum
1435 1247 1502 1300 ad
1530 1246 1749 1300 visionis
1778 1243 1979 1297 intima:

402 1347 644 1403 lzrtitiam
670 1341 1003 1397 sustollatur.
1038 1338 1133 1393 Sin
1165 1348 1344 1395 autem
1375 1337 1734 1403 Thare,-sicut
1762 1334 1980 1404 quidam

406 1444 617 1504 putant,
650 1433 882 1496 astutia,
916 1428 999 1484 vel
1036 1428 1237 1482 malitia
1266 1429 1425 1482 debet
1466 1426 1714 1492 intelligi,
1772 1424 1874 1477 hoc
1914 1421 1981 1475 ad

403 1526 764 1582 Ecclesiarum
795 1520 1112 1592 praepositos
1140 1533 1247 1573 non
1290 1517 1560 1572 immerito
1583 1516 1983 1582 videturposse

402 1615 639 1677 referri;
697 1621 756 1665 ut
806 1611 906 1680 ipsi
950 1609 1063 1664 suis
1114 1606 1449 1661 auditoribus
1498 1605 1745 1667 timeant,
1803 1600 1981 1670 quiin

405 1704 759 1759 tentationum
793 1699 1141 1753 tribulatione
1176 1697 1444 1751 laborant.
1479 1693 1692 1748 Astutia
1719 1691 1885 1755 enim,
1930 1697 1985 1744 et

2075 540 2214 579 uitus
2241 525 2457 593 quidem
2481 538 2641 594 apex,
2669 531 2761 576 aut
2784 537 2948 577 unum
2976 521 3085 576 iota
3115 521 3180 574 de
3206 519 3324 590 lege
3351 527 3656 589 pratereat.

2076 615 2205 685 quin
2245 615 2427 670 omnia
2476 616 2609 669 ﬁant
2641 613 2874 684 (Matth.
2904 611 2981 680 v).
3035 610 3091 666 Si
3122 626 3251 665 vero
3284 611 3656 683 :Beneiaacan,

2076 708 2218 761 sicut
2246 707 2463 777 quidam
2491 706 2698 768 dicunt,
2750 703 3077 758 transfertur
3105 703 3157 756 in
3182 701 3324 757 ﬁlios
3366 702 3661 756 necessita-

2076 795 2171 861 tis,
2198 797 2312 850 sive
2334 795 2604 862 striderts,
2632 795 2734 848 hoc
2762 792 3058 864 signiﬁcat,
3087 792 3215 861 quia
3246 792 3493 861 quisquis
3522 790 3660 845 divi-

2078 887 2162 941 nis
2185 886 2413 956 eloquiis
2453 886 2696 940 eruditus
2728 893 2849 948 est,
2905 891 2960 938 et
3004 881 3291 937 allluenter
3343 882 3657 945 instructus,

2077 988 2299 1030 necesse
2324 983 2408 1028 est
2439 981 2495 1028 ut
2524 982 2645 1042 post
2672 989 2730 1028 se
2754 982 2809 1027 et
2828 972 3183 1036 aliostrahat,
3207 986 3271 1026 ac
3288 970 3430 1024 ﬁlios
3451 971 3656 1040 gignat.

2078 1064 2284 1131 Quibus
2318 1064 2575 1127 nimirum
2605 1066 2730 1117 dum
2774 1064 2954 1128 ﬂetus,
3003 1072 3057 1117 et
3085 1062 3376 1117 stridorem
3419 1063 3662 1116 dentium

2080 1156 2366 1211 minaciter
2381 1153 2591 1222 objicit,
2624 1152 3430 1223 quodouunodo‘necessitatem
3460 1152 3563 1217 eis,
3608 1164 3660 1203 ut

2080 1246 2147 1299 ad
2188 1244 2354 1301 Deum
2399 1253 2805 1309 convertantur,
2834 1245 3097 1314 .imponit.
3154 1244 3195 1298 li
3232 1257 3361 1299 sunt
3394 1260 3525 1315 ergo
3554 1245 3666 1298 {ﬁlii

2081 1333 2445 1395 necessitatis,
2468 1333 2555 1389 vel
2584 1334 2870 1399 stridoris,
2921 1335 2985 1389 de
3010 1334 3208 1403 quibus
3252 1342 3308 1389 et
3351 1336 3667 1405 prophetice

2081 1424 2334 1478 canitur:
2376 1443 2394 1475 ι
2424 1424 2627 1479 Aﬁ‘erte
2651 1425 2904 1491 Domino,
2932 1425 3027 1480 ﬁlii
3060 1427 3176 1490 Dei,
3210 1425 3397 1481 afferte
3431 1426 3662 1482 Domino

2084 1514 2476 1570 tiliosarietum
2498 1514 2683 1587 .(Psal.
2708 1517 2926 1588 xxvm).
2956 1537 2975 1569 ι

2690 1625 2916 1681 GAPUT
2957 1626 3082 1680 VH.‘

2354 1693 2529 1759 Quare
2560 1698 2777 1750 tentatio
2808 1698 2986 1751 virtuti
3009 1698 3384 1751 admisceatur.

406 1795 610 1849 malitia
642 1793 783 1847 illius
826 1791 1062 1845 cavenda
1094 1798 1194 1849 est,
1239 1788 1307 1842 de
1334 1801 1441 1857 quo
1485 1786 1683 1840 dicitur
1712 1802 1725 1838 :
1780 1801 1798 1836 ι
1835 1782 1980 1849 Quo-
2012 1781 2060 1841 Β
2156 1786 2289 1841 Post
2320 1788 2435 1842 haec
2462 1788 2760 1842 ascendunt
2785 1787 2839 1843 in
2875 1778 3115 1844 montem
3146 1789 3385 1859 Gadgad,
3415 1760 3667 1859 quod-in-

405 1888 548 1941 niam
572 1883 913 1952 adversarius
935 1888 1117 1935 noster
1146 1877 1511 1947 tanquam‘leo
1527 1876 1745 1945 rugiens
1766 1874 1981 1941 circuit,

403 1991 652 2047 qumrens
686 1988 843 2049 quem
868 1972 1090 2026 devoret
1123 1969 1172 2039 (1
1203 1967 1348 2021 Petr.
1376 1965 1451 2038 v).
1484 1985 1502 2019 ι

474 2065 676 2119 Deinde
716 2063 1015 2133 procedunt
1051 2061 1103 2113 in
1137 2059 1370 2122 Methca,
1405 2058 1526 2122 vel,
1579 2056 1718 2111 sicut
1745 2054 1875 2111 alibi
1904 2055 1983 2110 le-

404 2158 570 2227 gitur,
628 2154 915 2215 Maathica,
968 2149 1113 2219 quod
1165 2151 1597 2219 interpretatur,
1648 2163 1789 2201 mors
1825 2163 1980 2200 nova.

406 2246 688 2314 Nunquam
743 2250 854 2299 tam
907 2240 1143 2311 perfecte
1189 2238 1453 2293 diabolica
1498 2246 1722 2292 cavetur
1756 2238 1981 2304 astutia,

406 2348 564 2403 quam
593 2333 637 2387 si
659 2329 1338 2402 Chi-istocommorimur;
1372 2336 1430 2381 ut
1454 2338 1708 2396 tanquam
1755 2327 1984 2382 insensi-

405 2425 541 2480 biles
569 2424 637 2477 ad
666 2422 838 2476 hostis
864 2420 1045 2476 callidi
1080 2427 1413 2474 tentamenta
1452 2418 1757 2472 reddamur.
1797 2416 1982 2484 .Quam

408 2532 601 2571 novam
637 2525 867 2570 mortem
895 2515 1278 2584 contemplatio
1319 2515 1478 2583 parit,
1518 2527 1637 2581 qua:
1681 2512 1893 2567 scilicet
1932 2522 1987 2566 et

409 2607 665 2662 mundum
689 2606 867 2671 nobis,
903 2614 957 2660 et
997 2619 1093 2659 nos
1124 2606 1325 2659 mundo
1352 2613 1593 2658 mortuos
1624 2602 1807 2656 efﬁcit.
1833 2602 1986 2668 Quod

408 2699 453 2752 si
484 2695 717 2759 Methca,
750 2702 808 2747 ut
838 2694 1159 2763 quibusdam
1192 2694 1389 2761 placet,
1428 2692 1479 2745 in
1510 2692 1844 2747 dulcedinem
1871 2707 1987 2746 ver-

409 2791 543 2857 titur
568 2805 583 2853 ;
614 2786 742 2856 quid
769 2786 987 2850 mirum,
1044 2785 1091 2839 si
1122 2784 1188 2837 de
1215 2784 1674 2852 contemplatione
1701 2785 1767 2837 ad
1798 2784 1986 2839 dulce-

407 2878 585 2931 dinem
617 2876 885 2936 veniatur,
908 2889 1030 2929 cum
1062 2874 1176 2942 ipsa
1206 2873 1589 2943 contemplatio
1616 2874 1688 2928 nil
1720 2875 1865 2929 aliud
1892 2876 1986 2942 sit,

408 2981 569 3037 quam
596 2964 880 3020 inellabilis
929 2974 985 3019 et
1007 2964 1271 3018 immensa
1306 2964 1580 3021 dulcedo?

476 3056 605 3113 Post
626 3057 739 3111 haec
764 3055 977 3109 venitur
1004 3056 1057 3108 in
1084 3054 1372 3119 Hesmona,
1403 3071 1523 3125 qua:
1550 3057 1815 3126 festinatio
1854 3059 1989 3114 dici-

2088 1886 2439 1949 terpretatur,
2486 1880 2722 1945 nuntius,
2760 1879 2843 1934 vel
2882 1881 3158 1944 accinctio,
3196 1881 3281 1935 vel
3319 1890 3467 1936 certe
3494 1885 3668 1936 conci—

2082 1968 2181 2021 δίο.
2208 1966 2413 2033 Quibus
2438 1966 2581 2022 enim
2602 1968 2767 2023 verba
2793 1967 2886 2023 Dei
2928 1970 3327 2033 annuntiamus,
3359 1986 3453 2026 eos
3480 1972 3665 2041 procul

2084 2057 2250 2112 dubio
2278 2072 2624 2113 commonere
2644 2058 2922 2124 debemus,
2960 2068 3020 2114 ut
3046 2069 3101 2115 et
3131 2075 3199 2115 se
3212 2061 3471 2115 virtutum
3498 2062 3666 2116 armis

2087 2149 2392 2219 accingam,
2422 2156 2478 2204 et
2507 2149 2857 2204 invisibilium
2887 2150 3122 2205 hostium
3153 2150 3523 2219 spiritualibus
3553 2150 3660 2221 glao

2085 2240 2190 2295 diis
2209 2240 2696 2310 tergaconcidant.
2728 2240 2881 2307 Quod
2909 2240 3164 2295 dumeos
3179 2257 3341 2312 agere
3363 2257 3468 2296 non
3493 2241 3667 2311 segni-

2088 2341 2169 2386 ter
2207 2332 2515 2396 edecemus,
2548 2346 2670 2385 cum
2705 2331 2787 2385 eis
2816 2330 2974 2385 simul
3003 2330 3069 2384 ad
3120 2342 3379 2386 montana
3406 2346 3665 2386 conscen-

2087 2420 2283 2474 dimus.
2320 2419 2473 2486 Quod
2514 2420 2560 2473 si
2604 2417 2848 2489 Gadgad,
2897 2425 2957 2471 ut
2985 2417 3202 2487 quidam
3240 2428 3455 2488 putant,
3488 2428 3664 2473 tenta-

2088 2522 2268 2565 ntenta
2303 2512 2607 2581 signiﬁcat;
2641 2511 2801 2563 datur
2831 2509 3080 2581 intelligi,
3129 2514 3385 2580 quoniam
3434 2513 3663 2581 his,pqui

2086 2599 2151 2651 ad
2182 2599 2460 2654 caelestem
2492 2600 2747 2668 patriam
2800 2598 3047 2665 tendunt,
3074 2603 3425 2657 -tentationes
3481 2606 3666 2659 det-sse

2087 2702 2470 2761 uonpossunt.
2514 2692 2582 2745 Et
2611 2693 3022 2761 smpetentatio
3069 2694 3360 2749 virtutibus
3403 2697 3668 2753 admisce-

2090 2791 2199 2845 tur,
2249 2792 2307 2834 ut
2347 2781 2617 2836 laborioso
2645 2780 2847 2837 Christi
2883 2782 3039 2837 militi
3090 2799 3298 2839 merces
3327 2785 3546 2839 uberior
3579 2802 3668 2840 ac-

2086 2870 2356 2940 quiratur.

2158 2965 2226 3019 Et
2274 2965 2401 3035 quia
2449 2980 2547 3034 per
2596 2965 2737 3020 mala
2790 2967 3145 3022 tentationum
3204 2967 3271 3021 ad
3324 2969 3665 3037 pratmiorum

2089 3052 2227 3109 bona
2254 3054 2536 3120 transitur,
2569 3069 2805 3126 congrue
2827 3056 3091 3125 sequitur,
3123 3056 3379 3126 quoniam
3401 3058 3520 3112 inde
3547 3072 3669 3128 pre-

409 3160 515 3205 tur.
580 3147 715 3203 Nam
757 3157 1042 3217 postquam
1096 3146 1450 3217 pertingimus
1510 3150 1577 3202 ad
1638 3149 1977 3207 dulcedinem
2011 3139 2059 3201 C
2089 3145 2218 3202 lecti
2242 3156 2509 3202 venerunt
2544 3147 2597 3202 in
2644 3146 2949 3212 letebatha,
2986 3150 3119 3213 sive,
3168 3157 3227 3202 ut
3256 3148 3387 3205 alibi
3436 3149 3652 3220 legitur,

407 3238 912 3310 contemplationis,
958 3252 1164 3293 moram
1198 3252 1302 3292 non
1345 3237 1570 3293 ferimus
1600 3241 1892 3295 tarditatis.
1942 3241 1989 3297 0

408 3346 571 3403 quam
602 3329 830 3384 moleste
859 3342 1066 3383 moram
1117 3327 1423 3396 patiebatur
1455 3327 1566 3393 ille,
1605 3330 1697 3399 qui
1728 3329 1943 3386 dicebat
1971 3349 1984 3384 :

411 3437 435 3473 σ
473 3418 691 3475 Utinam
739 3417 1079 3486 dirumperes
1108 3416 1297 3482 cmlos,
1353 3426 1407 3471 et
1437 3417 1812 3485 descenderes,
1840 3429 1894 3475 et
1927 3419 1990 3475 li-

408 3508 708 3580 queﬁerent
754 3515 970 3561 montes
1016 3522 1045 3559 a
1081 3505 1218 3562 facie
1257 3515 1345 3561 tua
1376 3507 1511 3574 (Isa.
1544 3504 1710 3578 utv).
1762 3529 1780 3563 ι
1816 3510 1988 3578 Quam

408 3601 646 3663 graviter
676 3600 814 3653 hanc
838 3614 1040 3652 moram
1074 3598 1280 3653 ferebat
1309 3598 1418 3663 ille,
1443 3601 1534 3670 qui
1558 3601 1769 3658 dicebat
1794 3620 1806 3655 :
1841 3621 1859 3652 ι
1883 3602 1989 3658 Cu-

406 3688 499 3757 pio
532 3686 775 3752 dissolvi,
808 3695 863 3741 ct
892 3700 1013 3742 esse
1035 3702 1158 3740 cum
1186 3685 1403 3743 Christo
1431 3686 1653 3759 (PJtilip.
1682 3689 1741 3760 ι),
1768 3709 1786 3741 ι
1820 3691 1988 3746 multo

410 3778 583 3849 magis
608 3777 820 3832 melius.
853 3777 949 3831 Sin
977 3786 1155 3832 autem
1183 3792 1214 3831 a
1242 3777 1418 3834 Seuna
1466 3780 1676 3834 dicatur
1695 3780 1838 3850 quod
1864 3796 1987 3837 ossa

410 3870 696 3942 signiﬁcat,
730 3869 831 3924 hec
859 3868 927 3923 ad
956 3870 1123 3924 robur
1169 3871 1491 3925 constantiae
1533 3872 1786 3942 pertinet.
1835 3872 1989 3939 Quod

410 3976 633 4018 necesse
654 3970 761 4025 est,
793 3970 850 4015 ut
873 3959 1072 4016 Christi
1099 3970 1310 4017 amator
1333 3962 1551 4028 habeat,
1604 3979 1674 4019 ne
1705 3980 1814 4034 {per
1841 3980 1990 4020 amo-

412 4069 529 4109 rem
556 4054 781 4123 nimium
807 4053 1092 4123 impatiens
1115 4052 1229 4108 ﬁat.

481 4145 640 4214 567
674 4143 809 4198 llinc
828 4144 940 4213 jam
968 4144 1229 4197 transitur
1250 4143 1303 4198 in
1334 4142 1628 4211 Moseroth,
1660 4145 1803 4214 quod
1830 4145 1989 4215 signi-

410 4235 576 4288 ﬁcare
611 4242 852 4301 putatur,
904 4233 1205 4287 excludens.
1257 4235 1451 4288 Anima
1484 4235 1700 4304 quippe,
1748 4250 1868 4303 qua:
1920 4235 1988 4288 ad

411 4322 705 4393 perfectum
742 4324 923 4392 sponsi
959 4324 1040 4378 sui
1074 4325 1610 4392 amoremperveuit,
1667 4326 1990 4380 tcntationes

410 4428 439 4465 a
463 4427 521 4467 se
546 4412 721 4466 callidi
757 4412 1092 4480 corruptoris
1117 4413 1372 4467 excludit.
1407 4412 1560 4469 Unde
1588 4415 1944 4485 etApostolus
1970 4434 1984 4471 :

2088 3233 2364 3301 Jatbatha,
2397 3237 2539 3305 quod
2586 3237 2990 3307 interpretatur,
3027 3238 3251 3305 bonitas,
3301 3238 3417 3294 sive
3446 3239 3657 3294 bonum.

2090 3325 2230 3397 Ergo
2258 3341 2355 3396 per
2399 3327 2770 3396 experimenta
2810 3328 3169 3382 tentationum
3227 3329 3295 3382 ad
3347 3330 3663 3395 bonitatem,

2087 3429 2209 3484 qum
2232 3416 2419 3485 procul
2442 3417 2606 3472 dubio
2635 3417 2880 3474 Christus
2902 3426 3007 3485 est,
3037 3417 3368 3488 pervenitur.

2158 3503 2285 3559 lnde
2307 3504 2534 3575 profecti
2573 3518 2700 3561 sunt
2735 3506 2789 3560 in
2814 3506 3052 3572 Ebrona,
3096 3507 3238 3575 quod
3278 3506 3531 3561 transitus
3568 3522 3666 3577 ap-

2086 3592 2337 3663 pellatur.
2381 3593 2578 3649 Animo
2605 3594 2802 3663 quippe
2833 3594 3162 3650 transeunda
3190 3604 3318 3650 sunt
3340 3596 3522 3651 omnia
3547 3611 3562 3662 ;
3611 3605 3666 3649 et

2089 3684 2142 3737 iu
2172 3698 2295 3738 eum
2321 3683 2495 3738 solum
2533 3683 2697 3737 debes
2728 3683 2973 3737 obtutum
3022 3684 3217 3739 mentis
3262 3684 3505 3753 inﬁgere,
3540 3700 3663 3740 cum

2086 3788 2195 3842 quo
2224 3773 2342 3827 sine
2373 3773 2606 3829 transitu
2640 3773 2818 3828 valeas
2845 3788 3186 3843 permanere.

2157 3862 2287 3917 Post
2310 3864 2423 3917 haec
2445 3864 2670 3918 veniunt
2694 3864 2748 3917 in
2772 3864 3131 3934 Asiongaber,
3163 3865 3307 3934 quod
3332 3865 3666 3935 interpreta-

2090 3966 2197 4023 tur,
2226 3957 2450 4013 consilia
2484 3959 2600 4013 viri.
2652 3957 2944 4028 Postquam
2991 3959 3265 4014 euimnos
3307 3961 3361 4014 in
3392 3961 3664 4015 Christum

2086 4050 2310 4103 omnino
2332 4049 2669 4119 projicimus,
2696 4042 2981 4120 postquam
3006 4050 3068 4104 in
3087 4066 3220 4105 eum
3238 4066 3464 4106 .omnem
3482 4052 3668 4106 cordis

2089 4136 2259 4191 nostri
2293 4134 2543 4191 fiduciam
2582 4137 2933 4201 collocamus,
2978 4152 3099 4194 esse
3124 4137 3288 4209 568
3318 4140 3477 4208 pueri
3527 4155 3655 4193 seu-

2088 4228 2236 4282 sibus
2279 4229 2505 4283 ulterius
2545 4244 2654 4284 non
2693 4229 2971 4295 debemus,
3024 4232 3298 4287 imitantes
3327 4232 3663 4301 Apostolutu,

2089 4318 2181 4386 qui
2224 4317 2393 4372 dicit:
2446 4335 2463 4367 ι
2498 4316 2631 4374 Cum
2660 4328 2838 4375 autem
2861 4317 3044 4375 Iactus
3085 4336 3203 4374 sum
3248 4320 3348 4381 vir,
3407 4321 3667 4383 evacuavi

2090 4421 2210 4475 quas
2253 4416 2409 4461 erant
2455 4408 2667 4475 parvuli
2719 4407 2769 4478 (Ι
2854 4408 2977 4464 Cor.
3032 4411 3176 4480 xm).
3219 4429 3238 4462 ι
3295 4412 3362 4465 Et
3422 4413 3665 4466 iterum:

417 4522 435 4553 ‹
476 4501 670 4562 Nolite,
712 4476 1135 4569 inquiin-locum
1168 4504 1299 4557 dare
1340 4503 1553 4559 diabolo
1578 4476 1920 4576 (Epantv).
1960 4528 1979 4560 ι

2097 4513 2115 4547 ‹
2150 4491 2323 4551 Nolite
2351 4497 2506 4565 pueri
2536 4495 2668 4551 elﬁci
2698 4476 2946 4554 sensibus
2968 4499 3018 4570 (1
3079 4476 3202 4554 Ger.
3232 4504 3365 4571 xiv).
3396 4521 3418 4554 ι

411 4590 564 4659 Quod
591 4595 635 4645 si
668 4590 959 4655 Moseroth,
985 4591 1139 4660 juxta
1175 4593 1435 4661 quosdam
1464 4594 1853 4665 interpretatur
1872 4600 1985 4653 vin-

410 4683 550 4748 cula,
577 4697 739 4737 sanus
778 4696 873 4751 per
905 4682 1107 4748 omnia,
1148 4692 1209 4737 et
1244 4698 1516 4754 congruus
1542 4686 1846 4743 intellectus
1870 4688 1985 4743 elu-

409 4781 512 4828 cet.
573 4771 836 4825 Nimirum
887 4783 1075 4826 sancta
1116 4773 1371 4841 quaelibet
1400 4777 1601 4842 anima,
1627 4792 1749 4846 quae
1777 4777 1986 4834 cmlesti

411 4873 607 4933 sponso
632 4864 684 4916 in
714 4877 899 4916 amore
924 4863 1292 4933 coniungitur,
1322 4879 1544 4920 necesse
1587 4874 1672 4921 est
1694 4876 1754 4920 ut
1776 4868 1824 4922 ei
1853 4869 1986 4924 assi-

410 4954 531 5008 duis
557 4952 958 5020 Scripturarum
986 4953 1442 5017 meditationibus,
1473 4956 1627 5024 quasi
1668 4957 1986 5025 quibusdam

412 5031 641 5098 vinculis
668 5042 1022 5097 insolubiliter
1067 5052 1443 5098 connectatur.
1472 5045 1547 5098 De
1576 5045 1770 5114 quibus
1796 5047 1985 5103 vincu-

410 5132 478 5187 lis
501 5132 719 5189 Cbristo
749 5146 843 5201 per
886 5132 1079 5186 Isaiam
1129 5133 1359 5189 dicitur:
1406 5154 1424 5187 ι
1458 5136 1567 5190 Viri
1616 5136 1870 5192 sublimes
1916 5138 1985 5191 ad

414 5230 465 5276 te
491 5221 816 5287 transibunt,
872 5229 928 5274 et
960 5221 1037 5274 tui
1068 5231 1247 5287 erunt,
1300 5231 1354 5277 et
1380 5233 1505 5292 post
1541 5233 1592 5278 te
1638 5226 1989 5281 ambulabunt

411 5312 641 5382 colligati
677 5311 901 5366 vinculis
929 5310 1064 5380 (Ira.
1094 5314 1236 5381 xu).
1271 5333 1289 5364 ι

487 5401 636 5457 Unde
691 5415 794 5457 non
855 5401 1122 5456 immerito
1171 5402 1283 5472 jam
1334 5406 1547 5460 venitur
1588 5406 1648 5459 .in
1708 5406 1983 5472 Banaeim,

412 5491 553 5557 quod
600 5491 862 5560 signiﬁcat
896 5492 1087 5560 fontes,
1127 5492 1207 5546 vel
1245 5494 1628 5559 excolationes,
1668 5496 1719 5549 id
1750 5505 1852 5560 est,
1893 5497 1982 5551 ubi

412 5579 715 5632 divinarum
754 5578 1151 5649 Scripturarum
1197 5580 1370 5641 fontes
1400 5583 1578 5639 anima
1601 5583 1761 5648 bibit,
1810 5594 1865 5637 et
1889 5600 1984 5639 ex-

413 5669 573 5731 colat,
602 5669 703 5723 hoc
732 5680 833 5737 est,
865 5673 1134 5727 subtiliter
1168 5680 1384 5739 tractat,
1425 5684 1488 5729 et
1522 5676 1773 5731 rmniuat.
1816 5677 1984 5731 Exco-

2162 4592 2269 4647 Sed
2306 4593 2557 4661 quoniam
2580 4593 2671 4661 qui
2702 4594 2923 4662 apponit
2944 4594 3250 4659 scientiam,
3281 4596 3501 4665 apponit
3520 4595 3672 4651 dolo-

2089 4698 2229 4746 rem,
2260 4683 2453 4737 iterum
2484 4683 2705 4737 veniunt
2752 4685 2805 4738 iu
2849 4685 3123 4739 desertum
3144 4684 3246 4739 Sin
3266 4727 3280 4752 ,
3312 4702 3431 4761 qure
3457 4687 3669 4749 εει,οι-

2089 4773 2203 4828 des.
2252 4774 2348 4827 Sin
2377 4785 2555 4828 autem
2577 4774 2934 4830 tentatiouem
2963 4776 3341 4845 interpretari,
3366 4776 3478 4845 jam
3509 4794 3669 4848 supe-

2088 4864 2202 4919 rius
2227 4864 2480 4920 diximus.
2529 4865 2681 4921 Sicut
2718 4867 2861 4921 eniru
2917 4883 3010 4923 vas
3046 4883 3293 4933 aureum,
3329 4870 3409 4923 vel
3464 4885 3665 4941 argen-

2092 4960 2235 5007 teum
2286 4970 2427 5024 saepe
2457 4955 2700 5009 .malleus
2730 4957 2987 5024 percutit,
3035 4972 3178 5026 saepe
3223 4958 3350 5012 lima
3384 4959 3512 5013 hinc
3542 4959 3671 5014 inde

2089 5044 2339 5112 poliendo
2390 5046 2713 5110 circumdat,
2755 5056 2814 5102 ut
2853 5048 3054 5104 clarius
3090 5049 3183 5103 ﬁat
3221 5047 3419 5118 (Eccle.
3454 5052 3545 5121 x);
3588 5052 3669 5105 sic

2091 5135 2283 5189 iterata
2316 5137 2565 5202 tentatio,
2597 5139 2917 5204 constantis,
2964 5147 3020 5194 et
3069 5155 3175 5195 non
3201 5140 3444 5197 cedentis
3472 5143 3667 5196 animas

2092 5225 2390 5293 rubiginem
2418 5238 2630 5296 purgat.
2666 5227 2771 5281 Vas
2800 5228 2945 5281 enim
2976 5229 3122 5299 liguli
3153 5231 3348 5301 probat
3376 5230 3586 5296 fornax,
3609 5241 3668 5285 et

2093 5313 2341 5368 homines
2383 5314 2560 5383 justos
2602 5317 2828 5370 tentatio
2858 5318 3221 5375 tribulationis
3251 5321 3443 5391 (Ereti.
3471 5325 3663 5391 xxvn).

2095 5404 2155 5457 Et
2209 5406 2333 5473 quia
2383 5405 2595 5471 Gades,
2649 5407 2994 5476 .fructi/icatio
3034 5423 3219 5465 sancta
3257 5413 3478 5477 dicitur,
3518 5414 3670 5479 vides

2092 5494 2344 5562 quoniam
2380 5496 2733 5551 tentationum
2764 5499 2943 5554 sulcos
2961 5511 3148 5557 sancta
3178 5501 3525 5559 fructiﬁcatio
3550 5504 3671 5559 sub-

2092 5595 2367 5653 sequatur.

2148 5674 2353 5729 Sedet
2380 5675 2505 5732 hinc
2549 5677 2925 5747 applicuerunt
2955 5682 3004 5737 in
3049 5694 3282 5738 montem
3313 5683 3444 5754 ller,
3496 5685 3668 5740 inex-
