4074 6190
425 277 530 333 557

1305 274 1548 332 OPUSC.
1591 273 1802 328 XXXII.
1840 303 1910 313 —
1948 271 2035 326 DE
2064 270 2640 339 QUADRAGESIMA.
2679 271 2831 329 ETC.

3580 273 3686 330 5‘58

426 384 615 439 tremis
645 382 843 436 tinibus
870 381 1061 437 Edoni.
1096 380 1226 446 llor,
1279 392 1556 437 montanus
1604 382 2010 452 interpretatur.
2042 391 2093 447 Α
2123 380 2399 437 festinant.
2439 381 2496 437 Si
2535 397 2663 438 vero
2708 397 2815 437 non
2855 380 3131 449 Gebarim,
3169 382 3264 440 sed
3310 383 3409 441 Gai
3454 385 3688 451 dicatur,

426 475 684 542 Quisquis
723 473 869 527 enim
921 481 1160 525 tentatus
1200 487 1304 526 non
1354 471 1576 535 labitur,
1622 472 1718 526 sed
1745 472 1812 526 de
1839 480 2018 525 tenta-

427 568 573 622 tione
595 563 911 627 fructificat,
953 555 1290 632 consequens
1320 572 1405 618 est
1440 574 1497 617 ut
1524 565 1593 619 ad
1632 574 1892 627 montem,
1924 563 2016 631 qui

428 655 679 710 Christus
727 661 835 715 est,
869 652 1046 706 victor
1088 652 1366 706 ascendat.
1420 650 1519 705 llic
1561 661 1645 706 est
1688 652 1831 706 enim
1865 666 2020 705 mons

429 746 520 800 ille
552 743 886 813 coagulatus,
936 757 1090 795 mons
1116 742 1329 811 pinguis
1373 740 1547 813 (Psal.
1578 743 1767 813 van),
1820 741 1885 796 de
1912 757 2020 810 quo

430 850 528 904 per
557 835 876 903 prophetam
916 831 1156 885 dicitur:
1200 850 1218 883 ι
1252 832 1369 885 Erit
1418 833 1469 885 in
1496 833 1804 889 novissimis
1830 833 2020 887 diebus

431 941 609 994 przepa
620 933 768 976 ratus
792 937 948 976 mons
968 922 1161 976 domus
1184 922 1392 975 Domini
1419 923 1472 976 in
1498 923 1705 977 vertice
1727 922 2016 986 montium,

431 1024 485 1069 et
515 1012 821 1068 elevabitur
866 1026 1031 1081 super
1068 1012 1234 1066 colles
1253 1053 1268 1075 ,
1308 1022 1364 1067 et
1392 1012 1555 1067 liuent
1587 1015 1653 1067 ad
1677 1028 1801 1068 eum
1829 1029 2021 1068 onmes

433 1116 621 1177 gentes
652 1104 789 1175 (Isa.
822 1105 906 1173 ιι).
959 1123 977 1157 s
1013 1103 1110 1157 Hic
1150 1120 1305 1159 mons
1331 1105 1528 1159 dicitur
1558 1115 1869 1168 montanus,
1895 1107 2020 1174 quia

433 1198 521 1252 ubi
549 1196 820 1260 Christus,
860 1195 932 1249 ibi
959 1204 1014 1249 et
1045 1195 1229 1264 procul
1258 1196 1419 1250 dubio
1462 1195 1823 1250 Christianus.
1865 1214 1884 1248 ι
1923 1194 2019 1250 Ubi

432 1307 579 1353 sum,
620 1286 817 1356 inquit,
864 1300 1001 1356 ego,
1031 1285 1139 1341 illic
1166 1296 1223 1340 et
1249 1286 1496 1341 minister
1523 1302 1672 1342 meus
1701 1287 1808 1341 erit
1835 1285 2018 1359 (Joan.

434 1377 557 1449 xu).
594 1395 615 1429 ι

504 1470 708 1527 Deinde
740 1470 964 1526 veniunt
993 1467 1046 1525 in
1091 1470 1369 1537 Salmona,
1418 1473 1564 1543 quod
1607 1473 2019 1543 interpretatur,

433 1562 619 1616 uinbm
663 1562 939 1630 partionis.
991 1562 1058 1615 Et
1088 1562 1285 1618 merito
1329 1572 1619 1632 postquam
1670 1564 1726 1618 in
1757 1575 2018 1631 montem,

432 1655 524 1723 qui
552 1662 637 1709 est
668 1654 936 1718 Christus,
961 1656 1325 1720 ascendimus,
1352 1657 1604 1712 vitiorum
1636 1655 1900 1728 fugientes
1926 1673 2020 1712 ar-

2121 472 2263 541 quod
2292 473 2398 526 alia
2429 481 2661 527 testatur
2682 472 2868 538 editio,
2895 482 2949 527 et
2977 473 3080 529 hoc
3110 474 3179 529 ab
3210 474 3482 531 intellectu
3516 484 3694 533 trans-

2121 561 2365 616 euntium
2398 577 2501 615 non
2552 563 2789 619 aberrat.
2833 562 2932 618 Gai
2971 564 3235 634 siquidem
3280 565 3689 635 interpretatur,

2117 650 2297 705 chaos.
2346 651 2487 705 Dicit
2531 660 2712 706 autem
2760 652 3034 710 Abraham
3083 655 3272 709 diviti:
3312 674 3330 707 ι
3367 656 3502 723 Quia
3548 657 3694 714 inter

2120 756 2237 804 nos,
2267 750 2321 794 et
2342 755 2459 806 vos,
2488 741 2652 797 chaos
2675 759 2926 813 magnum
2950 745 3219 800 firmatum
3241 757 3324 802 est
3340 746 3493 819 (Luc.
3519 750 3687 821 “1).;

2117 828 2202 882 Ad
2254 830 2403 883 illum
2450 826 2580 901 Ergo
2614 834 2787 887 sancti
2820 848 3034 904 semper
3082 837 3314 892 transire
3358 838 3691 904 desiderant,

2123 926 2182 971 ut
2206 918 2257 971 in
2290 918 2403 987 ejus
2425 921 2569 988 sinu,
2600 923 2742 978 sicut
2766 931 2821 979 et
2846 924 3038 981 beatus
3064 926 3150 981 ille
3176 927 3436 997 Lazarus,
3462 930 3695 988 feliciter

2120 1014 2484 1081 requiescant.

2193 1104 2342 1158 Unde
2385 1105 2518 1159 satis
2564 1117 2688 1175 apte
2736 1109 3109 1180 consequitur,
3142 1119 3201 1166 ut
3228 1121 3350 1183 post
3393 1114 3559 1170 chaos
3590 1131 3692 1186 py-

2120 1193 2343 1247 thonum
2370 1205 2535 1264 atque
2573 1211 2873 1266 magorum,
2903 1200 3045 1269 quod
3078 1210 3161 1254 est
3200 1203 3487 1259 tenebrosa
3535 1205 3692 1260 calli-

2120 1285 2261 1340 ditas
2311 1286 2729 1353 haereticorum,
2775 1297 2973 1358 praesto
3020 1290 3238 1346 veniant
3287 1292 3341 1346 in
3392 1293 3693 1367 Dibougad,

2118 1374 2264 1443 quod
2321 1373 2630 1445 significare
2685 1377 2913 1441 dicitur,
2987 1380 3253 1450 apiarium
3309 1385 3691 1442 tentationmn.

2116 1464 2261 1535 Apes
2299 1465 2445 1519 enim
2475 1479 2572 1519 ore
2602 1466 2761 1521 mella
2799 1467 3013 1534 ferunt,
3045 1469 3139 1524 sed
3172 1471 3373 1526 aculeis
3408 1485 3690 1545 pungunt;

2120 1556 2199 1611 sic
2236 1566 2287 1612 et
2336 1557 2602 1623 hzeretici,
2653 1558 2834 1613 verbis
2884 1559 3100 1628 quidem
3151 1561 3435 1617 manifeste
3483 1564 3695 1620 blandi-

2122 1655 2303 1701 menta
2334 1649 2708 1718 praetendunt,
2740 1650 2834 1704 sed
2878 1652 3031 1719 quasi
3078 1660 3203 1721 post
3247 1667 3308 1709 se
3335 1655 3540 1710 erroris
3568 1671 3696 1712 acu-

396 1742 409 1749 ’
435 1745 647 1808 dorem,
688 1746 788 1800 sub
832 1744 1158 1801 defensionis
1204 1747 1322 1817 ejus
1350 1747 1668 1802 umbraculo
1700 1749 2018 1804 residemus.

2125 1737 2239 1792 leos
2286 1748 2602 1810 contegunt.
2650 1739 2834 1796 Primo
2883 1741 3149 1797 distillant
3194 1758 3291 1800 ore
3332 1745 3693 1813 dulcedinem,

420 1834 515 1890 De
551 1851 658 1904 qua
723 1836 976 1891 videlicet
1028 1838 1219 1891 umbra
1278 1852 1376 1907 per
1429 1836 1721 1893 Jeremiam
1776 1838 2019 1894 dicitur:

438 1939 458 1974 ι
493 1922 729 1993 Spiritus
769 1925 882 1979 oris
902 1925 1073 1979 nostri
1116 1924 1364 1981 Christus
1408 1926 1687 1990 Dominus,
1725 1939 1916 1997 captus
1940 1938 2024 1984 est

434 2013 487 2067 in
524 2014 762 2082 peccatis
798 2014 1021 2078 nostris,
1057 2015 1144 2069 cui
1173 2015 1445 2069 diximus:
1489 2014 1545 2069 In
1578 2017 1771 2071 umbra
1822 2012 1909 2072 tua
1944 2018 2023 2072 vi-

430 2118 623 2158 vemus
652 2104 705 2158 in
734 2105 984 2175 gentibus
1006 2105 1223 2175 (Thren.
1251 2106 1325 2177 tv)
1361 2125 1374 2161 :
1416 2127 1435 2159 ι
1481 2116 1538 2163 et
1568 2109 1792 2177 angelus
1820 2110 1887 2165 ad
1917 2110 2025 2165 Ma-

433 2192 611 2246 riam:
665 2210 684 2244 ι
715 2194 921 2258 Virtus,
977 2195 1172 2264 inquit.
1226 2195 1492 2251 Altissimi
1544 2199 1895 2253 obumbrabit
1926 2199 2023 2255 tibi

434 2280 589 2353 (Luc.
642 2282 704 2353 ι).
749 2302 767 2334 ι
822 2283 1076 2339 Salmona
1126 2286 1327 2352 etiam,
1374 2294 1435 2340 ut
1482 2285 1677 2341 alicubi
1732 2289 2022 2357 reperitur,

433 2373 777 2441 imaguncula
825 2374 1062 2429 dicitur:
1101 2377 1244 2444 quod
1292 2378 1478 2445 utique
1525 2376 1643 2433 loco
1688 2378 1761 2432 illi
1806 2381 2027 2436 nouab-

434 2463 597 2517 surde
644 2463 932 2530 congruit,
980 2465 1107 2518 dum
1164 2466 1236 2519 ibi
1290 2481 1475 2520 mineus
1528 2467 1615 2522 ille
1668 2483 1895 2537 serpens
1931 2484 2027 2538 ap—

435 2566 635 2619 pensus
686 2552 757 2606 sit
793 2550 984 2622 (Num.
1016 2567 1139 2617 1m;
1183 2551 1349 2607 Joan.
1386 2553 1490 2624 tn),
1530 2554 1623 2624 qui
1658 2555 1901 2610 crucifixi
1935 2571 2022 2611 re-

432 2649 725 2709 praesentat
753 2641 1037 2711 imaginem
1065 2641 1386 2698 Salvatoris.

1025 2732 1253 2788 CAPUT
1297 2734 1426 2789 Vlll.

545 2821 700 2887 Quod
726 2822 836 2877 oris
858 2826 1186 2893 parcimonia
1221 2826 1474 2880 transitus
1503 2826 1569 2879 sit
1602 2826 1656 2879 in
1686 2823 1916 2878 Pltiuon.

504 2913 595 2968 Fit
623 2923 883 2984 praeterea
915 2915 1177 2970 transitus
1211 2916 1263 2969 in
1305 2915 1535 2981 Phinon,
1583 2916 1727 2985 quod
1761 2916 2025 2985 interpre-

439 3012 583 3057 tatur
630 3020 709 3067 os,
764 3003 845 3059 vel
876 3005 981 3058 oris
1016 3006 1363 3075 parcimonia.
1412 3005 1479 3060 Et
1509 3021 1571 3062 os
1606 3007 1847 3076 quidem,
1896 3006 2021 3076 quia

2121 1830 2216 1884 sed
2258 1832 2601 1899 postmodum
2646 1842 2907 1903 spargunt
2946 1833 3205 1889 aculeata:
3246 1834 3499 1893 falsitatis
3541 1853 3695 1893 erro-

2124 1934 2255 1973 rem.
2307 1918 2459 1974 Unde
2504 1919 2776 1990 Propheta
2820 1923 3198 1993 conqueritur,
3248 1924 3474 1981 dicens:
3527 1946 3547 1980 (
3579 1928 3698 1984 Cir-

2122 2009 2517 2065 cumdederunt
2556 2027 2641 2065 me
2695 2012 2839 2067 sicut
2886 2028 3048 2083 apes,
3098 2025 3153 2069 et
3191 2026 3511 2072 exarserunt
3557 2019 3698 2075 sicut

2122 2098 2264 2170 ignis
2288 2100 2341 2153 in
2369 2100 2537 2171 spinis
2564 2098 2736 2171 (Psal.
2768 2104 2967 2173 cxvn).
2997 2124 3017 2156 ι

2190 2189 2322 2245 lude
2366 2190 2595 2260 profecti
2643 2193 2854 2248 suntin
2901 2192 3501 2265 Helmondeblathaim,
3550 2202 3696 2270 quod

2125 2280 2353 2335 vertitur
2385 2281 2437 2335 in
2469 2290 2835 2353 contemptum
2857 2284 3186 2353 palatarum,
3213 2288 3315 2343 hoc
3340 2300 3445 2355 est,
3473 2290 3692 2358 ﬂcuum,

2123 2372 2235 2424 sive
2270 2379 2606 2440 contemptus
2645 2374 2938 2443 opprobrii.
2991 2376 3150 2431 Ficus
3196 2388 3376 2433 autem
3406 2381 3693 2436 deliciosus

2123 2470 2207 2515 est
2250 2460 2480 2527 fruetus,
2522 2476 2618 2531 per
2639 2463 2784 2533 quod
2812 2464 3131 2535 intelligitur
3153 2469 3522 2524 necessarium
3551 2486 3695 2537 esse,

2124 2558 2182 2602 ut
2206 2550 2296 2619 qui
2322 2550 2434 2619 jam
2474 2550 2630 2605 donis
2658 2552 2971 2607 ccelestibus
3009 2556 3463 2626 appropinquant,
3496 2569 3695 2614 cuncta

2124 2638 2358 2694 carnalis
2408 2638 2678 2695 illeceb‘rxe
2722 2640 3089 2696 blandimenta
3130 2654 3502 2704 contemnant.
3540 2647 3696 2715 Quod

2123 2729 2169 2785 si
2200 2737 2541 2800 contemptus
2569 2730 2844 2800 opprobrii
2884 2733 3057 2802 magis
3103 2734 3429 2800 admittitur,
3460 2748 3558 2807 per
3593 2738 3696 2793 hoc

2123 2821 2495 2877 indubitanter
2537 2823 2827 2878 instruimu
2872 2864 2888 2890 ,
2928 2833 2988 2878 ut
3031 2825 3076 2879 si
3117 2826 3334 2895 quando
3361 2827 3448 2882 vel
3479 2830 3698 2883 lucreti-

2124 2926 2310 2966 corum
2330 2953 2345 2978 ,
2378 2914 2463 2967 vel
2493 2912 2846 2982 reproborum
2891 2914 3254 2984 quorumlibet
3281 2916 3701 2972 dehonestamur

2125 3002 2359 3072 injuriis,
2386 3018 2493 3056 non
2522 3003 2821 3058 tudiemur.
2862 3002 2968 3058 Per
3001 3005 3146 3074 quod
3175 3005 3384 3061 scilicet
3412 3017 3701 3079 utrumque

438 3108 560 3147 mox
589 3101 648 3146 ut
677 3094 944 3161 passionis
974 3094 1177 3149 Christi
1220 3105 1560 3151 sacramenta
1617 3097 2021 3167 cognoscimus,
2049 3079 2093 3142 Ο
2125 3094 2412 3149 salubriter
2455 3093 2766 3158 edocemur,
2821 3102 2879 3147 ut
2931 3110 3031 3149 nos
3085 3110 3189 3151 nec
3243 3096 3514 3152 inhonesti
3566 3114 3697 3153 con-

437 3184 581 3253 quod
615 3184 779 3240 corde
806 3186 1098 3251 credimus,
1124 3200 1220 3241 ore
1247 3186 1697 3255 pronuntiamus;
1729 3187 1869 3242 sicut
1891 3189 2025 3243 scri-

437 3284 589 3347 ptum
649 3288 769 3332 est:
847 3296 865 3329 ‹
900 3277 1145 3338 Credidi.
1169 3288 1390 3349 propter
1451 3280 1597 3350 quod
1637 3278 1847 3335 locutus
1901 3296 2022 3336 sum

439 3364 613 3437 (Psal.
665 3384 813 3439 cxv).
851 3388 870 3421 ι
933 3368 1001 3423 Ει
1028 3368 1361 3439 Apostolus:
1420 3387 1439 3421 ι
1472 3369 1647 3426 Corde
1676 3371 1919 3425 creditur
1956 3372 2024 3427 ad

432 3457 721 3527 justitiam,
754 3476 849 3515 ore
875 3470 1055 3515 autem
1098 3461 1368 3517 confessio
1397 3461 1458 3515 fit
1485 3463 1552 3518 ad
1590 3462 1814 3517 salutem
1842 3463 2020 3533 (Rom.

439 3546 519 3618 ι).
548 3566 569 3598 ι
612 3546 736 3602 Oris
764 3563 892 3604 vero
922 3550 1256 3619 parcimonia
1304 3550 1532 3617 dicitur;
1590 3551 1714 3620 quia
1745 3552 1870 3605 dum
1914 3560 2022 3605 tam

438 3634 705 3706 profunda
736 3636 1126 3708 redemptionis
1157 3639 1406 3694 humanae
1449 3642 1706 3710 mysteria
1736 3650 2023 3710 penetrare

441 3743 546 3781 non
578 3743 886 3794 possumus,
911 3728 1067 3798 quasi
1093 3730 1177 3784 ori
1206 3741 1390 3785 nostro
1442 3730 1666 3801 digitum
1698 3732 2021 3802 superponi-

442 3834 586 3883 mus,
626 3828 686 3872 ut
724 3818 1027 3875 divinitatis
1055 3818 1257 3874 Christi
1312 3818 1687 3874 celsitudinem
1725 3821 2023 3891 majoribus

442 3906 829 3973 relinquentes,
864 3908 930 3961 de
958 3907 1071 3964 sola
1103 3918 1309 3961 tantum
1369 3906 1486 3975 ejus
1519 3922 1682 3963 cruce
1706 3916 2019 3964 tracteums.

444 3993 598 4046 Sicut
625 3994 759 4047 dicit
788 3995 1079 4064 Apostolus
1109 4010 1124 4048 :
1163 4013 1180 4046 ι
1215 3995 1360 4049 Nihil
1389 3994 1626 4063 judicavi
1667 4012 1753 4051 me
1776 3999 1919 4052 scire
1947 3999 2024 4052 in-

443 4093 526 4138 ter
551 4100 669 4148 vos,
719 4084 819 4140 nisi
847 4085 1121 4141 Christum
1149 4087 1352 4152 Jesum,
1398 4086 1462 4143 et
1508 4087 1653 4143 hunc
1701 4089 2020 4145 crucifixum

440 4171 493 4244 (I
524 4171 646 4227 Cor.
737 4176 820 4244 ιι).
860 4194 879 4227 ι

509 4262 640 4317 Post
660 4263 774 4318 hch
802 4265 1027 4333 profecti
1058 4277 1185 4321 sunt
1208 4268 1260 4321 in
1292 4266 1493 4331 Oboth,
1520 4270 1662 4336 quod
1687 4268 1874 4338 utique
1896 4285 2018 4324 ver-

445 4355 576 4411 titur
602 4358 654 4411 in
684 4375 887 4428 magos,
933 4360 1046 4414 sive
1088 4361 1361 4430 pythones.
1406 4361 1635 4431 Propter
1677 4364 1818 4431 quod
1863 4364 2020 4416 datur

444 4446 694 4519 intelligi,
738 4449 863 4519 quia
914 4458 1035 4519 post
1080 4450 1366 4519 imaginem
1416 4451 1543 4514 Dei,
1591 4467 1709 4520 quze
1753 4453 1804 4504 in
1841 4452 2019 4505 cordis

447 4540 653 4593 ratione
681 4542 1003 4610 concipitur,
1044 4551 1162 4610 post
1189 4540 1353 4611 569
1381 4551 1654 4610 acceptam
1682 4541 1858 4603 Iidem,
1901 4556 2020 4609 (μιαί

448 4630 559 4683 oris
604 4629 951 4685 confessione
1001 4630 1311 4702 profertur;
1369 4639 1702 4700 consurgunt
1735 4631 2018 4683 adversum

447 4736 543 4773 nos
582 4721 844 4786 haeretici,
874 4737 1114 4777 errorem
1156 4730 1431 4777 venenatae
1478 4722 1715 4791 perﬁdia:
1756 4720 2022 4791 dogmati-

446 4822 651 4879 zantes,
680 4824 933 4884 tauquam
978 4816 1262 4885 pytltones,
1292 4826 1346 4869 et
1381 4815 1519 4884 magi
1558 4814 1802 4868 malefica
1836 4816 2021 4869 incan-

448 4905 705 4957 tationum
739 4904 977 4958 carmina
1012 4916 1445 4975 conspergentes.

514 4992 653 5046 llinc
701 4994 959 5048 transitur
1003 4995 1055 5048 in
1097 4995 1374 5059 Gebarim,
1417 5010 1538 5065 quae
1569 5004 1651 5049 est
1703 4995 1756 5049 in
1815 4996 2015 5050 ﬁnibus

449 5084 828 5139 .‘loabitarnm.
882 5085 1135 5140 Gebarim
1180 5087 1450 5157 significat
1509 5102 1734 5141 acervos
1782 5086 2018 5154 lapidum

445 5176 861 5229 transeuntium.
906 5176 995 5230 lsli
1051 5192 1214 5246 porro
1258 5186 1384 5232 sunt
1419 5177 1624 5247 lapides
1674 5177 1801 5242 vivi,
1844 5176 2019 5231 sanc:i

442 5268 674 5329 scilicet,
722 5283 786 5321 ex
817 5268 1013 5337 quibus
1058 5282 1163 5322 non
1201 5268 1361 5323 modo
1401 5268 1739 5322 Hierusalem
1785 5283 2017 5338 superna

338 5410 345 5431 ;
443 5360 799 5423 construitur,
830 5361 921 5415 sed
960 5370 1014 5415 et
1039 5375 1275 5430 przrscns
1307 5359 1545 5417 Ecclesia
1578 5372 1832 5431 tanquam
1872 5376 2018 5413 mar-

442 5450 637 5519 garitis
666 5450 1085 5505 coruscantibus
1128 5453 1440 5507 adornatur.
1475 5451 1576 5516 Qui
1612 5451 1809 5504 merito
1839 5459 2019 5504 trans-

444 5549 636 5593 euntes
677 5539 957 5604 dicuntur,
1002 5543 1129 5611 quia
1175 5552 1391 5596 terrena
1422 5542 1695 5610 qtnclibet,
1728 5556 1793 5596 ac
1820 5540 2022 5595 transi-

447 5632 581 5685 toria
634 5640 812 5685 mente
854 5631 1114 5696 calcant,
1167 5640 1328 5702 atque
1376 5632 1442 5684 ad
1499 5631 1738 5687 coelestia
1790 5630 2024 5689 transire

2128 3192 2360 3254 temptus
2389 3183 2569 3239 irrisio
2602 3193 2839 3251 moveat,
2869 3199 2969 3239 nec
2994 3184 3103 3238 ulla
3132 3193 3361 3241 terrena:
3399 3187 3699 3245 dulcedinis

2126 3276 2517 3331 oblectamenta
2569 3274 2873 3340 resolvant,
2923 3285 3193 3343 quatenus
3238 3276 3306 3331 de
3349 3277 3452 3332 hoc
3498 3278 3701 3332 mundo

2125 3365 2400 3420 valeamus
2450 3366 2630 3420 dicere
2684 3380 2805 3419 cum
2852 3363 3160 3435 Propheta:
3215 3385 3233 3416 ι
3263 3365 3416 3422 Sicut
3465 3368 3699 3425 tenebla:

2125 3453 2261 3523 ejus,
2291 3452 2361 3506 ita
2392 3461 2448 3507 et
2474 3452 2655 3509 lumen
2690 3453 2807 3523 ejus
2846 3451 3021 3525 (Psal.
3053 3455 3339 3526 cxxxvqt).
3373 3474 3393 3507 ι

2196 3542 2322 3597 lude
2388 3544 2748 3615 commigrant
2810 3545 2877 3599 ad
2935 3553 3149 3601 montes
3219 3546 3441 3601 Abarim
3506 3558 3699 3604 contra

2125 3632 2297 3688 Nubo.
2326 3632 2567 3697 Abarim,
2602 3636 2893 3700 transitus;
2936 3633 3107 3701 Nabo,
3142 3636 3398 3692 abscessio
3427 3637 3699 3709 interpre-

2125 3734 2290 3790 tatur,
2321 3726 2411 3779 ubi
2450 3726 2660 3781 scilicet
2687 3727 2893 3792 anima,
2937 3728 3094 3797 quasi
3140 3743 3239 3798 per
3264 3744 3453 3784 onmes
3487 3729 3699 3785 itineris

2124 3817 2452 3881 mansiones,
2486 3804 2581 3871 ita.
2594 3832 2693 3886 per
2720 3826 2942 3872 cunctas
2974 3817 3140 3873 fuerit
3186 3834 3473 3889 progressa
3522 3822 3698 3876 virtu-

2124 3913 2237 3970 tes;
2296 3906 2420 3974 quia
2464 3905 2576 3975 jam
2633 3906 2703 3960 ad
2765 3906 2979 3961 culmen
3025 3906 3373 3976 perfectionis
3420 3911 3695 3975 ascendit,

2124 4005 2303 4050 mente
2360 4011 2483 4048 mox
2538 3995 2729 4049 transit
2775 4011 2840 4050 ex
2894 3996 2997 4050 hoc
3051 3995 3269 4061 sarculo,
3318 4005 3373 4050 et
3426 3998 3690 4053 abscedit.

2114 4079 2249 4146 Qua:
2310 4077 2589 4144 nimirum,
2657 4078 2760 4134 etsi
2827 4078 3007 4135 adhuc
3069 4095 3294 4136 manere
3337 4081 3588 4138 vldeatur
3639 4085 3692 4141 in

2112 4172 2342 4237 mundo,
2392 4172 2444 4226 iu
2477 4184 2638 4224 carne
2680 4182 2898 4240 tamen,
2950 4187 3062 4227 non
3120 4176 3415 4229 secundum
3468 4190 3692 4230 carnem

2112 4266 2397 4320 ambulans
2424 4262 2596 4334 (Rom.
2620 4264 2886 4333 vm),jam
2910 4274 3133 4321 recessit
3151 4282 3183 4321 e
3206 4267 3428 4339 mundo.
3449 4265 3601 4322 Sicut
3627 4267 3696 4322 de

2124 4352 2307 4407 Enoch
2337 4351 2572 4406 dicitur:
2605 4370 2622 4402 ι
2653 4351 2716 4405 Et
2741 4366 2844 4405 non
2878 4351 3277 4416 inveniebatur,
3300 4350 3426 4420 quia
3460 4360 3700 4407 transtu~

2050 4419 2098 4477 ι)
2125 4446 2187 4500 lit
2212 4445 2363 4499 illum
2393 4445 2533 4499 Deus
2556 4441 2707 4516 (Gen.
2736 4444 2812 4511 v).
2844 4462 2862 4496 ι
2890 4443 2966 4497 lta
2993 4444 3241 4514 quisquis
3266 4419 3552 4501 sanctitate
3571 4460 3695 4515 per.

2123 4534 2319 4595 fectus.
2345 4543 2401 4587 et
2430 4534 2629 4587 nnme
2650 4533 2761 4601 jam
2794 4543 3038 4605 mortuus
3064 4534 3379 4603 pertransiit
3409 4536 3691 4602 mundust,

2122 4636 2176 4682 et
2200 4625 2409 4680 habitat
2434 4625 2486 4678 in
2517 4625 2735 4695 regione
2762 4625 3040 4678 virtutum.

2194 4715 2473 4769 Postrema
2510 4729 2639 4768 vero
2670 4714 2877 4767 mansio
2914 4722 2997 4767 est
3030 4714 3082 4766 in
3113 4716 3510 4784 campestribus
3539 4716 3695 4773 MO‘lb

2124 4821 2286 4874 super
2313 4804 2601 4858 Jordauem
2641 4812 2828 4858 contra
2875 4803 3111 4859 Jcricho.
3143 4805 3223 4859 Ad
3268 4806 3370 4861 hoc
3412 4808 3556 4860 enim
3587 4818 3694 4861 tam

2126 4893 2269 4965 longi
2319 4893 2529 4962 itineris
2581 4892 2838 4946 transitus
2890 4892 3089 4960 agitur,
3143 4892 3209 4947 ad
3263 4894 3364 4948 hoc
3412 4894 3576 4967 570
3618 4906 3697 4950 tot

2126 4984 2439 5047 teruminis,
2488 4998 2553 5037 ac
2603 4984 2875 5038 laboribus
2915 4998 3011 5052 per
3050 4993 3256 5038 vastam
3303 4984 3462 5055 hujus
3508 4989 3694 5041 mutuli

2125 5076 2466 5131 solitudinem
2495 5076 2813 5146 suspiratur,
2849 5086 2906 5129 ut
2934 5077 3264 5147 applicemus
3293 5079 3360 5133 ad
3381 5077 3694 5148 Jordanem,

2124 5170 2226 5225 hoc
2269 5179 2371 5233 est,
2415 5170 2736 5223 accedamus
2781 5169 2848 5223 ad
2895 5170 3275 5225 inexhaustam
3321 5170 3563 5226 ctelestis
3606 5186 3691 5225 sa-

2122 5261 2341 5332 pientia:
2385 5260 2796 5329 plenitudinem.
2844 5260 3002 5315 Juxta
3056 5277 3218 5329 quam
3247 5261 3698 5332 peregrinationis

2128 5363 2327 5409 nostra:
2378 5352 2781 5407 tabernaculum
2828 5360 3227 5417 construentes,
3270 5352 3386 5423 ejus
3415 5351 3637 5416 liuentis
3664 5370 3694 5409 a

2128 5446 2339 5500 mutetis
2365 5461 2463 5499 nos
2480 5443 2697 5516 Egypti
2721 5443 3063 5513 squaloribus
3076 5458 3427 5513 prepcremus
3451 5445 3702 5509 abluere,

2130 5549 2189 5591 ut
2230 5538 2495 5607 puriﬁcati
2550 5544 2750 5589 terram
2805 5534 3244 5603 repromissionis
3298 5534 3587 5593 valeatnns
3618 5537 3701 5593 iu-

2118 5638 2296 5695 Vtrarc,
2327 5639 2385 5684 ut
2414 5628 2603 5693 simus,
2627 5626 2765 5681 sicut
2792 5626 2857 5681 de
2885 5641 3079 5696 sponsa
3112 5625 3164 5680 iu
3197 5627 3434 5705 Cantieis
3465 5628 3657 5683 dicitur
3683 5641 3700 5682 :
