4074 6190
383 244 486 299 559

842 246 900 300 S.
931 243 1134 300 PETRI
1176 243 1455 299 DAMIANI
1495 244 1645 300 ΟΝ).
1687 242 1925 299 TOMUS

2030 244 2095 300 ΕΙ]
2133 244 2311 299 PARS
2345 244 2430 299 lii.
2462 276 2531 285 ——
2560 242 2927 301 OPUSCUL’A
2964 242 3198 299 ὛΛΒΙΆ.

3528 245 3643 299 ῢϐυ

386 381 402 410 ι
433 358 585 413 Oculi
635 362 754 429 ejus
799 359 943 413 sicut
982 340 1244 413 columbae
1292 372 1453 427 super
1476 357 1623 411 rivos
1664 371 1956 427 aquarum,
1986 365 2030 421 Α
2062 357 2300 412 iumnam
2331 374 2359 411 a
2389 358 2617 423 dextris,
2665 366 2722 413 et
2766 350 2992 411 alteram
3022 357 3203 427 posuit
3234 373 3262 411 a
3309 357 3547 415 sinistris
3570 377 3585 427 ;
3608 381 3636 414 ν

376 466 496 520 quae
523 450 663 505 lacte
690 460 816 505 sunt
860 450 1002 515 lotae,
1047 457 1102 503 et
1145 448 1384 503 resident
1418 449 1570 518 juxta
1615 448 1814 503 ﬂuenta
1846 449 1961 519 ple-
2061 450 2153 504 ubi
2186 466 2308 504 mox
2343 450 2632 519 sequitur:
2679 466 2698 500 ‹
2730 449 2885 512 Eam,
2924 463 3046 517 qua}
3087 463 3117 502 a
3155 447 3359 502 dextris
3381 458 3521 515 erat,
3549 467 3643 505 vo-

361 543 602 597 ~nissima
638 542 816 612 (Cant.
861 540 938 611 v).
972 560 989 592 ι
1045 540 1113 594 Et
1156 540 1455 595 notandum
1504 541 1647 609 quod
1694 542 1959 610 profectio

358 632 480 688 ista
526 648 631 688 non
661 633 713 687 in
743 632 1052 695 montibus,
1088 632 1181 685 sed
1212 632 1267 685 in
1299 632 1696 701 campestribus
1723 632 1954 699 desinit;

372 724 628 793 quoniam
672 723 851 777 sancti
894 722 1098 791 quique
1124 728 1327 790 quanto
1363 721 1577 776 celsiori
1622 722 1957 790 perfectione

358 821 497 865 sunt
542 812 780 882 praiditi,
812 820 963 866 tanto
1008 810 1203 880 majori
1239 820 1365 864 sunt
1390 810 1695 867 humilitate
1722 811 1953 866 fundati.

354 900 472 969 ‘Qui
500 902 669 955 etiam
703 910 891 955 contra
918 900 1137 955 Jericho
1170 901 1478 956 mansiones
1506 902 1793 966 aedificant,
1822 916 1955 973 quo-

372 990 518 1045 uiam
549 991 809 1046 adversus
853 990 1146 1055 mundum,
1195 991 1287 1059 qui
1331 1005 1427 1059 per
1455 1005 1573 1045 eam
1618 992 1952 1062 designatur,

355 1080 825 1135 sinfoederabiliter
855 1080 1126 1149 pugnant.
1165 1079 1375 1147 Quibus
1410 1079 1610 1134 dicitur
1642 1099 1657 1135 :
1711 1100 1730 1133 ‹
1776 1082 1834 1138 Si
1886 1084 1954 1139 de

362 1169 566 1223 mundo
598 1169 858 1235 fuissetis,
910 1170 1141 1224 mundus
1166 1170 1308 1239 quod
1341 1186 1496 1226 suum
1522 1181 1640 1226 erat
1671 1172 1949 1242 diligeret;

355 1261 456 1314 sed
503 1260 628 1329 quia
670 1261 737 1315 de
781 1261 981 1316 mundo
1030 1276 1136 1315 non
1178 1262 1339 1327 estis,
1366 1270 1653 1333 propterea
1696 1264 1813 1319 odit
1857 1278 1953 1319 vos

361 1352 592 1406 mundus
628 1352 810 1423 (Joan.
840 1350 954 1423 xv).
982 1370 1004 1405 θ

964 1441 1193 1498 CAPUT
1231 1442 1323 1497 1X.

716 1533 923 1604 Epilogi
946 1543 995 1588 et
1021 1535 1260 1604 opusculi
1283 1536 1567 1590 conclusio.

350 1642 355 1648 ·
430 1623 553 1678 Ilaec
603 1624 721 1688 tibi,
762 1624 1091 1680 venerabilis
1120 1624 1313 1692 frater,
1350 1627 1416 1681 de
1440 1626 1754 1681 lsraelitleis
1787 1642 1945 1681 man—

2058 544 2203 598 cavit
2237 542 2473 607 Jachim,
2503 560 2521 593 i
2558 543 2662 596 hoc
2697 550 2811 607 est,
2844 539 3070 607 ﬁrmitas
3094 553 3113 591 :
3149 558 3168 591 ι
3200 548 3256 592 et
3287 554 3406 609 qua:
3442 541 3509 595 ad
3551 541 3644 597 lai-

2058 649 2201 698 vam,
2226 633 2367 689 Booz
2396 632 2471 703 (Il
2504 631 2689 686 Paral.
2721 631 2828 701 ιιι),
2865 648 2883 682 ι
2920 630 3023 684 hoc
3051 630 3222 691 cst,in
3251 631 3455 683 robore.

2128 724 2267 790 Quid
2294 724 2438 779 enim
2465 737 2561 793 per
2589 721 2918 786 columnam,
2956 734 3077 790 qua:
3116 734 3146 773 a
3183 719 3391 774 dextris
3418 728 3556 786 erat,
3585 730 3641 776 et

2055 823 2283 869 vocatur
2312 813 2574 878 firmitas,
2616 811 2782 867 debet
2823 810 3072 881 intelligi,
3119 810 3224 864 nisi
3263 810 3482 865 dilectio
3511 810 3640 865 Dei?

2058 906 2123 961 Et
2147 905 2277 976 quid
2302 920 2397 976 per
2427 920 2570 969 eam,
2599 919 2720 973 quae
2750 918 2777 956 a
2817 902 3057 957 sinistris
3093 908 3175 955 est
3194 940 3210 967 ,
3238 909 3293 956 et
3326 909 3557 956 vocatur
3585 903 3635 957 in

2055 999 2271 1064 robore,
2305 996 2409 1053 nisi
2438 995 2657 1051 dilectio
2685 992 2957 1066 proximi?
2988 990 3148 1046 Aliud
3182 1001 3268 1046 est
3296 991 3441 1047 enim
3470 991 3638 1047 firmi-

2055 1095 2159 1153 tas,
2206 1088 2309 1142 lioc
2354 1094 2441 1140 est
2481 1084 2656 1154 ipsum
2705 1082 2863 1153 571
2895 1081 3083 1148 robur,
3121 1080 3267 1136 aliud
3310 1081 3371 1135 in
3396 1081 3632 1146 robore;

2054 1175 2314 1245 quoniam
2342 1173 2487 1229 aliud
2518 1180 2614 1227 est
2651 1171 2876 1241 diligere
2905 1170 3082 1241 ipsum
3118 1169 3310 1235 Deum,
3341 1168 3488 1224 aliud
3503 1169 3637 1223 dili-

2053 1282 2181 1340 gere
2206 1267 2513 1337 proximum
2542 1265 2597 1319 in
2619 1264 2749 1319 Deo.
2774 1263 2830 1318 lu
2858 1262 3149 1318 dilectione
3174 1262 3375 1332 quippe
3398 1262 3631 1332 proximi

2052 1370 2306 1413 mensura
2370 1355 2627 1426 ponitur;
2683 1353 2853 1408 Deum
2905 1367 3040 1408 vero
3087 1352 3315 1423 diligere
3362 1352 3479 1407 sine
3523 1352 3630 1407 ulla

2028 1462 2273 1517 prorsus
2295 1454 2546 1501 mensura
2569 1444 2849 1514 jubemur.
2878 1442 2940 1497 in
2988 1442 3262 1497 vestibulo
3284 1456 3413 1513 ergo
3444 1442 3629 1511 templi

2050 1537 2376 1600 columnam,
2408 1551 2529 1605 qua:
2560 1534 2791 1589 firmitas
2817 1542 3062 1596 vocatur,
3092 1532 3385 1602 erigimus,
3414 1546 3537 1586 cum
3570 1533 3624 1586 in

2050 1628 2153 1684 hac
2181 1628 2427 1699 prmsenti
2455 1627 2720 1690 Ecclesia,
2747 1641 2869 1695 qua:
2910 1625 3150 1680 caelestis
3184 1625 3330 1679 illius
3371 1623 3626 1679 Ecclesiae

364 1716 611 1769 sionibus
633 1715 970 1780 summatim,
996 1716 1299 1786 raptimque
1330 1717 1785 1781 transcurrimus;
1814 1732 1941 1786 pro-
1966 1711 2019 1771 Β
2048 1722 2367 1778 vestibulum
2403 1728 2511 1786 est,
2538 1719 2707 1774 Deum
2742 1719 2868 1773 totis
2896 1719 3105 1773 viribus
3131 1717 3382 1780 firmiter,
3413 1725 3468 1769 et
3489 1729 3623 1772 eou-

352 1804 613 1860 "fnndiora
647 1820 776 1860 vero
802 1806 1057 1877 mysteria
1103 1808 1376 1861 vacationi
1424 1818 1549 1873 tuac,
1579 1824 1699 1877 qum
1722 1808 1972 1863 liberior

354 1907 458 1963 est,
498 1915 858 1954 reservamus.
890 1900 1198 1969 inquirendi
1228 1901 1466 1969 quidem,
1497 1902 1578 1957 vel
1609 1901 1938 1970 intelligendi

349 1992 603 2046 dedimus
647 1992 1022 2056 occasionem,
1053 2007 1157 2046 non
1202 2001 1383 2047 autem
1409 1992 1586 2062 plenae
1612 1992 1939 2047 contulimus

357 2080 725 2152 intciiigeutize
757 2080 1090 2136 facultatem.
1137 2082 1204 2137 Et
1228 2098 1328 2138 nos
1373 2084 1590 2152 quidem
1618 2082 1936 2138 earumdem

356 2172 697 2226 mansionum
744 2172 1125 2226 tantummodo
1166 2174 1323 2241 quasi
1360 2173 1558 2243 januas
1600 2173 1933 2250 aperuimus,

351 2272 456 2315 tuae
482 2262 786 2330 prudentia:
819 2263 892 2317 sit
933 2277 1026 2317 eas
1071 2263 1301 2332 ingredi,
1332 2278 1629 2333 earumque
1676 2264 1934 2333 mysteria

346 2353 497 2406 velut
523 2352 732 2406 occulta
769 2354 1010 2407 thesauri
1060 2352 1299 2408 cmlestis
1336 2354 1536 2408 talenta
1566 2354 1771 2408 rimari.
1803 2354 1934 2408 Mihi

346 2451 527 2498 autem
555 2444 820 2498 duntaxat
848 2445 1152 2498 obtinuisse
1194 2444 1440 2509 suiiiciat,
1477 2456 1536 2499 ut
1562 2444 1747 2499 fatuus
1788 2445 1935 2513 quis-

347 2546 454 2602 que
481 2532 728 2587 nesciens
758 2547 878 2602 quae
920 2532 1183 2601 loquitur,
1225 2532 1310 2586 vel
1343 2532 1410 2586 de
1451 2532 1647 2601 quibus
1674 2531 1930 2597 affirmat,

345 2640 450 2679 non
475 2625 703 2679 ulterius
729 2625 935 2694 garriat
970 2626 1086 2679 haec
1115 2625 1249 2680 nihil
1290 2626 1539 2680 utilitatis
1572 2624 1801 2691 afferre;
1833 2626 1928 2680 sed

346 2716 589 2785 mysticis
620 2715 1004 2785 allegorarium
1035 2715 1400 2784 spiritualium
1430 2715 1788 2770 sacramentis
1818 2731 1924 2769 non

342 2805 553 2860 dubitet
581 2804 761 2857 omnia
809 2804 1136 2859 redundare.
1183 2803 1291 2859 Nos
1337 2805 1521 2875 itaque
1559 2814 1681 2876 post
1726 2816 1925 2861 metata

342 2903 417 2948 tot
448 2894 789 2948 mansionum
822 2904 1028 2961 castra,
1060 2905 1182 2966 post
1212 2905 1321 2950 tam
1362 2896 1533 2968 longae
1569 2897 1925 2967 profectionis

343 3000 646 3049 :erumnas,
676 2986 856 3040 Aaron
906 2994 958 3040 et
1001 2985 1185 3059 Moyse
1210 2987 1324 3057 iam
1366 2980 1655 3055 de‘functis,
1688 2991 1790 3045 hoc
1821 3002 1922 3058 est,

2044 1822 2255 1869 stanter
2286 1826 2550 1867 amamus.
2580 1810 2702 1879 ipsa
2739 1810 2939 1879 quippe
2986 1807 3237 1873 dilectio,
3286 1807 3428 1861 sicut
3463 1805 3624 1861 Joan-

2044 1919 2139 1958 nes
2175 1903 2512 1971 Evangelista
2561 1900 2850 1971 perbibet,
2896 1899 3037 1953 Deus
3066 1908 3151 1953 est
3200 1896 3272 1968 (l
3312 1898 3474 1952 Joan.
3520 1897 3620 1968 tv).

1992 2050 2001 2058 ,
2045 1993 2108 2047 Et
2132 1994 2197 2047 de
2226 1993 2337 2047 Deo
2365 1992 2633 2062 Propheta
2664 1989 2887 2061 psallit:
2928 2009 2946 2041 ι
2979 1987 3058 2042 Tu
3096 2004 3160 2044 es
3186 1988 3330 2044 Deus
3365 2002 3538 2052 meus,
3566 1997 3623 2043 et

2039 2083 2317 2139 fortitudo
2343 2098 2461 2138 mea
2492 2082 2665 2155 (Psal.
2696 2082 2853 2151 xui).
2886 2100 2906 2134 ι
2942 2081 3261 2136 Columuam
3292 2095 3450 2143 vero,
3494 2094 3616 2149 qua:

2036 2184 2262 2229 vocatur
2316 2176 2368 2229 iu
2418 2175 2645 2237 robore,
2704 2172 2759 2226 in
2806 2172 3026 2226 sinistra
3085 2169 3327 2239 ejusdem
3367 2168 3617 2224 vestibuli

2022 2274 2192 2335 parte
2235 2266 2546 2329 statuimus,
2596 2278 2723 2317 cum
2764 2263 3068 2333 proximum
3101 2272 3346 2316 nostrqu
3391 2260 3447 2314 in
3476 2259 3607 2323 Deo,

2036 2356 2176 2410 sicut
2209 2355 2570 2423 nosmetipsos
2615 2367 2883 2407 amamus.
2934 2350 3035 2407 Ubi
3088 2351 3418 2416 notandum,
3470 2351 3613 2419 quod

2036 2447 2320 2516 Scriptura
2372 2444 2760 2515 prosequitur:
2806 2460 2826 2493 ι
2856 2440 2967 2496 Nec
3013 2456 3121 2495 nou
3171 2450 3228 2495 et
3275 2440 3428 2510 quasi
3459 2448 3611 2494 cate-

2034 2536 2190 2592 nulas
2216 2534 2269 2589 in
2297 2534 2540 2598 oraculo,
2582 2541 2637 2587 et
2677 2532 2837 2603 572
2865 2532 3210 2601 superposuit
3232 2546 3324 2586 cas
3343 2530 3611 2601 capitibus

2024 2627 2404 2682 columnarum
2437 2623 2512 2693 (II
2542 2622 2672 2677 Par.
2703 2632 2812 2690 ιιι).
2845 2644 2863 2675 ι
2889 2623 2946 2678 In
2976 2632 3175 2678 nostra:
3217 2622 3415 2692 quippe
3452 2635 3605 2677 meu-

1982 2714 1995 2725 '
2027 2719 2102 2773 tis
2130 2717 2351 2772 oraculo
2383 2717 2651 2786 capitibus
2682 2716 3056 2771 columnarum
3100 2714 3381 2770 calenulas
3421 2729 3609 2784 super-

2028 2808 2304 2878 poniinus,
2344 2806 2542 2877 quibus
2570 2806 2779 2861 scilicet
2817 2815 3103 2875 utramque
3135 2805 3442 2861 columnam
3476 2806 3610 2861 sibi-

2018 2909 2141 2954 ‘met
2191 2898 2429 2954 invicem
2478 2908 2902 2963 connectamus;
2952 2898 3078 2968 quia
3124 2913 3226 2952 nec
3277 2897 3442 2952 Deum
3492 2900 3609 2953 sine

2027 2989 2307 3058 proximo,
2357 3002 2460 3043 nec
2491 2988 2797 3057 proximum
2843 3001 2972 3041 vere
3011 2986 3283 3055 diligimus
3320 2986 3438 3041 sine
3472 2985 3603 3041 Deo.

340 3078 509 3131 veteri
543 3078 849 3134 sacerdotio
898 3094 963 3134 ac
1011 3079 1126 3150 lege
1161 3079 1382 3146 solutis,
1431 3081 1742 3138 sub‘Josue
1788 3084 1923 3140 duce
1950 3063 1995 3122 (ἶ
2026 3080 2181 3146 Quod
2211 3080 2396 3150 Illique
2445 3077 2703 3149 ιειηριωη
2754 3086 2840 3143 lu.
2884 3076 3212 3132 venerabilis
3232 3076 3421 3143 Γηιθΐυ
3464 3078 3605 3145 0P”-

338 3175 540 3220 terram
580 3168 903 3237 evangelica:
949 3170 1385 3239 repromissionis
1436 3187 1622 3227 sumus
1668 3173 1915 3241 ingressi.

341 3258 592 3326 Terram,
629 3263 868 3333 inquam,
921 3264 1060 3319 lacte
1115 3281 1179 3320 ac
1230 3266 1387 3321 melle
1432 3278 1761 3333 manantem,
1817 3270 1918 3326 hoc

330 3361 437 3417 est,
485 3352 842 3408 humanitatis
891 3353 1090 3409 Christi
1129 3363 1292 3424 atque
1327 3356 1628 3411 divinitatis
1660 3360 1918 3430 mysteria

334 3438 729 3510 profluentem;
767 3443 975 3512 quibus
1013 3444 1199 3513 utique
1238 3442 1352 3511 jam
1397 3445 1472 3498 nil
1522 3446 1669 3501 aliud
1709 3457 1916 3515 restat,

336 3529 439 3583 nisi
468 3538 526 3583 ut
572 3530 623 3583 in
670 3530 1004 3585 Hierusalem
1048 3533 1285 3602 pectoris
1328 3534 1498 3588 nostri
1539 3544 1919 3591 construamus

336 3620 566 3675 Domino
598 3623 876 3692 templum,
901 3624 973 3677 ita
1004 3625 1198 3678 decore
1230 3624 1488 3680 virtutum
1514 3635 1768 3696 tanquam
1794 3629 1910 3683 auri

334 3722 390 3767 et
435 3718 667 3784 argenti,
715 3715 1063 3785 omniumque
1106 3731 1441 3785 gemmarum
1484 3717 1748 3772 varietate
1785 3734 1910 3773 cou-

331 3803 600 3871 spiceum.
627 3804 683 3857 in
709 3803 863 3872 cujus
892 3805 1093 3861 scilich
1129 3806 1312 3876 templi
1342 3806 1611 3862 vestibulo
1641 3807 1778 3862 duas
1806 3808 1911 3863 cri-

334 3911 525 3964 gamus
556 3895 680 3950 hinc
708 3897 833 3951 inde
856 3897 1135 3961 columnas
1158 3899 1223 3952 ad
1251 3896 1557 3955 Salomonis
1577 3900 1905 3970 exemplum,

329 3996 591 4055 ponentes
611 3997 667 4045 et
695 3988 974 4043 catenulas
997 3989 1048 4042 in
1077 3990 1390 4046 earumdem
1419 3990 1684 4061 capitibus
1703 3989 1909 4044 colum-

327 4091 542 4131 narum.
573 4076 725 4132 Sicut
751 4079 895 4132 enim
926 4076 1206 4146 Scriptura
1246 4088 1515 4134 testatur:
1557 4098 1575 4129 ι
1605 4078 1778 4135 Unam
1810 4094 1905 4134 co-

2028 3187 2115 3226 me
2158 3181 2340 3243 potes,
2391 3171 2501 3227 Deo
2531 3186 2747 3224 manum
2795 3170 3102 3240 praebente.
3134 3176 3481 3233 construere,
3512 3169 3603 3237 qui

2028 3274 2307 3319 mutuatus
2351 3279 2411 3319 es
2444 3264 2512 3318 ab
2550 3262 2823 3333 Egyptiis
2865 3276 3027 3317 aurea
3062 3277 3222 3324 vasa,
3251 3271 3306 3315 et
3342 3270 3601 3332 argentea
3669 3280 3674 3285 ι

2021 3373 2143 3413 cum
2209 3357 2450 3411 vestibus
2506 3357 2762 3425 pretiosis
2828 3352 3045 3426 (Exod.
3096 3356 3214 3426 xi).
3263 3352 3599 3409 Thesauruiu

2020 3446 2218 3517 quippe
2270 3445 2407 3500 tollit
2456 3443 2760 3515 Egyptiis,
2822 3445 2975 3498 unde.
3018 3444 3132 3498 Deo
3189 3441 3599 3498 tabernaculum

2020 3547 2320 3601 construat,
2352 3536 2443 3605 qui
2475 3543 2684 3604 poetas,
2719 3551 2783 3591 ac
2811 3536 3159 3606 philosophos
3206 3534 3355 3605 legit,
3400 3534 3598 3603 quibus

2021 3628 2085 3681 ad
2129 3626 2461 3697 penetranda
2510 3612 2761 3698 mysteria
2807 3628 3045 3683 ccelestis
3099 3628 3296 3696 eloquii
3344 3625 3596 3681 subtilius

2018 3716 2378 3771 convalescat.
2402 3717 2520 3785 ipse
2548 3716 2956 3771 tabernaculum
2987 3718 3091 3773 hoc
3116 3718 3169 3771 in
3196 3728 3383 3773 nostra
3407 3715 3595 3786 digne-

2018 3813 2109 3860 tur
2138 3814 2318 3860 mente
2347 3815 2686 3870 construere,
2729 3806 2818 3875 qui
2870 3806 3207 3861 destructum
3239 3806 3323 3862 sui
3353 3804 3594 3875 corporis

2016 3896 2272 3968 templum
2302 3897 2553 3952 triduano
2582 3898 2757 3967 potuit
2782 3898 2958 3966 spatio
2991 3896 3308 3953 reformare.

2328 4031 2408 4089 Sit
2452 4046 2637 4086 nomen
2668 4029 2880 4086 Domini
2922 4031 3269 4086 benedictum.

453 4400 1708 4539 57””OPUSCULUM
1795 4331 2683 4540 TBICESIMUM
2772 4426 3464 4539 TERTIUM.

395 4643 500 4702 DE
547 4642 762 4705 BONO
806 4643 1431 4709 SUFFRAGIORUM
1492 4645 1595 4708 ET
1644 4643 1914 4708 VARUS
1956 4642 2413 4719 M‘lRACULlS,
2468 4644 2948 4707 PRESERTIM
3005 4643 3074 4703 B.
3118 4642 3497 4704 VlliGlNlS.

323 4869 727 4945 ABCAUIBNIUH.
751 4902 821 4913 -
844 4872 1156 4945 Desiderius
1174 4872 1487 4930 Casinensis
1516 4874 1682 4930 abbas
1703 4875 1765 4929 Β.
1793 4875 1957 4931 Petro
1982 4875 2242 4931 Damiano
2272 4890 2369 4945 per
2395 4872 2787 4945 internuntium
2816 4872 3177 4945 comminatus
3199 4871 3378 4945 fuerat
3404 4870 3579 4945 illum,

397 4943 502 4997 nisi
536 4944 605 4995 ad
639 4957 796 5015 suum
826 4943 1219 5015 monasterium
1254 4944 1538 5015 visendum
1566 4948 1965 5015 quamprimum
1993 4941 2307 5009 accederet,
2334 4946 2639 4999 orationum
2666 4942 2951 5013 suffragia,
2984 4943 3030 5015 si
3057 4958 3135 5015 _se
3182 4941 3396 5015 vivente
3421 4944 3578 5015 dece-

397 5015 584 5077 deret,
614 5026 643 5083 a
674 5010 1065 5068 Casiuensibus
1108 5014 1392 5067 monachis
1442 5030 1549 5067 non
1584 5010 1916 5069 habiturum.
1965 5014 2079 5080 Qua
2115 5016 2536 5070 comminatione
2584 5010 2866 5083 permotus
2908 5012 3095 5067 scribit
3131 5013 3195 5067 ad
3232 5012 3480 5067 eumdem
3526 5014 3576 5066 in

428 5082 709 5147 riesentia,
756 5090 815 5134 ut
844 5096 965 5136 eam
997 5091 1245 5145 revocet,
1278 5083 1595 5152 itinerisque
1642 5084 2009 5139 difﬁcultatem
2056 5094 2338 5148 causatur;
2380 5098 2553 5151 ptenae
2596 5097 2839 5205 quoque,
2885 5096 3048 5150 quam
3088 5082 3186 5137 sibi
3217 5082 3577 5136 comminatus

428 5164 591 5205 lerat.
621 5150 943 5205 cravitatem
971 5160 1283 5205 exaggerat.
1309 5153 1390 5205 Ad
1419 5154 1667 5205 ultimum
1700 5170 1823 5205 cum
1862 5155 2181 5205 obedientizn
2227 5155 2483 5205 virtutem
2530 5153 2701 5205 collau
2743 5161 2918 5205 asset.
2975 5165 3034 5205 se
3074 5151 3575 5205 obtemneraturum

385 5097 709 5204 Praesentia,
756 5097 815 5134 ut
844 5097 965 5136 eam
997 5097 1245 5145 revocet,
1278 5097 1595 5152 umerisque
1642 5097 2009 5139 dilucultatem
2056 5097 2338 5148 causatur;
2380 5098 2553 5151 pteuae
2596 5098 2701 5149 quo

385 5164 591 5225 Auerat,
621 5150 943 5225 gravitatem
971 5160 1283 5225 exaggerat.
1309 5153 1390 5207 Ad
1419 5154 1667 5208 ultimum
1700 5170 1823 5208 cum
1862 5155 2181 5210 obedientize
2227 5155 2483 5208 virtutem
2530 5153 2701 5208 collau

381 5222 459 5276 illi
484 5239 589 5278 non
627 5223 859 5280 obscure
882 5224 1183 5292 praesefert.

2743 5161 2918 5207 asset.
2975 5165 3034 5206 se
3074 5151 3575 5220 obtemperaturum

381 5331 720 5403 Archangelo
748 5331 1139 5388 monachorum
1177 5332 1472 5388 Dssmsruo
1510 5330 1726 5389 PETRUS
1768 5348 1897 5403 pcc-
1920 5317 1973 5378 Ῑ)
1998 5331 2139 5388 roris
2165 5330 2410 5387 aculeum
2439 5330 2575 5385 meis
2601 5327 2906 5385 visceribus
2931 5327 3139 5394 intulit;
3166 5342 3290 5383 cum
3320 5327 3398 5393 id,
3428 5329 3573 5398 quod

308 5430 464 5475 cator
490 5423 784 5478 monachus
808 5422 1145 5479 servitutem.

1991 5424 2121 5480 mihi
2149 5425 2387 5479 minatus
2415 5438 2499 5488 es,
2532 5438 2629 5492 per
2654 5422 2902 5477 ordinem
2932 5421 3222 5476 nuntiavit.
3256 5420 3471 5477 Dixisse
3491 5421 3568 5476 si-

380 5510 494 5566 Non
542 5512 792 5581 ignorare
839 5525 889 5569 te
939 5512 1136 5583 patior,
1186 5512 1497 5568 venerande
1528 5511 1709 5579 Pater,
1760 5514 1888 5585 quia
1982 5515 2204 5586 quidem
2228 5524 2281 5571 te
2308 5514 2517 5581 retulit,
2546 5513 2674 5584 quia
2699 5513 2802 5570 nisi
2829 5512 3129 5569 Casinense
3151 5514 3563 5576 monasterium,

308 5595 675 5657 Guidunculus
707 5603 796 5658 ille
820 5644 832 5668 ,
868 5619 1003 5672 puer
1032 5603 1283 5659 videlicet
1312 5612 1521 5665 noster.
1547 5618 1727 5659 acrem
1754 5619 1886 5660 mce-

1989 5606 2132 5674 quod
2162 5606 2353 5677 utique
2378 5604 2633 5661 nobiliter
2664 5604 2839 5674 regis.
2891 5604 3216 5671 inviserem;
3264 5604 3563 5660 orationem
