4074 6190
450 354 561 413 561.

1309 362 1553 427 01⁵1180.
1594 373 1828 432 XXXI".
1870 409 1941 421 --
1980 381 2066 434 DE
2104 381 2885 439 UONO‘SUFFRACIOI‘lUM.

3607 383 3714 439 56?.

448 470 789 564 eartctlleei,
819 472 865 529 si
893 484 947 529 te
973 475 1205 533 vivente
1232 479 1579 551 defungerer,
1611 498 1716 542 non
1749 488 2020 545 haberem.
2051 476 2107 556 Α
2129 471 2541 563 projicerentur,
2576 476 2849 550 instruxit.
2887 494 3112 549 Placere
3137 494 3338 564 quippe
3365 495 3468 549 sibi
3497 495 3563 550 de
3590 513 3714 550 crn-

448 560 578 626 Qua:
603 560 855 617 videlicet
877 564 1037 620 mina:
1057 581 1180 621 cum
1203 580 1297 625 eas
1318 568 1385 625 ad
1410 576 1646 630 mentem
1677 593 1902 644 revoco;
1930 595 2036 634 non

448 658 508 703 ut
538 665 674 704 acus
694 659 968 721 pungunt,
999 655 1094 709 sed
1119 657 1283 712 conti:
1296 662 1474 728 potius
1502 674 1677 732 more,
1708 666 1792 720 vel
1822 668 2033 735 spiculi,

447 737 664 793 viscera
706 747 901 795 nostra
928 743 1311 800 transfodiuut.
1357 744 1597 809 Geminze
1644 756 1913 824 siquidem
1945 773 2038 814 ne-

448 829 728 885 cessitatis
759 832 999 902 undique
1027 845 1283 891 coaretnr
1311 838 1630 897 obstaculis.
1662 842 1795 899 Nam
1826 856 1879 901 et
1912 856 2043 917 pro-

448 920 637 989 pinqui
664 920 846 977 obitus
869 938 957 976 me
986 926 1164 980 reddit
1192 936 1325 982 aetas
1351 934 1564 985 matura
1611 945 1952 1004 suspectum,
1982 946 2037 993 et

450 1022 528 1068 tot
554 1026 871 1072 sanctorum
897 1020 1147 1075 oratione
1169 1020 1552 1090 Raudarigron
1576 1026 1695 1083 leve
1714 1028 2037 1098 periculum.

443 1106 686 1163 Veniens
712 1108 894 1178 itaque
922 1111 1233 1168 medullitus
1276 1117 1637 1184 pertimesco,
1666 1133 1734 1173 ne
1762 1116 1886 1174 dum
1926 1135 2041 1177 mo-

447 1196 749 1251 nasterium
774 1214 999 1268 qumro,
1021 1209 1177 1256 extra
1209 1207 1601 1260 monasterium
1632 1209 1859 1263 moriar.
1892 1204 2038 1266 Mors

446 1287 593 1340 statim
624 1286 763 1343 licet
782 1290 905 1345 aliis
948 1292 1020 1345 sit
1065 1292 1307 1361 incerta,
1332 1296 1521 1365 procul
1552 1298 1716 1353 dubio
1746 1304 1922 1356 tamen
1953 1314 2043 1357 se-

446 1378 609 1433 nibus
632 1388 718 1434 est
741 1382 1064 1452 propinqua.
1093 1382 1253 1440 ditas
1278 1386 1422 1440 enim
1453 1389 1540 1443 cui
1570 1401 1676 1445 non
1702 1393 2037 1460 succeditur,

445 1466 611 1523 linem
663 1471 791 1525 vita:
840 1473 1152 1541 proximum
1208 1476 1593 1533 comminatur.
1643 1476 1759 1535 Non
1814 1483 2039 1538 Veniens

445 1572 628 1615 autem
654 1561 1007 1618 nihilominus
1043 1577 1245 1636 paveo,
1294 1580 1363 1621 ne
1411 1568 1456 1622 si
1506 1566 1799 1637 fratribus,
1840 1572 2037 1641 quibus

444 1651 713 1707 intersum
732 1690 747 1719 ,
782 1654 1219 1723 inseparabiliter
1244 1657 1480 1712 bzeream
1501 1698 1516 1723 ,
1546 1660 1842 1727 uberioris,
1874 1667 1929 1717 et
1954 1664 2035 1717 iu-

448 1744 895 1813 comparabiliter
923 1746 1304 1802 subventionis
1346 1746 1663 1820 [sanctioris
1713 1752 1790 1806 rel
1816 1753 1941 1823 quid
1965 1754 2039 1808 sis

2137 585 2356 641 delitate
2402 586 2741 655 putissimum
2803 584 3064 650 credidit,
3115 600 3275 654 quem
3320 595 3376 639 et
3419 585 3716 643 inferendis

2138 682 2355 743 semper
2380 674 2657 744 suppliciis
2689 673 3022 736 inhiantem,
3050 682 3107 726 et
3134 670 3439 727 inhumana:
3464 674 3716 744 cognovit

2137 765 2474 820 crudelitatis
2501 772 2799 820 auctorem.
2835 764 3145 818 Praesertim
3174 764 3301 833 quia
3334 765 3459 819 dum
3488 766 3716 836 quisque

2136 853 2407 924 proiectus
2436 855 2490 909 in
2539 854 2769 909 bestiam
2806 869 2967 908 voces
2997 852 3304 919 emitteret,
3354 864 3541 907 taurus
3581 868 3714 922 quo-

2139 940 2426 999 damtnodo
2452 942 2727 998 videretur
2752 942 3006 1006 naribus,
3037 946 3093 996 et
3122 954 3218 996 ore
3246 943 3476 1013 mugire.
3520 942 3590 995 At
3628 939 3729 1017 ille,

2140 1032 2401 1088 muniﬁco
2452 1048 2584 1099 suo,
2641 1018 2783 1102 quze
2813 1035 3146 1097 merebatur,
3192 1032 3333 1088 dona
3385 1030 3658 1086 redhibuit
3697 1047 3712 1084 :

2136 1116 2350 1187 Amice,
2386 1123 2593 1191 inquit,
2638 1122 2704 1176 de
2744 1121 2938 1175 collato
2980 1121 3198 1190 quidem
3248 1124 3472 1176 munere
3514 1121 3715 1191 gratias

2136 1218 2268 1279 ago;
2308 1211 2403 1266 Sed
2429 1210 2583 1277 volo,
2608 1219 2665 1265 et
2688 1210 3337 1279 inevitabiiiterimpero,
3370 1222 3426 1264 ut
3460 1210 3602 1279 quod
3633 1226 3717 1265 me

2138 1297 2402 1365 decuisli,
2436 1301 2585 1370 prior
2611 1300 2929 1369 experiaris.
2972 1292 3223 1354 Protinus
3256 1300 3417 1370 igitur
3448 1301 3719 1370 projectus

2138 1393 2191 1447 in
2221 1400 2469 1459 taurum,
2496 1393 2640 1462 quod
2672 1391 2857 1446 inferri
2887 1390 3007 1444 aliis
3032 1390 3245 1455 docuit,
3283 1391 3431 1460 prior
3456 1391 3569 1458 ipse
3597 1406 3713 1459 pro-

2138 1484 2302 1539 bavit.
2332 1485 2397 1538 Et
2424 1500 2596 1553 paena:
2623 1482 2797 1538 factus
2833 1494 2917 1537 est
2939 1491 3148 1543 auctor.
3190 1483 3279 1552 qui
3312 1482 3540 1552 pmnalis
3566 1480 3706 1552 laby-

2139 1574 2302 1629 rinthi
2321 1576 2493 1629 fuerat
2512 1585 2635 1629 ante
2652 1571 2931 1629 conllator.
2950 1574 3061 1643 Age
3085 1574 3248 1644 igitur
3259 1584 3313 1627 et
3335 1573 3447 1642 ipse
3459 1590 3708 1644 quaeprze

2138 1664 2273 1735 cipis
2293 1705 2306 1728 ,
2338 1675 2387 1719 et
2414 1664 2629 1732 juvenis
2659 1664 2725 1717 ad
2756 1678 2939 1718 senem
2972 1666 3203 1732 propera
3223 1703 3237 1726 ,
3268 1663 3359 1732 qui
3393 1678 3611 1727 senem,
3657 1672 3712 1716 ut

2139 1757 2206 1810 ad
2241 1766 2291 1811 te
2332 1754 2632 1825 gradiatur,
2672 1752 2887 1809 invitas.
2924 1752 3313 1807 Verumtamen
3339 1796 3354 1820 ,
3407 1769 3551 1808 nunc
3580 1754 3716 1810 serit:

445 1836 571 1890 mile
596 1835 664 1908 {.]
694 1837 952 1891 auxilium
992 1843 1294 1895 conventus
1333 1843 1603 1896 amittam.
1646 1843 1702 1897 in
1752 1846 2036 1914 utriusque
2069 1836 2110 1895 Β
2140 1847 2352 1915 loquar,
2385 1845 2430 1898 si
2456 1860 2553 1914 per
2581 1852 2689 1897 tam
2716 1844 2991 1913 longinqui
3022 1842 3234 1896 itineris
3264 1841 3509 1909 ductum,
3534 1843 3592 1896 Β.
3620 1842 3712 1897 Be-

448 1924 614 1994 igitur
644 1927 867 1996 periculi
900 1928 1201 1985 meditullio
1224 1931 1588 1998 ermstitutus,
1616 1932 1746 2001 quid
1780 1934 1907 1988 mihi
1932 1948 2031 2004 po-

450 2016 555 2070 tius
583 2017 655 2071 sit
681 2019 973 2088 agendum,
1010 2020 1075 2073 ad
1108 2020 1370 2090 liquidum
1405 2038 1510 2076 non
1543 2022 1813 2087 discerno,
1843 2026 1970 2079 dum
1998 2041 2031 2081 e

449 2109 663 2164 duobus
698 2111 960 2181 quidquid
996 2111 1248 2183 elegero,
1284 2112 1611 2183 suspicionis
1656 2115 1920 2187 ambigum‘
1950 2116 2029 2171 ia-

447 2210 646 2268 queurn
679 2210 783 2256 nou
808 2202 1003 2258 evado.

954 2290 1183 2350 CAPUT
1221 2292 1512 2352 PRIMUM.

734 2382 889 2449 Quod
914 2383 1130 2439 somniis
1174 2398 1281 2440 non
1315 2388 1382 2440 sit
1412 2386 1745 2441 credendum.

519 2475 621 2531 Hic
664 2477 732 2531 ad
776 2478 1093 2532 memoriam
1124 2477 1301 2543 redit,
1332 2479 1476 2548 quod
1524 2480 1665 2534 sient
1688 2479 1891 2535 Gellius
1922 2481 2035 2546 ait,

448 2565 758 2621 Alexander
808 2569 1129 2634 somniavit,
1182 2582 1250 2624 ne
1307 2570 1535 2624 somniis
1591 2571 1860 2626 crederet.
1925 2570 2033 2628 Ubi

449 2659 710 2728 quidquid
738 2659 903 2730 eligat
925 2661 1249 2727 Alexander,
1273 2665 1377 2720 hoc
1411 2666 1734 2736 disceptatio
1756 2667 1862 2722 ﬁne
1900 2683 2032 2722 con-

449 2748 705 2815 cluditur,
733 2760 792 2805 ut
824 2750 917 2815 illi,
946 2754 1089 2822 quod
1117 2754 1346 2817 viderat,
1376 2755 1590 2811 somnio
1621 2771 1729 2812 non
1756 2758 2032 2812 credatur.

452 2839 585 2895 Nam
619 2842 663 2895 si
693 2844 917 2898 somniis
941 2843 1065 2914 jure
1094 2846 1356 2911 creditur,
1384 2848 1651 2903 somnium
1700 2848 1829 2903 illud
1849 2890 1865 2916 ,
1892 2849 2035 2919 quod

452 2934 647 2988 asserit
670 2947 776 2989 non
799 2934 1125 2992 credendum
1149 2953 1268 2993 esse
1291 2938 1568 2995 mentitur.
1594 2941 1746 3009 Quod
1768 2942 1811 2996 si
1834 2958 2039 3013 nequa-

457 3039 619 3094 quam
670 3024 832 3083 debet
875 3030 1100 3085 somniis
1133 3031 1317 3098 credi,
1351 3034 1701 3103 consequitur
1746 3035 1908 3090 etiam
1930 3076 1945 3102 ,
1978 3045 2039 3091 ut

453 3132 552 3171 nec
577 3110 683 3172 illis
705 3112 837 3173 tides
865 3120 1059 3175 debeat
1077 3122 1343 3177 adhiberi.
1367 3122 1465 3179 Cui
1492 3141 1596 3179 non
1623 3125 1885 3183 dissimile
1906 3126 2036 3197 quid

2135 1937 2335 1996 nedicti
2366 1932 2543 1991 Patris
2574 1934 2745 1990 nostri
2790 1928 2954 1989 limen
2992 1936 3262 2005 attingere
3305 1934 3579 1999 licuisset,
3624 1950 3724 2004 ego

2136 2048 2242 2086 non
2270 2048 2450 2102 parvm
2473 2030 2738 2085 mercedis
2760 2024 3032 2084 cumulum
3057 2030 3393 2098 deputarem.
3424 2027 3490 2081 Et
3512 2039 3716 2082 certun'

2140 2132 2329 2188 teneo,
2360 2122 2487 2193 quia
2532 2118 2577 2178 si
2624 2122 2678 2176 in
2728 2122 2870 2177 illius
2903 2121 3359 2193 peregrinationis
3390 2120 3585 2174 itinere
3633 2136 3715 2174 me

2135 2212 2289 2269 obire
2314 2214 2687 2284 contingeret,
2733 2231 2839 2267 non
2874 2223 2981 2267 tam
3013 2213 3218 2282 proprii
3250 2220 3433 2267 reatus
3473 2226 3561 2265 me
3590 2226 3704 2281 gra-

2138 2316 2295 2360 varet
2320 2303 2577 2369 exitium,
2610 2320 2773 2374 quam
2804 2305 2947 2360 illius
2973 2304 3245 2358 attolleret
3274 2302 3511 2381 dignitas
3559 2302 3705 2356 meri-

2139 2404 2339 2451 torum.

2757 2482 2983 2541 CAPUT
3022 2484 3089 2539 ll.

2281 2577 2593 2648 Exemplum
2634 2578 2948 2647 stupendum
2995 2577 3058 2630 de
3105 2575 3269 2629 Basso
3298 2572 3581 2627 Aniciensi.

2213 2669 2365 2725 lianc
2388 2670 2571 2737 itaque
2593 2684 2741 2737 spem
2769 2681 2943 2721 meam
2969 2666 3100 2720 illud
3119 2666 3283 2719 etiam
3313 2664 3547 2725 roborat,
3573 2663 3716 2730 quod

2142 2759 2275 2813 mihi
2304 2760 2386 2812 vir
2416 2758 2728 2828 religiosus,
2776 2765 2833 2810 et
2878 2756 3114 2825 prudens
3143 2764 3267 2808 ante
3311 2754 3558 2821 quintum
3605 2750 3739 2823 fere

2143 2838 2283 2904 diem
2311 2848 2622 2917 Stephanus
2644 2846 2955 2917 apostolica!
2969 2844 3113 2899 sedis
3133 2843 3423 2898 cardinalis
3445 2841 3719 2911 presbyter

2143 2940 2431 2996 intimavit.
2461 2940 2552 2994 Ait
2582 2940 2748 3003 enim,
2777 2938 2902 3009 quia
2931 2937 3129 2992 Bassus
3153 2936 3397 3005 quidam,
3418 2932 3745 3004 Burgundio,

2145 3045 2375 3101 genere,
2403 3030 2709 3086 Aniciensis
2739 3029 3107 3099 episcopatus,
3137 3026 3436 3081 Ecclesium
3482 3024 3577 3078 Dei
3629 3024 3723 3078 Ge-

2145 3122 2379 3187 nitricis,
2402 3137 2721 3192 semperque
2746 3120 2972 3189 virginis
2995 3117 3192 3188 insigni
3219 3116 3373 3169 titulo
3395 3116 3727 3179 decoratam,

453 3214 507 3260 et
534 3206 589 3259 in
626 3220 780 3261 sacro
810 3210 1080 3276 reperitur
1124 3207 1371 3280 eloquio,
1414 3227 1536 3267 eum
1585 3213 1786 3268 dicitur
1817 3233 1830 3269 :
1867 3233 1887 3267 (
1927 3213 2040 3286 Ego
2065 3203 2111 3266 C
2144 3227 2267 3283 quae
2292 3220 2516 3266 vocatur
2544 3212 2601 3265 in
2620 3209 2809 3272 Podio,
2837 3207 3103 3262 orationis
3125 3205 3297 3275 gratia
3324 3204 3549 3257 devotus
3574 3203 3732 3267 adiit,

455 3294 564 3351 dixi
609 3296 661 3352 in
691 3304 917 3354 excessu
952 3303 1148 3356 mentis
1180 3318 1342 3368 meat,
1395 3304 1572 3359 omnis
1600 3302 1762 3359 homo
1807 3302 2039 3361 mendax

457 3383 632 3455 (Psal.
672 3388 829 3459 cxv);
882 3400 901 3443 δ
949 3391 1037 3445 cui
1080 3390 1338 3446 nimirum
1382 3394 1697 3463 responderi
1731 3403 1910 3464 potest
1940 3394 2039 3459 {Si

456 3477 664 3542 omnis,
708 3487 762 3534 et
795 3488 884 3545 tu;
933 3472 1178 3550 falsaque
1207 3481 1320 3550 jam
1367 3482 1474 3538 erit
1520 3487 1823 3552 sententia,
1878 3504 2041 3558 quam

457 3569 688 3624 mendax
738 3570 853 3641 ipse
906 3572 1200 3643 protulisti.
1235 3574 1292 3630 Si
1332 3591 1460 3631 vero
1489 3577 1604 3646 ipse
1636 3590 1744 3633 non
1776 3581 2037 3646 mendax,

456 3674 584 3714 vera
608 3658 721 3729 jam
750 3663 1015 3719 Sententia
1048 3680 1155 3719 non
1185 3666 1317 3733 erit;
1344 3667 1469 3736 quia
1503 3668 1629 3723 dum
1672 3677 1727 3723 tu
1761 3684 1820 3724 es
1852 3680 2041 3739 verax,

458 3764 566 3803 non
595 3751 775 3807 omnis
816 3753 979 3810 homo
1023 3758 1371 3827 cognoscitur
1397 3764 1519 3814 esSe
1556 3760 1808 3815 mendax.
1839 3750 2039 3817 Verum

458 3855 527 3893 ne
570 3839 639 3895 ad
685 3840 859 3897 instar
894 3844 1174 3915 gentilium
1205 3848 1599 3918 scripturarum
1631 3862 1785 3905 sacra
1826 3868 2044 3922 quoque

460 3930 740 4002 Scriptura
773 3935 1060 3992 calumniae
1087 3942 1303 4007 pateat,
1336 3937 1429 3994 sed
1462 3940 1576 4008 ipsa
1613 3954 1674 3995 se
1705 3942 1885 4011 potius
1918 3958 2045 4012 pro-

461 4022 573 4092 pria
606 4026 932 4081 auctoritate
962 4024 1243 4093 defendat;
1274 4030 1565 4085 notandum
1589 4041 1706 4096 est,
1736 4026 1881 4101 quod
1907 4018 2046 4100 prmi-

462 4114 694 4168 mittitur
724 4124 739 4169 :
770 4115 882 4185 Ego
915 4109 1026 4172 dixi
1054 4118 1107 4172 in
1138 4132 1363 4174 excessu
1400 4118 1598 4174 mentis
1629 4135 1782 4175 mete.
1816 4121 1921 4177 Per
1950 4137 2046 4178 ex-

459 4217 674 4258 cessum
724 4206 888 4277 igitur
920 4209 1116 4263 mentis
1145 4217 1200 4263 et
1229 4211 1580 4280 semetipsum
1629 4212 1872 4277 transiit,
1921 4228 2044 4267 cum

460 4293 527 4347 de
557 4295 817 4363 qualitate
837 4298 1073 4354 hominis
1094 4298 1355 4355 deﬁnivit.
1379 4296 1459 4355 Ac
1479 4300 1523 4357 si
1547 4302 1834 4373 perspicue
1861 4304 2042 4360 dicat:

464 4383 537 4438 De
583 4384 819 4443 falsitate
849 4390 1091 4444 omnium
1140 4391 1419 4445 hominum
1466 4388 1591 4448 inde
1614 4406 1799 4449 veram
1829 4403 2048 4451 senten-

464 4472 592 4528 tiam
626 4477 861 4546 protuli,
896 4479 1037 4535 unde
1060 4494 1160 4549 ego
1190 4479 1307 4550 ipse
1335 4492 1500 4550 supra
1549 4480 1821 4538 hominem
1851 4484 1946 4539 fui.
1987 4474 2045 4539 in

2147 3309 2202 3357 et
2226 3301 2465 3370 peractis
2492 3299 2859 3361 orationibus,
2891 3312 2955 3350 ac
2997 3294 3284 3350 devotione
3315 3292 3611 3361 completa,
3640 3307 3729 3346 re»

2141 3390 2259 3445 dire
2285 3392 2450 3460 erepit
2485 3391 2553 3445 ad
2596 3390 2835 3459 propria.
2869 3387 3111 3456 Cumque
3162 3385 3399 3439 venisset
3431 3383 3497 3436 ad
3530 3397 3724 3452 pagum

2142 3481 2458 3552 quemdam,
2500 3480 2553 3534 in
2580 3476 2687 3549 quo
2715 3477 2850 3533 cella
2875 3474 3154 3547 cujusdam
3184 3470 3533 3536 monasterii,
3568 3470 3726 3538 cujus

2141 3591 2230 3631 me
2256 3572 2576 3628 vocabulum
2604 3571 2760 3642 fugit,
2790 3586 2821 3624 a
2852 3569 3121 3638 religiosis
3159 3567 3423 3622 fratribus
3454 3564 3726 3620 incoleba-

2143 3674 2252 3729 tur,
2283 3664 2541 3734 languore
2568 3670 2853 3732 correptus
2875 3658 3102 3723 cecidit,
3135 3656 3418 3727 aegrotavit
3436 3697 3449 3719 ,
3474 3664 3529 3710 et
3554 3654 3691 3709 obiit
3715 3671 3729 3707 :

2143 3750 2340 3810 dehinc
2370 3767 2492 3808 cum
2514 3746 2627 3820 jam
2656 3751 2824 3806 lotum
2844 3790 2859 3814 ,
2891 3759 3054 3817 atque
3078 3761 3145 3801 ex
3176 3762 3327 3800 more
3354 3743 3533 3799 linteis
3560 3743 3726 3797 obvo-

2144 3845 2314 3899 lutum
2358 3845 2413 3900 in
2452 3844 2631 3899 medio
2670 3838 2878 3912 jaceret
2912 3840 3145 3895 cadaver
3188 3837 3475 3902 exanime,
3522 3850 3586 3889 ac
3631 3834 3721 3903 pia

2146 3938 2386 3992 fidelium
2435 3936 2582 3992 circa
2631 3932 2893 3989 feretrum
2943 3930 3191 3986 custodia
3221 3934 3597 3998 pernoctaret,
3643 3926 3724 3977 in-

2147 4036 2412 4097 tempesto
2434 4026 2546 4095 jam
2580 4023 2693 4079 fere
2722 4022 2896 4077 noctis
2921 4032 3175 4083 emenso,
3200 4032 3264 4070 ac
3295 4014 3568 4086 gallicinio
3596 4028 3724 4082 pro-

2147 4117 2477 4189 pinquante,
2514 4114 2606 4185 qui
2637 4121 2886 4167 mortuus
2921 4108 3163 4179 jacebat,
3205 4110 3427 4175 repente
3456 4101 3727 4173 prosilivit

2148 4219 2205 4266 et
2250 4209 2331 4265 sic
2378 4222 2570 4264 omnes
2618 4204 2852 4274 undique
2899 4194 3315 4257 circumstantes
3359 4194 3732 4250 admirationis

2147 4312 2358 4372 stupor,
2407 4309 2463 4356 et
2507 4296 2866 4355 intolerabilis
2914 4295 3113 4348 horror
3179 4288 3399 4343 invasit.
3446 4283 3731 4340 Tunc-ille

2148 4391 2327 4463 magni
2353 4388 2611 4446 clamoris
2630 4378 3098 4442 animadversione
3118 4379 3442 4443 vociferans,
3459 4385 3721 4440 tremens;
3742 4432 3745 4435 ,

2149 4492 2205 4539 et
2246 4481 2582 4538 horribiiiter
2626 4491 2989 4548 expavescens
3036 4486 3228 4541 rogare
3257 4469 3422 4539 cmpit
3450 4476 3726 4531 astantes,

466 4573 680 4621 tantum
707 4578 836 4624 vero
857 4576 914 4637 et
942 4570 1055 4641 ipse
1087 4571 1319 4626 mendax
1339 4611 1354 4638 ,
1387 4573 1440 4626 in
1477 4582 1741 4644 quantum
1775 4576 1957 4631 homo.
1989 4575 2047 4631 In
2072 4547 2127 4607 D
2151 4584 2209 4629 ut
2235 4572 2579 4643 psalmodiaa,
2646 4570 2858 4639 piisque
2900 4565 3040 4620 votis
3085 4563 3329 4617 valenter
3382 4560 3729 4619 insisterent,

468 4666 677 4712 tantum
705 4668 887 4716 autem
918 4662 1142 4717 omnino
1174 4679 1278 4717 non
1309 4664 1566 4730 mendax,
1590 4665 1642 4719 in
1664 4674 1929 4734 quantum
1954 4681 2052 4736 per

467 4762 749 4803 excessum
808 4750 1006 4807 mentis
1034 4768 1195 4823 supra
1225 4750 1501 4809 hominem
1550 4754 1621 4810 ad
1668 4770 1881 4811 summa
1917 4771 2053 4812 con-

465 4838 771 4906 tcmplanda
805 4842 1116 4897 conscendi.

536 4927 643 4983 Sed
670 4945 792 4984 cum
822 4931 1134 5001 quindecim
1162 4925 1274 4988 fere
1306 4926 1515 4989 dierum
1557 4932 1794 4989 medium
1823 4950 1920 4990 nos
1944 4935 2048 4991 iter

462 5020 749 5087 absentet,
775 5038 879 5091 par
923 5026 1131 5090 fuerat,
1175 5034 1236 5079 ut
1270 5018 1415 5095 quod
1453 5022 1572 5081 seni
1621 5028 1900 5098 praecipis,
1934 5028 2048 5096 ipse

458 5111 616 5180 prior
657 5114 1017 5181 experireris,
1049 5113 1235 5170 valens
1259 5115 1467 5171 scilicet
1494 5124 1688 5181 aatate,
1718 5116 2048 5185 praevalidus

463 5200 667 5256 robore
698 5219 712 5255 :
743 5202 965 5273 insuper
990 5202 1158 5269 adde,
1186 5200 1315 5274 quia
1339 5214 1395 5261 et
1419 5206 1664 5261 abundas
1687 5206 1972 5272 vehiculis,
1994 5214 2050 5260 et

461 5294 891 5362 constipantium‘
956 5295 1330 5352 ministrorum
1395 5298 1689 5369 obsequiis.
1758 5298 1953 5353 Fertur
1995 5307 2053 5354 et

465 5379 718 5438 Phalaris
747 5382 906 5455 hujus
936 5386 1291 5457 praetendisse
1321 5387 1455 5458 legis
1491 5390 1827 5458 exemplum,
1854 5390 1945 5460 qui
1974 5390 2049 5444 ni-

466 5472 667 5527 mirum
698 5488 823 5529 cum
850 5471 979 5530 licet
1009 5486 1234 5547 regnum
1266 5477 1318 5531 in
1349 5478 1690 5548 tyrannidem
1715 5466 2051 5535 verteret.ct

463 5564 754 5634 exquisitis
960 5568 1203 5639 quosque
1218 5577 1477 5625 nocentes
1501 5569 1777 5639 suppliciis
1797 5569 2053 5625 atrociter

467 5654 738 5723 laniaret,
769 5656 921 5713 faber
944 5659 1162 5729 quidam
1193 5676 1395 5717 aereum
1438 5661 1539 5717 sibi
1574 5669 1786 5715 taurum
1818 5659 2049 5724 obtulit,

471 5757 640 5817 atque
663 5755 723 5802 ut
753 5747 805 5803 in
836 5763 960 5807 eum
991 5749 1113 5821 igne
1159 5750 1477 5809 candentem
1510 5750 1815 5809 damuatitii
1854 5750 2053 5820 quique

2151 4675 2421 4734 quatenus
2450 4669 2621 4716 tetros
2648 4656 2903 4727 nequitize
2934 4654 3158 4724 spiritus
3177 4692 3194 4717 ,
3225 4649 3317 4720 qui
3345 4664 3441 4719 per
3469 4646 3693 4717 angulos
3712 4686 3727 4709 ,

2152 4770 2217 4809 ac
2252 4753 2489 4824 parietes
2516 4752 2706 4806 domus
2740 4747 2977 4816 undique
3004 4744 3343 4806 videbantur,
3376 4739 3578 4794 sanctis
3605 4753 3730 4792 ora-

2154 4840 2397 4901 tionibus
2425 4839 2746 4912 eifugarent.
2786 4836 3032 4906 Cumque
3077 4832 3211 4888 fusis
3244 4832 3311 4887 ad
3356 4831 3523 4885 Deum
3555 4829 3731 4894 preci-

2152 4936 2275 5000 bus,
2307 4946 2458 4988 more
2486 4929 2642 4995 fumi,
2663 4936 2829 4983 vento
2850 4925 3059 4997 perﬂati
3076 4924 3348 4977 daemones
3359 4917 3727 4983 evanuissent;

2156 5023 2247 5079 ille
2269 5063 2283 5087 ,
2316 5030 2528 5076 terrore
2552 5017 2827 5090 deposito,
2855 5025 2912 5072 et
2935 5004 3248 5071 securitatis
3276 5013 3545 5065 animatus
3570 5011 3732 5062 anda-

2155 5115 2271 5180 cia,
2315 5113 2462 5183 quod
2501 5110 2604 5167 sibi
2634 5110 2690 5165 in
2732 5107 2944 5164 occulto
2986 5104 3242 5173 contigit,
3287 5101 3500 5173 publiCe
3539 5112 3723 5153 coram

2155 5207 2407 5265 omnibus
2433 5203 2729 5261 enarravit.
2762 5199 3094 5273 Egredienti,
3124 5196 3323 5265 inquit,
3357 5190 3487 5246 mihi
3515 5190 3580 5244 d‘e
3603 5203 3726 5243 cor-

2156 5312 2286 5369 pore
2310 5295 2419 5351 duo
2440 5295 2688 5366 protinus
2714 5291 2889 5363 angeli
2933 5286 3224 5360 splendida:
3251 5282 3514 5339 claritatis
3542 5294 3730 5335 occur-

2158 5397 2325 5455 runt,
2346 5387 2438 5458 qui
2466 5400 2551 5440 me
2578 5400 2762 5441 secum
2793 5383 2989 5438 ducere
3011 5382 3066 5436 in
3097 5377 3376 5448 superiora
3409 5382 3729 5444 creperum;

2158 5480 2251 5535 sed
2277 5493 2405 5534 ecce
2433 5491 2519 5532 me
2546 5476 2822 5545 nigrantes
2850 5474 3151 5526 daemonum
3189 5466 3354 5537 576
3382 5474 3573 5519 lurtnm
3592 5504 3608 5528 ,
3640 5478 3729 5515 ve.

2158 5570 2238 5623 iut
2281 5569 2574 5639 phalanges
2612 5565 2927 5634 [Ethiopum
2958 5561 3197 5629 undique
3252 5554 3731 5617 circumfundunt;

2157 5677 2244 5716 me
2271 5669 2525 5729 tanquam
2556 5660 2637 5714 sui
2658 5656 2797 5725 juris
2824 5654 3092 5709 hominem
3118 5653 3229 5708 acri
3260 5651 3419 5706 nimis
3448 5658 3502 5704 ct
3531 5649 3732 5715 impor-

2160 5759 2290 5807 tuna
2331 5748 2679 5805 vehementer
2725 5744 3007 5801 exactione
3053 5753 3359 5815 reposcunt.
3406 5741 3622 5801 Noster,
3654 5737 3733 5789 in-
