4074 6190
342 417 446 473 563

806 413 864 469 S.
905 413 1106 469 PETRI
1149 411 1429 467 DAMIANI
1469 411 1619 468 OPP.
1647 411 1883 469 TOMUS
1918 412 2050 468 SEU
2091 413 2269 470 PARS
2304 414 2389 468 lll.
2431 444 2502 456 -—
2536 415 2898 473 OPUSCULA
2937 418 3168 474 VARIA.

3489 423 3598 476 561

340 531 564 602 quiunt,
593 528 682 583 hic
710 529 870 582 homo
901 535 1016 591 est,
1046 526 1145 580 sub
1193 524 1392 578 nostris
1426 523 1719 579 ditiouihus
1745 525 1912 588 vi-xit,
1944 530 1991 586 Α
2013 523 2133 592 iure
2179 523 2447 592 obiectum
2497 527 2612 591 est',
2649 528 2914 583 sacerdoti
2958 544 3142 584 coram
3195 527 3386 583 vicime
3433 530 3595 600 huius

340 621 545 676 nostris
590 620 963 686 obtemperare
1029 615 1236 685 legibus
1277 631 1384 668 non
1437 615 1641 668 omisit.
1693 613 1918 684 Semper

341 711 486 766 enim
537 709 612 762 illi
666 708 749 761 lex
795 707 975 760 carnis
1005 705 1259 775 inviguit;
1308 706 1478 774 legem
1523 720 1652 759 vero
1698 705 1919 774 spiritus

343 801 584 855 funditus
610 797 892 867 ignoravit.
927 797 998 851 At
1025 807 1210 850 contra
1241 797 1384 849 beati
1411 795 1582 864 angeli
1625 796 1920 864 responde-

344 899 470 942 runt
505 904 520 941 :
554 887 668 940 Non
695 926 708 948 ,
745 885 1024 953 inquiunt,
1057 883 1347 940 diffitemur
1385 883 1547 938 fuisse
1578 883 1839 956 [vestrum
1877 883 1919 951 f.

343 978 495 1051 add.]
517 1020 530 1042 ,
561 979 686 1032 dum
720 979 771 1032 in
801 979 1034 1048 propriis
1065 978 1293 1042 viveret.
1321 977 1434 1031 Non
1466 978 1609 1033 enim
1641 977 1764 1032 licet
1791 977 1924 1031 resi-

343 1078 489 1125 stere
535 1070 782 1135 veritati;
821 1071 914 1124 sed
963 1069 1086 1140 quia
1131 1083 1273 1122 nunc
1319 1069 1372 1122 in
1421 1068 1682 1136 obsequio
1726 1067 1924 1136 reginae

343 1159 602 1221 caelestis,
631 1159 863 1212 domina)
885 1166 1104 1238 nostras,
1136 1157 1420 1212 defunctus
1450 1165 1556 1220 est,
1584 1170 1922 1225 nequaquam

344 1249 607 1316 impietati
645 1257 838 1303 vestra:
871 1264 967 1317 pro
997 1247 1120 1300 vitae
1150 1261 1260 1300 sure
1304 1247 1544 1300 reatibus
1592 1245 1924 1313 subiacebit,

347 1337 439 1407 qui
472 1338 630 1391 vitam
669 1353 819 1391 suam
851 1337 936 1406 pio
965 1336 1068 1390 fine
1094 1335 1375 1390 conclusit.
1407 1334 1516 1389 Nec
1542 1335 1608 1388 ad
1631 1334 1925 1403 mterniiu-

347 1426 482 1480 dicis
514 1427 712 1495 poterit
739 1426 920 1496 perire
963 1436 1312 1495 conspectum
1333 1466 1348 1490 ,
1379 1426 1467 1493 qui
1495 1423 1784 1479 Genitricis
1809 1425 1927 1494 eius

345 1516 445 1568 sibi
493 1515 727 1584 providit
773 1515 1054 1568 auxilium.
1112 1515 1191 1568 Ad
1243 1515 1357 1568 haec
1405 1513 1526 1567 illi:
1567 1513 1701 1568 Cum
1749 1513 1926 1578 Deus,

353 1603 534 1669 aiunt,
566 1604 750 1674 procul
774 1604 932 1658 dubio
952 1603 1130 1672 justus
1159 1603 1227 1657 sit
1247 1603 1430 1670 iudex,
1455 1617 1751 1671 nunquam,
1784 1602 1926 1670 quod

360 1706 606 1750 nostrum
634 1705 754 1761 est,
786 1696 1024 1762 auferet,
1070 1711 1170 1750 nec
1198 1696 1481 1750 adversum
1531 1710 1629 1749 nos
1672 1693 1925 1764 praeiudi-

351 1784 564 1840 cialiter
591 1793 742 1854 aget,
770 1800 889 1839 cum
921 1783 1230 1852 iniustitiam
1253 1800 1477 1855 prorsus
1507 1785 1738 1854 ignoret.
1767 1785 1927 1838 Cun-

349 1891 457 1945 que
479 1876 584 1930 vim
607 1875 812 1946 angelis
838 1875 1038 1930 inferre
1063 1884 1354 1940 tentarent,
1378 1875 1554 1946 angeli
1577 1890 1708 1929 vero
1733 1874 1924 1939 levius,
1956 1868 2003 1927 Β

352 1977 515 2038 atque
547 1967 824 2022 remissius
865 1965 977 2036 iam
1020 1967 1230 2037 cognita
1276 1968 1539 2032 veritate,
1583 1967 1924 2030 resisterent;

356 2056 666 2112 adfuturum
692 2065 870 2110 tamen
896 2055 996 2110 sibi
1023 2057 1276 2110 continuo
1297 2056 1618 2125 profitentur
1643 2055 1928 2121 auxilium,

355 2155 414 2200 et
461 2145 555 2200 Dei
605 2145 898 2200 Cenitricis
936 2145 1168 2199 celerem
1199 2145 1597 2200 comminantur
1624 2159 1928 2199 accursum.

352 2234 460 2290 Sed
485 2250 605 2289 cum
636 2235 760 2308 hinc
781 2233 868 2288 isti
896 2234 1136 2289 modesta
1157 2236 1303 2289 circa
1329 2249 1414 2289 me
1443 2235 1675 2289 tuitione
1704 2244 1930 2290 conten-

349 2323 579 2388 derent,
609 2323 684 2378 illi
710 2339 740 2378 e
770 2324 982 2379 diverso
1021 2324 1089 2378 ad
1133 2325 1520 2395 reposcendum
1553 2327 1634 2380 sui
1655 2325 1797 2392 juris
1824 2326 1921 2382 bo-

348 2415 551 2470 minem
601 2412 881 2470 furiosius.
915 2430 979 2470 ac
1029 2417 1385 2472 truculentius
1432 2417 1755 2481 ebullirent;
1802 2433 1930 2472 ecce

357 2503 506 2559 velut
553 2504 767 2573 igneum
820 2503 1014 2574 fulgur,
1063 2505 1376 2574 repentinus
1423 2506 1688 2561 radiantis
1725 2507 1935 2561 corusci

353 2591 609 2663 splendor
666 2593 875 2657 illuxit,
929 2594 1249 2663 cunctisque
1304 2594 1627 2648 mirantibus
1678 2595 1936 2649 calorum

352 2683 538 2752 regina
593 2683 856 2753 angelicis
899 2683 1099 2736 vallata
1135 2693 1447 2737 reverenter
1488 2685 1794 2753 obsequiis,
1842 2684 1936 2738 Dei

349 2775 523 2830 Mater
541 2776 780 2830 advenit.
806 2775 957 2829 Tunc
987 2775 1202 2844 reprobi
1225 2776 1447 2844 spiritus
1469 2775 1596 2830 licet
1617 2778 1683 2831 ad
1701 2777 1936 2845 primum

351 2872 516 2920 tanta:
541 2864 725 2933 gloriae
771 2873 1111 2917 terrerentur
1141 2865 1465 2930 adventum,
1520 2879 1816 2934 eorumque
1859 2865 1941 2918 ni-

356 2955 500 3009 mius
526 2953 780 3022 Splendor
807 2955 1181 3008 reverberaret
1204 2955 1450 3008 obtutum
1475 2995 1490 3020 ,
1523 2964 1700 3009 tamen
1735 2955 1941 3009 illatam

353 3044 454 3099 sibi
503 3052 906 3112 conqueruntur
950 3043 1236 3111 iniuriam,
1271 3052 1326 3099 et
1367 3045 1624 3115 angelicae
1668 3046 1941 3102 violentia:

351 3141 723 3203 protestantur
747 3148 812 3187 ex
843 3132 1062 3203 propria
1111 3134 1457 3202 possessione
1485 3136 1730 3204 rapinam
1761 3135 1943 3190 dicen-

2019 614 2224 668 cellula:
2252 617 2530 671 monachis
2573 617 2869 683 confitere;
2918 634 3118 688 eosque
3151 634 3216 672 ex
3247 635 3379 673 meae
3409 629 3598 673 aucto-

2020 703 2199 758 ritatis
2217 704 2462 772 iussione
2489 707 2720 772 deposce
2739 747 2754 772 ,
2781 716 2841 762 ut
2865 709 3200 778 pmnitentiaa
3226 709 3464 772 modum,
3502 709 3593 778 qui

2021 795 2117 850 tibi
2153 795 2422 864 iniunctus
2452 796 2646 861 fuerit,
2677 798 2778 867 ipsi
2809 799 3134 867 suscipiant,
3167 809 3219 854 et
3250 800 3473 868 implere
3500 817 3596 870 pro

2022 892 2112 939 tua
2150 901 2272 940 mox
2302 886 2554 941 obeuntis
2591 887 2926 942 absolutione
2954 889 3316 954 contendant;
3346 905 3453 959 quo
3500 907 3594 961 pe-

2023 984 2173 1030 racto
2205 976 2270 1029 ad
2301 992 2388 1032 me
2429 976 2677 1046 protinus
2710 977 2827 1032 sine
2855 977 3116 1032 dilatione
3161 986 3453 1034 revertere.
3502 978 3601 1034 Hic

2023 1066 2166 1120 enim
2195 1081 2293 1135 ego
2322 1081 2429 1119 non
2463 1066 2649 1121 desino
2686 1075 2773 1132 te,
2807 1068 2976 1122 donec
3004 1068 3222 1131 redeas,
3259 1077 3597 1137 exspectare.

2023 1155 2267 1225 Cumque
2290 1171 2387 1224 per
2417 1156 2663 1210 ordinem
2694 1157 2809 1212 btrc
2855 1158 2944 1212 ille
2988 1168 3300 1221 narrasset,
3335 1159 3602 1228 paeniten-

2025 1245 2156 1301 tiam
2173 1241 2283 1302 'sibi
2327 1246 2551 1301 inditam
2597 1249 2764 1302 sancti
2796 1247 2993 1302 fratres
3023 1264 3143 1302 cum
3195 1264 3293 1317 pro
3339 1249 3603 1304 cbaritate

2026 1335 2202 1401 illius,
2235 1345 2348 1390 tum
2377 1351 2474 1406 pro
2503 1336 2708 1392 deificze
2738 1337 2961 1408 virginis
3002 1337 3308 1393 obedientia
3340 1339 3605 1408 suscepis-

2027 1437 2180 1491 sent,
2206 1443 2330 1482 mox
2360 1427 2514 1483 laetus
2547 1437 2601 1482 et
2629 1427 2848 1492 hilaris,
2900 1428 3046 1482 velut
3075 1429 3420 1484 obdormiens
3449 1429 3602 1484 obiit.

2027 1518 2092 1572 Et
2123 1519 2203 1574 sic
2227 1533 2353 1573 vera
2380 1534 2501 1574 esse
2525 1535 2644 1588 qua:
2663 1519 2850 1574 vivens
2877 1519 3109 1584 dixerat,
3136 1519 3372 1573 moriens
3400 1533 3594 1589 appro-

2027 1607 2196 1662 bavit.
2226 1607 2336 1678 Ego
2361 1622 2574 1677 quoque
2617 1608 2660 1662 si
2711 1607 2776 1660 ad
2805 1622 2900 1661 vos
2933 1608 3295 1672 contendens,
3341 1607 3482 1662 beati
3516 1606 3606 1660 iti-

2028 1697 2174 1751 neris
2202 1697 2378 1750 viator
2402 1697 2586 1751 obiero
2606 1737 2620 1761 ,
2650 1696 2707 1751 S.
2740 1697 3014 1752 Benedicti
3045 1697 3353 1766 praesidium
3397 1710 3605 1766 nequa-

2029 1802 2189 1857 quam
2219 1787 2349 1841 mihi
2376 1785 2686 1840 defuturum
2713 1801 2836 1841 esse
2865 1786 3096 1841 confido.

2645 1895 2874 1951 CAPUT
2903 1895 2990 1949 lll.

2031 1987 2094 2041 Β.
2132 1985 2290 2058 Virgo
2319 1985 2649 2056 prwbendam
2673 1985 2881 2108 gle‘ricob
2894 1987 2977 2108 stui
3005 1986 3184 2040 devoto
3205 1985 3432 2039 ablatam
3464 1987 3612 2040 resti-

2708 2072 2738 2108 u
2793 2073 2848 2108 ru
2887 2073 2912 2108 ε
2941 2095 2955 2108 .

2708 2072 2759 2108 ut
2783 2072 2955 2125 μοστ.

2105 2145 2248 2201 idem
2276 2153 2541 2215 praeterea
2568 2142 2875 2214 Stephanus
2897 2145 3039 2199 aliud
3071 2145 3199 2200 mihi
3228 2145 3430 2210 retulit,
3463 2144 3604 2214 quod

2033 2243 2211 2290 tamen
2258 2249 2362 2289 non
2410 2236 2545 2290 adeo
2586 2245 2794 2289 certum
2825 2235 3067 2298 tenebat,
3091 2237 3233 2290 sicut
3266 2235 3439 2300 aliud,
3469 2235 3609 2305 quod

2034 2343 2196 2398 supra
2220 2326 2565 2398 digessimus.
2597 2326 2857 2390 Audisse,
2884 2327 3075 2395 inquit,
3104 2343 3188 2382 me
3218 2328 3457 2393 memini,
3484 2329 3608 2398 quia

2033 2416 2264 2472 clericus
2292 2415 2510 2484 quidam
2542 2414 2722 2468 fatuus
2747 2424 2889 2480 erat,
2917 2415 3098 2480 nauci,
3125 2413 3350 2470 frivolus
3374 2425 3429 2470 et
3467 2417 3615 2486 inep-

2037 2515 2142 2562 lus.
2173 2505 2289 2560 lluc
2325 2506 2554 2569 accedit,
2579 2504 2704 2574 quia
2737 2504 2933 2558 nullam
2972 2505 3246 2574 religionis
3270 2507 3471 2569 dotem,
3493 2506 3613 2560 nul-

2036 2595 2142 2649 lam
2182 2595 2455 2649 canonica:
2490 2593 2785 2662 disciplina:
2825 2594 3104 2664 gravitatis
3130 2634 3146 2658 ,
3177 2595 3290 2650 sive
3339 2595 3620 2650 modestiae

2036 2687 2318 2741 videbatur
2339 2687 2540 2741 habere
2552 2687 2804 2739 virtutem
2828 2704 2840 2738 :
2867 2687 3006 2740 inter
3028 2687 3126 2740 hos
3151 2695 3615 2743 tamcnemortuos

2039 2780 2243 2835 inutilis
2275 2780 2396 2833 vita:
2446 2780 2658 2833 cineres
2706 2779 2793 2833 hic
2848 2779 3122 2849 perexigui
3179 2778 3387 2834 fomitis
3442 2780 3618 2834 tenuis

2038 2873 2255 2927 vivebat
2313 2872 2619 2939 igniculus,
2677 2879 2737 2924 ut
2793 2879 2918 2925 ante
2979 2881 3382 2926 sacrosanctum
3447 2871 3619 2925 altare
3681 2914 3690 2920 .

2041 2965 2280 3034 quotidie
2306 2963 2478 3018 beatae
2514 2964 2608 3017 Dei
2637 2961 2927 3017 Genitricis
2949 2961 3248 3026 accederet,
3277 2970 3334 3015 et
3363 2976 3615 3016 reveren-

2044 3062 2126 3107 ter
2150 3052 2406 3107 verticem
2433 3067 2689 3113 curvans,
2720 3051 3018 3120 angelicum
3049 3051 3189 3104 hunc
3210 3059 3370 3120 atque
3395 3065 3619 3118 evange-

2042 3142 2205 3196 licum
2253 3141 2578 3196 versiculum
2625 3141 2980 3194 decantaret:
3019 3158 3037 3189 ‹
3077 3139 3189 3193 Ave
3231 3137 3618 3208 Maria,gratia

356 3234 442 3279 tes
474 3243 486 3277 :
515 3223 648 3290 Quia
681 3225 725 3280 si
759 3223 898 3279 Deus
929 3231 1013 3278 est
1051 3223 1263 3292 iustus,
1293 3240 1574 3293 nunquam
1603 3225 1668 3302 de
1693 3227 1939 3281 manibus
1966 3209 2010 3270 (ἶ
2041 3235 2227 3303 plena,
2259 3232 2517 3286 Dominus
2559 3239 2734 3286 tecum
2767 3249 2778 3282 :
2819 3229 3099 3284 benedicta
3127 3238 3182 3282 tu
3212 3229 3263 3282 in
3305 3228 3620 3282 mulieribus

363 3317 572 3370 nostris
601 3316 809 3371 auferet
853 3316 1097 3385 impium.
1134 3315 1339 3383 Quibus
1383 3331 1415 3370 e
1443 3316 1656 3370 diverso
1683 3315 1739 3368 Β.
1780 3316 1940 3385 Virgo

363 3405 645 3474 respondit
677 3423 689 3457 :
723 3405 872 3460 Licet
894 3405 982 3460 hic
1007 3405 1168 3460 homo
1188 3445 1202 3471 ,
1229 3413 1288 3458 ut
1323 3405 1566 3459 asseritis
1587 3445 1602 3470 ,
1635 3411 1816 3458 vestra
1846 3418 1943 3472 per

361 3497 684 3568 pravitatem
729 3498 908 3566 Operis
951 3497 1222 3565 possessio
1269 3496 1469 3563 fuerit,
1517 3505 1572 3550 et
1619 3496 1780 3566 impie
1828 3498 1942 3550 sive

365 3588 659 3643 carnaliter
685 3587 913 3651 vixerit,
948 3603 1223 3658 nunquam
1253 3599 1429 3644 tamen
1456 3589 1729 3657 piissimus
1758 3597 1811 3642 et
1833 3588 1946 3643 cle-

361 3681 735 3736 mentissimus
763 3679 930 3736 Filius
958 3693 1110 3736 meus
1128 3721 1142 3745 ,
1171 3696 1235 3736 ac
1260 3680 1520 3735 Dominus
1555 3682 1791 3750 patietur
1819 3696 1941 3734 eum

365 3772 565 3826 vestris
594 3771 712 3825 fieri
741 3771 1151 3828 crudelitatibus
1177 3772 1450 3827 subditum
1474 3814 1488 3837 ,
1518 3788 1678 3841 quem
1710 3773 1810 3828 sub
1838 3774 1943 3828 mei

361 3859 659 3917 famulatus
685 3861 945 3933 obsequio
973 3864 1147 3917 cernit
1192 3863 1246 3918 in
1293 3865 1722 3935 peregrinatione
1755 3863 1944 3918 defun-

367 3961 516 4007 ctum
549 3971 562 4006 :
593 3953 893 4023 praesertim
940 3968 1064 4007 cum
1113 3953 1214 4008 iste
1264 3954 1543 4008 confessus
1587 3962 1805 4023 peccata
1848 3969 1944 4008 sua

363 4044 741 4099 sacerdotibus
770 4043 967 4110 fuerit,
997 4042 1371 4114 iudiciumque
1402 4044 1744 4114 pcenitendo,
1771 4059 1836 4098 ac
1865 4045 1947 4098 in-

362 4136 706 4207 gemiscenda
755 4136 1095 4206 perceperit,
1161 4153 1471 4208 quanquam
1522 4138 1700 4192 subita
1772 4147 1947 4193 morte

360 4237 669 4298 praeventus
724 4229 948 4297 implere
996 4229 1317 4298 nequiverit.
1367 4229 1450 4282 Ad
1501 4230 1617 4283 haec
1656 4229 1744 4284 'illi
1792 4229 1945 4298 quasi

361 4326 523 4371 nacta
566 4317 852 4371 occasione
897 4317 1137 4370 victoriae
1172 4317 1560 4386 tripudiantes,
1593 4327 1649 4371 et
1693 4317 1838 4371 velut
1866 4318 1946 4371 in-

362 4406 630 4462 aultantcs
659 4405 923 4473 obiiciunt.
967 4423 982 4458 :
1015 4404 1149 4459 Cum
1201 4415 1257 4459 tu
1302 4406 1378 4460 sis
1402 4445 1416 4470 ,
1447 4406 1724 4473 inquiunt,
1765 4413 1943 4460 mater

368 4496 652 4561 veritatis,
681 4506 736 4550 et
765 4505 982 4550 :rternas
1007 4495 1233 4564 iustitia:
1253 4535 1267 4559 ,
1303 4511 1428 4548 num
1463 4496 1713 4565 ignorare
1758 4504 1942 4565 potes,

367 4587 622 4655 quoniam
653 4587 755 4642 hoc
784 4593 892 4640 tam
922 4585 1157 4639 immane
1185 4595 1399 4655 tamque
1426 4595 1708 4641 cruentum
1740 4585 1945 4641 facinus

367 4678 740 4750 perpetravit,
785 4677 930 4746 quod
973 4676 1101 4730 nulli
1140 4686 1317 4731 tamen
1369 4693 1601 4747 unquam
1632 4692 1728 4746 per
1757 4691 1942 4731 vocem

370 4767 730 4825 confessionis
758 4767 1026 4823 innotuit?
1051 4767 1317 4837 quoddam
1347 4767 1553 4821 scilicet
1583 4782 1745 4836 grave
1773 4766 1947 4822 scelus

368 4879 398 4916 η
429 4874 514 4915 me
543 4860 887 4915 commissum
929 4859 1146 4913 nomine
1194 4867 1350 4912 tenus
1379 4856 1760 4913 inclamabant.
1793 4856 1944 4924 Quod

372 4961 655 5022 peccatum
681 4967 803 5007 cum
827 4950 980 5004 beata
1003 4950 1188 5020 Virgo,
1213 4949 1338 5004 licet
1362 4947 1429 5002 ab
1454 4949 1765 5003 auctoribus
1794 4962 1944 5002 men-

372 5043 513 5098 dacii
544 5043 812 5097 veraciter
838 5039 1261 5110 recognovisset,
1293 5039 1531 5092 modeste
1559 5037 1833 5108 paulisper
1853 5037 1948 5091 ob-

373 5133 552 5200 ticuit,
577 5142 630 5188 et
651 5130 1046 5202 quodammodo
1066 5129 1279 5183 veritati
1306 5129 1664 5182 reverentiam
1695 5127 1941 5196 praebuit.

376 5223 449 5276 At
478 5229 730 5290 reparato
755 5235 942 5273 rursus
969 5217 1183 5286 eloquio
1207 5234 1219 5268 :
1244 5214 1443 5270 Verum
1468 5216 1684 5285 quidem
1707 5255 1721 5279 ,
1753 5216 1947 5283 inquit,

377 5315 626 5384 estquod
657 5314 918 5384 obiicitis;
957 5313 1049 5367 sed
1080 5309 1334 5378 quoniam
1361 5309 1499 5378 apud
1547 5309 1948 5362 misericordem

381 5405 670 5460 Dominum
708 5420 884 5459 meum
925 5419 987 5457 ac
1015 5401 1209 5455 Filium
1241 5399 1611 5454 misericordia
1640 5397 1946 5466 superexal-

389 5505 470 5550 tat
503 5512 565 5549 ex
599 5511 746 5551 more
780 5495 1043 5567 iudicium
1082 5493 1220 5564 (Jac.
1267 5491 1366 5560 ιι),
1416 5502 1648 5556 eumque
1692 5502 1798 5541 non
1843 5498 1950 5539 tam

388 5585 617 5642 delectat
647 5601 802 5656 pmna
833 5585 1174 5657 peccantium
1195 5622 1209 5647 ,
1239 5594 1401 5650 quam
1436 5577 1680 5632 remissio
1707 5583 1954 5657 peccato:

383 5694 524 5745 rum,
547 5695 630 5731 me
645 5648 928 5731 confesiim
952 5679 1164 5731 intuens
1180 5648 1283 5728 ait}
1305 5672 1382 5727 Ad
1406 5648 1967 5742 corpus,bomo.577

387 5782 585 5842 praesto
617 5768 920 5839 regredere.
953 5768 1139 5824 Scelus
1168 5769 1267 5821 hoc
1288 5808 1302 5834 ,
1342 5764 1486 5834 quod
1517 5762 1584 5817 ab
1614 5758 1813 5831 iniquis
1860 5755 1956 5812 tibi

2041 3323 2192 3395 (Luc.
2242 3322 2305 3394 ι).
2354 3341 2372 3375 ›
2421 3321 2555 3376 Cum
2603 3322 2783 3390 itaque
2833 3329 2994 3373 tanta:
3052 3317 3315 3372 fatuitatis
3365 3316 3618 3386 ineptiam

2040 3430 2210 3471 novus
2262 3400 2702 3483 deprehendisset
2745 3411 3049 3479 episcopus,
3087 3409 3154 3462 ab
3186 3407 3358 3461 inutili
3392 3420 3617 3475 persona

2040 3505 2323 3560 utilitatem
2367 3502 2618 3558 Ecclesia:
2665 3501 2894 3555 detineri
2937 3500 3214 3569 indignum
3248 3498 3432 3562 duxit;
3463 3496 3622 3566 eique

2041 3595 2385 3665 prmbendam
2403 3633 2419 3657 ,
2440 3607 2601 3662 quam
2641 3607 2668 3643 a
2700 3607 2869 3660 nuper
2895 3591 3037 3644 elato
3063 3604 3159 3643 suo
3187 3589 3472 3643 decessore
3496 3599 3612 3655 per-

2041 3695 2302 3756 ceperat,
2357 3684 2599 3738 abstulit.
2656 3683 2761 3737 Sed
2815 3697 2935 3736 cum
2989 3681 3132 3734 hunc
3190 3679 3266 3732 rei
3328 3676 3613 3732 familiaris

2042 3784 2253 3845 egestas
2295 3774 2640 3843 opprimeret,
2679 3781 2735 3826 et
2773 3781 2968 3841 prseter
2998 3772 3100 3826 hoc
3137 3769 3279 3823 aliud
3314 3768 3445 3838 quid
3480 3766 3620 3823 unde

2043 3877 2224 3936 posset
2244 3867 2447 3930 vivere,
2479 3880 2584 3920 non
2611 3865 2854 3929 haberet,
2884 3874 3152 3919 nocturno
3175 3862 3391 3917 silentio
3413 3861 3496 3929 pia
3523 3857 3613 3911 Dei

2042 3957 2289 4013 Genitrix
2342 3956 2615 4026 episcopo,
2647 3955 2772 4008 dum
2829 3955 3113 4018 dormiret,
3138 3952 3417 4022 apparuit;
3459 3965 3618 4019 quam

2045 4047 2257 4101 scilicet
2283 4044 2725 4115 praecedebatvir
2757 4044 2808 4097 in
2835 4059 2937 4096 una
2967 4057 3128 4096 manu
3157 4041 3436 4095 ardentem
3469 4039 3618 4092 facu-

2045 4132 2173 4192 lam.
2198 4133 2249 4187 in
2296 4133 2467 4187 altera
2517 4130 2745 4185 ferulam
2791 4139 3030 4200 portans.
3079 4129 3176 4185 Cui
3209 4144 3334 4182 mox
3365 4128 3426 4182 Β.
3455 4127 3622 4196 Virgo

2043 4222 2328 4291 praeepit,
2382 4229 2442 4274 ut
2497 4222 2806 4290 episcopum
2862 4220 3261 4290 delinquentem
3333 4215 3624 4286 aliquantis

2048 4312 2235 4367 ferulae
2263 4327 2424 4381 quam
2483 4313 2724 4380 gerebat,
2754 4312 3071 4366 verberibus
3117 4309 3412 4378 castigaret
3444 4326 3458 4361 :
3493 4305 3625 4369 Cur,

2048 4402 2321 4471 inquiens,
2355 4399 2632 4470 capellano
2677 4415 2819 4464 meo,
2850 4400 2940 4469 qui
2971 4399 3097 4453 mihi
3142 4398 3484 4468 quotidianas
3527 4395 3625 4448 im-

2046 4491 2317 4562 pendebat
2342 4490 2617 4554 excubias,
2646 4490 2838 4559 stipem
2882 4489 3156 4553 Ecclesim,
3189 4503 3351 4557 quam
3383 4501 3489 4539 non
3512 4486 3626 4554 ipse

2052 4581 2378 4644 contuleras,
2409 4578 2680 4634 abstulisti
2703 4581 2725 4632 τ
2752 4579 2978 4649 Moxque
2999 4579 3251 4633 sacerdos
3279 4576 3625 4632 tremefactus

2049 4669 2329 4740 evigilans,
2357 4668 2557 4723 clerico
2587 4667 2907 4722 beneficium
2932 4668 3181 4729 reddidit,
3207 4677 3260 4720 et
3283 4681 3441 4735 quem
3474 4665 3626 4734 igno—

2051 4769 2163 4814 tum
2189 4760 2298 4815 Deo
2325 4759 2464 4815 forte
2486 4759 2811 4821 crediderat,
2835 4758 2945 4826 iam
2971 4759 3125 4828 quasi
3154 4759 3378 4813 charum
3401 4770 3626 4827 propen-

2050 4851 2161 4905 sius
2197 4849 2504 4905 honoravit.
2545 4849 2602 4903 Si
2632 4849 2795 4918 igitur
2826 4849 2914 4902 ille
2957 4865 3122 4902 unum
3153 4849 3413 4902 duntaxat
3456 4843 3629 4897 laudis

2053 4941 2296 4996 canendo
2321 4939 2673 5007 versiculum,
2715 4939 2960 5009 corporei
2991 4939 3165 4991 victus
3204 4937 3458 4989 alimenta
3504 4948 3630 5002 pro-

2055 5031 2281 5095 meruit;
2315 5045 2474 5098 quam
2502 5029 2734 5084 ﬁdeliter
2757 5039 2955 5083 aeterna
2987 5026 3298 5096 sperabunt,
3327 5025 3417 5093 qui
3458 5024 3629 5077 beata:

2056 5123 2255 5192 regina:
2301 5122 2484 5176 mundi
2536 5120 2848 5190 quotidiana
2904 5121 3158 5173 horarum
3216 5117 3455 5169 omnium
3505 5122 3624 5164 vota

2055 5213 2407 5284 persolvunt?
2453 5211 2607 5267 Unde
2651 5211 2876 5280 pulcher
2912 5212 3073 5265 etiam
3123 5223 3238 5262 mos
3279 5208 3328 5259 in
3361 5203 3629 5260 nonnullis

2057 5303 2312 5357 Ecclesiis
2347 5301 2592 5365 inolevit,
2621 5308 2680 5352 ut
2730 5299 3037 5369 specialiter
3088 5298 3155 5352 ad
3200 5297 3316 5366 eius
3369 5295 3626 5348 honorem

2056 5377 2336 5463 perornne
2376 5389 2670 5443 Sabbatum
2722 5390 3008 5442 missarum
3055 5384 3398 5441 celebrentur
3433 5379 3630 5444 ofﬁcia,

2058 5482 2161 5536 nisi
2211 5480 2349 5534 forte
2393 5480 2680 5546 festivitas,
2713 5478 2795 5532 vel
2840 5477 2972 5532 feria
3018 5472 3501 5545 quadragesimalis
3533 5471 3633 5525 ob-

2059 5574 2236 5628 sistat.
2267 5571 2372 5626 Nos
2411 5573 2571 5624 etiam
2619 5571 2837 5636 eremis,
2863 5569 2976 5623 sive
3008 5565 3378 5630 monasteriis,
3405 5577 3634 5632 quorum

2059 5663 2311 5718 videlicet
2339 5663 2404 5716 ad
2433 5662 2596 5731 578
2627 5660 2826 5714 Christi
2871 5659 3094 5729 gloriam
3140 5654 3373 5710 ministri
3423 5666 3634 5713 sumus,

2062 5766 2174 5811 tres
2199 5771 2294 5826 per
2324 5755 2687 5811 hebdomadas
2713 5751 2951 5823 singulas
2972 5751 3086 5806 dies
3107 5749 3312 5806 sanctis
3333 5746 3634 5815 assignatus
