4074 6190
398 264 515 329 56K

1272 283 1515 344 OPUSC.
1552 289 1789 347 XXXI".
1822 320 1892 331 —
1929 288 2018 344 DE
2058 288 2239 347 BONO
2278 290 2843 350 SlYFFRAC-IORUM.

3570 288 3685 351 566'

400 393 797 483 habemus,.ad
827 410 1057 465 quorum
1094 400 1305 458 scilicet
1349 404 1611 460 honorem
1651 406 1831 460 missis
1870 420 1990 473 spe-
2020 412 2065 465 Α
2094 421 2201 475 quo
2253 408 2501 463 videlicet
2549 410 2635 463 die
2693 412 2831 463 Deus
2890 412 3221 481 requievissc
3276 413 3492 483 legitur,
3544 415 3676 468 satis

399 481 615 538 cialiter
668 485 1029 544 celebramus.
1070 489 1138 545 Et
1182 507 1253 547 ne
1297 486 1395 563 pro
1442 494 1625 561 libitu,
1654 497 1747 551 sed
1778 497 1988 552 ratione

399 575 647 630 dictante
678 576 729 630 id
764 577 1046 634 videamur
1070 583 1293 646 audere,
1324 584 1503 656 [scias,
1554 587 1629 641 vel
1657 588 1782 657 quid
1820 588 1990 641 simile

399 666 525 719 add.
560 665 630 738 ᾖ]
681 670 823 737 quod
869 672 1165 727 secundum
1220 674 1459 730 virorum
1520 670 1808 733 illustrium
1874 678 1989 747 pias

396 758 705 826 opiniones,
737 771 902 829 atque
932 765 1253 829 sententias,
1286 768 1540 836 quzelibet
1562 770 1777 829 animie-
1801 768 1991 823 defun-

398 854 616 901 ctorum
657 847 710 901 in
751 848 946 905 diebus
1010 852 1333 909 Dominicis-
1366 859 1718 925 requiescunt
1765 866 1928 927 atque
1959 874 1989 912 a

398 938 680 1007 suppliciis
696 937 993 1007 feriantur;
1017 946 1252 999 secunda
1280 961 1410 1001 vero
1436 946 1569 1002 feria
1599 949 1667 1003 ad
1693 949 1990 1017 ea,qnibus

398 1032 840 1100 assignatasunt
884 1049 1168 1104 poenarum
1198 1039 1465 1108 ergastula
1515 1039 1990 1095 revertuntur..ld-

397 1124 548 1180 circo
579 1126 697 1195 ipso
743 1128 1086 1196 potissimum
1118 1131 1205 1185 die
1250 1132 1458 1201 angelis
1504 1134 1988 1188 missarum~honos

398 1212 757 1283 impenditur,
790 1226 849 1271 ut
881 1226 937 1271 et
966 1219 1217 1285 mortuis,
1254 1229 1309 1275 et
1334 1222 1611 1277 morituris
1642 1223 1989 1293 patrocinalis

399 1320 588 1360 eorum
651 1307 900 1364 defensio
954 1322 1309 1380 procuretur;
1360 1322 1510 1368 sexta
1570 1329 1785 1384 quoque
1851 1314 1986 1370 feria

397 1394 627 1450 vivilieae
672 1399 819 1453 cruci
870 1414 976 1455 non
1029 1401 1467 1458 inconvenienter
1515 1404 1827 1466 ascribitur,
1867 1421 1987 1474 qure

397 1480 611 1540 scilicet
631 1484 749 1542 dies
778 1489 1066 1556 pendentis
1096 1491 1146 1544 in
1174 1505 1337 1547 cruce
1366 1492 1576 1547 Domini
1601 1493 1835 1564 glorioso
1861 1510 1987 1548 san-

394 1574 559 1643 guine
587 1586 940 1647 purpuratur.
989 1579 1104 1647 Qua
1163 1582 1250 1636 die
1301 1598 1489 1639 omnes
1544 1583 1741 1639 fratres
1783 1584 1982 1649 nostri,

396 1678 537 1734 quos
559 1664 745 1734 utique
772 1668 1169 1722 monasterialis
1206 1671 1341 1725 ordo
1369 1672 1664 1737 connectit,
1689 1674 1790 1727 hoc
1817 1672 1981 1726 etiam

2091 512 2331 568 congrue
2355 498 2689 555 beatissima:
2719 501 2925 571 Virgini
2969 486 3267 557 dedicatur.
3301 503 3470 570 Quam
3516 504 3678 558 nimi-

2090 600 2208 638 rum
2268 586 2368 640 sibi
2418 586 2693 656 Sapientia
2744 589 2965 643 domum
3021 591 3310 645 aedificavit
3364 592 3677 661 (Prav.tx),

2090 682 2251 743 atque
2298 675 2352 729 in
2404 691 2465 730 ea
2516 692 2615 745 per
2647 677 2968 732 humilitatis
3004 688 3295 747 assumpta:
3337 681 3675 749 mysterium,

2088 766 2233 821 velut
2259 767 2313 820 in
2339 767 2715 822 sacratissimo
2745 768 2942 823 lectulo
2985 770 3269 839 requievit.
3304 769 3399 823 Cui
3433 768 3676 838 profecto

2088 856 2388 926 condignus
2441 858 2614 912 honor
2662 858 3013 927 impenditur,
3055 858 3438 913 exbibentibus
3486 858 3675 926 procul

2089 943 2249 999 dubio
2274 955 2438 1001 certze
2462 945 2792 1002 defensionis
2818 948 3077 1003 auxilium
3106 950 3441 1018 providetur.

2159 1033 2441 1102 Quocirca:
2472 1038 2614 1107 quod
2660 1037 2847 1093 fratris
2890 1040 2995 1093 mei
3041 1038 3285 1092 Damiani
3320 1047 3448 1092 tunc
3488 1039 3674 1093 archi-

2087 1125 2429 1195 presbyteri,
2452 1126 2647 1182 deinde
2674 1128 2925 1183 monachi
2958 1127 3220 1182 relatione
3249 1127 3429 1191 didici,
3463 1128 3563 1182 nisi
3590 1142 3677 1182 me

2088 1213 2237 1269 fallat
2264 1216 2526 1271 obliviosa
2556 1217 2837 1283 memoria,
2868 1217 3099 1273 fideliter
3144 1233 3327 1272 narro.
3359 1217 3510 1272 Alter
3530 1219 3673 1271 enim

2090 1306 2258 1362 frater
2294 1323 2466 1374 meus,
2499 1310 2739 1364 Marinus
2765 1311 2999 1373 nomine,
3034 1311 3200 1365 laicus
3226 1310 3440 1378 quidem
3464 1309 3673 1372 habitu.

2087 1400 2180 1451 sed
2231 1399 2515 1453 timoratus
2564 1401 2778 1469 spiritu,
2829 1401 3241 1471 ingravescente
3294 1402 3563 1470 pulmonis
3612 1417 3678 1454 ac

2087 1488 2322 1556 pectoris
2349 1490 2673 1555 valetudine,
2708 1491 2922 1545 tandem
2952 1484 3280 1545 adextrema
3310 1492 3572 1560 pervenit.
3592 1491 3676 1544 In-

2089 1589 2233 1635 terea
2274 1581 2553 1649 cujusdam
2608 1583 2713 1637 diei
2763 1582 2879 1650 jam
2913 1583 3260 1637 illucescente
3301 1582 3556 1645 diluculo,
3590 1597 3677 1636 re-

2086 1679 2246 1741 pente
2273 1673 2439 1740 capit
2464 1672 2619 1741 quasi
2651 1672 2872 1725 cuilibet
2907 1672 3217 1725 adventanti
3253 1671 3673 1738 gratulabundus

397 1756 465 1811 ad
526 1757 803 1811 cumulum
861 1759 1093 1829 propriae
1158 1760 1348 1816 salutis
1406 1762 1689 1831 adjiciunt,
1722 1770 1781 1815 ut
1823 1771 1878 1816 et
1924 1776 1985 1815 se
2017 1752 2063 1810 Β
2088 1760 2404 1831 aggliscere,
2431 1759 2795 1828 jucundanter
2825 1760 3165 1821 hilareseere,
3201 1771 3255 1813 et
3301 1759 3491 1815 festiva
3526 1775 3671 1814 sere-

398 1856 638 1903 mactent
680 1848 734 1902 in
777 1850 1015 1919 capitulo
1046 1851 1248 1906 vicaria
1281 1851 1557 1907 collisione
1580 1868 1900 1923 scoparum.
1932 1860 1987 1907 et

396 1939 621 2010 insuper
649 1940 925 1997 celebrent
973 1943 1025 1997 in
1076 1958 1218 2013 pane
1258 1952 1313 1999 et
1350 1959 1492 2015 aqua
1509 1943 1797 2014 jejunium.
1826 1945 1989 2000 Asse-

395 2039 581 2086 rentes
603 2031 728 2100 quia
761 2032 813 2085 in
837 2031 941 2087 hoc
965 2033 1115 2088 cruci
1148 2047 1275 2088 vere
1303 2035 1862 2101 communieamus,.in
1884 2035 1988 2089 hoc

394 2121 586 2190 procul
615 2122 779 2177 dubio
803 2120 1023 2177 Christo
1046 2124 1457 2190 commorimur,
1474 2124 1516 2179 si
1544 2126 1647 2180 hoc
1670 2126 1859 2180 eodem
1877 2125 1984 2189 die,

395 2228 503 2282 quo
530 2213 644 2283 ipse
668 2228 860 2283 passus
886 2223 989 2279 est,
1019 2229 1121 2268 nos
1160 2215 1321 2269 etiam
1370 2231 1588 2270 carnem
1618 2223 1859 2271 nostram
1890 2229 1988 2286 per

397 2303 591 2357 inedia:
616 2302 985 2358 cruciamenta
1016 2312 1335 2359 mactemus.

465 2392 684 2447 Addunt
735 2394 921 2459 etiam,
970 2394 1098 2463 quia
1141 2410 1264 2449 cum
1323 2410 1418 2465 per
1474 2396 1715 2466 quinque
1755 2394 1985 2450 millium

396 2484 620 2538 circiter
676 2500 940 2539 annorum
1001 2484 1211 2554 prolixa
1267 2485 1538 2540 curricula
1586 2494 1757 2540 totum
1818 2500 1987 2555 genus

398 2573 695 2628 humanum
744 2573 922 2628 ferreo
968 2574 1167 2628 diaboli
1218 2574 1380 2628 fuerit
1414 2572 1543 2643 jugo
1570 2575 1901 2642 depressum,
1932 2581 1988 2629 et

396 2660 503 2717 hoc
532 2662 873 2731 potissimum
921 2662 1008 2716 die
1050 2677 1145 2731 per
1185 2664 1364 2716 crucis
1406 2663 1615 2733 insigne
1644 2662 1894 2716 vexillum
1918 2663 1989 2716 sit

400 2754 809 2823 triumphaliter
848 2756 1197 2823 absolutum;
1248 2758 1469 2826 dignum
1524 2756 1766 2828 profecto
1800 2766 1902 2821 est,
1929 2766 1988 2811 ut

398 2845 527 2898 huic
572 2845 715 2910 diei,
768 2860 888 2915 qua:
935 2845 1186 2901 videlicet
1234 2847 1475 2901 onmium
1535 2857 1755 2901 aetatum
1812 2864 1985 2903 nexus

398 2935 636 3005 abrupit,
664 2951 793 2989 caro
820 2944 1005 2990 nostra
1029 2937 1181 3005 quasi
1205 2936 1484 3005 cujusdam
1514 2938 1698 2992 tributi
1721 2954 1983 2993 cauonem

398 3026 590 3091 solvat,
624 3042 718 3097 per
745 3044 905 3098 quam
930 3029 994 3083 de
1024 3028 1351 3098 captivitatis
1378 3044 1487 3083 sua:
1517 3028 1868 3099 compedibus
1894 3029 1986 3082 ab-

2089 1857 2259 1911 nitate
2305 1855 2486 1911 vultus
2513 1856 2767 1911 alacriter
2810 1856 3117 1910 assultare:
3149 1869 3272 1909 mox
3311 1862 3366 1907 et
3413 1853 3465 1907 in
3505 1854 3670 1907 verba

2087 1962 2467 2017 prorumpens,
2502 1962 2626 2002 cum
2672 1961 2870 2016 magno
2908 1945 3395 1999 animadversionis
3438 1943 3671 2012 impulsu

2088 2036 2549 2092 circumsedentes
2592 2035 2927 2106 alloquitur:
2962 2035 3185 2101 Levate,‘
3225 2035 3433 2104 inquit,
3474 2033 3671 2096 levate,

2088 2140 2155 2181 ac
2177 2126 2410 2181 dominae.
2448 2140 2582 2180 mea:
2613 2134 2925 2180 reverenter
2956 2124 3257 2194 assurgite;
3289 2123 3482 2177 deinde
3515 2122 3677 2175 alior-

2088 2228 2207 2268 sum
2252 2222 2471 2268 mutatze
2525 2213 2676 2268 vocis
2716 2213 2987 2282 eloquium
3038 2212 3298 2282 dirigens,
3350 2211 3575 2265 aiebat:
3608 2209 3676 2262 Et

2086 2303 2215 2373 quid
2257 2312 2372 2367 est,
2411 2303 2631 2358 domina
2680 2317 2822 2367 mea,
2864 2302 3046 2373 regina
3083 2302 3203 2357 caeli
3241 2310 3296 2357 et
3337 2311 3515 2366 terrae,
3545 2300 3670 2369 quia

2086 2394 2307 2449 visitare
2359 2394 2580 2464 dignata
2629 2408 2689 2449 es
2746 2394 3131 2463 pauperculum
3195 2409 3412 2449 servum
3476 2392 3669 2445 tuum?

2086 2484 2320 2539 Benedic
2348 2501 2455 2550 me,
2487 2485 2701 2539 domina
2739 2499 2880 2550 mea,
2907 2493 2961 2539 et
2989 2499 3055 2539 ne
3084 2484 3309 2554 patiaris
3342 2485 3393 2538 in
3423 2483 3672 2539 tenebras

2086 2573 2189 2638 ire,
2202 2575 2290 2628 cui
2315 2573 2487 2629 lucem
2513 2582 2675 2627 tanta:
2701 2574 3006 2643 prmsentia:
3034 2573 3335 2627 contulisti.
3352 2573 3486 2627 Cum
3505 2572 3670 2642 igitur

2089 2661 2393 2731 huiusmodi
2425 2676 2705 2716 sermones
2731 2661 3037 2730 implesset;
3067 2676 3195 2717 ecce
3234 2662 3545 2727 Damianus,
3574 2662 3665 2730 qui

2088 2751 2293 2806 scilicet
2324 2750 2421 2815 illi,
2467 2750 2607 2805 sicut
2635 2759 2689 2804 et
2719 2750 2848 2803 mihi
2884 2760 3002 2804 erat
3045 2752 3403 2821 germanitate
3447 2748 3672 2816 conjun-

2088 2854 2226 2907 ctus,
2250 2842 2537 2913 persolutis
2584 2843 2694 2897 Deo
2750 2843 3032 2896 nocturnis
3070 2842 3279 2906 olliciis,
3318 2844 3385 2896 ab
3429 2840 3669 2895 Ecclesia

2087 2936 2245 2991 redit.
2278 2935 2417 3002 Quid
2454 2936 2600 2990 circa
2656 2934 2882 2989 fratrem
2933 2934 3241 3004 languidum
3283 2941 3555 3001 ageretur,
3584 2932 3667 2985 iu-

2087 3028 2275 3097 quirit.
2318 3026 2409 3080 Ille
2440 3042 2569 3081 vero
2606 3035 2813 3081 certum
2849 3040 2907 3080 se
2948 3025 3166 3095 quidem
3198 3025 3263 3078 dc
3294 3024 3467 3077 vicina
3500 3030 3672 3076 morte

399 3118 571 3173 soluta
604 3120 883 3189 tripudiat.
935 3122 1102 3174 Aiunt
1141 3122 1327 3184 etiam,
1358 3122 1483 3191 quia
1524 3137 1645 3176 cum
1683 3122 1735 3175 in
1761 3123 1847 3176 die
1874 3130 1984 3176 tre-
2012 3117 2057 3178 C
2090 3130 2345 3183 testatur,
2375 3120 2470 3174 sed
2501 3120 2761 3173 adversus
2789 3118 3096 3173 assidentes
3120 3118 3381 3185 probrosa
3413 3116 3667 3183 redargu-

400 3209 611 3264 mendis
634 3211 902 3266 examinis
924 3211 1127 3266 arbiter
1156 3221 1391 3266 zeternus
1432 3211 1663 3266 illuxerit
1682 3251 1696 3274 ,
1725 3209 1982 3281 angelicis

403 3304 647 3371 undique
702 3305 1039 3374 constipatus
1091 3305 1391 3373 obsequiis,
1414 3305 1626 3360 cunctis
1669 3306 1833 3359 etiam
1872 3304 1982 3360 ele-

401 3395 605 3450 mentis
652 3403 815 3451 tantm.
863 3394 1163 3462 maiestatis
1208 3396 1435 3450 horrore
1471 3395 1751 3463 permotis.
1785 3403 1983 3464 praesto

400 3484 557 3539 beata
617 3501 748 3540 crux
799 3486 942 3540 ulnis
1005 3484 1302 3540 advebetur
1357 3484 1705 3556 angelorum.
1757 3494 1815 3538 et
1859 3494 1985 3538 ante

400 3583 721 3629 cunctorum
760 3583 1031 3630 statuetur
1069 3590 1163 3630 ora
1192 3573 1533 3637 mortalium,
1556 3589 1663 3628 non
1686 3573 1797 3641 jam
1827 3589 1983 3637 auro,

400 3662 493 3719 vel.
513 3664 825 3732 margaritis
850 3673 1063 3725 ornata,
1080 3665 1172 3719 sed
1190 3664 1498 3719 rutilantior
1520 3663 1654 3726 sole,
1670 3666 1987 3733 cunctisque

404 3750 674 3806 sideribus
689 3769 753 3808 ex
777 3755 976 3808 virtute
1001 3755 1201 3808 divina.
1226 3753 1380 3809 Tunc
1401 3755 1585 3823 itaque
1599 3770 1759 3823 quam
1774 3755 1988 3809 sincero

404 3846 590 3909 rorde,
628 3858 684 3901 et
734 3847 903 3903 libera
960 3848 1293 3903 conscientia
1346 3856 1471 3902 ante
1513 3847 1746 3902 sublime
1794 3848 1987 3901 solium

404 3935 750 3991 flammivomi
798 3938 1083 3993 tribunalis
1135 3937 1377 4002 assistit,
1418 3936 1527 4006 qui
1558 3936 1835 3992 servitutis
1879 3950 1989 3990 suae

404 4044 629 4098 rensum
672 4030 996 4099 persolvisse
1028 4045 1086 4084 se
1117 4030 1343 4084 viviﬁcze
1388 4030 1559 4093 cruci,
1585 4042 1683 4098 per
1713 4044 1872 4097 quam
1924 4027 1992 4082 de

405 4132 565 4172 servo
594 4118 791 4173 diaboli
834 4118 971 4174 liber
1006 4117 1231 4175 effectus
1260 4126 1362 4184 est,
1394 4115 1755 4188 recognoscit!
1792 4115 1910 4181 liis,
1936 4123 1991 4170 et

406 4208 528 4264 aliis
581 4211 1143 4279 argumentationibus
1197 4210 1370 4264 sancti
1424 4208 1622 4265 fratres
1666 4218 1821 4265 sexta
1856 4208 1989 4264 feria

401 4296 753 4367 jejunandum
782 4315 902 4355 esse
931 4300 1198 4355 definiunt
1222 4318 1243 4354 :
1270 4310 1326 4354 et
1352 4300 1432 4354 sic
1461 4299 1990 4355 cruciﬁxoDomino

404 4402 467 4442 se
509 4404 724 4458 quoque
778 4388 1073 4444 cruciﬁxos
1110 4390 1403 4444 ostendunt
1452 4389 1519 4443 Et
1554 4389 1681 4459 quid
1713 4404 1877 4455 grave
1902 4429 1917 4447 .
1945 4387 1989 4441 si

2084 3213 2228 3266 tione
2269 3212 2642 3280 conqueritur.
2693 3211 2829 3275 lien,
2873 3212 3008 3264 licul
3042 3209 3232 3271 frater,
3278 3209 3470 3276 inquit,
3502 3220 3668 3275 quam

2082 3305 2322 3375 ignaros,
2350 3319 2511 3373 quam
2560 3303 2859 3371 imperitos,
2888 3311 3050 3370 atque
3108 3302 3469 3354 irrcverentes
3505 3298 3668 3352 habe-

2082 3410 2223 3457 mus,
2256 3405 2310 3448 et
2336 3393 2454 3448 sine
2476 3392 2759 3461 disciplina
2786 3391 3140 3455 domesticos;
3172 3398 3225 3443 et
3255 3388 3417 3447 tu,vir
3446 3396 3666 3441 strenue

2084 3486 2286 3540 Bonizo
2336 3487 2477 3555 (erat
2505 3483 2648 3538 enim
2679 3483 2788 3537 illic
2812 3484 2953 3537 inter
2978 3496 3071 3535 eos
3099 3482 3250 3535 dives
3271 3479 3489 3549 quidam
3510 3476 3670 3546 hujus

2085 3575 2355 3638 vocabuli,
2380 3574 2466 3628 ille
2486 3574 2833 3645 negotiatori,
2853 3573 3121 3643 quomodo
3142 3574 3327 3627 sedere
3350 3569 3569 3641 potuisti
3599 3569 3667 3623 ad

2087 3667 2283 3737 regina:
2311 3666 2547 3723 ctelestis
2594 3665 2919 3720 adventum?
2944 3663 3100 3718 Venit
3144 3666 3330 3735 regina
3372 3661 3581 3727 mundi,
3614 3671 3672 3715 et

2088 3774 2185 3813 vos
2219 3758 2880 3829 assurgereneglexistis?
2909 3756 3066 3812 Venit
3114 3766 3285 3811 mater
3324 3755 3670 3826 imperatoris

2087 3850 2367 3914 :eterni,et
2391 3864 2483 3903 vos
2512 3846 2629 3915 ejus
2659 3847 3001 3916 praesentiam
3030 3846 3318 3917 ignobilem
3337 3843 3673 3912 deputastis?

2089 3939 2170 3994 Ad
2196 3939 2340 4009 quod
2379 3939 2619 3993 Bonizo:
2654 3938 2885 4001 Deliras,
2926 3937 3117 4005 inquit,
3147 3937 3342 3998 adhuc,
3369 3944 3422 3988 et
3449 3935 3670 4003 aegritu-

2090 4030 2214 4084 dine
2240 4029 2580 4084 dementatus
2609 4028 2724 4083 haec
2741 4042 2877 4081 vana
2907 4025 3221 4096 profundis;
3252 4036 3344 4079 aut
3371 4040 3558 4078 verum
3590 4032 3674 4078 est

2092 4120 2231 4176 forte
2269 4122 2411 4191 quod
2442 4120 2716 4190 loqueris?
2753 4119 2918 4174 Nobis
2944 4129 3093 4174 certe
3113 4134 3248 4173 vana
3274 4120 3388 4173 lucc
3410 4118 3663 4172 videntur

2092 4220 2148 4265 et
2196 4210 2406 4265 frivola.
2454 4209 2539 4265 Ad
2585 4210 2690 4264 hoc
2735 4208 2869 4264 ille:
2904 4207 3042 4263 Num
3093 4208 3372 4278 ignoratis,
3410 4207 3506 4269 ait,
3542 4205 3667 4275 quia

2094 4299 2323 4368 languor
2346 4300 2466 4363 iste,
2492 4313 2651 4369 quem
2673 4299 2875 4368 patior,
2898 4313 3173 4368 nunquam
3205 4296 3443 4351 alienare
3464 4303 3672 4349 mentes

2094 4388 2473 4458 :egrotantium
2518 4388 2831 4445 consuevit?
2878 4387 3134 4442 Firmiter
3176 4386 3341 4455 igitur
3378 4395 3435 4440 et
3466 4385 3670 4453 absque

405 4476 747 4534 Christianus
806 4480 1035 4548 quilibet
1085 4497 1250 4534 unum
1299 4482 1494 4535 anima:
1541 4496 1653 4536 sua:
1706 4481 1849 4537 diem
1889 4495 1986 4549 per
2013 4466 2061 4522 ἶ)
2086 4480 2192 4534 ulla
2220 4495 2443 4549 prorsus
2471 4481 2828 4551 ambiguitate
2854 4479 3189 4550 cognoscite,
3220 4477 3475 4548 quoniam
3508 4492 3671 4547 ange-

408 4569 802 4624 hebdomadam
832 4571 1041 4635 tribuit,
1068 4570 1133 4624 ad
1157 4572 1297 4639 quod
1324 4572 1589 4640 agendum
1620 4586 1718 4641 pro
1739 4572 1984 4639 corporis

405 4658 780 4715 incolumitate
804 4662 1066 4715 servanda
1097 4662 1237 4716 dicta
1266 4676 1480 4731 quoque
1510 4661 1847 4715 medicinalis
1885 4662 1984 4714 im-

407 4748 605 4817 pellat?
635 4750 768 4803 Nam
799 4751 979 4804 Ctesar
1006 4751 1276 4819 Augustus
1301 4790 1317 4815 ,
1346 4752 1445 4805 sub
1473 4764 1581 4819 quo
1626 4748 1875 4805 Salvator
1917 4765 1985 4805 ex

407 4837 629 4910 Virgine
671 4841 923 4911 dignatus
977 4852 1061 4897 est
1116 4843 1309 4908 nasci,
1351 4844 1491 4897 sicut
1535 4841 1779 4911 quaedam
1825 4840 1987 4895 tradit

408 4927 666 4994 historia,
723 4946 851 4984 usus
905 4932 1132 4985 consilio
1182 4932 1543 4994 medicorum,
1610 4944 1715 4984 uno
1777 4944 1993 4999 semper

410 5020 717 5073 abstinebat
750 5036 847 5090 per
893 5021 1289 5075 hebdomadam
1339 5021 1458 5086 die;
1495 5030 1550 5073 ut
1579 5019 1830 5075 alleviato
1867 5036 1991 5075 cor-

347 5103 354 5111 ’
410 5124 539 5173 pore
566 5109 827 5177 potuisset
858 5121 1098 5180 vegetus,
1127 5120 1182 5166 et
1227 5111 1511 5165 incolumis
1544 5125 1880 5180 permanere.
1912 5111 1992 5165 Ad

411 5206 669 5259 honorem
703 5222 918 5276 quoque
965 5217 1167 5261 sancta:
1214 5207 1393 5261 crucis
1439 5205 1629 5261 eodem
1670 5205 1758 5260 die
1801 5206 1994 5261 missas

408 5296 707 5361 celebrant,
731 5307 791 5351 ut
826 5298 927 5352 sibi
955 5298 1316 5368 patrocinium
1344 5298 1522 5353 crucis
1549 5297 1601 5352 In
1640 5296 1725 5352 die
1756 5296 1995 5351 necessi-

410 5386 537 5439 tatis
561 5389 862 5454 acquirunt.

925 5478 1087 5549 579
1123 5477 1348 5533 CAPUT
1386 5476 1471 5531 IV.

651 5566 936 5624 Sabbatum
967 5588 1060 5624 cur
1082 5571 1145 5625 Β.
1185 5569 1381 5642 Virgini
1407 5572 1473 5624 sit
1500 5571 1751 5624 dicatum.

479 5651 777 5715 Sabbatum
806 5663 1106 5727 enimvero,
1137 5662 1279 5732 quod
1322 5662 1539 5733 requies
1579 5661 1987 5731 interpretatur,

2089 4572 2209 4627 lieis
2232 4572 2485 4627 comitata
2511 4572 2753 4641 vestigiis
2790 4571 2946 4625 beata
2974 4570 3352 4640 Redemptoris
3386 4569 3552 4623 nostri
3586 4584 3674 4623 me

2088 4671 2264 4715 mater
2293 4662 2498 4725 invisit,
2533 4661 2862 4715 hilaritatem
2903 4660 3033 4713 mihi
3067 4660 3244 4714 sereni
3274 4659 3451 4713 vultus
3494 4670 3673 4712 osten-

2090 4754 2168 4808 dit
2202 4770 2217 4805 :
2249 4753 2527 4808 benedixit
2554 4767 2663 4816 me,
2687 4761 2741 4805 et
2771 4751 3018 4819 protinus
3048 4750 3201 4804 abiit.
3231 4749 3474 4818 Cumque
3512 4750 3671 4818 paulo

2089 4853 2215 4914 post
2255 4845 2345 4899 ille
2386 4842 2669 4898 defunctus
2692 4852 2876 4907 esset,
2902 4855 3068 4895 senex
3096 4839 3314 4910 quidam
3344 4840 3665 4910 .presbyter,
3760 4904 3763 4905 ν

2091 4936 2326 4989 Severus
2350 4934 2599 4997 nomine,
2628 4933 2723 5003 qui
2758 4933 3015 4987 nimirum
3045 4932 3342 5001 spiritualis
3367 4930 3485 5000 ejus
3510 4940 3669 5001 pater

2090 5027 2375 5082 exstiterat
2409 5024 2617 5091 retulit;
2662 5026 2919 5096 quoniam
2955 5025 3114 5095 longe
3142 5036 3267 5080 ante
3291 5027 3417 5080 dum
3449 5034 3669 5093 vegetus

2093 5117 2270 5171 adhuc
2299 5124 2354 5171 et
2373 5115 2606 5170 sanitate
2634 5115 2853 5171 ﬂoreret
2880 5114 3184 5182 incolumis,
3214 5099 3474 5185 dep'ositis
3502 5112 3671 5166 nuda-

2094 5218 2179 5263 tus
2202 5208 2581 5274 exuviis,collo
2604 5209 2894 5279 corrigiam
2917 5224 3021 5279 qua
3044 5208 3358 5279 cingebatur
3378 5207 3624 5262 innexuit
3648 5222 3663 5259 :

2090 5299 2245 5354 altari
2275 5315 2335 5354 se
2360 5300 2530 5355 beatae
2571 5300 2664 5355 Dei
2703 5299 3025 5366 Genetricis,
3069 5300 3217 5354 velut
3259 5297 3452 5353 servile
3504 5297 3669 5368 580

2094 5390 2443 5459 mancipium,
2477 5390 2701 5444 tradidit
2736 5408 2749 5444 :
2788 5405 2912 5444 mox
2938 5402 2997 5442 se
3033 5388 3184 5457 quasi
3214 5402 3429 5441 servum
3460 5387 3662 5441 malum

2092 5497 2276 5535 coram
2325 5482 2540 5536 domina
2585 5496 2680 5535 sua
2730 5480 2855 5536 fecit
2891 5479 3206 5534 verberibus
3240 5476 3398 5541 allici,
3425 5478 3610 5533 dicens
3644 5495 3659 5533 :

2093 5568 2314 5623 Domina
2346 5583 2462 5623 mea
2494 5568 3038 5639 gloriosa,virginalis
3062 5566 3337 5622 munditia:
3366 5569 3660 5637 speculum,

2092 5667 2146 5713 et
2173 5659 2414 5715 omnium
2446 5673 2633 5715 norma
2676 5659 2959 5724 virtutum,
2987 5672 3147 5728 quam
3176 5672 3276 5729 ego
3309 5666 3361 5713 te
3391 5659 3578 5735 miser,
3606 5667 3664 5715 et
