4074 6190
324 263 431 321 567

754 261 815 320 S.
857 262 1063 319 PETRI
1098 262 1383 320 DAMIANI
1423 263 1575 320 OPP.
1611 262 1849 323 TOMUS
1886 263 2021 322 SEU
2078 263 2262 326 PARS
2314 263 2403 322 ill.
2433 288 2504 307 -
2541 258 2907 325 OPUSCULA
2949 263 3180 321 V'ARIA.

3487 269 3593 327 568

324 374 725 442 bifelixolfendi
751 390 848 446 per
872 378 1163 431 obscenam
1190 374 1374 431 carnis
1400 389 1535 432 mea:
1549 375 1912 447 putredinem,
1940 380 1991 441 Α
2017 386 2158 445 rant,
2183 383 2537 449 quatenusea
2562 380 2681 451 ejus
2701 380 2937 447 ossibus,
2964 380 3048 436 rei
3072 388 3321 437 extrema
3344 385 3592 454 quaedam

326 479 380 525 et
407 483 550 535 cam,
576 466 730 538 cuius
775 475 834 523 tu
878 474 1072 533 mater,
1094 473 1149 520 et
1201 476 1395 521 auctor
1442 480 1527 531 es,
1554 464 1749 521 violavi
1798 466 1908 523 mei

325 560 571 631 corporis
617 559 957 625 castitatem;
1009 574 1153 614 nunc
1202 559 1409 630 itaque,
1437 560 1581 631 quod
1618 559 1792 616 solum
1829 575 1912 616 re-

324 651 492 707 medii
524 657 795 719 superest,
825 664 913 704 me
938 649 1032 704 tibi
1060 647 1325 706 famulum
1352 651 1528 719 trado,
1555 659 1660 707 tute
1693 651 1911 708 ditionis

323 740 554 812 imperio
607 739 864 796 substrati
911 741 1159 811 corporis
1207 740 1347 797 colla
1399 742 1680 797 submitto.
1729 741 1912 798 Flecte

324 829 625 896 rebellem,
683 829 895 900 suscipe
954 838 1373 898 contumacem;
1430 845 1534 887 nec
1585 839 1677 887 tua
1738 830 1912 901 pietas

324 930 549 993 respuat
595 920 999 992 delinquentem
1054 924 1213 994 cujus
1262 924 1588 979 intemerata
1629 921 1912 996 virginitas

321 1009 535 1083 peperit
562 1024 705 1066 vera:
728 1011 946 1082 pietatis
970 1022 1272 1068 auctorem.
1318 1012 1423 1067 Per
1462 1012 1610 1069 istud
1634 1028 1767 1084 ergo
1794 1022 1915 1068 mu-

323 1107 610 1164 nusculum
638 1110 917 1165 servitutis
949 1126 1086 1167 mea:
1113 1108 1212 1168 tibi
1236 1120 1365 1168 tunc
1388 1111 1559 1169 odero
1584 1122 1830 1180 censum,
1858 1119 1915 1169 et

323 1199 545 1266 amodo,
569 1213 634 1256 ac
672 1200 928 1272 deinceps
950 1203 1129 1273 quoad
1158 1204 1370 1270 vixero,
1398 1204 1534 1259 certi
1575 1205 1801 1260 canonis
1826 1219 1916 1275 ap-

322 1293 554 1363 pendam
576 1294 864 1349 annualem
895 1295 1177 1350 tributum.
1201 1294 1499 1363 Quamdam
1520 1310 1650 1367 ergo
1672 1295 1915 1367 pecunia

322 1397 592 1437 summam
616 1383 669 1438 in
691 1384 879 1440 altaris
900 1387 1178 1454 crepidine
1202 1388 1400 1456 posuit,
1431 1398 1485 1442 et
1508 1388 1587 1443 sic
1613 1387 1680 1442 de
1700 1388 1914 1443 miseri-

324 1475 531 1540 cordia,
575 1488 738 1545 quam
792 1477 1081 1546 qttaesierat
1134 1480 1393 1545 conlisus,
1454 1480 1738 1536 abscessit.
1796 1480 1914 1536 Non

232 1578 242 1585 ·
324 1563 491 1634 igitur
524 1564 775 1622 fortassis
819 1567 981 1633 hanc,
1007 1570 1103 1623 sed
1135 1568 1441 1637 huiusmodi
1471 1570 1643 1626 frater
1668 1581 1820 1626 meus
1847 1571 1917 1627 de
1946 1608 1948 1611 -

324 1654 495 1709 fratre
532 1655 778 1711 narravit
806 1654 1111 1723 historiam,
1154 1656 1308 1727 cujus
1358 1660 1463 1715 etsi
1499 1672 1610 1730 prae
1639 1662 1916 1719 oblivione

2010 469 2228 525 valeant
2255 471 2497 540 reperire
2520 471 2772 542 vestigia.
2803 470 2942 527 Cum
2972 470 3203 529 diversis
3233 472 3415 544 itaque
3434 489 3594 553 men-

2008 570 2118 617 tem
2147 561 2388 619 fossoriis
2410 564 2632 629 adeunt,
2654 565 2781 621 hinc
2808 564 2934 619 inde
2955 574 3291 631 sentiantur,
3330 566 3387 621 et
3414 570 3597 626 curio-

2008 654 2123 711 sius
2147 655 2406 711 obeuntcs
2444 656 2594 711 rima:
2615 657 2833 713 latentis
2855 657 3059 713 aditum
3085 668 3352 729 quaarunt.
3386 660 3594 733 Egestis

2008 744 2192 815 itaque
2221 759 2327 800 non
2361 746 2478 801 sine
2509 748 2657 819 gravi
2688 746 2874 803 labore
2904 746 3223 815 ruderibus,
3276 749 3453 806 adhuc
3503 751 3590 808 fo-

2010 833 2220 889 dientes
2266 834 2554 902 anhelant,
2590 842 2645 892 et
2670 836 2916 892 excavati
2956 835 3158 893 montis
3186 836 3363 895 adimo
3388 834 3593 897 viscera

2011 934 2314 995 penetrant.
2350 924 2485 982 Cum
2516 942 2643 983 cem
2672 927 2942 984 hominem
2962 970 2977 993 .
3014 920 3173 1001 quem
3200 931 3295 986 vix
3322 941 3593 990 mortuum

2014 1017 2254 1085 reperire
2286 1032 2346 1073 se
2375 1032 2534 1089 posse
2556 1021 2878 1090 sperabant,
2918 1031 3143 1091 repente
3167 1038 3390 1093 sanum,
3427 1036 3483 1082 et
3514 1026 3597 1082 in-

2013 1105 2278 1162 columem
2322 1117 2595 1174 cernunt,
2644 1120 2878 1180 cumque
2925 1112 3071 1168 velut
3112 1127 3145 1169 e
3187 1112 3437 1185 sepulcro
3469 1129 3593 1173 cum

2015 1194 2232 1265 hymnis
2267 1204 2323 1251 et
2363 1196 2613 1254 laudibus
2645 1198 3026 1256 exsultationis
3064 1201 3319 1258 educunt.
3352 1200 3597 1276 Cumque

2015 1286 2382 1357 muneretur
2442 1303 2552 1358 quo
2588 1290 2749 1345 modo
2799 1291 2916 1346 sine
2959 1292 3235 1350 alimentis
3288 1304 3396 1351 tam
3434 1290 3596 1368 longo

2018 1387 2259 1447 tempore
2285 1380 2467 1435 vivere
2492 1382 2787 1451 potuisset,
2816 1385 3150 1455 respondens
3176 1404 3192 1441 :
3215 1386 3294 1441 Ex
3323 1400 3430 1459 quo
3451 1428 3466 1454 ,
3505 1389 3589 1444 in-

2016 1469 2155 1535 quit,
2184 1469 2237 1524 in
2264 1466 2357 1526 illa
2386 1468 2598 1529 scrobis
2634 1483 2861 1545 angusta
2884 1490 3002 1531 sum
3025 1490 3257 1532 caverna
3283 1477 3592 1549 conclusus,

2016 1560 2257 1629 quotidie
2283 1562 2415 1617 mibi
2455 1556 2635 1619 brevis
2668 1556 2876 1619 avicula
2907 1565 3171 1622 columba:
3202 1564 3395 1625 similis
3424 1566 3593 1627 advo-

2020 1653 2153 1708 lavit
2178 1692 2193 1719 ,
2232 1662 2289 1710 et
2316 1648 2370 1709 in
2397 1664 2494 1710 ore
2515 1666 2615 1711 suo
2643 1655 2785 1711 nivei
2813 1656 2945 1711 mihi
2978 1658 3135 1727 panis
3174 1657 3593 1716 oblatiuncuiam

322 1747 494 1801 verba
533 1761 640 1802 non
674 1757 853 1812 teneo,
879 1747 1071 1803 saltem
1112 1749 1163 1803 in
1196 1760 1459 1819 quantum
1492 1752 1624 1806 mihi
1660 1752 1917 1823 possibile
1948 1761 1989 1820 Β
2018 1743 2230 1799 detulit.
2259 1743 2377 1812 Quo
2403 1746 2654 1802 Videlicet
2680 1743 2802 1803 cibo
2827 1748 2899 1803 ita
2930 1746 3058 1804 totis
3084 1744 3383 1806 visceribus
3405 1748 3595 1807 obdul-

324 1845 432 1901 est,
460 1851 491 1891 a
515 1836 700 1893 relatis
730 1838 965 1909 quadam
993 1838 1349 1897 similitudine
1378 1852 1484 1895 non
1530 1843 1751 1898 recedo.
1772 1842 1917 1898 Con-

324 1927 581 1983 fessionis
630 1929 797 2000 igitur
822 1929 926 1984 iste
969 1930 1273 1986 versiculus
1302 1931 1369 1986 ad
1422 1932 1616 1997 relata,
1643 1934 1726 1988 vel
1774 1932 1915 1990 refe-

323 2018 493 2072 renda
530 2017 661 2073 mihi
689 2025 886 2073 cuncta
911 2019 1192 2088 proﬁciat;
1237 2034 1429 2091 meque
1462 2020 1515 2075 in
1546 2020 1744 2090 quibus
1766 2023 1919 2094 igno-

325 2118 515 2163 rauter
551 2108 773 2177 oberro,
798 2121 990 2166 coram
1032 2111 1284 2181 supernis
1322 2111 1601 2168 obtutibus
1635 2114 1943 2170 excusabi-'

324 2200 430 2256 leui
453 2202 663 2257 reddat.

962 2292 1193 2349 CAPUT
1232 2295 1296 2350 ν.

327 2378 483 2447 Quod
527 2378 792 2437 arationes
841 2391 890 2437 ct
937 2377 1195 2504 εκθῑνᾱῃὲα
1244 2383 1347 2437 sint
1403 2382 1656 2440 alimenta
1714 2386 1908 2457 defruta

1006 2468 1229 2504 eorum.

1006 2468 1229 2507 ciorum.

401 2546 472 2604 lit
516 2546 684 2619 igitur
731 2548 1106 2619 superioribus
1154 2557 1211 2604 et
1257 2547 1514 2605 inferiora
1562 2550 1917 2620 coniungam,

322 2638 454 2703 noli,
483 2638 622 2705 noli,
660 2639 748 2709 pie
795 2648 972 2710 pater,
1027 2639 1082 2695 in
1125 2640 1398 2695 minarum
1432 2654 1574 2711 quas
1616 2639 1917 2705 intentasti,

322 2744 678 2800 perseverum
727 2730 1041 2794 sententia;
1096 2730 1205 2785 noli
1266 2731 1551 2802 aegrotanti
1602 2730 1749 2797 filio,
1802 2731 1918 2786 sive

322 2819 550 2885 viventi,
577 2819 694 2875 sive
730 2828 854 2888 post
882 2819 1114 2885 obitum,
1152 2820 1423 2875 orationis
1465 2828 1569 2875 tua:
1593 2821 1919 2877 subtrahere

325 2910 675 2965 medicinam.
726 2908 896 2965 Porro
952 2919 1157 2975 autem,
1194 2910 1322 2980 quia
1379 2910 1567 2967 infelix
1627 2923 1728 2983 ego
1788 2912 1918 2968 dum

326 2999 475 3064 vivo,
504 3015 614 3069 prae
650 2999 869 3055 desidiae
900 3010 1117 3071 torpore
1151 3016 1260 3056 non
1299 3002 1534 3069 semine,
1560 3012 1684 3072 post
1706 3003 1913 3058 obitum

324 3107 531 3157 )Iltlilm,
558 3092 610 3148 si
640 3092 1030 3162 supervixeris,
1060 3093 1129 3149 de
1170 3093 1421 3150 manibus
1460 3095 1571 3150 tuis
1600 3095 1910 3151 alimoniam
1936 3112 1984 3173 ρ

208 3185 224 3197 ⁸
326 3198 519 3253 spero;
543 3193 811 3254 quatenus
837 3184 1127 3241 oblationis
1155 3194 1262 3242 tute
1290 3194 1697 3243 sacramentum
1720 3190 1915 3244 anima:

325 3286 463 3330 mea:
484 3285 730 3329 vertatur
754 3276 807 3330 in
836 3276 1076 3346 epulum,
1098 3286 1150 3332 et
1178 3278 1443 3334 orationis
1460 3268 1564 3333 tua
1582 3279 1914 3335 sacrificium

326 3367 461 3423 mild
489 3367 657 3424 vitale
677 3368 749 3423 sit
774 3369 1114 3424 alimentum.
1148 3369 1217 3424 Et
1257 3370 1386 3439 quid
1420 3371 1640 3437 mirum,
1669 3372 1716 3427 si
1742 3386 1916 3428 sacra:

327 3458 619 3513 oblationis
665 3458 842 3514 hostia
891 3458 1121 3514 refectio
1175 3460 1414 3515 creditur
1465 3472 1588 3517 esse
1621 3461 1913 3530 defunctis,

328 3565 456 3605 una
480 3550 533 3604 in
560 3548 817 3605 alimenta
843 3558 1088 3604 vertatur
1113 3549 1403 3619 aliquando
1426 3551 1737 3607 viventibus
1749 3554 1914 3609 etiam

327 3640 383 3695 it
410 3640 667 3710 periculis
702 3640 1056 3695 constitutis?
1090 3639 1225 3695 Nam
1270 3642 1595 3698 venerabilis
1622 3652 1789 3698 senex
1818 3644 1919 3700 Pe-

329 3741 449 3786 trus
492 3732 770 3797 sacerdos,
819 3742 873 3787 et
904 3733 1226 3798 monachus,
1271 3733 1363 3802 qui
1412 3731 1522 3803 iam
1571 3722 1915 3805 septuaginta

328 3819 504 3876 ferme
548 3834 721 3877 unitos
766 3823 868 3878 sub
891 3820 1016 3892 jure
1039 3821 1407 3879 Nonantuiani
1447 3825 1762 3880 monasterii
1789 3823 1918 3880 reli-

330 3909 480 3978 giose
510 3911 666 3977 visit,
699 3924 845 3967 nunc
892 3912 1059 3967 etiam
1108 3914 1167 3967 in
1213 3914 1317 3969 hac
1358 3924 1544 3971 eremo
1572 3915 1741 3971 vitam
1769 3915 1919 3972 ducit

328 4002 655 4073 angelicam,
673 4003 803 4059 mihi
823 4014 971 4074 sape
989 4004 1255 4071 narravit,
1269 4007 1412 4075 quod
1431 4005 1550 4076 ipse
1571 4014 1787 4078 quoque
1811 4006 1920 4063 ira.

329 4106 477 4150 trum
507 4111 536 4149 a
566 4095 790 4151 Cumani
822 4096 976 4154 laeua
1004 4098 1244 4154 conﬁnio
1280 4099 1618 4156 venientium
1655 4098 1925 4156 relatione

328 4186 607 4257 cognovit.
637 4186 729 4241 Ait
767 4188 941 4253 enim,
970 4189 1096 4257 quia
1142 4189 1330 4245 iatotui
1376 4190 1599 4259 quidam
1628 4192 1770 4261 apud
1796 4189 1921 4246 Cla‘

326 4291 561 4332 venuam
613 4286 851 4333 montem
896 4278 967 4334 de
1016 4294 1181 4335 saxea
1228 4288 1393 4336 terra:
1436 4294 1574 4337 vena
1600 4281 1803 4338 lebetes
1829 4296 1922 4338 ex-

327 4365 696 4437 sculpserunt,
719 4376 779 4421 et
804 4366 1025 4436 capieto
1069 4368 1272 4436 labore,
1327 4370 1442 4440 iam
1496 4373 1704 4444 egressi
1739 4375 1919 4431 redire

2019 1842 2173 1889 catus
2206 1844 2327 1890 sum
2355 1844 2409 1891 et
2436 1837 2696 1904 refectus,
2727 1847 2785 1893 ut
2816 1836 3110 1909 regalibus.
3144 1840 3253 1895 imo
3280 1841 3592 1898 coelestibus

2019 1939 2106 1979 me
2127 1924 2334 1981 deliciis
2356 1926 2658 1982 arbitrarer
2681 1927 2981 1998 impletum.
3006 1928 3135 1984 Solo
3158 1939 3337 1986 autem
3359 1944 3466 1987 uno
3487 1926 3593 1998 die,

2019 2016 2273 2083 quoniam
2319 2017 2387 2071 ad
2414 2026 2502 2072 me
2530 2017 2773 2088 dapifera
2812 2030 2932 2074 mea
2978 2028 3235 2075 consueta
3270 2034 3379 2076 non
3415 2024 3592 2089 venit,

2019 2100 2377 2160 intolerabilis
2403 2118 2491 2161 me
2520 2107 2681 2163 tantis
2715 2107 2895 2178 in0pia
2935 2102 3222 2164 cruciavit.
3266 2106 3418 2166 Uxor
3449 2112 3593 2167 enim

2018 2194 2137 2263 eius
2172 2196 2417 2264 quotidie
2446 2196 2651 2252 fecerat
2694 2208 2792 2266 pro
2819 2196 2937 2266 ejus
2974 2200 3155 2254 anima
3197 2206 3594 2257 sacramentum

2018 2283 2209 2339 hostiae
2235 2285 2490 2341 salutaris
2518 2286 2725 2355 offerri,
2746 2298 2856 2344 uno
2875 2297 3055 2344 autent
3076 2290 3164 2345 die
3187 2288 3595 2349 inhorrescente

2018 2373 2280 2429 brumalis
2308 2373 2655 2431 inclementia
2689 2377 2970 2448 temporis,
3001 2378 3266 2450 attingere
3293 2382 3455 2437 limen
3496 2378 3594 2439 Ec-

2017 2464 2195 2520 clesiae
2237 2466 2560 2536 supersedit.
2590 2468 2930 2539 Quapropter
2954 2468 3064 2525 illis
3102 2479 3291 2526 mutuo
3314 2471 3595 2528 conferen-

2018 2558 2162 2612 tibus
2205 2558 2408 2628 liquido
2435 2558 2653 2629 patuit,
2701 2574 2824 2615 eum
2850 2559 2942 2615 illo
2987 2560 3074 2617 die
3103 2560 3385 2632 signanter
3416 2562 3594 2619 inedia

2019 2646 2382 2714 tabefactum,
2425 2660 2535 2717 quo
2622 2664 2720 2720 pro
2759 2649 2875 2720 ipso
2917 2663 3022 2707 non
3055 2649 3234 2707 fuerat
3270 2652 3591 2709 sacrificium

2017 2735 2190 2791 laudis
2218 2734 2477 2791 oblatum.

2629 2855 2856 2914 CAPUT
2897 2857 2984 2913 Vi.

2017 2984 2332 3054 Exemplum
2363 2986 2628 3052 mulieris,
2650 3005 2770 3057 qua:
2796 2989 3028 3057 defuncti
3061 2991 3162 3044 viri
3192 2992 3429 3047 animum
3458 2993 3590 3049 deus

2389 3073 2606 3127 mosyna
2639 3060 2890 3113 redimere
2910 3061 3217 3114 conabatur.

2084 3185 2191 3247 Sed
2240 3205 2345 3247 nec
2377 3188 2508 3246 illud
2549 3190 2767 3246 silentio
2816 3191 3035 3263 dignum
3075 3192 3245 3258 duco,
3285 3194 3429 3263 quod
3467 3194 3594 3249 Atto

2012 3281 2113 3350 pia
2140 3280 2418 3335 meruerim
2452 3280 2790 3336 Auximanus
2832 3281 2999 3349 civis,
3040 3274 3588 3353 prudens‘videlicet‘,

2013 3379 2069 3424 et
2095 3370 2353 3426 honestus
2372 3369 2476 3435 vir,
2498 3383 2584 3425 me
2601 3374 2883 3439 prasente,
2899 3372 3156 3426 narravit.
3172 3372 3379 3436 Mulier,
3399 3375 3593 3444 inquit,

2014 3460 2258 3528 quadam
2287 3459 2518 3515 obeunte
2552 3459 2693 3524 viro,
2715 3459 2871 3514 vidua
2911 3472 3219 3528 remanens,
3249 3462 3302 3517 iu
3325 3465 3556 3534 quodam

2014 3550 2334 3620 presbytero
2366 3563 2616 3620 magnam
2653 3561 2805 3620 spem
2833 3550 2901 3605 de
2926 3551 3133 3620 praefati
3169 3553 3271 3607 viri
3306 3554 3389 3610 sui
3416 3551 3589 3611 salute

2016 3649 2295 3710 posuerat,
2351 3640 2511 3709 eique
2555 3649 2655 3709 per
2692 3640 3045 3697 domesticam
3084 3641 3340 3696 famulam
3384 3644 3592 3699 crebra:

2015 3729 2149 3784 satis
2191 3727 2486 3784 oblationis
2528 3729 2689 3784 xenia
2744 3728 3027 3801 dirigebat.
3070 3730 3172 3786 Per
3215 3738 3337 3786 eam
3383 3747 3594 3803 semper

2015 3821 2339 3886 obsecrans,
2374 3826 2436 3872 ut
2456 3817 2697 3874 defuncti
2728 3819 2810 3874 sui
2832 3818 3146 3890 dignaretur
3163 3819 3366 3876 habere
3389 3832 3593 3877 memo-

2019 3911 2153 3965 riam
2178 3926 2193 3965 :
2219 3908 2363 3980 quod
2382 3908 2479 3964 illc
2503 3922 2611 3965 non
2637 3907 2859 3965 difficile
2881 3908 3275 3980 promittebat;
3316 3918 3590 3968 verumta-

2018 4013 2141 4057 men
2162 4014 2359 4056 avarus
2411 4008 2471 4055 et
2522 4011 2686 4055 tenax
2710 4015 2988 4070 nunquam
3020 4002 3452 4059 benedictionem
3472 4014 3591 4060 mu-

2020 4090 2273 4157 liercula,
2304 4090 2391 4147 vel
2433 4105 2505 4146 ea
2531 4090 2617 4146 his
2638 4104 2763 4163 quae
2792 4091 2906 4161 ipsa
2937 4090 3226 4157 detulerat,
3256 4094 3587 4165 porrigebat.
3625 4162 3634 4170 .

2021 4184 2176 4241 Unde
2213 4183 2415 4239 factum
2443 4190 2557 4249 est,
2602 4191 2663 4235 ut
2698 4197 2821 4237 eam
2871 4191 2980 4236 tam
3017 4183 3192 4239 crebri
3222 4182 3336 4251 jam
3377 4186 3594 4241 taederet

2021 4276 2231 4332 itineris
2248 4307 2265 4342 ι
2290 4284 2347 4330 et
2368 4283 2654 4330 accusaret
2678 4274 2822 4328 intra
2846 4287 2909 4330 se
2935 4274 3205 4330 teuaciam
3234 4277 3554 4333 sacerdotis.

2088 4365 2219 4423 Post
2254 4364 2425 4420 multa
2455 4362 2688 4434 quadam
2716 4364 2803 4419 die
2829 4378 2926 4434 per
2945 4365 3191 4421 eamdem
3218 4366 3430 4436 piorum
3470 4382 3590 4422 mu-

326 4457 613 4527 purabant.
639 4457 879 4525 Quorum
907 4473 1052 4514 unus
1076 4458 1207 4514 dum
1235 4459 1626 4519 ferramentum
1646 4464 1915 4534 quoddam
1942 4466 1997 4527 υ
2021 4471 2213 4513 uerum
2254 4456 2490 4527 bajulam
2541 4455 2692 4511 misit
2737 4448 2929 4511 eadem
2978 4466 3226 4511 matrona
3276 4458 3591 4532 presbytero

330 4564 392 4602 sc
422 4563 517 4619 per
547 4547 878 4603 oblivionem
910 4547 1201 4619 reliquisse
1222 4551 1499 4622 cognovit,
1539 4552 1593 4607 in
1616 4566 1913 4610 concavam

331 4640 531 4695 montis
564 4640 811 4695 scrobem
856 4637 1126 4709 iacturam
1176 4656 1330 4697 suam
1380 4643 1765 4700 recoliecturus
1814 4644 1914 4700 itu-

329 4729 543 4785 mersit.
607 4727 716 4784 Sed
762 4743 897 4785 ecce
942 4737 1067 4800 post
1115 4742 1175 4785 se
1216 4746 1349 4801 pars
1384 4745 1582 4801 specus
1606 4732 1662 4787 in
1690 4733 1912 4788 minima

329 4822 595 4887 concidit,
618 4828 851 4892 curaque
888 4821 1097 4893 lapidea
1159 4824 1413 4879 ruderum
1460 4825 1631 4881 moles
1666 4834 1909 4891 eatenus,

262 4908 280 4927 ⁵
330 4924 392 4968 ut
443 4928 785 4985 nequaquam
846 4915 1046 4990 reverti
1110 4926 1327 4986 posset,
1376 4915 1611 4973 inclusit.
1668 4917 1913 4990 Cumque

331 5004 779 5061 rollaboratorcm
815 4988 935 5074 eius
985 5005 1197 5061 crebris
1252 5004 1630 5073 otfpssionibus
1674 5008 1805 5063 socii
1826 4988 1917 5061 ate

333 5104 645 5161 tmttarcnt,
698 5103 761 5150 ut
808 5095 896 5151 vel
941 5096 1295 5152 diiaceratum
1323 5135 1338 5158 ,
1402 5106 1569 5168 atque
1621 5101 1915 5155 contritum

331 5184 589 5241 exstincti
638 5184 872 5242 cadaver
933 5185 1268 5252 educerent,
1309 5185 1531 5257 jamque
1580 5188 1760 5243 omnis
1816 5202 1913 5243 eo—

334 5291 452 5329 rum
508 5276 659 5332 labor
700 5277 974 5333 incassum
1022 5278 1261 5344 cederet,
1311 5280 1530 5334 tandem
1584 5278 1801 5344 defessi,
1851 5293 1915 5334 ac

335 5366 496 5438 58],
546 5368 787 5425 funditus
826 5368 1177 5439 desperantes
1216 5368 1287 5423 ad
1316 5368 1530 5439 propria
1562 5367 1908 5438 repedarunt.

336 5460 683 5515 i'ostmodum
714 5470 842 5517 vero
864 5463 1095 5517 necdum
1121 5461 1355 5516 labentis
1384 5461 1511 5515 anni
1542 5475 1763 5529 prorsus
1782 5472 1911 5513 evo—

2018 4547 2275 4620 gailinam
2298 4556 2541 4613 coctam,
2572 4545 2992 4601 subeinericium
3020 4556 3211 4615 panem
3233 4555 3286 4601 et
3313 4547 3589 4603 vaseulum

2016 4636 2149 4692 vini.
2181 4636 2348 4708 igitur
2375 4634 2502 4691 dum
2541 4635 2630 4690 illa
2655 4649 2784 4690 casu
2813 4644 2942 4690 tunc
2964 4635 3123 4690 solito
3147 4647 3447 4706 propensus
3474 4646 3591 4693 esu-

2015 4729 2170 4793 riret,
2204 4734 2260 4784 et
2297 4727 2572 4799 querelam
2595 4726 2803 4793 cordis,
2823 4726 3283 4797 cogitationisque
3320 4728 3580 4784 tumultus

2017 4820 2106 4875 illa
2132 4819 2394 4874 adversus
2421 4817 2795 4889 presbyterum
2824 4816 3152 4881 sustineret,
3175 4817 3280 4873 huc
3315 4816 3441 4875 illuc
3468 4832 3587 4874 om-

2020 4911 2112 4966 nia
2142 4908 2386 4979 undiqae
2422 4908 2885 4980 circumspiciens,
2925 4909 2980 4963 in
3010 4908 3317 4964 remotioris
3346 4924 3592 4965 secessus

2017 5000 2270 5072 angulum
2309 5008 2467 5055 cauta
2502 5000 2725 5055 divertit
2748 5038 2765 5065 ,
2811 4999 3032 5070 ipsaque
3078 4999 3180 5053 sibi
3210 4999 3587 5067 discumbens,

2016 5092 2220 5162 pariter
2239 5100 2294 5146 et
2315 5091 2597 5156 assistens,
2625 5103 2853 5161 quisque
2876 5089 3130 5161 portabat
3154 5090 3431 5146 inhiautcr
3468 5090 3589 5146 uni-

2015 5197 2172 5238 versa
2200 5182 2558 5251 consumpsit.
2596 5181 2789 5238 Mulier
2816 5182 2982 5253 igitur
3003 5181 3125 5238 cibo
3158 5191 3396 5253 pctuque
3444 5181 3587 5237 refe-

2015 5282 2135 5341 cta,
2181 5274 2517 5329 mox.la:titia
2545 5273 2728 5328 cordis
2754 5273 3053 5339 exsultans,
3083 5282 3248 5345 caput
3274 5280 3432 5328 terra:
3464 5282 3588 5342 pro-

2018 5366 2213 5422 stravit
2236 5383 2250 5419 :
2279 5366 2475 5421 deinde
2498 5379 2556 5420 se
2577 5365 2883 5435 subrigens,
2902 5364 2968 5419 ad
2992 5364 3187 5420 coelum
3210 5378 3404 5420 manus
3426 5364 3587 5434 582

2015 5459 2282 5524 extendit,
2303 5467 2358 5512 et
2388 5458 2441 5512 in
2463 5473 2649 5513 vocctn
2674 5456 2831 5526 hujus
2855 5457 3117 5513 orationis
3136 5457 3351 5527 erupit:
3378 5477 3396 5508 ι
3420 5457 3586 5521 Deus,

336 5549 677 5606 lutocirculo
698 5591 713 5615 .
753 5555 911 5608 amici
935 5594 948 5616 ,
997 5552 1084 5608 vel
1121 5551 1310 5606 aliiues
1340 5551 1459 5620 ejus
1480 5552 1709 5621 quodam
1736 5553 1909 5608 intimi
2008 5549 2204 5617 inquit.
2226 5549 2588 5617 omnipotens,
2609 5546 2704 5617 qui
2725 5546 2823 5602 das
2852 5560 3038 5602 escam
3058 5546 3381 5601 omnicarni
3408 5543 3583 5617 (Paul.

337 5640 568 5695 fervoris
593 5638 853 5697 instinctu
881 5645 1208 5710 animantur,
1235 5650 1297 5698 ut
1316 5656 1440 5699 eum
1468 5642 1752 5699 sollicitius
1769 5656 1912 5714 qua:-

2011 5638 2234 5709 cxxxv),
2265 5656 2284 5691 ι
2316 5638 2457 5695 sicut
2479 5652 2608 5693 caro
2643 5651 2763 5693 mea
2792 5635 2995 5693 refecta
3023 5645 3107 5692 est
3136 5636 3238 5693 hoc
3258 5636 3379 5692 cibo
3400 5650 3585 5705 corpo-
