4074 6190
407 323 512 379 56‘)

1276 326 1520 388 opusc.
1550 331 1793 389 χχχιιι.
1822 360 1891 372 -
1930 330 2020 386 ne
2058 326 2242 386 ιιι)Νο
2278 306 2848 386 surrnaetonun.

3562 318 3666 376 570

404 455 526 504 reo,
579 436 655 491 ita
704 450 801 507 per
836 437 1266 497 misericordiam
1300 452 1447 501 tuam
1490 446 1653 503 hodie
1696 451 1756 504 et
1795 446 1976 503 anima
2005 447 2055 507 Α
2081 453 2292 501 ciorum
2314 442 2417 498 hoc
2440 442 2652 497 naviter
2682 435 3155 509 superaddunt,ut
3175 432 3525 491 citerioribus
3544 451 3665 503 qut-

400 529 607 587 dontini
634 530 738 585 mei
766 530 996 586 satietur
1023 531 1075 587 in
1105 535 1380 603 paradiso.

470 621 742 691 Regressa
780 620 944 692 igitur
978 622 1047 677 ad
1086 624 1362 682 dominam
1402 643 1557 685 suam
1585 630 1815 698 mulier,
1847 629 1981 703 quid

399 725 723 780 responsum
746 709 866 765 sita
890 712 1175 768 sacerdote
1220 716 1485 785 requirit;
1514 718 1601 773 illa
1626 730 1756 775 vero
1778 719 1982 791 gratias

398 801 610 866 exisse,
662 809 719 855 et
754 800 902 856 circa
940 800 1254 859 defunctum
1296 806 1630 878 vigilantiam
1667 810 1983 880 promisisse

400 899 653 946 testatur.
694 890 950 946 Proxima
978 902 1138 948 nocte
1160 908 1258 963 per
1289 897 1461 952 visum
1489 898 1645 955 adest
1674 899 1759 955 vir
1782 934 1798 967 .
1824 901 1981 956 uxori

401 986 468 1039 de
501 982 766 1052 pridianis
802 984 1125 1040 muneribus
1149 988 1354 1057 gratias
1380 990 1513 1059 egit.
1547 989 1788 1063 Cumque
1811 992 1980 1049 soler-

402 1084 484 1128 ta'r
508 1073 804 1144 inquireret
825 1075 953 1144 quid
972 1076 1117 1131 circa
1137 1091 1198 1132 se
1217 1076 1587 1149 dispositionis
1602 1089 1766 1147 esset,
1791 1092 1976 1139 utrum

399 1163 614 1220 scilicet
653 1179 779 1221 eum
804 1178 968 1236 poma
997 1168 1422 1239 constringeret,
1450 1185 1519 1227 an
1546 1171 1597 1227 ei
1622 1174 1857 1243 quaevis,
1880 1173 1983 1229 uti-

401 1268 548 1322 nam,
612 1256 944 1326 prosperitas
994 1258 1228 1324 arridet,
1283 1262 1563 1333 respondit
1594 1277 1610 1318 :
1640 1263 1826 1335 Usque
1859 1265 1978 1322 heri

402 1346 540 1402 male
568 1346 701 1403 mihi
731 1346 853 1413 fuit,
881 1348 976 1403 sed
1002 1356 1057 1403 et
1095 1347 1238 1405 inter
1261 1359 1455 1408 caetera
1482 1368 1618 1409 mea:
1648 1353 1979 1413 calamitatis

400 1437 739 1492 incommoda
789 1438 1010 1509 gravius
1052 1453 1138 1494 me
1168 1438 1342 1497 fames
1386 1440 1594 1498 afflixit.
1639 1443 1769 1500 Heri
1817 1456 1976 1513 vero,

400 1541 454 1584 te
474 1529 750 1600 praebente
772 1530 1077 1586 convivium
1095 1571 1110 1596 ,
1132 1530 1411 1602 splendide
1434 1533 1631 1601 refeci;
1651 1551 1719 1592 ac
1737 1536 1981 1594 funditus

399 1618 544 1676 fame
574 1605 921 1691 censumpta,
953 1619 1119 1691 largis
1145 1620 1527 1678 alimentorum
1557 1624 1787 1695 dapibus
1814 1627 1981 1680 abun-

397 1710 547 1766 davi.
574 1710 644 1765 Et
671 1710 758 1766 his
783 1711 941 1767 dictis
973 1721 1171 1782 praete
1197 1712 1483 1784 disparuit.
1511 1714 1757 1786 Cumque
1782 1716 1979 1772 mulier

2081 535 2395 605 buscunqne
2437 533 2704 590 defunCtis
2749 540 2975 588 octavas
2998 537 3216 600 semper
3261 529 3667 583 anniversarias

2082 627 2310 693 faciant;
2336 636 2391 683 et
2414 642 2522 681 non
2550 641 2657 681 uno
2684 633 2895 680 tantum
2916 622 3270 692 depositionis
3290 622 3407 687 die,
3437 619 3530 676 sed
3561 632 3666 692 per

2080 721 2379 790 ogdoadam
2399 715 2836 792 [hebdomadam]
2863 715 3044 786 potius
3060 714 3310 769 annualis
3328 708 3432 769 sibi
3457 726 3670 769 meme»

2082 814 2175 870 ria:
2197 823 2321 869 vota
2342 813 2673 884 persolvant.
2699 811 2766 865 Et
2779 823 3010 880 suggero
3033 816 3198 877 atque
3217 804 3499 862 humiliter
3516 814 3668 876 peto,

2081 911 2139 959 ut
2174 903 2289 973 ipse
2315 911 2501 958 nutum
2526 903 2629 957 hoc
2654 914 2866 966 eorum,
2889 913 3011 970 quae
3032 897 3411 969 praediximus,
3436 890 3672 967 arripias

2082 995 2388 1051 institutum
2423 1010 2439 1050 :
2471 1005 2575 1050 nec
2606 1009 2637 1049 a
2667 992 2909 1049 minimis
2946 980 3207 1048 fratribus
3244 989 3479 1046 mutuari
3512 988 3667 1046 dedi»

2080 1086 2261 1155 gneris
2311 1084 2640 1155 exemplum.
2692 1082 2881 1139 Melius
2932 1092 3017 1138 eSt
3069 1088 3220 1141 certe
3278 1082 3589 1137 doctoribus
3634 1090 3667 1135 α

2082 1174 2360 1246 discipulis
2384 1175 2626 1241 discere,
2668 1185 2829 1244 quam
2870 1174 3099 1245 superbe
3122 1214 3138 1240 ,
3165 1184 3285 1245 quae
3308 1179 3450 1229 recta
3497 1177 3624 1228 sunt
3643 1211 3660 1239 ,

2080 1264 2348 1337 ignorare.
2384 1260 2675 1320 Honestius
2706 1272 2789 1319 est
2815 1263 3025 1331 majori,
3061 1271 3122 1318 ut
3156 1277 3275 1333 quae
3296 1264 3469 1319 nescit
3505 1262 3659 1317 addi-

2080 1361 2226 1418 scut,
2262 1368 2425 1424 quam
2464 1365 2588 1424 qum
2621 1353 2847 1408 dicenda
2888 1361 3047 1417 sunt,
3083 1353 3309 1408 nesciat.
3346 1353 3391 1409 0
3421 1353 3659 1420 gloriosa

2078 1445 2255 1500 virtus
2290 1444 2641 1501 humilitatis!
2682 1456 2780 1516 per
2830 1456 2991 1515 quam
3023 1445 3186 1500 homo
3217 1460 3345 1500 vere
3366 1440 3665 1512 discipulus

2078 1534 2306 1591 eilicitur
2340 1531 2661 1591 Salvatoris.
2723 1550 2743 1587 ι
2774 1535 2975 1590 Discite
3000 1575 3014 1601 ,
3051 1534 3253 1604 inquit,
3307 1549 3337 1587 a
3383 1549 3497 1596 me,
3531 1534 3664 1602 quia

2078 1623 2225 1681 mitis
2254 1641 2406 1692 sum,
2438 1635 2493 1681 et
2525 1625 2745 1682 humilis
2774 1626 2940 1685 corde
2982 1625 3201 1697 (Matth.
3233 1625 3332 1694 xi).
3370 1642 3391 1677 ι
3427 1622 3553 1679 Haec
3579 1633 3666 1681 est

2078 1714 2223 1769 enim
2270 1716 2471 1781 virtus,
2502 1726 2600 1786 per
2637 1730 2800 1786 quam
2840 1726 3004 1771 suave
3048 1714 3160 1771 Deo
3206 1717 3566 1780 sacriﬁcium,
3607 1724 3665 1772 et

397 1799 729 1870 vigilasset,
755 1815 823 1856 ao
850 1801 916 1857 de
943 1802 1045 1857 viri
1069 1803 1154 1858 sui
1176 1804 1356 1860 verbis
1377 1804 1610 1862 sollicite
1630 1816 1972 1875 pertractare
2000 1793 2048 1853 Β
2077 1802 2337 1873 magister
2376 1802 2604 1873 impensi
2647 1804 2851 1861 laboris
2878 1805 3191 1860 instantiam
3212 1846 3226 1871 ,
3265 1810 3323 1861 et
3363 1805 3660 1876 discipulus

399 1888 671 1959 cepisset,
699 1898 805 1945 neu
826 1890 1177 1947 mediocriter
1199 1892 1521 1961 mirabatur,
1544 1910 1644 1950 cur
1665 1895 1756 1950 ille
1775 1896 1977 1952 dixerit

393 1980 708 2037 hesternum
754 1996 813 2038 se
848 1983 1219 2039 tantummodo
1265 1985 1334 2040 ab
1362 1999 1425 2039 ea
1455 1986 1764 2057 percepisse
1798 1987 1979 2043 convi-

394 2073 570 2136 vium,
619 2073 1052 2143 quandequidem
1094 2073 1187 2129 illa
1220 2075 1491 2131 sacerdoti
1527 2074 1979 2146 frequentissime

391 2163 682 2219 direxisset
730 2162 972 2219 xenium.
1026 2163 1198 2234 igitur
1258 2164 1439 2221 altlori
1482 2174 1826 2237 pertractans
1873 2166 1975 2222 viri

394 2255 558 2310 verba
579 2254 829 2322 consilio,
851 2254 1117 2311 intellexit
1141 2271 1250 2312 non
1272 2257 1390 2313 sine
1408 2258 1671 2329 mysterio
1693 2273 1813 2314 esse
1832 2260 1977 2329 quod

391 2344 628 2400 dixerat.
681 2345 895 2401 Vecans
942 2354 1123 2400 autem
1168 2344 1466 2413 famulam,
1516 2347 1763 2404 districte
1812 2348 1981 2418 coepit

390 2433 673 2504 inquirere
696 2434 767 2489 de
794 2434 956 2489 senio
1005 2434 1135 2503 quid
1157 2435 1385 2504 egisset,
1418 2435 1503 2492 vel
1529 2436 1656 2505 quid
1686 2436 1975 2507 presbyter

392 2524 783 2595 respondisset.
814 2522 1059 2595 Cumque
1098 2524 1191 2580 illa
1223 2532 1433 2581 terrere
1462 2541 1728 2582 concussa
1750 2566 1766 2592 ,
1815 2527 1976 2582 modo

395 2613 543 2681 haec,
575 2615 734 2671 modo
772 2613 864 2670 illa
898 2615 1272 2686 conﬁngeret:
1302 2625 1358 2671 et
1386 2617 1613 2671 veritate
1649 2625 1974 2687 suppressa,

390 2719 488 2773 per
520 2703 774 2773 ambages
790 2712 848 2758 et
872 2711 1179 2759 commenta
1203 2704 1454 2775 quaedam
1484 2719 1591 2760 non
1617 2706 1966 2775 procedentia

390 2793 731 2863 palpitaret;
797 2793 1013 2850 domina
1080 2809 1211 2850 vero
1263 2795 1426 2851 fidem
1480 2808 1591 2851 non
1656 2796 1923 2852 adhibens
1955 2832 1970 2863 ,

390 2885 522 2938 dura
570 2897 792 2953 prorsus
833 2892 889 2939 et
939 2898 1133 2956 aspera
1180 2884 1468 2941 minaciter
1510 2886 1827 2941 intentaret.
1873 2885 1968 2941 illa

388 2971 606 3028 demum
633 2972 958 3029 necessitate
1012 2973 1345 3040 constricta,
1377 2973 1595 3030 tandem
1635 2974 1779 3045 quod
1826 2974 1883 3029 in
1913 2989 1972 3031 re

314 3044 331 3064 ⁸
388 3070 536 3126 erat,
578 3062 791 3131 aperuit
819 3077 835 3125 ;
867 3070 923 3117 et
946 3077 1007 3118 se
1032 3100 1049 3128 ,
1084 3078 1204 3133 qua:
1230 3063 1532 3130 detulerat,
1556 3044 1884 3131 comedisse,
1913 3075 1971 3121 et
1999 3128 2039 3146 η

388 3163 487 3220 pro
514 3149 733 3207 domino
757 3164 860 3206 suo
882 3165 1077 3221 preces
1103 3150 1306 3207 fudisse
1329 3151 1581 3209 confessa
1606 3161 1713 3209 est.

983 3261 1213 3320 CAPUT
1264 3262 1373 3318 VII.

391 3351 546 3421 Quod
594 3353 914 3425 fructuosior
956 3363 1033 3409 est
1075 3350 1403 3425 elemosyna

527 3439 685 3493 quant
709 3423 903 3479 oblatio
932 3442 965 3478 ο
1003 3426 1273 3479 sacerdote
1302 3423 1506 3480 carnali
1542 3423 1826 3481 celebrata.

455 3512 570 3572 Hoc
602 3514 764 3586 igitur
790 3516 888 3579 ita,
914 3524 975 3571 ut
1004 3517 1206 3572 factum
1232 3525 1318 3573 est
1337 3552 1353 3585 ,
1395 3518 1723 3588 quantocius
1753 3533 1848 3588 per
1871 3533 1971 3588 pe-

388 3605 501 3676 puli
529 3622 627 3662 ora
658 3607 1031 3677 depromitur,
1062 3616 1120 3664 et
1168 3606 1371 3664 celebri
1400 3622 1499 3679 per
1537 3609 1789 3680 regiones
1832 3608 1971 3664 rela-

386 3698 535 3751 tione
571 3695 818 3768 vulgatur
849 3715 863 3751 :
894 3697 1297 3769 multorumque
1337 3699 1654 3755 testimonio
1685 3699 1970 3755 definitum

386 3796 501 3847 est,
544 3786 689 3856 quod
736 3786 922 3841 utilior
976 3795 1089 3849 est,
1141 3796 1198 3843 et
1251 3786 1583 3843 fructuosior
1630 3772 1969 3859 eleemosyna

388 3889 691 3946 pauperum
716 3913 733 3941 ,
764 3889 928 3944 quam
958 3874 1210 3946 qualibet
1247 3876 1448 3932 oblatio
1494 3877 1691 3931 tradita
1722 3876 1970 3931 manibus

382 3965 679 4020 carnaliter
723 3964 1022 4020 viventium
1084 3966 1466 4034 sacerdotum;
1528 3967 1969 4037 quandoquidem

382 4057 671 4112 defunctus
695 4056 803 4122 ille,
831 4065 887 4112 et
908 4058 1051 4126 quod
1090 4058 1409 4130 presbytero
1429 4058 1615 4113 datum
1642 4067 1761 4126 est,
1811 4060 1967 4131 igno-

382 4147 558 4211 ravit;
588 4150 646 4202 et
670 4146 813 4215 quod
844 4159 873 4200 a
897 4147 1228 4218 paupercula
1258 4147 1488 4204 muliere
1514 4154 1828 4219 perceptum
1854 4152 1969 4216 est,

384 4238 631 4292 solemne
659 4236 963 4293 convivium
1004 4239 1193 4294 sensit,
1227 4232 1583 4311 EleemOSyna
1615 4239 1813 4310 quippe
1845 4240 1968 4293 ani-

385 4344 502 4383 mas
523 4327 807 4383 hominum
838 4328 891 4383 in
920 4329 1175 4384 tenebras
1209 4330 1289 4386 ire
1318 4346 1425 4385 non
1445 4330 1676 4399 petitur,
1709 4331 1969 4386 terrenis-

384 4434 490 4489 que
518 4412 851 4476 muuuscubs
868 4411 1073 4474 siderea
1095 4437 1260 4493 regna
1291 4431 1586 4478 mercatur.
1620 4422 1773 4480 Unde
1829 4438 1963 4479 non-

389 4508 539 4563 nulla
564 4508 618 4563 in
636 4510 836 4565 nostris
860 4512 1104 4580 partibus
1120 4513 1445 4567 monasteria
1465 4511 1777 4584 praeclaram
1794 4529 1963 4584 nuper

1445 3356 1765 3426 paupertatis
1801 3356 1931 3410 data
1950 3392 1969 3423 ,

385 4598 739 4655 institutionis
781 4616 1026 4656 normam
1053 4603 1269 4657 sibimet
1305 4602 1656 4670 indiderunt,
1690 4612 1748 4658 ut
1768 4613 1964 4673 prater

384 4699 580 4747 caetera
594 4692 814 4761 pietatis
826 4708 1011 4762 opera,
1027 4693 1189 4747 etiam
1215 4703 1325 4749 tres
1351 4709 1614 4765 pauperes
1635 4709 1755 4749 cum
1781 4696 1961 4765 priva-

384 4788 438 4837 ta
459 4794 641 4838 mensa
651 4783 807 4853 juxta
827 4799 886 4839 se
905 4784 1072 4839 abbas
1086 4782 1298 4847 habeat,
1311 4784 1498 4854 eisque
1510 4782 1740 4855 singulis
1752 4801 1967 4841 mensu-

384 4889 501 4929 ram
521 4873 626 4929 cibi
648 4889 810 4944 quem
831 4875 1011 4943 quivis
1032 4876 1196 4930 habet
1217 4877 1382 4930 frater
1402 4884 1637 4945 apponat
1657 4876 1739 4945 (S.
1762 4875 1964 4932 Besso.

386 4963 547 5034 Reg.,
576 4976 697 5034 cap.
720 4963 820 5034 46)
842 4962 977 5019 Nam
1009 4980 1129 5019 cum
1160 4963 1423 5036 regularis
1446 4978 1635 5019 norma
1665 4964 1963 5035 praecipiat,

384 5062 444 5106 ut
485 5052 708 5108 abbatis
744 5068 931 5110 mensa
979 5068 1193 5125 semper
1234 5053 1458 5108 sitcum
1504 5053 1835 5124 hospitibus,
1863 5055 1966 5110 hoc

383 5145 546 5200 modo
583 5146 794 5201 noviter
844 5156 1136 5217 utrumque
1188 5147 1519 5217 completur;
1562 5156 1623 5201 ut
1663 5156 1721 5202 et
1756 5149 1969 5205 abbatis

384 5252 577 5294 mensa
612 5254 721 5294 non
758 5241 1008 5311 superbis
1032 5240 1248 5305 muli,
1281 5241 1383 5297 sed
1424 5241 1625 5297 sanctis
1667 5241 1969 5311 hospitibus

379 5328 611 5394 haereat,
632 5338 689 5385 et
708 5331 824 5402 ipse
844 5332 1093 5387 convesci
1118 5331 1387 5387 fratribus
1402 5346 1505 5386 non
1526 5330 1763 5386 omittat.
1785 5331 1967 5385 Enim-

379 5417 711 5491 vero,533
736 5428 797 5475 ut
822 5420 1129 5491 copiosiora
1154 5420 1209 5474 in
1234 5435 1503 5492 pauperes
1542 5420 1799 5475 alimenta
1840 5436 1969 5491 pro-

378 5505 589 5570 fit-iant,
602 5507 798 5563 dantur
820 5509 872 5564 in
896 5508 1262 5575 monasteriis,
1284 5519 1343 5565 et
1360 5509 1558 5566 eremis
1580 5509 1804 5565 decimae
1823 5524 1968 5578 quo»

377 5612 618 5666 rumque
653 5610 1029 5670 proventum,
1059 5609 1116 5656 et
1145 5616 1248 5656 non
1279 5601 1435 5656 modo
1460 5615 1741 5670 pecorum,
1768 5601 1862 5654 sed
1909 5607 1966 5654 et

376 5689 654 5757 unitum,
674 5692 877 5761 pariter
897 5700 955 5750 et
970 5708 1217 5773 ovorum.
1243 5690 1520 5748 Devotieni
1542 5704 1757 5761 quoque
1777 5686 1963 5743 defun-

2078 1902 2231 1946 suam
2263 1892 2485 1948 exhibet
2507 1893 2835 1949 clientelam.

2146 1978 2186 2032 Α
2220 1980 2545 2037 venerabilis
2566 1982 2725 2050 plane
2737 1976 3113 2040 Ciunlncensis
3136 1983 3370 2039 coenobii
3394 1982 3657 2039 fratribus

2077 2068 2328 2123 didicisse
2352 2083 2441 2125 me
2468 2070 2697 2142 contigit
2722 2070 2956 2142 insignia
2977 2072 3085 2127 duo
3112 2080 3313 2126 sanctae
3334 2072 3660 2128 humilitatis

2077 2158 2357 2229 exempla,
2405 2172 2634 2229 quorum
2679 2172 2847 2215 unum
2896 2174 3003 2216 non
3053 2161 3398 2217 mediocriter
3444 2176 3660 2233 quoque

2079 2249 2336 2317 praelatos
2360 2286 2376 2314 ,
2423 2250 2653 2305 alterum
2699 2250 2844 2305 valet
2880 2251 3151 2306 aedificare
3189 2250 3481 2320 subjectos.
3520 2252 3663 2306 Mar--

2076 2338 2314 2393 cuardus
2334 2347 2483 2393 certe
2507 2338 2751 2409 ejusdem
2774 2346 2955 2394 rector
2972 2340 3229 2395 Ecclesim
3255 2340 3503 2395 Maiolum
3530 2341 3665 2395 sibi-

2078 2436 2185 2480 mel
2203 2427 2505 2493 substituit,
2526 2436 2577 2482 et
2594 2428 2895 2499 grandaevae
2907 2426 3024 2494 jam
3041 2428 3306 2483 senectuti
3329 2443 3439 2483 sua:
3459 2428 3658 2497 quietis

2074 2516 2244 2571 Otium
2266 2517 2595 2585 procuravit.
2628 2515 2729 2571 Hic
2764 2517 2949 2587 itaque
2983 2517 3111 2571 dum
3151 2518 3396 2587 privatus
3428 2518 3479 2571 in
3502 2512 3657 2571 infir-

2075 2622 2285 2661 morum
2322 2615 2568 2661 maneret
2605 2606 2829 2662 aedicula
2852 2644 2867 2672 ,
2891 2609 3125 2679 quadam
3162 2608 3653 2677 advesperasceute

2076 2698 2161 2750 die
2183 2711 2401 2752 caseum
2429 2696 2605 2768 petiit,
2629 2709 2789 2767 quem
2813 2696 3129 2754 cellerarius
3154 2693 3429 2768 pluribus,
3459 2709 3518 2753 ut
3539 2698 3660 2753 fieri

2073 2788 2238 2852 solet,
2274 2787 2551 2854 intentus,
2581 2802 2686 2843 non
2717 2790 2881 2843 modo
2922 2800 3028 2843 non
3074 2786 3252 2851 dedit,
3282 2789 3389 2843 'sed
3426 2794 3484 2843 et
3508 2789 3662 2843 duris

2072 2877 2294 2947 insuper
2321 2876 2630 2931 ministrum
2669 2876 2787 2945 ejus
2821 2879 3267 2948 reapensionibus
3296 2878 3476 2947 fregit.
3507 2879 3656 2933 Con-

2071 2978 2295 3039 questus
2322 2973 2408 3024 est
2434 2969 2690 3024 abbatum
2717 2970 2953 3036 turbam,
2980 2986 3080 3026 nec
3108 2985 3270 3040 posse
3298 2987 3357 3027 se
3381 2979 3464 3026 tot
3486 2970 3666 3025 domi-

2073 3075 2268 3114 norum
2304 3059 2549 3130 perferre
2587 3061 2912 3117 molestiam.
2944 3063 3062 3131 Quo
3093 3079 3258 3119 senex
3301 3065 3516 3130 audito,
3548 3079 3663 3118 non

2073 3152 2345 3208 mediocre
2370 3152 2690 3208 scandalum
2722 3154 2978 3222 pertulit,
3010 3162 3067 3209 et
3092 3155 3221 3223 quia
3257 3154 3437 3208 lumen
3466 3154 3660 3209 oculos

2071 3258 2189 3297 rum
2224 3254 2447 3312 prorsus
2480 3243 2771 3307 amiserat,
2806 3244 2961 3297 dolor
2991 3244 3045 3297 in
3081 3244 3197 3313 ejus
3224 3244 3388 3299 corde
3410 3244 3665 3299 tenacius

2074 3334 2248 3389 inesil.
2290 3333 2422 3389 Nam
2448 3349 2555 3403 quo
2582 3348 2760 3388 caecus
2795 3348 2825 3386 a
2849 3334 3054 3388 visibus
3078 3344 3270 3400 vacat,
3298 3350 3364 3390 eo
3394 3330 3656 3406 quidquid

2071 3424 2322 3489 audierit,
2349 3424 2403 3478 in
2434 3423 2601 3479 corde
2626 3422 2878 3478 subtilius
2900 3430 3112 3489 versat;
3143 3433 3198 3479 et
3226 3425 3352 3494 quia
3382 3439 3481 3493 per
3498 3436 3655 3480 exte-

2074 3514 2217 3566 riora
2245 3528 2472 3582 quzeque
2514 3528 2621 3568 non
2650 3512 2961 3584 spargitur,
3002 3512 3250 3568 interiori
3297 3513 3400 3568 zeli
3434 3513 3656 3570 stimulo

2072 3602 2424 3659 truculentius
2454 3602 2833 3659 inflammatur.
2867 3603 3023 3659 Mane
3043 3619 3174 3660 vero
3200 3605 3368 3672 facto,
3398 3606 3653 3663 ministro

2069 3704 2203 3759 suo,
2231 3703 2292 3749 ut
2339 3708 2460 3749 sese
2492 3696 2560 3750 ad
2589 3709 2808 3749 manum
2835 3693 2889 3748 in
2926 3694 3163 3764 capitulo
3189 3696 3446 3761 duceret,
3474 3695 3661 3764 jussit.

2069 3785 2345 3841 Adductus
2358 3793 2562 3850 autem,
2581 3785 2775 3840 talibus
2784 3786 3035 3840 abbatem
3048 3800 3332 3856 aggressus
3346 3794 3430 3841 est
3443 3785 3655 3840 verbis:

2071 3875 2284 3939 Frater,
2310 3875 2505 3946 inquit,
2531 3874 2756 3938 Maiole,
2797 3890 2904 3929 non
2941 3890 3040 3945 ego
3073 3883 3124 3929 te
3146 3890 3312 3944 super
3336 3891 3422 3929 me
3443 3915 3457 3938 ,
3486 3884 3545 3928 ut
3566 3890 3656 3929 me

2073 3967 2480 4035 persequereris
2528 3966 2758 4036 imposui
2810 3981 2826 4020 :
2874 3979 2974 4021 nec
3020 3972 3081 4019 ut
3135 3975 3394 4034 tanquam
3438 3977 3656 4034 emptor

2072 4057 2344 4127 mancipio
2391 4056 2778 4121 dominareris;
2829 4056 2925 4111 sed
2977 4064 3039 4110 ut
3078 4070 3272 4110 revera
3323 4056 3463 4126 patri
3513 4056 3665 4111 illius

2072 4149 2492 4219 competereris,
2531 4148 2687 4219 elegi.
2726 4148 2794 4202 Et
2838 4154 2964 4219 post
2992 4147 3299 4218 huiusmodi
3337 4147 3503 4202 multa
3531 4163 3666 4218 pro-

2070 4240 2358 4309 pemodum
2402 4246 2702 4294 commotus
2737 4234 2937 4307 adjecit
2983 4256 2998 4293 :
3049 4234 3213 4303 Esne,
3245 4253 3463 4307 quaeso,
3502 4255 3668 4294 meus.

2071 4330 2400 4385 monachus?
2424 4329 2541 4396 Quo
2587 4329 3195 4400 respondente:Sum,
3248 4338 3509 4399 tuumque
3568 4344 3668 4385 me

2074 4439 2179 4477 non
2218 4420 2389 4493 magis
2430 4421 2630 4489 fuisse,
2659 4438 2823 4492 quam
2852 4430 2909 4477 et
2944 4436 3089 4476 nunc
3123 4435 3245 4476 esse
3276 4420 3551 4489 profiteor.
3590 4420 3661 4477 Et

2066 4512 2153 4568 illc
2178 4531 2191 4567 :
2220 4508 2279 4568 Si
2325 4524 2479 4568 meus
2504 4553 2518 4577 ,
2547 4513 2722 4582 inquit
2747 4553 2762 4579 ,
2786 4522 2847 4568 es
2877 4510 3207 4575 monachus,
3241 4511 3491 4580 protinus
3520 4512 3663 4566 cede

2066 4604 2210 4667 sedi,
2241 4615 2300 4659 et
2341 4604 2555 4669 locum,
2591 4619 2755 4673 quem
2804 4612 2931 4658 ante
2970 4611 3249 4667 tenueras,
3298 4614 3506 4674 repete.
3537 4603 3661 4669 Quo

2069 4693 2293 4748 Maiolus
2324 4694 2529 4759 audito,
2562 4702 2782 4763 repente
2809 4692 3072 4754 surrexit,
3092 4697 3147 4741 et
3168 4694 3426 4748 humilem
3450 4693 3659 4759 locum,

2070 4793 2230 4853 prout
2269 4780 2453 4852 jussus
2500 4782 2706 4847 fuerat,
2754 4781 3037 4852 expetivit.
3080 4780 3433 4839 Marcuardus
3470 4780 3657 4852 itaque

2071 4875 2223 4944 quasi
2242 4873 2574 4945 postliminio
2596 4887 2872 4939 reversus,
2886 4881 3172 4928 vacantem
3193 4881 3426 4944 occupat
3445 4872 3660 4935 sedem,

2066 4966 2433 5031 cellerarium,
2458 4966 2547 5021 cui
2568 4966 2748 5022 fuerat
2772 4964 3037 5031 infensus,
3069 4974 3314 5033 accusat,
3337 4981 3497 5037 quem
3527 4980 3657 5019 mox

2066 5070 2226 5116 teme
2256 5066 2586 5130 prostratum
2639 5058 2831 5113 durius
2857 5058 3113 5129 corripit,
3147 5058 3475 5128 tandemque
3533 5072 3651 5109 mo-

2066 5150 2193 5202 dum
2228 5147 2556 5218 poanitentia:
2609 5146 2701 5218 qui
2742 5148 2845 5203 sibi
2881 5148 3200 5213 videbatur,
3227 5145 3480 5217 injungit.
3514 5145 3655 5199 Per-

2066 5236 2283 5291 functus
2312 5237 2497 5308 itaque
2542 5245 2653 5291 tam
2688 5236 2831 5306 longi
2873 5237 3177 5292 tribunatus
3213 5236 3418 5299 ollicio,
3456 5243 3657 5305 praesto

2070 5328 2480 5382 dctbronizatus
2510 5328 2747 5383 assistit:
2782 5326 3012 5393 Maiolo,
3048 5335 3109 5381 ut
3149 5326 3216 5380 ad
3263 5341 3417 5380 suam
3469 5326 3654 5380 sedem

2071 5416 2284 5484 redeat,
2307 5416 2569 5487 praeeunt.
2602 5415 2695 5470 ille
2725 5415 3009 5472 confestim
3035 5416 3110 5470 nil
3135 5424 3418 5471 cunctatus
3445 5414 3650 5471 obedit.

2557 5503 2725 5575 534
2759 5504 2987 5561 CAPUT
3025 5504 3153 5558 vm.

2383 5594 2537 5662 Quod
2568 5612 2758 5664 magna
2796 5597 2870 5649 vis
2911 5597 2977 5650 sit
3008 5596 3331 5651 obsdientiw.

2144 5687 2205 5743 lu
2232 5688 2337 5744 hoc
2361 5686 2529 5760 igitur
2555 5698 2748 5743 saneto
2784 5688 2899 5743 viro
2926 5688 3209 5747 evidenter
3234 5689 3541 5747 ostenditur
3558 5730 3572 5753 ,
3596 5702 3651 5745 et
