  <div class='ocr_page' id='page_1' title='image "/cluster/home/n/w/nwhite01/storage/ocr_20150623/145/hvd.32044048207542/293.png"; bbox 0 0 4074 6190; ppageno 0'>
   <div class='ocr_carea' id='block_1_1' title="bbox 407 353 503 409">
    <p class='ocr_par' dir='ltr' id='par_1_1' title="bbox 407 353 503 409">
     <span class='ocr_line' id='line_1_1' title="bbox 407 353 503 409; baseline -0.021 0"><span class='ocrx_word' id='word_1_1' title='bbox 407 353 503 409; x_wconf 78' lang='grc'><strong>571</strong></span> 
     </span>
    </p>
   </div>
   <div class='ocr_carea' id='block_1_2' title="bbox 877 348 3217 415">
    <p class='ocr_par' dir='ltr' id='par_1_2' title="bbox 877 348 3217 415">
     <span class='ocr_line' id='line_1_2' title="bbox 877 348 3217 415; baseline -0.002 -5"><span class='ocrx_word' id='word_1_2' title='bbox 877 353 936 410; x_wconf 89' lang='lat' dir='ltr'><strong>S.</strong></span> <span class='ocrx_word' id='word_1_3' title='bbox 978 355 1181 410; x_wconf 80' lang='lat' dir='ltr'><strong>PETRI</strong></span> <span class='ocrx_word' id='word_1_4' title='bbox 1218 356 1505 412; x_wconf 72' lang='grc' dir='ltr'><strong>ΠΑΜῘΛΜ</strong></span> <span class='ocrx_word' id='word_1_5' title='bbox 1537 356 1687 415; x_wconf 80' lang='lat' dir='ltr'><strong>OPP.</strong></span> <span class='ocrx_word' id='word_1_6' title='bbox 1724 352 1959 415; x_wconf 78' lang='lat' dir='ltr'><strong>TOMUS</strong></span> <span class='ocrx_word' id='word_1_7' title='bbox 1996 354 2127 413; x_wconf 82' lang='lat' dir='ltr'><strong>SEU</strong></span> <span class='ocrx_word' id='word_1_8' title='bbox 2171 356 2349 412; x_wconf 84' lang='lat' dir='ltr'><strong>PARS</strong></span> <span class='ocrx_word' id='word_1_9' title='bbox 2380 353 2464 411; x_wconf 90' lang='lat' dir='ltr'><strong>lll.</strong></span> <span class='ocrx_word' id='word_1_10' title='bbox 2492 384 2556 395; x_wconf 94' lang='lat'><strong><em>—</em></strong></span> <span class='ocrx_word' id='word_1_11' title='bbox 2584 349 2951 414; x_wconf 23' lang='lat' dir='ltr'><strong>OPUSCULA,</strong></span> <span class='ocrx_word' id='word_1_12' title='bbox 2989 348 3217 407; x_wconf 73' lang='lat' dir='ltr'><strong>VARH.</strong></span> 
     </span>
    </p>
   </div>
   <div class='ocr_carea' id='block_1_3' title="bbox 3550 348 3660 407">
    <p class='ocr_par' dir='ltr' id='par_1_3' title="bbox 3550 348 3660 407">
     <span class='ocr_line' id='line_1_3' title="bbox 3550 348 3660 407; baseline 0 0"><span class='ocrx_word' id='word_1_13' title='bbox 3550 348 3660 407; x_wconf 56' lang='lat' dir='ltr'><strong>57E</strong></span> 
     </span>
    </p>
   </div>
   <div class='ocr_carea' id='block_1_4' title="bbox 405 468 3654 544">
    <p class='ocr_par' dir='ltr' id='par_1_4' title="bbox 405 468 3654 544">
     <span class='ocr_line' id='line_1_4' title="bbox 405 468 3654 544; baseline 0 -21"><span class='ocrx_word' id='word_1_14' title='bbox 405 487 547 525; x_wconf 72' lang='lat' dir='ltr'><strong>verm</strong></span> <span class='ocrx_word' id='word_1_15' title='bbox 580 471 751 526; x_wconf 76' lang='lat' dir='ltr'><strong>virtus</strong></span> <span class='ocrx_word' id='word_1_16' title='bbox 776 473 1123 535; x_wconf 66' lang='lat' dir='ltr'><strong>obe&#39;dientize,</strong></span> <span class='ocrx_word' id='word_1_17' title='bbox 1161 482 1216 526; x_wconf 92' lang='lat' dir='ltr'><strong>et</strong></span> <span class='ocrx_word' id='word_1_18' title='bbox 1259 476 1599 529; x_wconf 59' lang='lat' dir='ltr'><strong>monachica!</strong></span> <span class='ocrx_word' id='word_1_19' title='bbox 1630 475 1972 530; x_wconf 81' lang='lat' dir='ltr'><strong>mortificatio</strong></span> <span class='ocrx_word' id='word_1_20' title='bbox 1999 477 2047 536; x_wconf 79' lang='grc' dir='ltr'>Α</span> <span class='ocrx_word' id='word_1_21' title='bbox 2076 489 2271 544; x_wconf 79' lang='lat' dir='ltr'><strong>ganunt</strong></span> <span class='ocrx_word' id='word_1_22' title='bbox 2306 473 2444 528; x_wconf 92' lang='lat' dir='ltr'><strong>forte</strong></span> <span class='ocrx_word' id='word_1_23' title='bbox 2485 486 2589 525; x_wconf 91' lang='lat' dir='ltr'><strong>non</strong></span> <span class='ocrx_word' id='word_1_24' title='bbox 2629 478 2812 540; x_wconf 79' lang='lat' dir='ltr'><strong>posset</strong></span> <span class='ocrx_word' id='word_1_25' title='bbox 2850 468 3039 523; x_wconf 89' lang='lat' dir='ltr'><strong>audire</strong></span> <span class='ocrx_word' id='word_1_26' title='bbox 3069 469 3387 534; x_wconf 86' lang='lat' dir='ltr'><strong>clamorem,</strong></span> <span class='ocrx_word' id='word_1_27' title='bbox 3429 469 3497 524; x_wconf 93' lang='lat' dir='ltr'><strong>de</strong></span> <span class='ocrx_word' id='word_1_28' title='bbox 3542 479 3654 524; x_wconf 90' lang='lat' dir='ltr'><strong>toto</strong></span> 
     </span>
    </p>
   </div>
   <div class='ocr_carea' id='block_1_5' title="bbox 408 561 1976 637">
    <p class='ocr_par' dir='ltr' id='par_1_5' title="bbox 408 561 1976 637">
     <span class='ocr_line' id='line_1_5' title="bbox 408 561 1976 637; baseline 0.004 -23"><span class='ocrx_word' id='word_1_29' title='bbox 408 562 725 630; x_wconf 60' lang='lat' dir='ltr'><strong>disciplinis.</strong></span> <span class='ocrx_word' id='word_1_30' title='bbox 759 561 894 615; x_wconf 80' lang='lat' dir='ltr'><strong>Vere</strong></span> <span class='ocrx_word' id='word_1_31' title='bbox 926 566 977 614; x_wconf 89' lang='lat' dir='ltr'><strong>in</strong></span> <span class='ocrx_word' id='word_1_32' title='bbox 1008 577 1073 615; x_wconf 87' lang='lat' dir='ltr'><strong>eo</strong></span> <span class='ocrx_word' id='word_1_33' title='bbox 1093 564 1336 617; x_wconf 84' lang='lat' dir='ltr'><strong>cernitur</strong></span> <span class='ocrx_word' id='word_1_34' title='bbox 1361 574 1415 619; x_wconf 88' lang='lat' dir='ltr'><strong>et</strong></span> <span class='ocrx_word' id='word_1_35' title='bbox 1443 566 1737 636; x_wconf 87' lang='lat' dir='ltr'><strong>imperialis</strong></span> <span class='ocrx_word' id='word_1_36' title='bbox 1769 569 1976 637; x_wconf 86' lang='lat' dir='ltr'><strong>patien-</strong></span> 
     </span>
    </p>
   </div>
   <div class='ocr_carea' id='block_1_6' title="bbox 407 644 1978 726">
    <p class='ocr_par' dir='ltr' id='par_1_6' title="bbox 407 644 1978 726">
     <span class='ocr_line' id='line_1_6' title="bbox 407 644 1978 726; baseline 0.005 -22"><span class='ocrx_word' id='word_1_37' title='bbox 407 649 497 704; x_wconf 68' lang='lat' dir='ltr'><strong>tize</strong></span> <span class='ocrx_word' id='word_1_38' title='bbox 527 652 790 719; x_wconf 77' lang='lat' dir='ltr'><strong>dignitas,</strong></span> <span class='ocrx_word' id='word_1_39' title='bbox 820 659 876 703; x_wconf 78' lang='lat' dir='ltr'><strong>et</strong></span> <span class='ocrx_word' id='word_1_40' title='bbox 910 644 1216 719; x_wconf 71' lang='lat' dir='ltr'><strong>apostolica:</strong></span> <span class='ocrx_word' id='word_1_41' title='bbox 1252 655 1568 712; x_wconf 73' lang='lat' dir='ltr'><strong>humilitatis</strong></span> <span class='ocrx_word' id='word_1_42' title='bbox 1610 672 1835 726; x_wconf 87' lang='lat' dir='ltr'><strong>regnare</strong></span> <span class='ocrx_word' id='word_1_43' title='bbox 1864 673 1978 711; x_wconf 90' lang='lat' dir='ltr'><strong>ma-</strong></span> 
     </span>
    </p>
   </div>
   <div class='ocr_carea' id='block_1_7' title="bbox 405 739 1977 814">
    <p class='ocr_par' dir='ltr' id='par_1_7' title="bbox 405 739 1977 814">
     <span class='ocr_line' id='line_1_7' title="bbox 405 739 1977 814; baseline 0.004 -21"><span class='ocrx_word' id='word_1_44' title='bbox 405 741 593 809; x_wconf 76' lang='lat' dir='ltr'><strong>jt-stas.</strong></span> <span class='ocrx_word' id='word_1_45' title='bbox 630 739 818 793; x_wconf 74' lang='lat' dir='ltr'><strong>Jnssus</strong></span> <span class='ocrx_word' id='word_1_46' title='bbox 849 741 991 793; x_wconf 86' lang='lat' dir='ltr'><strong>enim</strong></span> <span class='ocrx_word' id='word_1_47' title='bbox 1023 742 1295 810; x_wconf 88' lang='lat' dir='ltr'><strong>prioratus</strong></span> <span class='ocrx_word' id='word_1_48' title='bbox 1327 744 1556 799; x_wconf 77' lang='lat' dir='ltr'><strong>cilicium</strong></span> <span class='ocrx_word' id='word_1_49' title='bbox 1580 746 1843 814; x_wconf 85' lang='lat' dir='ltr'><strong>abjicere,</strong></span> <span class='ocrx_word' id='word_1_50' title='bbox 1873 763 1977 801; x_wconf 92' lang='lat' dir='ltr'><strong>non</strong></span> 
     </span>
    </p>
   </div>
   <div class='ocr_carea' id='block_1_8' title="bbox 409 828 1982 903">
    <p class='ocr_par' dir='ltr' id='par_1_8' title="bbox 409 828 1982 903">
     <span class='ocr_line' id='line_1_8' title="bbox 409 828 1982 903; baseline 0.008 -24"><span class='ocrx_word' id='word_1_51' title='bbox 409 846 472 881; x_wconf 80' lang='lat' dir='ltr'><strong>co</strong></span> <span class='ocrx_word' id='word_1_52' title='bbox 515 832 758 895; x_wconf 83' lang='lat' dir='ltr'><strong>tempsit.</strong></span> <span class='ocrx_word' id='word_1_53' title='bbox 784 828 968 896; x_wconf 85' lang='lat' dir='ltr'><strong>jussus</strong></span> <span class='ocrx_word' id='word_1_54' title='bbox 1013 833 1286 901; x_wconf 88' lang='lat' dir='ltr'><strong>recipere,</strong></span> <span class='ocrx_word' id='word_1_55' title='bbox 1320 836 1585 903; x_wconf 86' lang='lat' dir='ltr'><strong>patienter</strong></span> <span class='ocrx_word' id='word_1_56' title='bbox 1614 846 1669 891; x_wconf 91' lang='lat' dir='ltr'><strong>et</strong></span> <span class='ocrx_word' id='word_1_57' title='bbox 1706 838 1982 892; x_wconf 78' lang='lat' dir='ltr'><strong>humiliter</strong></span> 
     </span>
    </p>
   </div>
   <div class='ocr_carea' id='block_1_9' title="bbox 408 917 1981 990">
    <p class='ocr_par' dir='ltr' id='par_1_9' title="bbox 408 917 1981 990">
     <span class='ocr_line' id='line_1_9' title="bbox 408 917 1981 990; baseline 0.006 -19"><span class='ocrx_word' id='word_1_58' title='bbox 408 917 648 972; x_wconf 83' lang='lat' dir='ltr'><strong>obedivit</strong></span> <span class='ocrx_word' id='word_1_59' title='bbox 680 936 693 970; x_wconf 92' lang='lat'><strong>:</strong></span> <span class='ocrx_word' id='word_1_60' title='bbox 729 920 1014 989; x_wconf 91' lang='lat' dir='ltr'><strong>utrobique</strong></span> <span class='ocrx_word' id='word_1_61' title='bbox 1052 921 1267 975; x_wconf 91' lang='lat' dir='ltr'><strong>sibimet</strong></span> <span class='ocrx_word' id='word_1_62' title='bbox 1312 931 1559 978; x_wconf 85' lang='lat' dir='ltr'><strong>mortuus</strong></span> <span class='ocrx_word' id='word_1_63' title='bbox 1581 964 1597 990; x_wconf 98' lang='lat'><strong>,</strong></span> <span class='ocrx_word' id='word_1_64' title='bbox 1654 933 1707 979; x_wconf 92' lang='lat' dir='ltr'><strong>et</strong></span> <span class='ocrx_word' id='word_1_65' title='bbox 1732 940 1981 981; x_wconf 88' lang='lat' dir='ltr'><strong>consum-</strong></span> 
     </span>
    </p>
   </div>
   <div class='ocr_carea' id='block_1_10' title="bbox 413 1008 1981 1080">
    <p class='ocr_par' dir='ltr' id='par_1_10' title="bbox 413 1008 1981 1080">
     <span class='ocr_line' id='line_1_10' title="bbox 413 1008 1981 1080; baseline 0.008 -22"><span class='ocrx_word' id='word_1_66' title='bbox 413 1018 570 1059; x_wconf 79' lang='lat' dir='ltr'><strong>matze</strong></span> <span class='ocrx_word' id='word_1_67' title='bbox 598 1008 913 1063; x_wconf 70' lang='lat' dir='ltr'><strong>obedientia:</strong></span> <span class='ocrx_word' id='word_1_68' title='bbox 956 1009 1070 1064; x_wconf 89' lang='lat' dir='ltr'><strong>loro</strong></span> <span class='ocrx_word' id='word_1_69' title='bbox 1099 1013 1424 1067; x_wconf 88' lang='lat' dir='ltr'><strong>constrictus</strong></span> <span class='ocrx_word' id='word_1_70' title='bbox 1441 1048 1464 1080; x_wconf 90' lang='lat'><strong>,-</strong></span> <span class='ocrx_word' id='word_1_71' title='bbox 1486 1013 1610 1068; x_wconf 89' lang='lat' dir='ltr'><strong>dum</strong></span> <span class='ocrx_word' id='word_1_72' title='bbox 1646 1015 1835 1070; x_wconf 82' lang='lat' dir='ltr'><strong>alienis</strong></span> <span class='ocrx_word' id='word_1_73' title='bbox 1861 1030 1981 1070; x_wconf 86' lang='lat' dir='ltr'><strong>ont-</strong></span> 
     </span>
    </p>
   </div>
   <div class='ocr_carea' id='block_1_11' title="bbox 419 1099 1981 1175">
    <p class='ocr_par' dir='ltr' id='par_1_11' title="bbox 419 1099 1981 1175">
     <span class='ocr_line' id='line_1_11' title="bbox 419 1099 1981 1175; baseline 0.006 -23"><span class='ocrx_word' id='word_1_74' title='bbox 419 1099 547 1153; x_wconf 86' lang='lat' dir='ltr'><strong>nino</strong></span> <span class='ocrx_word' id='word_1_75' title='bbox 583 1113 641 1151; x_wconf 88' lang='lat' dir='ltr'><strong>se</strong></span> <span class='ocrx_word' id='word_1_76' title='bbox 679 1101 973 1155; x_wconf 78' lang='lat' dir='ltr'><strong>substravit</strong></span> <span class='ocrx_word' id='word_1_77' title='bbox 999 1103 1267 1172; x_wconf 88' lang='lat' dir='ltr'><strong>imperiis,</strong></span> <span class='ocrx_word' id='word_1_78' title='bbox 1302 1105 1444 1158; x_wconf 73' lang='lat' dir='ltr'><strong>nulla</strong></span> <span class='ocrx_word' id='word_1_79' title='bbox 1484 1106 1684 1175; x_wconf 77' lang='lat' dir='ltr'><strong>proprii</strong></span> <span class='ocrx_word' id='word_1_80' title='bbox 1712 1120 1902 1162; x_wconf 88' lang='lat' dir='ltr'>sensus</span> <span class='ocrx_word' id='word_1_81' title='bbox 1929 1107 1981 1161; x_wconf 91' lang='lat' dir='ltr'><strong>in</strong></span> 
     </span>
    </p>
   </div>
   <div class='ocr_carea' id='block_1_12' title="bbox 412 1189 1982 1263">
    <p class='ocr_par' dir='ltr' id='par_1_12' title="bbox 412 1189 1982 1263">
     <span class='ocr_line' id='line_1_12' title="bbox 412 1189 1982 1263; baseline 0.006 -21"><span class='ocrx_word' id='word_1_82' title='bbox 412 1203 471 1242; x_wconf 88' lang='lat' dir='ltr'><strong>se</strong></span> <span class='ocrx_word' id='word_1_83' title='bbox 510 1189 693 1241; x_wconf 81' lang='lat' dir='ltr'><strong>vivere</strong></span> <span class='ocrx_word' id='word_1_84' title='bbox 727 1199 848 1242; x_wconf 90' lang='lat' dir='ltr'><strong>vota</strong></span> <span class='ocrx_word' id='word_1_85' title='bbox 890 1193 1159 1259; x_wconf 84' lang='lat' dir='ltr'><strong>permisit.</strong></span> <span class='ocrx_word' id='word_1_86' title='bbox 1207 1193 1310 1247; x_wconf 86' lang='lat' dir='ltr'><strong>Sed</strong></span> <span class='ocrx_word' id='word_1_87' title='bbox 1340 1196 1592 1263; x_wconf 88' lang='lat' dir='ltr'><strong>quoniam</strong></span> <span class='ocrx_word' id='word_1_88' title='bbox 1642 1204 1789 1249; x_wconf 88' lang='lat' dir='ltr'><strong>tanta</strong></span> <span class='ocrx_word' id='word_1_89' title='bbox 1838 1196 1982 1251; x_wconf 85' lang='lat' dir='ltr'><strong>beati</strong></span> 
     </span>
    </p>
   </div>
   <div class='ocr_carea' id='block_1_13' title="bbox 411 1278 1986 1354">
    <p class='ocr_par' dir='ltr' id='par_1_13' title="bbox 411 1278 1986 1354">
     <span class='ocr_line' id='line_1_13' title="bbox 411 1278 1986 1354; baseline 0.008 -26"><span class='ocrx_word' id='word_1_90' title='bbox 411 1278 513 1331; x_wconf 86' lang='lat' dir='ltr'><strong>viri</strong></span> <span class='ocrx_word' id='word_1_91' title='bbox 548 1278 819 1333; x_wconf 82' lang='lat' dir='ltr'><strong>humilitas</strong></span> <span class='ocrx_word' id='word_1_92' title='bbox 846 1281 1045 1335; x_wconf 87' lang='lat' dir='ltr'><strong>sterilis</strong></span> <span class='ocrx_word' id='word_1_93' title='bbox 1067 1296 1185 1336; x_wconf 89' lang='lat' dir='ltr'><strong>esse</strong></span> <span class='ocrx_word' id='word_1_94' title='bbox 1214 1298 1318 1336; x_wconf 88' lang='lat' dir='ltr'><strong>non</strong></span> <span class='ocrx_word' id='word_1_95' title='bbox 1347 1285 1542 1352; x_wconf 89' lang='lat' dir='ltr'><strong>potuit.</strong></span> <span class='ocrx_word' id='word_1_96' title='bbox 1573 1286 1715 1354; x_wconf 77' lang='lat' dir='ltr'><strong>quod</strong></span> <span class='ocrx_word' id='word_1_97' title='bbox 1745 1286 1893 1354; x_wconf 84' lang='lat' dir='ltr'><strong>prius</strong></span> <span class='ocrx_word' id='word_1_98' title='bbox 1919 1286 1986 1340; x_wconf 90' lang='lat' dir='ltr'><strong>de</strong></span> 
     </span>
    </p>
   </div>
   <div class='ocr_carea' id='block_1_14' title="bbox 415 1368 1993 1446">
    <p class='ocr_par' dir='ltr' id='par_1_14' title="bbox 415 1368 1993 1446">
     <span class='ocr_line' id='line_1_14' title="bbox 415 1368 1993 1446; baseline 0.006 -24"><span class='ocrx_word' id='word_1_99' title='bbox 415 1368 648 1437; x_wconf 73' lang='lat' dir='ltr'><strong>Spiritus</strong></span> <span class='ocrx_word' id='word_1_100' title='bbox 685 1371 853 1424; x_wconf 80' lang='lat' dir='ltr'><strong>sancti</strong></span> <span class='ocrx_word' id='word_1_101' title='bbox 906 1387 1026 1425; x_wconf 91' lang='lat' dir='ltr'><strong>rore</strong></span> <span class='ocrx_word' id='word_1_102' title='bbox 1067 1373 1213 1427; x_wconf 80' lang='lat' dir='ltr'><strong>radix</strong></span> <span class='ocrx_word' id='word_1_103' title='bbox 1253 1375 1365 1443; x_wconf 84' lang='lat' dir='ltr'><strong>ipsa</strong></span> <span class='ocrx_word' id='word_1_104' title='bbox 1419 1377 1694 1446; x_wconf 81' lang='lat' dir='ltr'><strong>concepit,</strong></span> <span class='ocrx_word' id='word_1_105' title='bbox 1738 1390 1993 1445; x_wconf 85' lang='lat' dir='ltr'><strong>prorum-</strong></span> 
     </span>
    </p>
   </div>
   <div class='ocr_carea' id='block_1_15' title="bbox 413 1461 1803 1534">
    <p class='ocr_par' dir='ltr' id='par_1_15' title="bbox 413 1461 1803 1534">
     <span class='ocr_line' id='line_1_15' title="bbox 413 1461 1803 1534; baseline 0.003 -19"><span class='ocrx_word' id='word_1_106' title='bbox 413 1461 651 1529; x_wconf 77' lang='lat' dir='ltr'><strong>peruium</strong></span> <span class='ocrx_word' id='word_1_107' title='bbox 685 1477 953 1515; x_wconf 77' lang='lat' dir='ltr'><strong>rumorum</strong></span> <span class='ocrx_word' id='word_1_108' title='bbox 985 1477 1203 1533; x_wconf 91' lang='lat' dir='ltr'><strong>germen</strong></span> <span class='ocrx_word' id='word_1_109' title='bbox 1236 1465 1557 1534; x_wconf 68' lang='lat' dir='ltr'><strong>pullttlandti</strong></span> <span class='ocrx_word' id='word_1_110' title='bbox 1573 1464 1803 1521; x_wconf 77' lang='lat' dir='ltr'><strong>diﬂ‘udit.</strong></span> 
     </span>
    </p>
   </div>
   <div class='ocr_carea' id='block_1_16' title="bbox 484 1548 1983 1625">
    <p class='ocr_par' dir='ltr' id='par_1_16' title="bbox 484 1548 1983 1625">
     <span class='ocr_line' id='line_1_16' title="bbox 484 1548 1983 1625; baseline 0.005 -23"><span class='ocrx_word' id='word_1_111' title='bbox 484 1548 579 1603; x_wconf 86' lang='lat' dir='ltr'><strong>Vir</strong></span> <span class='ocrx_word' id='word_1_112' title='bbox 624 1550 803 1619; x_wconf 86' lang='lat' dir='ltr'><strong>itaque</strong></span> <span class='ocrx_word' id='word_1_113' title='bbox 848 1552 1057 1607; x_wconf 91' lang='lat' dir='ltr'><strong>Domini</strong></span> <span class='ocrx_word' id='word_1_114' title='bbox 1098 1564 1356 1610; x_wconf 90' lang='lat' dir='ltr'><strong>venturus</strong></span> <span class='ocrx_word' id='word_1_115' title='bbox 1382 1556 1673 1625; x_wconf 88' lang='lat' dir='ltr'><strong>aliquando</strong></span> <span class='ocrx_word' id='word_1_116' title='bbox 1722 1556 1983 1620; x_wconf 81' lang='lat' dir='ltr'><strong>Romam,</strong></span> 
     </span>
    </p>
   </div>
   <div class='ocr_carea' id='block_1_17' title="bbox 412 1640 1985 1716">
    <p class='ocr_par' dir='ltr' id='par_1_17' title="bbox 412 1640 1985 1716">
     <span class='ocr_line' id='line_1_17' title="bbox 412 1640 1985 1716; baseline 0.006 -25"><span class='ocrx_word' id='word_1_117' title='bbox 412 1640 656 1709; x_wconf 81' lang='lat' dir='ltr'><strong>praecipit</strong></span> <span class='ocrx_word' id='word_1_118' title='bbox 702 1641 917 1694; x_wconf 83' lang='lat' dir='ltr'><strong>cuidam</strong></span> <span class='ocrx_word' id='word_1_119' title='bbox 952 1642 1144 1707; x_wconf 84' lang='lat' dir='ltr'><strong>fratri,</strong></span> <span class='ocrx_word' id='word_1_120' title='bbox 1195 1652 1255 1697; x_wconf 91' lang='lat' dir='ltr'><strong>ut</strong></span> <span class='ocrx_word' id='word_1_121' title='bbox 1293 1659 1475 1699; x_wconf 79' lang='lat' dir='ltr'><strong>secum</strong></span> <span class='ocrx_word' id='word_1_122' title='bbox 1521 1656 1807 1714; x_wconf 83' lang='lat' dir='ltr'><strong>pergeret,</strong></span> <span class='ocrx_word' id='word_1_123' title='bbox 1860 1646 1985 1716; x_wconf 83' lang='lat' dir='ltr'><strong>quia</strong></span> 
     </span>
    </p>
   </div>
   <div class='ocr_carea' id='block_1_18' title="bbox 414 1730 1984 1801">
    <p class='ocr_par' dir='ltr' id='par_1_18' title="bbox 414 1730 1984 1801">
     <span class='ocr_line' id='line_1_18' title="bbox 414 1730 1984 1801; baseline 0.005 -18"><span class='ocrx_word' id='word_1_124' title='bbox 414 1732 556 1783; x_wconf 87' lang='lat' dir='ltr'><strong>sicut</strong></span> <span class='ocrx_word' id='word_1_125' title='bbox 590 1740 808 1801; x_wconf 83' lang='lat' dir='ltr'><strong>rogatus</strong></span> <span class='ocrx_word' id='word_1_126' title='bbox 840 1730 1015 1787; x_wconf 81' lang='lat' dir='ltr'><strong>fuerat</strong></span> <span class='ocrx_word' id='word_1_127' title='bbox 1049 1749 1200 1796; x_wconf 87' lang='lat' dir='ltr'><strong>eum,</strong></span> <span class='ocrx_word' id='word_1_128' title='bbox 1252 1736 1304 1788; x_wconf 92' lang='lat' dir='ltr'><strong>in</strong></span> <span class='ocrx_word' id='word_1_129' title='bbox 1355 1738 1679 1793; x_wconf 86' lang='lat' dir='ltr'><strong>monasterio</strong></span> <span class='ocrx_word' id='word_1_130' title='bbox 1728 1736 1784 1791; x_wconf 91' lang='lat' dir='ltr'><strong>S.</strong></span> <span class='ocrx_word' id='word_1_131' title='bbox 1832 1737 1984 1791; x_wconf 89' lang='lat' dir='ltr'><strong>Pauli</strong></span> 
     </span>
    </p>
   </div>
   <div class='ocr_carea' id='block_1_19' title="bbox 2080 559 3664 632">
    <p class='ocr_par' dir='ltr' id='par_1_19' title="bbox 2080 559 3664 632">
     <span class='ocr_line' id='line_1_19' title="bbox 2080 559 3664 632; baseline -0.003 -13"><span class='ocrx_word' id='word_1_132' title='bbox 2080 578 2307 632; x_wconf 89' lang='lat' dir='ltr'><strong>corpore</strong></span> <span class='ocrx_word' id='word_1_133' title='bbox 2358 563 2594 632; x_wconf 78' lang='lat' dir='ltr'><strong>linguam</strong></span> <span class='ocrx_word' id='word_1_134' title='bbox 2640 562 2785 616; x_wconf 85' lang='lat' dir='ltr'><strong>fecit.</strong></span> <span class='ocrx_word' id='word_1_135' title='bbox 2829 560 2981 627; x_wconf 88' lang='lat' dir='ltr'><strong>Quod</strong></span> <span class='ocrx_word' id='word_1_136' title='bbox 3020 559 3146 614; x_wconf 91' lang='lat' dir='ltr'><strong>dum</strong></span> <span class='ocrx_word' id='word_1_137' title='bbox 3187 560 3397 614; x_wconf 86' lang='lat' dir='ltr'><strong>eminus</strong></span> <span class='ocrx_word' id='word_1_138' title='bbox 3430 559 3664 615; x_wconf 85' lang='lat' dir='ltr'><strong>Mainlus</strong></span> 
     </span>
    </p>
   </div>
   <div class='ocr_carea' id='block_1_20' title="bbox 2081 654 3654 729">
    <p class='ocr_par' dir='ltr' id='par_1_20' title="bbox 2081 654 3654 729">
     <span class='ocr_line' id='line_1_20' title="bbox 2081 654 3654 729; baseline -0.002 -16"><span class='ocrx_word' id='word_1_139' title='bbox 2081 659 2309 729; x_wconf 85' lang='lat' dir='ltr'><strong>aspexit,</strong></span> <span class='ocrx_word' id='word_1_140' title='bbox 2326 658 2452 727; x_wconf 90' lang='lat' dir='ltr'><strong>quid</strong></span> <span class='ocrx_word' id='word_1_141' title='bbox 2478 659 2578 712; x_wconf 90' lang='lat' dir='ltr'><strong>hoc</strong></span> <span class='ocrx_word' id='word_1_142' title='bbox 2593 664 2755 721; x_wconf 85' lang='lat' dir='ltr'><strong>esset,</strong></span> <span class='ocrx_word' id='word_1_143' title='bbox 2778 656 3151 710; x_wconf 88' lang='lat' dir='ltr'><strong>incunctanter</strong></span> <span class='ocrx_word' id='word_1_144' title='bbox 3167 654 3404 723; x_wconf 77' lang='lat' dir='ltr'><strong>agnovit,</strong></span> <span class='ocrx_word' id='word_1_145' title='bbox 3421 670 3654 724; x_wconf 74' lang='lat' dir='ltr'><strong>moxque</strong></span> 
     </span>
    </p>
   </div>
   <div class='ocr_carea' id='block_1_21' title="bbox 2080 744 3652 818">
    <p class='ocr_par' dir='ltr' id='par_1_21' title="bbox 2080 744 3652 818">
     <span class='ocr_line' id='line_1_21' title="bbox 2080 744 3652 818; baseline -0.003 -16"><span class='ocrx_word' id='word_1_146' title='bbox 2080 750 2255 803; x_wconf 87' lang='lat' dir='ltr'><strong>misso</strong></span> <span class='ocrx_word' id='word_1_147' title='bbox 2296 747 2523 818; x_wconf 88' lang='lat' dir='ltr'><strong>remigio</strong></span> <span class='ocrx_word' id='word_1_148' title='bbox 2577 745 2856 801; x_wconf 82' lang='lat' dir='ltr'><strong>transferri</strong></span> <span class='ocrx_word' id='word_1_149' title='bbox 2904 746 2970 799; x_wconf 88' lang='lat' dir='ltr'><strong>ad</strong></span> <span class='ocrx_word' id='word_1_150' title='bbox 3020 759 3087 799; x_wconf 80' lang='lat' dir='ltr'><strong>se</strong></span> <span class='ocrx_word' id='word_1_151' title='bbox 3130 745 3474 799; x_wconf 80' lang='lat' dir='ltr'><strong>monachum&#39;</strong></span> <span class='ocrx_word' id='word_1_152' title='bbox 3502 744 3652 800; x_wconf 80' lang='lat' dir='ltr'><strong>fecit.</strong></span> 
     </span>
    </p>
   </div>
   <div class='ocr_carea' id='block_1_22' title="bbox 2081 834 3667 909">
    <p class='ocr_par' dir='ltr' id='par_1_22' title="bbox 2081 834 3667 909">
     <span class='ocr_line' id='line_1_22' title="bbox 2081 834 3667 909; baseline -0.003 -15"><span class='ocrx_word' id='word_1_153' title='bbox 2081 841 2249 907; x_wconf 81' lang='lat' dir='ltr'><strong>Quem</strong></span> <span class='ocrx_word' id='word_1_154' title='bbox 2276 847 2471 909; x_wconf 67' lang='lat' dir='ltr'><strong>praesto</strong></span> <span class='ocrx_word' id='word_1_155' title='bbox 2494 838 2579 892; x_wconf 91' lang='lat' dir='ltr'><strong>vir</strong></span> <span class='ocrx_word' id='word_1_156' title='bbox 2612 838 2705 892; x_wconf 91' lang='lat' dir='ltr'><strong>Dei</strong></span> <span class='ocrx_word' id='word_1_157' title='bbox 2735 836 2801 891; x_wconf 89' lang='lat' dir='ltr'><strong>ad</strong></span> <span class='ocrx_word' id='word_1_158' title='bbox 2839 835 2967 906; x_wconf 90' lang='lat' dir='ltr'><strong>quid</strong></span> <span class='ocrx_word' id='word_1_159' title='bbox 3003 835 3259 901; x_wconf 86' lang='lat' dir='ltr'><strong>venisset,</strong></span> <span class='ocrx_word' id='word_1_160' title='bbox 3297 834 3524 905; x_wconf 85' lang='lat' dir='ltr'><strong>inquirit</strong></span> <span class='ocrx_word' id='word_1_161' title='bbox 3555 849 3573 891; x_wconf 92' lang='lat'><strong>:</strong></span> <span class='ocrx_word' id='word_1_162' title='bbox 3601 845 3667 889; x_wconf 78' lang='lat' dir='ltr'><strong>at‘</strong></span> 
     </span>
    </p>
   </div>
   <div class='ocr_carea' id='block_1_23' title="bbox 2082 927 3666 999">
    <p class='ocr_par' dir='ltr' id='par_1_23' title="bbox 2082 927 3666 999">
     <span class='ocr_line' id='line_1_23' title="bbox 2082 927 3666 999; baseline -0.004 -11"><span class='ocrx_word' id='word_1_163' title='bbox 2082 933 2171 989; x_wconf 91' lang='lat' dir='ltr'><strong>ille</strong></span> <span class='ocrx_word' id='word_1_164' title='bbox 2216 930 2463 987; x_wconf 88' lang='lat' dir='ltr'><strong>simulet</strong></span> <span class='ocrx_word' id='word_1_165' title='bbox 2508 929 2575 984; x_wconf 88' lang='lat' dir='ltr'><strong>de</strong></span> <span class='ocrx_word' id='word_1_166' title='bbox 2616 927 2908 999; x_wconf 85' lang='lat' dir='ltr'><strong>praeteritis</strong></span> <span class='ocrx_word' id='word_1_167' title='bbox 2957 927 3170 981; x_wconf 82' lang='lat' dir='ltr'><strong>veniam</strong></span> <span class='ocrx_word' id='word_1_168' title='bbox 3216 927 3558 996; x_wconf 87' lang='lat' dir='ltr'><strong>deprecatur,</strong></span> <span class='ocrx_word' id='word_1_169' title='bbox 3603 936 3666 981; x_wconf 78' lang='lat' dir='ltr'><strong>et’</strong></span> 
     </span>
    </p>
   </div>
   <div class='ocr_carea' id='block_1_24' title="bbox 2083 1016 3662 1094">
    <p class='ocr_par' dir='ltr' id='par_1_24' title="bbox 2083 1016 3662 1094">
     <span class='ocr_line' id='line_1_24' title="bbox 2083 1016 3662 1094; baseline -0.004 -15"><span class='ocrx_word' id='word_1_170' title='bbox 2083 1024 2426 1094; x_wconf 88' lang='lat' dir='ltr'><strong>impleturum</strong></span> <span class='ocrx_word' id='word_1_171' title='bbox 2459 1038 2518 1077; x_wconf 92' lang='lat' dir='ltr'><strong>se</strong></span> <span class='ocrx_word' id='word_1_172' title='bbox 2543 1026 2608 1076; x_wconf 90' lang='lat' dir='ltr'><strong>de</strong></span> <span class='ocrx_word' id='word_1_173' title='bbox 2647 1019 2857 1075; x_wconf 69' lang='lat' dir='ltr'><strong>caeteris</strong></span> <span class='ocrx_word' id='word_1_174' title='bbox 2890 1018 3150 1088; x_wconf 86' lang='lat' dir='ltr'><strong>quidquid</strong></span> <span class='ocrx_word' id='word_1_175' title='bbox 3182 1016 3506 1088; x_wconf 85' lang='lat' dir='ltr'><strong>injungeret,</strong></span> <span class='ocrx_word' id='word_1_176' title='bbox 3543 1017 3662 1090; x_wconf 89' lang='lat' dir='ltr'><strong>pol-</strong></span> 
     </span>
    </p>
   </div>
   <div class='ocr_carea' id='block_1_25' title="bbox 2082 1106 3657 1179">
    <p class='ocr_par' dir='ltr' id='par_1_25' title="bbox 2082 1106 3657 1179">
     <span class='ocr_line' id='line_1_25' title="bbox 2082 1106 3657 1179; baseline -0.006 -10"><span class='ocrx_word' id='word_1_177' title='bbox 2082 1115 2296 1170; x_wconf 86' lang='lat' dir='ltr'><strong>licetur.</strong></span> <span class='ocrx_word' id='word_1_178' title='bbox 2340 1112 2493 1166; x_wconf 85' lang='lat' dir='ltr'><strong>Tnnc</strong></span> <span class='ocrx_word' id='word_1_179' title='bbox 2525 1111 2613 1166; x_wconf 92' lang='lat' dir='ltr'><strong>ille</strong></span> <span class='ocrx_word' id='word_1_180' title='bbox 2642 1128 2655 1163; x_wconf 90' lang='lat'>:</span> <span class='ocrx_word' id='word_1_181' title='bbox 2690 1110 2804 1173; x_wconf 82' lang='lat' dir='ltr'><strong>Vis,</strong></span> <span class='ocrx_word' id='word_1_182' title='bbox 2839 1108 3031 1179; x_wconf 88' lang='lat' dir='ltr'><strong>inquit,</strong></span> <span class='ocrx_word' id='word_1_183' title='bbox 3065 1107 3462 1177; x_wconf 82' lang='lat' dir='ltr'><strong>absque&#39;dubio</strong></span> <span class='ocrx_word' id='word_1_184' title='bbox 3484 1106 3657 1178; x_wconf 68' lang='lat' dir='ltr'><strong>poeni-</strong></span> 
     </span>
    </p>
   </div>
   <div class='ocr_carea' id='block_1_26' title="bbox 2084 1194 3668 1268">
    <p class='ocr_par' dir='ltr' id='par_1_26' title="bbox 2084 1194 3668 1268">
     <span class='ocr_line' id='line_1_26' title="bbox 2084 1194 3668 1268; baseline -0.005 -13"><span class='ocrx_word' id='word_1_185' title='bbox 2084 1201 2342 1257; x_wconf 81' lang='lat' dir='ltr'><strong>tentiam?</strong></span> <span class='ocrx_word' id='word_1_186' title='bbox 2364 1199 2481 1266; x_wconf 82' lang='lat' dir='ltr'><strong>Quo</strong></span> <span class='ocrx_word' id='word_1_187' title='bbox 2502 1198 2862 1268; x_wconf 89' lang='lat' dir='ltr'><strong>respondente</strong></span> <span class='ocrx_word' id='word_1_188' title='bbox 2894 1213 2915 1249; x_wconf 74' lang='grc' dir='ltr'><strong>εΔ</strong></span> <span class='ocrx_word' id='word_1_189' title='bbox 2940 1195 3102 1261; x_wconf 73' lang='lat' dir='ltr'><strong>Volo;</strong></span> <span class='ocrx_word' id='word_1_190' title='bbox 3131 1194 3380 1265; x_wconf 90' lang='lat' dir='ltr'><strong>protinus</strong></span> <span class='ocrx_word' id='word_1_191' title='bbox 3402 1194 3612 1249; x_wconf 88' lang='lat' dir='ltr'><strong>addidit</strong></span> <span class='ocrx_word' id='word_1_192' title='bbox 3638 1207 3668 1247; x_wconf 76' lang='grc' dir='ltr'><strong>ε’</strong></span> 
     </span>
    </p>
   </div>
   <div class='ocr_carea' id='block_1_27' title="bbox 2086 1282 3669 1359">
    <p class='ocr_par' dir='ltr' id='par_1_27' title="bbox 2086 1282 3669 1359">
     <span class='ocr_line' id='line_1_27' title="bbox 2086 1282 3669 1359; baseline -0.004 -15"><span class='ocrx_word' id='word_1_193' title='bbox 2086 1289 2221 1344; x_wconf 81' lang='lat' dir='ltr'><strong>Huic</strong></span> <span class='ocrx_word' id='word_1_194' title='bbox 2249 1289 2412 1359; x_wconf 75' lang='lat' dir='ltr'><strong>igitur</strong></span> <span class='ocrx_word' id='word_1_195' title='bbox 2432 1286 2672 1342; x_wconf 91' lang='lat' dir='ltr'><strong>osculum</strong></span> <span class='ocrx_word' id='word_1_196' title='bbox 2694 1284 2902 1356; x_wconf 65' lang='lat' dir='ltr'><strong>prarbe.-</strong></span> <span class='ocrx_word' id='word_1_197' title='bbox 2918 1282 3059 1338; x_wconf 81' lang='lat' dir='ltr'><strong>Nam</strong></span> <span class='ocrx_word' id='word_1_198' title='bbox 3080 1298 3209 1338; x_wconf 84' lang='lat' dir='ltr'><strong>casu</strong></span> <span class='ocrx_word' id='word_1_199' title='bbox 3232 1282 3497 1338; x_wconf 73' lang='lat' dir='ltr'><strong>tuberoste</strong></span> <span class='ocrx_word' id='word_1_200' title='bbox 3518 1282 3669 1338; x_wconf 79' lang='lat' dir='ltr'><strong>cutis</strong></span> 
     </span>
    </p>
   </div>
   <div class='ocr_carea' id='block_1_28' title="bbox 2084 1371 3655 1447">
    <p class='ocr_par' dir='ltr' id='par_1_28' title="bbox 2084 1371 3655 1447">
     <span class='ocr_line' id='line_1_28' title="bbox 2084 1371 3655 1447; baseline -0.006 -12"><span class='ocrx_word' id='word_1_201' title='bbox 2084 1380 2197 1436; x_wconf 74' lang='lat' dir='ltr'><strong>illic</strong></span> <span class='ocrx_word' id='word_1_202' title='bbox 2221 1380 2469 1447; x_wconf 84' lang='lat' dir='ltr'><strong>leprosus</strong></span> <span class='ocrx_word' id='word_1_203' title='bbox 2496 1376 2726 1431; x_wconf 84' lang='lat' dir='ltr'><strong>astabat.</strong></span> <span class='ocrx_word' id='word_1_204' title='bbox 2755 1374 2847 1429; x_wconf 85' lang='lat' dir='ltr'><strong>Ille</strong></span> <span class='ocrx_word' id='word_1_205' title='bbox 2873 1373 3158 1429; x_wconf 85' lang='lat' dir='ltr'><strong>confestim</strong></span> <span class='ocrx_word' id='word_1_206' title='bbox 3184 1372 3238 1426; x_wconf 90' lang='lat' dir='ltr'><strong>in</strong></span> <span class='ocrx_word' id='word_1_207' title='bbox 3268 1373 3386 1442; x_wconf 84' lang='lat' dir='ltr'><strong>ejus</strong></span> <span class='ocrx_word' id='word_1_208' title='bbox 3411 1371 3655 1427; x_wconf 89' lang='lat' dir='ltr'><strong>osculum</strong></span> 
     </span>
    </p>
   </div>
   <div class='ocr_carea' id='block_1_29' title="bbox 2086 1462 3657 1536">
    <p class='ocr_par' dir='ltr' id='par_1_29' title="bbox 2086 1462 3657 1536">
     <span class='ocr_line' id='line_1_29' title="bbox 2086 1462 3657 1536; baseline -0.008 -12"><span class='ocrx_word' id='word_1_209' title='bbox 2086 1469 2213 1534; x_wconf 88' lang='lat' dir='ltr'><strong>ruit,</strong></span> <span class='ocrx_word' id='word_1_210' title='bbox 2242 1481 2473 1536; x_wconf 83' lang='lat' dir='ltr'><strong>moxque</strong></span> <span class='ocrx_word' id='word_1_211' title='bbox 2503 1464 2650 1535; x_wconf 91' lang='lat' dir='ltr'><strong>lepra</strong></span> <span class='ocrx_word' id='word_1_212' title='bbox 2696 1463 2937 1518; x_wconf 89' lang='lat' dir='ltr'><strong>mundati</strong></span> <span class='ocrx_word' id='word_1_213' title='bbox 2975 1462 3220 1531; x_wconf 88' lang='lat' dir='ltr'><strong>corporis</strong></span> <span class='ocrx_word' id='word_1_214' title='bbox 3262 1475 3485 1531; x_wconf 89' lang='lat' dir='ltr'><strong>prorsus</strong></span> <span class='ocrx_word' id='word_1_215' title='bbox 3524 1475 3657 1516; x_wconf 87' lang='lat' dir='ltr'><strong>eva-</strong></span> 
     </span>
    </p>
   </div>
   <div class='ocr_carea' id='block_1_30' title="bbox 2088 1551 3658 1615">
    <p class='ocr_par' dir='ltr' id='par_1_30' title="bbox 2088 1551 3658 1615">
     <span class='ocr_line' id='line_1_30' title="bbox 2088 1551 3658 1615; baseline -0.006 0"><span class='ocrx_word' id='word_1_216' title='bbox 2088 1560 2224 1615; x_wconf 92' lang='lat' dir='ltr'><strong>nuit.</strong></span> <span class='ocrx_word' id='word_1_217' title='bbox 2257 1558 2348 1613; x_wconf 89' lang='lat' dir='ltr'><strong>Sic</strong></span> <span class='ocrx_word' id='word_1_218' title='bbox 2376 1567 2561 1612; x_wconf 90' lang='lat' dir='ltr'><strong>sancta</strong></span> <span class='ocrx_word' id='word_1_219' title='bbox 2593 1555 2901 1611; x_wconf 82' lang='lat' dir='ltr'><strong>obedientia’</strong></span> <span class='ocrx_word' id='word_1_220' title='bbox 2928 1552 3161 1609; x_wconf 88' lang='lat' dir='ltr'><strong>fructum</strong></span> <span class='ocrx_word' id='word_1_221' title='bbox 3191 1566 3303 1606; x_wconf 61' lang='lat' dir='ltr'><strong>suae</strong></span> <span class='ocrx_word' id='word_1_222' title='bbox 3334 1551 3658 1606; x_wconf 83' lang='lat' dir='ltr'><strong>humilitatis</strong></span> 
     </span>
    </p>
   </div>
   <div class='ocr_carea' id='block_1_31' title="bbox 2089 1640 3659 1712">
    <p class='ocr_par' dir='ltr' id='par_1_31' title="bbox 2089 1640 3659 1712">
     <span class='ocr_line' id='line_1_31' title="bbox 2089 1640 3659 1712; baseline -0.005 -9"><span class='ocrx_word' id='word_1_223' title='bbox 2089 1648 2314 1712; x_wconf 80' lang='lat' dir='ltr'><strong>invenit,</strong></span> <span class='ocrx_word' id='word_1_224' title='bbox 2357 1646 2481 1702; x_wconf 91' lang='lat' dir='ltr'><strong>dum</strong></span> <span class='ocrx_word' id='word_1_225' title='bbox 2511 1661 2618 1700; x_wconf 92' lang='lat' dir='ltr'><strong>non</strong></span> <span class='ocrx_word' id='word_1_226' title='bbox 2656 1644 2813 1698; x_wconf 92' lang='lat' dir='ltr'><strong>modo</strong></span> <span class='ocrx_word' id='word_1_227' title='bbox 2843 1644 3055 1698; x_wconf 87' lang='lat' dir='ltr'><strong>veniam</strong></span> <span class='ocrx_word' id='word_1_228' title='bbox 3096 1656 3154 1696; x_wconf 85' lang='lat' dir='ltr'><strong>se</strong></span> <span class='ocrx_word' id='word_1_229' title='bbox 3181 1640 3501 1711; x_wconf 90' lang='lat' dir='ltr'><strong>corrigendo</strong></span> <span class='ocrx_word' id='word_1_230' title='bbox 3528 1655 3659 1711; x_wconf 88' lang='lat' dir='ltr'><strong>pro-</strong></span> 
     </span>
    </p>
   </div>
   <div class='ocr_carea' id='block_1_32' title="bbox 2090 1729 3661 1805">
    <p class='ocr_par' dir='ltr' id='par_1_32' title="bbox 2090 1729 3661 1805">
     <span class='ocr_line' id='line_1_32' title="bbox 2090 1729 3661 1805; baseline -0.006 -11"><span class='ocrx_word' id='word_1_231' title='bbox 2090 1740 2309 1803; x_wconf 89' lang='lat' dir='ltr'><strong>meruit,</strong></span> <span class='ocrx_word' id='word_1_232' title='bbox 2335 1737 2429 1793; x_wconf 92' lang='lat' dir='ltr'><strong>sed</strong></span> <span class='ocrx_word' id='word_1_233' title='bbox 2454 1744 2507 1791; x_wconf 90' lang='lat' dir='ltr'><strong>et</strong></span> <span class='ocrx_word' id='word_1_234' title='bbox 2532 1736 2743 1805; x_wconf 88' lang='lat' dir='ltr'><strong>signum</strong></span> <span class='ocrx_word' id='word_1_235' title='bbox 2765 1735 2986 1804; x_wconf 85' lang='lat' dir='ltr'><strong>insuper</strong></span> <span class='ocrx_word' id='word_1_236' title='bbox 3001 1742 3107 1787; x_wconf 90' lang='lat' dir='ltr'><strong>tam</strong></span> <span class='ocrx_word' id='word_1_237' title='bbox 3130 1731 3426 1801; x_wconf 74' lang='lat' dir='ltr'><strong>perspicua:</strong></span> <span class='ocrx_word' id='word_1_238' title='bbox 3444 1729 3661 1785; x_wconf 82' lang='lat' dir='ltr'><strong>virtutis</strong></span> 
     </span>
    </p>
   </div>
   <div class='ocr_carea' id='block_1_33' title="bbox 412 1821 3661 1895">
    <p class='ocr_par' dir='ltr' id='par_1_33' title="bbox 412 1821 3661 1895">
     <span class='ocr_line' id='line_1_33' title="bbox 412 1821 3661 1895; baseline -0 -21"><span class='ocrx_word' id='word_1_239' title='bbox 412 1821 645 1889; x_wconf 84' lang='lat' dir='ltr'><strong>priorem</strong></span> <span class='ocrx_word' id='word_1_240' title='bbox 677 1825 1006 1879; x_wconf 88' lang='lat' dir='ltr'><strong>constituere</strong></span> <span class='ocrx_word' id='word_1_241' title='bbox 1051 1826 1412 1893; x_wconf 89' lang='lat' dir='ltr'><strong>decrevisset,</strong></span> <span class='ocrx_word' id='word_1_242' title='bbox 1443 1828 1530 1882; x_wconf 90' lang='lat' dir='ltr'><strong>ille</strong></span> <span class='ocrx_word' id='word_1_243' title='bbox 1561 1829 1814 1883; x_wconf 89' lang='lat' dir='ltr'><strong>nonnulla</strong></span> <span class='ocrx_word' id='word_1_244' title='bbox 1842 1828 1981 1883; x_wconf 85' lang='lat' dir='ltr'><strong>difii-</strong></span> <span class='ocrx_word' id='word_1_245' title='bbox 2014 1835 2057 1893; x_wconf 79' lang='lat' dir='ltr'><strong>B</strong></span> <span class='ocrx_word' id='word_1_246' title='bbox 2084 1829 2336 1885; x_wconf 90' lang='lat' dir='ltr'><strong>ostendit.</strong></span> <span class='ocrx_word' id='word_1_247' title='bbox 2363 1829 2429 1883; x_wconf 89' lang='lat' dir='ltr'><strong>Et</strong></span> <span class='ocrx_word' id='word_1_248' title='bbox 2447 1827 2532 1882; x_wconf 92' lang='lat' dir='ltr'><strong>cui</strong></span> <span class='ocrx_word' id='word_1_249' title='bbox 2555 1825 2805 1895; x_wconf 87' lang='lat' dir='ltr'><strong>superbia</strong></span> <span class='ocrx_word' id='word_1_250' title='bbox 2832 1838 2969 1894; x_wconf 91' lang='lat' dir='ltr'><strong>pene</strong></span> <span class='ocrx_word' id='word_1_251' title='bbox 2998 1824 3171 1893; x_wconf 90' lang='lat' dir='ltr'><strong>potuit</strong></span> <span class='ocrx_word' id='word_1_252' title='bbox 3198 1821 3552 1890; x_wconf 88' lang='lat' dir='ltr'><strong>apostaticam</strong></span> <span class='ocrx_word' id='word_1_253' title='bbox 3578 1821 3661 1874; x_wconf 83' lang='lat' dir='ltr'><strong>in-</strong></span> 
     </span>
    </p>
   </div>
   <div class='ocr_carea' id='block_1_34' title="bbox 412 1908 1982 1985">
    <p class='ocr_par' dir='ltr' id='par_1_34' title="bbox 412 1908 1982 1985">
     <span class='ocr_line' id='line_1_34' title="bbox 412 1908 1982 1985; baseline 0.007 -24"><span class='ocrx_word' id='word_1_254' title='bbox 412 1908 627 1962; x_wconf 82' lang='lat' dir='ltr'><strong>cultatis</strong></span> <span class='ocrx_word' id='word_1_255' title='bbox 657 1910 931 1966; x_wconf 66' lang='lat' dir='ltr'><strong>obstacula</strong></span> <span class='ocrx_word' id='word_1_256' title='bbox 966 1914 1259 1970; x_wconf 80' lang='lat' dir='ltr'><strong>reluctatus</strong></span> <span class='ocrx_word' id='word_1_257' title='bbox 1286 1915 1554 1985; x_wconf 81' lang='lat' dir='ltr'><strong>Opposuit,</strong></span> <span class='ocrx_word' id='word_1_258' title='bbox 1587 1925 1642 1973; x_wconf 91' lang='lat' dir='ltr'><strong>et</strong></span> <span class='ocrx_word' id='word_1_259' title='bbox 1672 1917 1831 1971; x_wconf 88' lang='lat' dir='ltr'><strong>modo</strong></span> <span class='ocrx_word' id='word_1_260' title='bbox 1859 1918 1982 1981; x_wconf 91' lang='lat' dir='ltr'><strong>hoc,</strong></span> 
     </span>
    </p>
   </div>
   <div class='ocr_carea' id='block_1_35' title="bbox 414 1997 1983 2075">
    <p class='ocr_par' dir='ltr' id='par_1_35' title="bbox 414 1997 1983 2075">
     <span class='ocr_line' id='line_1_35' title="bbox 414 1997 1983 2075; baseline 0.007 -26"><span class='ocrx_word' id='word_1_261' title='bbox 414 1998 573 2051; x_wconf 87' lang='lat' dir='ltr'><strong>modo</strong></span> <span class='ocrx_word' id='word_1_262' title='bbox 604 1997 759 2062; x_wconf 89' lang='lat' dir='ltr'><strong>illud,</strong></span> <span class='ocrx_word' id='word_1_263' title='bbox 812 2001 1023 2056; x_wconf 89' lang='lat' dir='ltr'><strong>tandem</strong></span> <span class='ocrx_word' id='word_1_264' title='bbox 1061 2003 1363 2058; x_wconf 88' lang='lat' dir='ltr'><strong>obstinatus</strong></span> <span class='ocrx_word' id='word_1_265' title='bbox 1390 2004 1611 2059; x_wconf 86' lang='lat' dir='ltr'><strong>obedire</strong></span> <span class='ocrx_word' id='word_1_266' title='bbox 1640 2006 1983 2075; x_wconf 91' lang='lat' dir='ltr'><strong>contempsit.</strong></span> 
     </span>
    </p>
   </div>
   <div class='ocr_carea' id='block_1_36' title="bbox 414 2088 1990 2170">
    <p class='ocr_par' dir='ltr' id='par_1_36' title="bbox 414 2088 1990 2170">
     <span class='ocr_line' id='line_1_36' title="bbox 414 2088 1990 2170; baseline 0.006 -29"><span class='ocrx_word' id='word_1_267' title='bbox 414 2088 638 2143; x_wconf 81' lang='lat' dir='ltr'><strong>Maiolus</strong></span> <span class='ocrx_word' id='word_1_268' title='bbox 681 2101 857 2145; x_wconf 89' lang='lat' dir='ltr'><strong>autem</strong></span> <span class='ocrx_word' id='word_1_269' title='bbox 905 2092 1322 2170; x_wconf 82' lang='lat' dir='ltr'><strong>inohedientiam</strong></span> <span class='ocrx_word' id='word_1_270' title='bbox 1380 2093 1565 2149; x_wconf 87' lang='lat' dir='ltr'><strong>fratris</strong></span> <span class='ocrx_word' id='word_1_271' title='bbox 1615 2096 1990 2165; x_wconf 61' lang='lat' dir='ltr'><strong>aequanimiter</strong></span> 
     </span>
    </p>
   </div>
   <div class='ocr_carea' id='block_1_37' title="bbox 417 2181 1991 2265">
    <p class='ocr_par' dir='ltr' id='par_1_37' title="bbox 417 2181 1991 2265">
     <span class='ocr_line' id='line_1_37' title="bbox 417 2181 1991 2265; baseline 0.004 -32"><span class='ocrx_word' id='word_1_272' title='bbox 417 2181 564 2265; x_wconf 75' lang='lat' dir='ltr'><strong>tulit,</strong></span> <span class='ocrx_word' id='word_1_273' title='bbox 602 2198 774 2254; x_wconf 89' lang='lat' dir='ltr'><strong>eoque</strong></span> <span class='ocrx_word' id='word_1_274' title='bbox 806 2183 992 2238; x_wconf 84' lang='lat' dir='ltr'><strong>relicto</strong></span> <span class='ocrx_word' id='word_1_275' title='bbox 1020 2184 1215 2239; x_wconf 89' lang='lat' dir='ltr'><strong>itinere</strong></span> <span class='ocrx_word' id='word_1_276' title='bbox 1238 2225 1253 2249; x_wconf 95' lang='lat'><strong>,</strong></span> <span class='ocrx_word' id='word_1_277' title='bbox 1298 2199 1408 2254; x_wconf 87' lang='lat' dir='ltr'><strong>quo</strong></span> <span class='ocrx_word' id='word_1_278' title='bbox 1454 2185 1805 2250; x_wconf 90' lang='lat' dir='ltr'><strong>decreverat,</strong></span> <span class='ocrx_word' id='word_1_279' title='bbox 1841 2200 1991 2241; x_wconf 85' lang='lat' dir='ltr'><strong>com-</strong></span> 
     </span>
    </p>
   </div>
   <div class='ocr_carea' id='block_1_38' title="bbox 416 2274 1992 2345">
    <p class='ocr_par' dir='ltr' id='par_1_38' title="bbox 416 2274 1992 2345">
     <span class='ocr_line' id='line_1_38' title="bbox 416 2274 1992 2345; baseline 0.001 -17"><span class='ocrx_word' id='word_1_280' title='bbox 416 2277 635 2331; x_wconf 86' lang='lat' dir='ltr'><strong>meavit.</strong></span> <span class='ocrx_word' id='word_1_281' title='bbox 682 2274 925 2344; x_wconf 87' lang='lat' dir='ltr'><strong>Cumque</strong></span> <span class='ocrx_word' id='word_1_282' title='bbox 980 2274 1147 2329; x_wconf 88' lang='lat' dir='ltr'><strong>frater</strong></span> <span class='ocrx_word' id='word_1_283' title='bbox 1199 2275 1251 2329; x_wconf 93' lang='lat' dir='ltr'><strong>in</strong></span> <span class='ocrx_word' id='word_1_284' title='bbox 1303 2276 1635 2330; x_wconf 90' lang='lat' dir='ltr'><strong>monasterio</strong></span> <span class='ocrx_word' id='word_1_285' title='bbox 1674 2290 1772 2345; x_wconf 91' lang='lat' dir='ltr'><strong>per</strong></span> <span class='ocrx_word' id='word_1_286' title='bbox 1808 2275 1992 2330; x_wconf 83' lang='lat' dir='ltr'><strong>inobe-</strong></span> 
     </span>
    </p>
   </div>
   <div class='ocr_carea' id='block_1_39' title="bbox 416 2366 1991 2435">
    <p class='ocr_par' dir='ltr' id='par_1_39' title="bbox 416 2366 1991 2435">
     <span class='ocr_line' id='line_1_39' title="bbox 416 2366 1991 2435; baseline 0.002 -16"><span class='ocrx_word' id='word_1_287' title='bbox 416 2367 675 2420; x_wconf 90' lang='lat' dir='ltr'><strong>dientiam</strong></span> <span class='ocrx_word' id='word_1_288' title='bbox 707 2368 1086 2431; x_wconf 87' lang='lat' dir='ltr'><strong>remansisset,</strong></span> <span class='ocrx_word' id='word_1_289' title='bbox 1118 2374 1171 2421; x_wconf 91' lang='lat' dir='ltr'><strong>et</strong></span> <span class='ocrx_word' id='word_1_290' title='bbox 1206 2366 1394 2435; x_wconf 87' lang='lat' dir='ltr'><strong>reliqui</strong></span> <span class='ocrx_word' id='word_1_291' title='bbox 1425 2366 1623 2422; x_wconf 89' lang='lat' dir='ltr'><strong>fratres</strong></span> <span class='ocrx_word' id='word_1_292' title='bbox 1651 2368 1703 2421; x_wconf 91' lang='lat' dir='ltr'><strong>in</strong></span> <span class='ocrx_word' id='word_1_293' title='bbox 1731 2382 1854 2422; x_wconf 91' lang='lat' dir='ltr'><strong>eum</strong></span> <span class='ocrx_word' id='word_1_294' title='bbox 1900 2382 1991 2422; x_wconf 89' lang='lat' dir='ltr'><strong>ve-</strong></span> 
     </span>
    </p>
   </div>
   <div class='ocr_carea' id='block_1_40' title="bbox 412 2438 1993 2526">
    <p class='ocr_par' dir='ltr' id='par_1_40' title="bbox 412 2438 1993 2526">
     <span class='ocr_line' id='line_1_40' title="bbox 412 2438 1993 2526; baseline -0.001 -15"><span class='ocrx_word' id='word_1_295' title='bbox 412 2456 692 2511; x_wconf 77' lang='lat' dir='ltr'><strong>hementer</strong></span> <span class='ocrx_word' id='word_1_296' title='bbox 718 2457 1065 2521; x_wconf 73' lang='lat' dir='ltr'><strong>inveherent,</strong></span> <span class='ocrx_word' id='word_1_297' title='bbox 1097 2472 1160 2511; x_wconf 91' lang='lat' dir='ltr'><strong>ac</strong></span> <span class='ocrx_word' id='word_1_298' title='bbox 1182 2438 1291 2510; x_wconf 80' lang='lat' dir='ltr'><strong>tam</strong></span> <span class='ocrx_word' id='word_1_299' title='bbox 1320 2457 1607 2512; x_wconf 65' lang='lat' dir='ltr'><strong>obstinata:</strong></span> <span class='ocrx_word' id='word_1_300' title='bbox 1632 2458 1846 2512; x_wconf 78' lang='lat' dir='ltr'><strong>duritia:</strong></span> <span class='ocrx_word' id='word_1_301' title='bbox 1871 2470 1993 2526; x_wconf 84' lang='lat' dir='ltr'><strong>per-</strong></span> 
     </span>
    </p>
   </div>
   <div class='ocr_carea' id='block_1_41' title="bbox 412 2546 1992 2615">
    <p class='ocr_par' dir='ltr' id='par_1_41' title="bbox 412 2546 1992 2615">
     <span class='ocr_line' id='line_1_41' title="bbox 412 2546 1992 2615; baseline -0.001 -16"><span class='ocrx_word' id='word_1_302' title='bbox 412 2546 675 2601; x_wconf 87' lang='lat' dir='ltr'><strong>vicaciam</strong></span> <span class='ocrx_word' id='word_1_303' title='bbox 722 2546 1050 2600; x_wconf 84' lang='lat' dir='ltr'><strong>unanimiter</strong></span> <span class='ocrx_word' id='word_1_304' title='bbox 1087 2546 1463 2615; x_wconf 87' lang='lat' dir='ltr'><strong>increparent,</strong></span> <span class='ocrx_word' id='word_1_305' title='bbox 1524 2548 1738 2601; x_wconf 88' lang='lat' dir='ltr'><strong>tandem</strong></span> <span class='ocrx_word' id='word_1_306' title='bbox 1790 2547 1844 2599; x_wconf 90' lang='lat' dir='ltr'><strong>in</strong></span> <span class='ocrx_word' id='word_1_307' title='bbox 1895 2560 1992 2599; x_wconf 88' lang='lat' dir='ltr'><strong>cor</strong></span> 
     </span>
    </p>
   </div>
   <div class='ocr_carea' id='block_1_42' title="bbox 412 2636 1990 2706">
    <p class='ocr_par' dir='ltr' id='par_1_42' title="bbox 412 2636 1990 2706">
     <span class='ocr_line' id='line_1_42' title="bbox 412 2636 1990 2706; baseline -0.002 -14"><span class='ocrx_word' id='word_1_308' title='bbox 412 2652 693 2699; x_wconf 88' lang='lat' dir='ltr'><strong>reversus,</strong></span> <span class='ocrx_word' id='word_1_309' title='bbox 735 2640 997 2692; x_wconf 90' lang='lat' dir='ltr'><strong>adversus</strong></span> <span class='ocrx_word' id='word_1_310' title='bbox 1046 2638 1318 2706; x_wconf 85' lang='lat' dir='ltr'><strong>propriam</strong></span> <span class='ocrx_word' id='word_1_311' title='bbox 1356 2636 1690 2691; x_wconf 86' lang='lat' dir='ltr'><strong>voluntatem</strong></span> <span class='ocrx_word' id='word_1_312' title='bbox 1746 2636 1799 2689; x_wconf 85' lang='lat' dir='ltr'><strong>iu</strong></span> <span class='ocrx_word' id='word_1_313' title='bbox 1838 2649 1990 2689; x_wconf 87' lang='lat' dir='ltr'><strong>arma</strong></span> 
     </span>
    </p>
   </div>
   <div class='ocr_carea' id='block_1_43' title="bbox 415 2727 1993 2796">
    <p class='ocr_par' dir='ltr' id='par_1_43' title="bbox 415 2727 1993 2796">
     <span class='ocr_line' id='line_1_43' title="bbox 415 2727 1993 2796; baseline -0.003 -12"><span class='ocrx_word' id='word_1_314' title='bbox 415 2729 787 2796; x_wconf 79' lang='lat' dir='ltr'><strong>congreditur,</strong></span> <span class='ocrx_word' id='word_1_315' title='bbox 820 2729 1071 2783; x_wconf 76' lang='lat' dir='ltr'><strong>Saluturis</strong></span> <span class='ocrx_word' id='word_1_316' title='bbox 1092 2728 1413 2781; x_wconf 71' lang='lat' dir='ltr'><strong>obedientiaa</strong></span> <span class='ocrx_word' id='word_1_317' title='bbox 1438 2727 1559 2781; x_wconf 86' lang='lat' dir='ltr'><strong>telis</strong></span> <span class='ocrx_word' id='word_1_318' title='bbox 1589 2727 1907 2795; x_wconf 71' lang='lat' dir='ltr'><strong>accingitur,</strong></span> <span class='ocrx_word' id='word_1_319' title='bbox 1938 2735 1993 2781; x_wconf 88' lang='lat' dir='ltr'><strong>et</strong></span> 
     </span>
    </p>
   </div>
   <div class='ocr_carea' id='block_1_44' title="bbox 420 2813 1990 2884">
    <p class='ocr_par' dir='ltr' id='par_1_44' title="bbox 420 2813 1990 2884">
     <span class='ocr_line' id='line_1_44' title="bbox 420 2813 1990 2884; baseline 0.001 -17"><span class='ocrx_word' id='word_1_320' title='bbox 420 2832 541 2869; x_wconf 77' lang='lat' dir='ltr'><strong>mox</strong></span> <span class='ocrx_word' id='word_1_321' title='bbox 574 2830 819 2883; x_wconf 71' lang='lat' dir='ltr'><strong>superna:</strong></span> <span class='ocrx_word' id='word_1_322' title='bbox 859 2816 1047 2884; x_wconf 60' lang='lat' dir='ltr'><strong>gratiae</strong></span> <span class='ocrx_word' id='word_1_323' title='bbox 1082 2813 1294 2869; x_wconf 85' lang='lat' dir='ltr'><strong>fervore</strong></span> <span class='ocrx_word' id='word_1_324' title='bbox 1329 2829 1648 2878; x_wconf 87' lang='lat' dir='ltr'><strong>succensus,</strong></span> <span class='ocrx_word' id='word_1_325' title='bbox 1704 2815 1849 2868; x_wconf 83' lang='lat' dir='ltr'><strong>beati</strong></span> <span class='ocrx_word' id='word_1_326' title='bbox 1890 2816 1990 2869; x_wconf 86' lang='lat' dir='ltr'><strong>viri</strong></span> 
     </span>
    </p>
   </div>
   <div class='ocr_carea' id='block_1_45' title="bbox 417 2904 1992 2975">
    <p class='ocr_par' dir='ltr' id='par_1_45' title="bbox 417 2904 1992 2975">
     <span class='ocr_line' id='line_1_45' title="bbox 417 2904 1992 2975; baseline 0.001 -16"><span class='ocrx_word' id='word_1_327' title='bbox 417 2906 640 2973; x_wconf 82' lang='lat' dir='ltr'><strong>vestigia</strong></span> <span class='ocrx_word' id='word_1_328' title='bbox 667 2907 954 2975; x_wconf 89' lang='lat' dir='ltr'><strong>perniciter</strong></span> <span class='ocrx_word' id='word_1_329' title='bbox 976 2906 1289 2961; x_wconf 88' lang='lat' dir='ltr'><strong>comitatur.</strong></span> <span class='ocrx_word' id='word_1_330' title='bbox 1323 2904 1430 2959; x_wconf 83' lang='lat' dir='ltr'><strong>Sed</strong></span> <span class='ocrx_word' id='word_1_331' title='bbox 1460 2907 1587 2961; x_wconf 90' lang='lat' dir='ltr'><strong>dum</strong></span> <span class='ocrx_word' id='word_1_332' title='bbox 1623 2904 1713 2961; x_wconf 84' lang='lat' dir='ltr'><strong>ille</strong></span> <span class='ocrx_word' id='word_1_333' title='bbox 1742 2906 1992 2961; x_wconf 89' lang='lat' dir='ltr'><strong>nesciens</strong></span> 
     </span>
    </p>
   </div>
   <div class='ocr_carea' id='block_1_46' title="bbox 417 3001 1995 3073">
    <p class='ocr_par' dir='ltr' id='par_1_46' title="bbox 417 3001 1995 3073">
     <span class='ocr_line' id='line_1_46' title="bbox 417 3001 1995 3073; baseline -0.003 -15"><span class='ocrx_word' id='word_1_334' title='bbox 417 3014 593 3072; x_wconf 71' lang='lat' dir='ltr'><strong>empto</strong></span> <span class='ocrx_word' id='word_1_335' title='bbox 619 3006 808 3068; x_wconf 78' lang='lat' dir='ltr'><strong>itinere</strong></span> <span class='ocrx_word' id='word_1_336' title='bbox 834 3005 1102 3073; x_wconf 83' lang='lat' dir='ltr'><strong>graditur;</strong></span> <span class='ocrx_word' id='word_1_337' title='bbox 1131 3004 1218 3056; x_wconf 91' lang='lat' dir='ltr'><strong>hic</strong></span> <span class='ocrx_word' id='word_1_338' title='bbox 1240 3017 1367 3056; x_wconf 84' lang='lat' dir='ltr'><strong>vero</strong></span> <span class='ocrx_word' id='word_1_339' title='bbox 1386 3011 1506 3070; x_wconf 90' lang='lat' dir='ltr'><strong>post</strong></span> <span class='ocrx_word' id='word_1_340' title='bbox 1526 3017 1648 3055; x_wconf 88' lang='lat' dir='ltr'><strong>eum</strong></span> <span class='ocrx_word' id='word_1_341' title='bbox 1677 3001 1995 3055; x_wconf 82' lang='lat' dir='ltr'><strong>festinanter</strong></span> 
     </span>
    </p>
   </div>
   <div class='ocr_carea' id='block_1_47' title="bbox 417 3089 1993 3161">
    <p class='ocr_par' dir='ltr' id='par_1_47' title="bbox 417 3089 1993 3161">
     <span class='ocr_line' id='line_1_47' title="bbox 417 3089 1993 3161; baseline -0.004 -11"><span class='ocrx_word' id='word_1_342' title='bbox 417 3096 683 3150; x_wconf 87' lang='lat' dir='ltr'><strong>accelerat</strong></span> <span class='ocrx_word' id='word_1_343' title='bbox 707 3136 721 3158; x_wconf 94' lang='lat'><strong>,</strong></span> <span class='ocrx_word' id='word_1_344' title='bbox 750 3104 805 3149; x_wconf 87' lang='lat' dir='ltr'><strong>et</strong></span> <span class='ocrx_word' id='word_1_345' title='bbox 834 3094 1028 3148; x_wconf 85' lang='lat' dir='ltr'><strong>anxius</strong></span> <span class='ocrx_word' id='word_1_346' title='bbox 1074 3110 1138 3147; x_wconf 92' lang='lat' dir='ltr'><strong>ac</strong></span> <span class='ocrx_word' id='word_1_347' title='bbox 1166 3093 1479 3161; x_wconf 86' lang='lat' dir='ltr'><strong>repentinus</strong></span> <span class='ocrx_word' id='word_1_348' title='bbox 1512 3091 1748 3144; x_wconf 78' lang='lat' dir='ltr'><strong>anhelat.</strong></span> <span class='ocrx_word' id='word_1_349' title='bbox 1783 3089 1906 3147; x_wconf 66' lang='lat' dir='ltr'><strong>Mox</strong></span> <span class='ocrx_word' id='word_1_350' title='bbox 1927 3092 1993 3144; x_wconf 89' lang='lat' dir='ltr'><strong>ad</strong></span> 
     </span>
    </p>
   </div>
   <div class='ocr_carea' id='block_1_48' title="bbox 2086 1910 3675 1991">
    <p class='ocr_par' dir='ltr' id='par_1_48' title="bbox 2086 1910 3675 1991">
     <span class='ocr_line' id='line_1_48' title="bbox 2086 1910 3675 1991; baseline -0.007 -16"><span class='ocrx_word' id='word_1_351' title='bbox 2086 1920 2229 1975; x_wconf 83' lang='lat' dir='ltr'><strong>ferre</strong></span> <span class='ocrx_word' id='word_1_352' title='bbox 2261 1919 2582 1991; x_wconf 89' lang='lat' dir='ltr'><strong>perniciem,</strong></span> <span class='ocrx_word' id='word_1_353' title='bbox 2622 1914 2901 1971; x_wconf 89' lang='lat' dir='ltr'><strong>humilitas</strong></span> <span class='ocrx_word' id='word_1_354' title='bbox 2936 1913 3086 1970; x_wconf 89' lang='lat' dir='ltr'><strong>dedit</strong></span> <span class='ocrx_word' id='word_1_355' title='bbox 3124 1910 3475 1983; x_wconf 86' lang='lat' dir='ltr'><strong>apostolicam</strong></span> <span class='ocrx_word' id='word_1_356' title='bbox 3511 1911 3675 1968; x_wconf 81' lang='lat' dir='ltr'><strong>exhi--</strong></span> 
     </span>
    </p>
   </div>
   <div class='ocr_carea' id='block_1_49' title="bbox 2087 2011 2528 2068">
    <p class='ocr_par' dir='ltr' id='par_1_49' title="bbox 2087 2011 2528 2068">
     <span class='ocr_line' id='line_1_49' title="bbox 2087 2011 2528 2068; baseline -0.009 0"><span class='ocrx_word' id='word_1_357' title='bbox 2087 2012 2219 2068; x_wconf 83' lang='lat' dir='ltr'><strong>bere</strong></span> <span class='ocrx_word' id='word_1_358' title='bbox 2251 2011 2528 2064; x_wconf 86' lang='lat' dir='ltr'><strong>virtutem.</strong></span> 
     </span>
    </p>
   </div>
   <div class='ocr_carea' id='block_1_50' title="bbox 2112 2095 3674 2174">
    <p class='ocr_par' dir='ltr' id='par_1_50' title="bbox 2112 2095 3674 2174">
     <span class='ocr_line' id='line_1_50' title="bbox 2112 2095 3674 2174; baseline -0.006 -16"><span class='ocrx_word' id='word_1_359' title='bbox 2112 2124 2113 2127; x_wconf 46' lang='grc' dir='ltr'><strong>η</strong></span> <span class='ocrx_word' id='word_1_360' title='bbox 2162 2102 2326 2174; x_wconf 75' lang='lat'><strong>585</strong></span> <span class='ocrx_word' id='word_1_361' title='bbox 2372 2102 2498 2156; x_wconf 70' lang='lat' dir='ltr'><strong>ﬂare</strong></span> <span class='ocrx_word' id='word_1_362' title='bbox 2544 2098 2749 2162; x_wconf 85' lang='lat' dir='ltr'><strong>omnia,</strong></span> <span class='ocrx_word' id='word_1_363' title='bbox 2797 2097 3120 2154; x_wconf 86' lang='lat' dir='ltr'><strong>venerabilis</strong></span> <span class='ocrx_word' id='word_1_364' title='bbox 3152 2096 3332 2162; x_wconf 86' lang='lat' dir='ltr'><strong>Pater,</strong></span> <span class='ocrx_word' id='word_1_365' title='bbox 3389 2111 3495 2151; x_wconf 91' lang='lat' dir='ltr'><strong>non</strong></span> <span class='ocrx_word' id='word_1_366' title='bbox 3547 2095 3674 2150; x_wconf 76' lang='lat' dir='ltr'><strong>sine</strong></span> 
     </span>
    </p>
   </div>
   <div class='ocr_carea' id='block_1_51' title="bbox 2090 2186 3660 2266">
    <p class='ocr_par' dir='ltr' id='par_1_51' title="bbox 2090 2186 3660 2266">
     <span class='ocr_line' id='line_1_51' title="bbox 2090 2186 3660 2266; baseline -0.006 -15"><span class='ocrx_word' id='word_1_367' title='bbox 2090 2210 2287 2266; x_wconf 87' lang='lat' dir='ltr'><strong>magno</strong></span> <span class='ocrx_word' id='word_1_368' title='bbox 2332 2194 2527 2248; x_wconf 89' lang='lat' dir='ltr'><strong>timore</strong></span> <span class='ocrx_word' id='word_1_369' title='bbox 2569 2190 2958 2256; x_wconf 91' lang='lat' dir='ltr'><strong>describimus,</strong></span> <span class='ocrx_word' id='word_1_370' title='bbox 2999 2203 3065 2243; x_wconf 91' lang='lat' dir='ltr'><strong>ne</strong></span> <span class='ocrx_word' id='word_1_371' title='bbox 3093 2188 3178 2243; x_wconf 92' lang='lat' dir='ltr'><strong>vel</strong></span> <span class='ocrx_word' id='word_1_372' title='bbox 3213 2203 3310 2259; x_wconf 91' lang='lat' dir='ltr'><strong>per</strong></span> <span class='ocrx_word' id='word_1_373' title='bbox 3338 2186 3660 2242; x_wconf 85' lang='lat' dir='ltr'><strong>oblivionem</strong></span> 
     </span>
    </p>
   </div>
   <div class='ocr_carea' id='block_1_52' title="bbox 2089 2277 3664 2356">
    <p class='ocr_par' dir='ltr' id='par_1_52' title="bbox 2089 2277 3664 2356">
     <span class='ocr_line' id='line_1_52' title="bbox 2089 2277 3664 2356; baseline -0.008 -16"><span class='ocrx_word' id='word_1_374' title='bbox 2089 2285 2384 2356; x_wconf 88' lang='lat' dir='ltr'><strong>propriam,</strong></span> <span class='ocrx_word' id='word_1_375' title='bbox 2415 2282 2499 2337; x_wconf 92' lang='lat' dir='ltr'><strong>vel</strong></span> <span class='ocrx_word' id='word_1_376' title='bbox 2532 2298 2628 2352; x_wconf 91' lang='lat' dir='ltr'><strong>per</strong></span> <span class='ocrx_word' id='word_1_377' title='bbox 2663 2279 2839 2335; x_wconf 82' lang='lat' dir='ltr'><strong>infidae</strong></span> <span class='ocrx_word' id='word_1_378' title='bbox 2883 2278 3160 2355; x_wconf 79' lang='lat' dir='ltr'><strong>relationis</strong></span> <span class='ocrx_word' id='word_1_379' title='bbox 3202 2277 3483 2331; x_wconf 88' lang='lat' dir='ltr'><strong>audaciam</strong></span> <span class='ocrx_word' id='word_1_380' title='bbox 3513 2292 3542 2329; x_wconf 88' lang='lat' dir='ltr'><strong>a</strong></span> <span class='ocrx_word' id='word_1_381' title='bbox 3573 2290 3664 2329; x_wconf 82' lang='lat' dir='ltr'><strong>ve—</strong></span> 
     </span>
    </p>
   </div>
   <div class='ocr_carea' id='block_1_53' title="bbox 2092 2366 3661 2442">
    <p class='ocr_par' dir='ltr' id='par_1_53' title="bbox 2092 2366 3661 2442">
     <span class='ocr_line' id='line_1_53' title="bbox 2092 2366 3661 2442; baseline -0.008 -12"><span class='ocrx_word' id='word_1_382' title='bbox 2092 2376 2270 2430; x_wconf 86' lang='lat' dir='ltr'><strong>ritatis</strong></span> <span class='ocrx_word' id='word_1_383' title='bbox 2306 2374 2446 2428; x_wconf 89' lang='lat' dir='ltr'><strong>linea</strong></span> <span class='ocrx_word' id='word_1_384' title='bbox 2485 2369 2879 2442; x_wconf 90' lang='lat' dir='ltr'><strong>quantumlibet</strong></span> <span class='ocrx_word' id='word_1_385' title='bbox 2909 2368 3263 2425; x_wconf 89' lang='lat' dir='ltr'><strong>declinemus.</strong></span> <span class='ocrx_word' id='word_1_386' title='bbox 3301 2366 3661 2433; x_wconf 84' lang='lat' dir='ltr'><strong>Quamobrem</strong></span> 
     </span>
    </p>
   </div>
   <div class='ocr_carea' id='block_1_54' title="bbox 2091 2453 3664 2525">
    <p class='ocr_par' dir='ltr' id='par_1_54' title="bbox 2091 2453 3664 2525">
     <span class='ocr_line' id='line_1_54' title="bbox 2091 2453 3664 2525; baseline -0.01 -4"><span class='ocrx_word' id='word_1_387' title='bbox 2091 2480 2207 2521; x_wconf 63' lang='lat' dir='ltr'><strong>nate</strong></span> <span class='ocrx_word' id='word_1_388' title='bbox 2240 2479 2339 2519; x_wconf 91' lang='lat' dir='ltr'><strong>nos</strong></span> <span class='ocrx_word' id='word_1_389' title='bbox 2369 2479 2475 2517; x_wconf 91' lang='lat' dir='ltr'><strong>non</strong></span> <span class='ocrx_word' id='word_1_390' title='bbox 2506 2470 2820 2517; x_wconf 89' lang='lat' dir='ltr'><strong>constanter</strong></span> <span class='ocrx_word' id='word_1_391' title='bbox 2865 2458 3190 2522; x_wconf 90' lang='lat' dir='ltr'><strong>astruimus;</strong></span> <span class='ocrx_word' id='word_1_392' title='bbox 3240 2456 3333 2510; x_wconf 86' lang='lat' dir='ltr'><strong>sed</strong></span> <span class='ocrx_word' id='word_1_393' title='bbox 3362 2455 3489 2525; x_wconf 88' lang='lat' dir='ltr'><strong>quia</strong></span> <span class='ocrx_word' id='word_1_394' title='bbox 3517 2453 3664 2510; x_wconf 91' lang='lat' dir='ltr'><strong>velut</strong></span> 
     </span>
    </p>
   </div>
   <div class='ocr_carea' id='block_1_55' title="bbox 2091 2542 3663 2616">
    <p class='ocr_par' dir='ltr' id='par_1_55' title="bbox 2091 2542 3663 2616">
     <span class='ocr_line' id='line_1_55' title="bbox 2091 2542 3663 2616; baseline -0.008 -6"><span class='ocrx_word' id='word_1_395' title='bbox 2091 2556 2192 2611; x_wconf 88' lang='lat' dir='ltr'><strong>sub</strong></span> <span class='ocrx_word' id='word_1_396' title='bbox 2218 2556 2320 2609; x_wconf 73' lang='lat' dir='ltr'><strong>hoc</strong></span> <span class='ocrx_word' id='word_1_397' title='bbox 2346 2552 2625 2608; x_wconf 87' lang='lat' dir='ltr'><strong>relationis</strong></span> <span class='ocrx_word' id='word_1_398' title='bbox 2648 2550 2838 2605; x_wconf 88' lang='lat' dir='ltr'><strong>ordine</strong></span> <span class='ocrx_word' id='word_1_399' title='bbox 2867 2549 2933 2603; x_wconf 93' lang='lat' dir='ltr'><strong>ad</strong></span> <span class='ocrx_word' id='word_1_400' title='bbox 2959 2556 3200 2603; x_wconf 84' lang='lat' dir='ltr'><strong>nostram</strong></span> <span class='ocrx_word' id='word_1_401' title='bbox 3233 2545 3432 2601; x_wconf 91' lang='lat' dir='ltr'><strong>fuerint</strong></span> <span class='ocrx_word' id='word_1_402' title='bbox 3459 2542 3663 2616; x_wconf 87' lang='lat' dir='ltr'><strong>perlata</strong></span> 
     </span>
    </p>
   </div>
   <div class='ocr_carea' id='block_1_56' title="bbox 2090 2644 2697 2713">
    <p class='ocr_par' dir='ltr' id='par_1_56' title="bbox 2090 2644 2697 2713">
     <span class='ocr_line' id='line_1_56' title="bbox 2090 2644 2697 2713; baseline -0.012 -12"><span class='ocrx_word' id='word_1_403' title='bbox 2090 2646 2359 2709; x_wconf 90' lang='lat' dir='ltr'><strong>notitiam,</strong></span> <span class='ocrx_word' id='word_1_404' title='bbox 2389 2644 2697 2713; x_wconf 89' lang='lat' dir='ltr'><strong>opinamur.</strong></span> 
     </span>
    </p>
   </div>
   <div class='ocr_carea' id='block_1_57' title="bbox 2161 2727 3665 2804">
    <p class='ocr_par' dir='ltr' id='par_1_57' title="bbox 2161 2727 3665 2804">
     <span class='ocr_line' id='line_1_57' title="bbox 2161 2727 3665 2804; baseline -0.007 -13"><span class='ocrx_word' id='word_1_405' title='bbox 2161 2736 2362 2791; x_wconf 75' lang='lat' dir='ltr'><strong>Verum</strong></span> <span class='ocrx_word' id='word_1_406' title='bbox 2392 2733 2638 2804; x_wconf 91' lang='lat' dir='ltr'><strong>quisquis</strong></span> <span class='ocrx_word' id='word_1_407' title='bbox 2686 2730 3049 2787; x_wconf 89' lang='lat' dir='ltr'><strong>obedientiam</strong></span> <span class='ocrx_word' id='word_1_408' title='bbox 3099 2728 3372 2800; x_wconf 65' lang='lat' dir='ltr'><strong>prmdicat,</strong></span> <span class='ocrx_word' id='word_1_409' title='bbox 3411 2727 3485 2781; x_wconf 90' lang='lat' dir='ltr'><strong>illi</strong></span> <span class='ocrx_word' id='word_1_410' title='bbox 3514 2740 3665 2782; x_wconf 80' lang='lat' dir='ltr'><strong>sum-</strong></span> 
     </span>
    </p>
   </div>
   <div class='ocr_carea' id='block_1_58' title="bbox 2092 2816 3673 2896">
    <p class='ocr_par' dir='ltr' id='par_1_58' title="bbox 2092 2816 3673 2896">
     <span class='ocr_line' id='line_1_58' title="bbox 2092 2816 3673 2896; baseline -0.008 -15"><span class='ocrx_word' id='word_1_411' title='bbox 2092 2840 2312 2896; x_wconf 88' lang='lat' dir='ltr'><strong>mopere</strong></span> <span class='ocrx_word' id='word_1_412' title='bbox 2347 2823 2643 2879; x_wconf 90' lang='lat' dir='ltr'><strong>cavendum</strong></span> <span class='ocrx_word' id='word_1_413' title='bbox 2673 2830 2777 2886; x_wconf 86' lang='lat' dir='ltr'><strong>est,</strong></span> <span class='ocrx_word' id='word_1_414' title='bbox 2810 2830 2869 2876; x_wconf 95' lang='lat' dir='ltr'><strong>ut</strong></span> <span class='ocrx_word' id='word_1_415' title='bbox 2900 2834 3023 2876; x_wconf 89' lang='lat' dir='ltr'><strong>eum</strong></span> <span class='ocrx_word' id='word_1_416' title='bbox 3068 2827 3189 2874; x_wconf 87' lang='lat' dir='ltr'><strong>nota</strong></span> <span class='ocrx_word' id='word_1_417' title='bbox 3228 2817 3448 2872; x_wconf 89' lang='lat' dir='ltr'><strong>rebellis</strong></span> <span class='ocrx_word' id='word_1_418' title='bbox 3482 2816 3673 2870; x_wconf 83' lang='lat' dir='ltr'><strong>inobe-</strong></span> 
     </span>
    </p>
   </div>
   <div class='ocr_carea' id='block_1_59' title="bbox 2093 2905 3669 2981">
    <p class='ocr_par' dir='ltr' id='par_1_59' title="bbox 2093 2905 3669 2981">
     <span class='ocr_line' id='line_1_59' title="bbox 2093 2905 3669 2981; baseline -0.01 -7"><span class='ocrx_word' id='word_1_419' title='bbox 2093 2919 2309 2975; x_wconf 73' lang='lat' dir='ltr'><strong>dientiae</strong></span> <span class='ocrx_word' id='word_1_420' title='bbox 2338 2933 2444 2971; x_wconf 84' lang='lat' dir='ltr'><strong>non</strong></span> <span class='ocrx_word' id='word_1_421' title='bbox 2478 2917 2678 2970; x_wconf 86' lang='lat' dir='ltr'><strong>inurat.</strong></span> <span class='ocrx_word' id='word_1_422' title='bbox 2708 2913 2842 2968; x_wconf 85' lang='lat' dir='ltr'><strong>Nam</strong></span> <span class='ocrx_word' id='word_1_423' title='bbox 2873 2914 2963 2967; x_wconf 89' lang='lat' dir='ltr'><strong>ubi</strong></span> <span class='ocrx_word' id='word_1_424' title='bbox 2997 2913 3163 2966; x_wconf 90' lang='lat' dir='ltr'><strong>distat</strong></span> <span class='ocrx_word' id='word_1_425' title='bbox 3185 2910 3346 2981; x_wconf 75' lang='lat'><strong>586</strong></span> <span class='ocrx_word' id='word_1_426' title='bbox 3369 2923 3503 2978; x_wconf 89' lang='lat' dir='ltr'><strong>opus</strong></span> <span class='ocrx_word' id='word_1_427' title='bbox 3530 2921 3559 2960; x_wconf 88' lang='lat' dir='ltr'><strong>a</strong></span> <span class='ocrx_word' id='word_1_428' title='bbox 3591 2905 3669 2959; x_wconf 84' lang='lat' dir='ltr'><strong>la—</strong></span> 
     </span>
    </p>
   </div>
   <div class='ocr_carea' id='block_1_60' title="bbox 2094 2996 3665 3072">
    <p class='ocr_par' dir='ltr' id='par_1_60' title="bbox 2094 2996 3665 3072">
     <span class='ocr_line' id='line_1_60' title="bbox 2094 2996 3665 3072; baseline -0.01 -9"><span class='ocrx_word' id='word_1_429' title='bbox 2094 3009 2216 3072; x_wconf 83' lang='lat' dir='ltr'><strong>biis,</strong></span> <span class='ocrx_word' id='word_1_430' title='bbox 2250 3007 2483 3061; x_wconf 68' lang='lat' dir='ltr'><strong>fmdatur</strong></span> <span class='ocrx_word' id='word_1_431' title='bbox 2511 3019 2707 3059; x_wconf 86' lang='lat' dir='ltr'><strong>nomen</strong></span> <span class='ocrx_word' id='word_1_432' title='bbox 2737 3002 2989 3057; x_wconf 86' lang='lat' dir='ltr'><strong>auctoris.</strong></span> <span class='ocrx_word' id='word_1_433' title='bbox 3020 2999 3281 3068; x_wconf 78' lang='lat' dir='ltr'><strong>Quoniam</strong></span> <span class='ocrx_word' id='word_1_434' title='bbox 3313 2997 3411 3066; x_wconf 82' lang='lat' dir='ltr'><strong>qui</strong></span> <span class='ocrx_word' id='word_1_435' title='bbox 3435 2996 3665 3064; x_wconf 83' lang='lat' dir='ltr'><strong>idipsum</strong></span> 
     </span>
    </p>
   </div>
   <div class='ocr_carea' id='block_1_61' title="bbox 2095 3083 3683 3168">
    <p class='ocr_par' dir='ltr' id='par_1_61' title="bbox 2095 3083 3683 3168">
     <span class='ocr_line' id='line_1_61' title="bbox 2095 3083 3683 3168; baseline -0.008 -17"><span class='ocrx_word' id='word_1_436' title='bbox 2095 3099 2237 3168; x_wconf 88' lang='lat' dir='ltr'><strong>quod</strong></span> <span class='ocrx_word' id='word_1_437' title='bbox 2266 3088 2367 3151; x_wconf 76' lang='lat' dir='ltr'><strong>ore</strong></span> <span class='ocrx_word' id='word_1_438' title='bbox 2385 3088 2571 3150; x_wconf 85' lang='lat' dir='ltr'><strong>statuit</strong></span> <span class='ocrx_word' id='word_1_439' title='bbox 2599 3093 2757 3148; x_wconf 90' lang='lat' dir='ltr'><strong>factis</strong></span> <span class='ocrx_word' id='word_1_440' title='bbox 2779 3100 3069 3163; x_wconf 80' lang='lat' dir='ltr'><strong>oppugnat,</strong></span> <span class='ocrx_word' id='word_1_441' title='bbox 3099 3090 3268 3159; x_wconf 80' lang='lat' dir='ltr'><strong>legem</strong></span> <span class='ocrx_word' id='word_1_442' title='bbox 3296 3086 3481 3157; x_wconf 90' lang='lat' dir='ltr'><strong>procul</strong></span> <span class='ocrx_word' id='word_1_443' title='bbox 3505 3083 3683 3138; x_wconf 61' lang='lat' dir='ltr'><strong>dubio</strong></span> 
     </span>
    </p>
   </div>
   <div class='ocr_carea' id='block_1_62' title="bbox 417 3173 3679 3258">
    <p class='ocr_par' dir='ltr' id='par_1_62' title="bbox 417 3173 3679 3258">
     <span class='ocr_line' id='line_1_62' title="bbox 417 3173 3679 3258; baseline -0.004 -20"><span class='ocrx_word' id='word_1_444' title='bbox 417 3188 703 3256; x_wconf 88' lang='lat' dir='ltr'><strong>quemdam</strong></span> <span class='ocrx_word' id='word_1_445' title='bbox 734 3186 949 3239; x_wconf 75' lang='lat' dir='ltr'><strong>fluvium</strong></span> <span class='ocrx_word' id='word_1_446' title='bbox 983 3184 1228 3254; x_wconf 86' lang='lat' dir='ltr'><strong>pervenit</strong></span> <span class='ocrx_word' id='word_1_447' title='bbox 1254 3222 1269 3245; x_wconf 90' lang='lat'><strong>,</strong></span> <span class='ocrx_word' id='word_1_448' title='bbox 1317 3182 1470 3252; x_wconf 80' lang='lat' dir='ltr'><strong>cujus</strong></span> <span class='ocrx_word' id='word_1_449' title='bbox 1514 3181 1597 3234; x_wconf 91' lang='lat' dir='ltr'><strong>vir</strong></span> <span class='ocrx_word' id='word_1_450' title='bbox 1626 3173 1838 3244; x_wconf 78' lang='lat' dir='ltr'><strong>Domini</strong></span> <span class='ocrx_word' id='word_1_451' title='bbox 1879 3180 1992 3250; x_wconf 83' lang='lat' dir='ltr'><strong>jam</strong></span> <span class='ocrx_word' id='word_1_452' title='bbox 2020 3177 2064 3238; x_wconf 90' lang='lat' dir='ltr'>C</span> <span class='ocrx_word' id='word_1_453' title='bbox 2095 3191 2329 3245; x_wconf 62' lang='lat' dir='ltr'><strong>destruit</strong></span> <span class='ocrx_word' id='word_1_454' title='bbox 2364 3203 2527 3258; x_wconf 79' lang='lat' dir='ltr'><strong>quam</strong></span> <span class='ocrx_word' id='word_1_455' title='bbox 2575 3184 2899 3257; x_wconf 74' lang='lat' dir='ltr'><strong>promulgat.</strong></span> <span class='ocrx_word' id='word_1_456' title='bbox 2938 3183 3279 3253; x_wconf 85' lang='lat' dir='ltr'><strong>Quapropter</strong></span> <span class='ocrx_word' id='word_1_457' title='bbox 3323 3180 3495 3250; x_wconf 90' lang='lat' dir='ltr'><strong>ipsum</strong></span> <span class='ocrx_word' id='word_1_458' title='bbox 3540 3177 3679 3232; x_wconf 75' lang='lat' dir='ltr'><strong>ohe-</strong></span> 
     </span>
    </p>
   </div>
   <div class='ocr_carea' id='block_1_63' title="bbox 376 3267 1993 3351">
    <p class='ocr_par' dir='ltr' id='par_1_63' title="bbox 376 3267 1993 3351">
     <span class='ocr_line' id='line_1_63' title="bbox 376 3267 1993 3351; baseline -0.005 -23"><span class='ocrx_word' id='word_1_459' title='bbox 376 3348 377 3351; x_wconf 14' lang='grc' dir='ltr'><strong>η</strong></span> <span class='ocrx_word' id='word_1_460' title='bbox 416 3276 552 3327; x_wconf 82' lang='lat' dir='ltr'><strong>vada</strong></span> <span class='ocrx_word' id='word_1_461' title='bbox 585 3276 892 3337; x_wconf 69' lang='lat' dir='ltr'><strong>transierat,</strong></span> <span class='ocrx_word' id='word_1_462' title='bbox 923 3282 976 3328; x_wconf 91' lang='lat' dir='ltr'><strong>et</strong></span> <span class='ocrx_word' id='word_1_463' title='bbox 1000 3287 1161 3342; x_wconf 90' lang='lat' dir='ltr'><strong>super</strong></span> <span class='ocrx_word' id='word_1_464' title='bbox 1188 3271 1359 3341; x_wconf 86' lang='lat' dir='ltr'><strong>ripam</strong></span> <span class='ocrx_word' id='word_1_465' title='bbox 1391 3269 1566 3323; x_wconf 90' lang='lat' dir='ltr'><strong>adhuc</strong></span> <span class='ocrx_word' id='word_1_466' title='bbox 1592 3267 1817 3323; x_wconf 82' lang='lat' dir='ltr'><strong>alteram</strong></span> <span class='ocrx_word' id='word_1_467' title='bbox 1861 3281 1993 3321; x_wconf 88' lang='lat' dir='ltr'><strong>con-</strong></span> 
     </span>
    </p>
   </div>
   <div class='ocr_carea' id='block_1_64' title="bbox 418 3366 662 3421">
    <p class='ocr_par' dir='ltr' id='par_1_64' title="bbox 418 3366 662 3421">
     <span class='ocr_line' id='line_1_64' title="bbox 418 3366 662 3421; baseline -0.004 0"><span class='ocrx_word' id='word_1_468' title='bbox 418 3366 662 3421; x_wconf 84' lang='lat' dir='ltr'><strong>sistebat.</strong></span> 
     </span>
    </p>
   </div>
   <div class='ocr_carea' id='block_1_65' title="bbox 439 3452 1992 3530">
    <p class='ocr_par' dir='ltr' id='par_1_65' title="bbox 439 3452 1992 3530">
     <span class='ocr_line' id='line_1_65' title="bbox 439 3452 1992 3530; baseline -0.007 -13"><span class='ocrx_word' id='word_1_469' title='bbox 439 3495 445 3501; x_wconf 84' lang='grc'><strong><em>-</em></strong></span> <span class='ocrx_word' id='word_1_470' title='bbox 488 3461 622 3516; x_wconf 88' lang='lat' dir='ltr'><strong>Cum</strong></span> <span class='ocrx_word' id='word_1_471' title='bbox 652 3461 830 3530; x_wconf 88' lang='lat' dir='ltr'><strong>itaque</strong></span> <span class='ocrx_word' id='word_1_472' title='bbox 857 3459 1154 3513; x_wconf 88' lang='lat' dir='ltr'><strong>monachus</strong></span> <span class='ocrx_word' id='word_1_473' title='bbox 1180 3456 1233 3510; x_wconf 91' lang='lat' dir='ltr'><strong>in</strong></span> <span class='ocrx_word' id='word_1_474' title='bbox 1263 3455 1501 3512; x_wconf 88' lang='lat' dir='ltr'><strong>citeriori</strong></span> <span class='ocrx_word' id='word_1_475' title='bbox 1529 3469 1586 3510; x_wconf 90' lang='lat' dir='ltr'><strong>se</strong></span> <span class='ocrx_word' id='word_1_476' title='bbox 1611 3452 1849 3508; x_wconf 78' lang='lat' dir='ltr'><strong>fluminis</strong></span> <span class='ocrx_word' id='word_1_477' title='bbox 1868 3467 1992 3506; x_wconf 86' lang='lat' dir='ltr'><strong>cre-</strong></span> 
     </span>
    </p>
   </div>
   <div class='ocr_carea' id='block_1_66' title="bbox 418 3536 1989 3626">
    <p class='ocr_par' dir='ltr' id='par_1_66' title="bbox 418 3536 1989 3626">
     <span class='ocr_line' id='line_1_66' title="bbox 418 3536 1989 3626; baseline -0.009 -18"><span class='ocrx_word' id='word_1_478' title='bbox 418 3554 601 3626; x_wconf 87' lang='lat' dir='ltr'><strong>pidine</strong></span> <span class='ocrx_word' id='word_1_479' title='bbox 630 3536 843 3623; x_wconf 82' lang='lat' dir='ltr'><strong>figeret,</strong></span> <span class='ocrx_word' id='word_1_480' title='bbox 887 3549 1141 3619; x_wconf 86' lang='lat' dir='ltr'><strong>quoniam</strong></span> <span class='ocrx_word' id='word_1_481' title='bbox 1178 3548 1402 3602; x_wconf 90' lang='lat' dir='ltr'><strong>absente</strong></span> <span class='ocrx_word' id='word_1_482' title='bbox 1448 3545 1661 3615; x_wconf 83' lang='lat' dir='ltr'><strong>navigio</strong></span> <span class='ocrx_word' id='word_1_483' title='bbox 1702 3543 1989 3598; x_wconf 87' lang='lat' dir='ltr'><strong>transitum</strong></span> 
     </span>
    </p>
   </div>
   <div class='ocr_carea' id='block_1_67' title="bbox 420 3631 1993 3706">
    <p class='ocr_par' dir='ltr' id='par_1_67' title="bbox 420 3631 1993 3706">
     <span class='ocr_line' id='line_1_67' title="bbox 420 3631 1993 3706; baseline -0.008 -8"><span class='ocrx_word' id='word_1_484' title='bbox 420 3658 527 3698; x_wconf 89' lang='lat' dir='ltr'><strong>non</strong></span> <span class='ocrx_word' id='word_1_485' title='bbox 555 3642 796 3702; x_wconf 88' lang='lat' dir='ltr'><strong>haberet,</strong></span> <span class='ocrx_word' id='word_1_486' title='bbox 824 3639 1011 3693; x_wconf 90' lang='lat' dir='ltr'><strong>videns</strong></span> <span class='ocrx_word' id='word_1_487' title='bbox 1038 3636 1223 3706; x_wconf 88' lang='lat' dir='ltr'><strong>procul</strong></span> <span class='ocrx_word' id='word_1_488' title='bbox 1255 3644 1434 3691; x_wconf 88' lang='lat' dir='ltr'><strong>astare</strong></span> <span class='ocrx_word' id='word_1_489' title='bbox 1473 3636 1813 3703; x_wconf 84' lang='lat' dir='ltr'><strong>magistrum,</strong></span> <span class='ocrx_word' id='word_1_490' title='bbox 1850 3631 1993 3704; x_wconf 90' lang='lat' dir='ltr'><strong>quod</strong></span> 
     </span>
    </p>
   </div>
   <div class='ocr_carea' id='block_1_68' title="bbox 422 3722 1994 3801">
    <p class='ocr_par' dir='ltr' id='par_1_68' title="bbox 422 3722 1994 3801">
     <span class='ocr_line' id='line_1_68' title="bbox 422 3722 1994 3801; baseline -0.006 -16"><span class='ocrx_word' id='word_1_491' title='bbox 422 3732 594 3786; x_wconf 90' lang='lat' dir='ltr'><strong>solum</strong></span> <span class='ocrx_word' id='word_1_492' title='bbox 628 3730 818 3801; x_wconf 88' lang='lat' dir='ltr'><strong>potuit,</strong></span> <span class='ocrx_word' id='word_1_493' title='bbox 851 3736 1047 3797; x_wconf 68' lang='lat' dir='ltr'><strong>praesto</strong></span> <span class='ocrx_word' id='word_1_494' title='bbox 1072 3739 1334 3782; x_wconf 89' lang='lat' dir='ltr'><strong>corruens</strong></span> <span class='ocrx_word' id='word_1_495' title='bbox 1360 3725 1412 3778; x_wconf 92' lang='lat' dir='ltr'><strong>in</strong></span> <span class='ocrx_word' id='word_1_496' title='bbox 1445 3733 1643 3778; x_wconf 90' lang='lat' dir='ltr'><strong>terram</strong></span> <span class='ocrx_word' id='word_1_497' title='bbox 1673 3738 1730 3778; x_wconf 93' lang='lat' dir='ltr'><strong>se</strong></span> <span class='ocrx_word' id='word_1_498' title='bbox 1777 3722 1994 3777; x_wconf 89' lang='lat' dir='ltr'><strong>humili-</strong></span> 
     </span>
    </p>
   </div>
   <div class='ocr_carea' id='block_1_69' title="bbox 422 3810 1995 3888">
    <p class='ocr_par' dir='ltr' id='par_1_69' title="bbox 422 3810 1995 3888">
     <span class='ocr_line' id='line_1_69' title="bbox 422 3810 1995 3888; baseline -0.008 -12"><span class='ocrx_word' id='word_1_499' title='bbox 422 3826 513 3876; x_wconf 82' lang='lat' dir='ltr'><strong>ter</strong></span> <span class='ocrx_word' id='word_1_500' title='bbox 532 3819 756 3885; x_wconf 80' lang='lat' dir='ltr'><strong>stravit;</strong></span> <span class='ocrx_word' id='word_1_501' title='bbox 787 3827 844 3871; x_wconf 87' lang='lat' dir='ltr'><strong>et</strong></span> <span class='ocrx_word' id='word_1_502' title='bbox 885 3817 1011 3888; x_wconf 85' lang='lat' dir='ltr'><strong>quia</strong></span> <span class='ocrx_word' id='word_1_503' title='bbox 1040 3814 1251 3870; x_wconf 90' lang='lat' dir='ltr'><strong>veniam</strong></span> <span class='ocrx_word' id='word_1_504' title='bbox 1281 3813 1594 3883; x_wconf 88' lang='lat' dir='ltr'><strong>deprecans,</strong></span> <span class='ocrx_word' id='word_1_505' title='bbox 1634 3827 1731 3881; x_wconf 88' lang='lat' dir='ltr'><strong>per</strong></span> <span class='ocrx_word' id='word_1_506' title='bbox 1758 3810 1870 3866; x_wconf 90' lang='lat' dir='ltr'><strong>oris</strong></span> <span class='ocrx_word' id='word_1_507' title='bbox 1903 3824 1995 3865; x_wconf 84' lang='lat' dir='ltr'><strong>or-</strong></span> 
     </span>
    </p>
   </div>
   <div class='ocr_carea' id='block_1_70' title="bbox 2050 3269 3673 3350">
    <p class='ocr_par' dir='ltr' id='par_1_70' title="bbox 2050 3269 3673 3350">
     <span class='ocr_line' id='line_1_70' title="bbox 2050 3269 3673 3350; baseline -0.01 -12"><span class='ocrx_word' id='word_1_508' title='bbox 2050 3330 2066 3338; x_wconf 83' lang='lat'><strong>-</strong></span> <span class='ocrx_word' id='word_1_509' title='bbox 2097 3282 2312 3337; x_wconf 73' lang='lat' dir='ltr'><strong>dientize</strong></span> <span class='ocrx_word' id='word_1_510' title='bbox 2335 3281 2595 3350; x_wconf 88' lang='lat' dir='ltr'><strong>deprecor</strong></span> <span class='ocrx_word' id='word_1_511' title='bbox 2618 3287 2673 3333; x_wconf 92' lang='lat' dir='ltr'><strong>et</strong></span> <span class='ocrx_word' id='word_1_512' title='bbox 2700 3275 3017 3332; x_wconf 81' lang='lat' dir='ltr'><strong>humilitatis</strong></span> <span class='ocrx_word' id='word_1_513' title='bbox 3043 3284 3315 3329; x_wconf 87' lang='lat' dir='ltr'><strong>auctorem</strong></span> <span class='ocrx_word' id='word_1_514' title='bbox 3334 3312 3347 3333; x_wconf 90' lang='lat'><strong>,</strong></span> <span class='ocrx_word' id='word_1_515' title='bbox 3381 3269 3519 3325; x_wconf 88' lang='lat' dir='ltr'><strong>utin</strong></span> <span class='ocrx_word' id='word_1_516' title='bbox 3541 3282 3673 3339; x_wconf 71' lang='lat' dir='ltr'><strong>pro-</strong></span> 
     </span>
    </p>
   </div>
   <div class='ocr_carea' id='block_1_71' title="bbox 2096 3359 3677 3443">
    <p class='ocr_par' dir='ltr' id='par_1_71' title="bbox 2096 3359 3677 3443">
     <span class='ocr_line' id='line_1_71' title="bbox 2096 3359 3677 3443; baseline -0.01 -15"><span class='ocrx_word' id='word_1_517' title='bbox 2096 3373 2243 3428; x_wconf 77' lang='lat' dir='ltr'><strong>ximo</strong></span> <span class='ocrx_word' id='word_1_518' title='bbox 2268 3373 2517 3443; x_wconf 83' lang='lat' dir='ltr'><strong>dignetur</strong></span> <span class='ocrx_word' id='word_1_519' title='bbox 2542 3386 2573 3424; x_wconf 88' lang='lat' dir='ltr'><strong>a</strong></span> <span class='ocrx_word' id='word_1_520' title='bbox 2600 3384 2686 3424; x_wconf 86' lang='lat' dir='ltr'><strong>me</strong></span> <span class='ocrx_word' id='word_1_521' title='bbox 2711 3369 2871 3439; x_wconf 84' lang='lat' dir='ltr'><strong>hujus</strong></span> <span class='ocrx_word' id='word_1_522' title='bbox 2900 3366 3136 3422; x_wconf 69' lang='lat' dir='ltr'><strong>infamiae</strong></span> <span class='ocrx_word' id='word_1_523' title='bbox 3164 3364 3356 3435; x_wconf 89' lang='lat' dir='ltr'><strong>probra</strong></span> <span class='ocrx_word' id='word_1_524' title='bbox 3392 3359 3677 3431; x_wconf 73' lang='lat' dir='ltr'><strong>repellere,</strong></span> 
     </span>
    </p>
   </div>
   <div class='ocr_carea' id='block_1_72' title="bbox 2097 3448 3668 3534">
    <p class='ocr_par' dir='ltr' id='par_1_72' title="bbox 2097 3448 3668 3534">
     <span class='ocr_line' id='line_1_72' title="bbox 2097 3448 3668 3534; baseline -0.01 -15"><span class='ocrx_word' id='word_1_525' title='bbox 2097 3479 2290 3534; x_wconf 88' lang='lat' dir='ltr'><strong>meque</strong></span> <span class='ocrx_word' id='word_1_526' title='bbox 2316 3462 2592 3533; x_wconf 89' lang='lat' dir='ltr'><strong>permittat</strong></span> <span class='ocrx_word' id='word_1_527' title='bbox 2620 3462 2765 3516; x_wconf 90' lang='lat' dir='ltr'><strong>hunc</strong></span> <span class='ocrx_word' id='word_1_528' title='bbox 2794 3460 3079 3529; x_wconf 72' lang='lat' dir='ltr'><strong>Propheta:</strong></span> <span class='ocrx_word' id='word_1_529' title='bbox 3122 3454 3447 3512; x_wconf 84' lang='lat' dir='ltr'><strong>versiculum</strong></span> <span class='ocrx_word' id='word_1_530' title='bbox 3484 3452 3537 3505; x_wconf 93' lang='lat' dir='ltr'><strong>in</strong></span> <span class='ocrx_word' id='word_1_531' title='bbox 3566 3448 3668 3505; x_wconf 83' lang='lat' dir='ltr'><strong>Ca-</strong></span> 
     </span>
    </p>
   </div>
   <div class='ocr_carea' id='block_1_73' title="bbox 2100 3538 3673 3613">
    <p class='ocr_par' dir='ltr' id='par_1_73' title="bbox 2100 3538 3673 3613">
     <span class='ocr_line' id='line_1_73' title="bbox 2100 3538 3673 3613; baseline -0.011 0"><span class='ocrx_word' id='word_1_532' title='bbox 2100 3557 2333 3613; x_wconf 87' lang='lat' dir='ltr'><strong>sinensis</strong></span> <span class='ocrx_word' id='word_1_533' title='bbox 2372 3552 2607 3609; x_wconf 72' lang='lat' dir='ltr'><strong>emnobii</strong></span> <span class='ocrx_word' id='word_1_534' title='bbox 2656 3552 2864 3607; x_wconf 87' lang='lat' dir='ltr'><strong>foribus</strong></span> <span class='ocrx_word' id='word_1_535' title='bbox 2910 3552 3203 3605; x_wconf 81' lang='lat' dir='ltr'><strong>decantare</strong></span> <span class='ocrx_word' id='word_1_536' title='bbox 3229 3565 3242 3600; x_wconf 94' lang='lat'>:</span> <span class='ocrx_word' id='word_1_537' title='bbox 3271 3544 3544 3613; x_wconf 69' lang='lat' dir='ltr'><strong>ri‘ropter</strong></span> <span class='ocrx_word' id='word_1_538' title='bbox 3564 3538 3673 3596; x_wconf 87' lang='lat' dir='ltr'><strong>hoc</strong></span> 
     </span>
    </p>
   </div>
   <div class='ocr_carea' id='block_1_74' title="bbox 2099 3630 3675 3716">
    <p class='ocr_par' dir='ltr' id='par_1_74' title="bbox 2099 3630 3675 3716">
     <span class='ocr_line' id='line_1_74' title="bbox 2099 3630 3675 3716; baseline -0.012 -12"><span class='ocrx_word' id='word_1_539' title='bbox 2099 3647 2236 3704; x_wconf 88' lang='lat' dir='ltr'><strong>sciet</strong></span> <span class='ocrx_word' id='word_1_540' title='bbox 2288 3645 2515 3716; x_wconf 88' lang='lat' dir='ltr'><strong>populus</strong></span> <span class='ocrx_word' id='word_1_541' title='bbox 2563 3658 2716 3698; x_wconf 91' lang='lat' dir='ltr'><strong>meus</strong></span> <span class='ocrx_word' id='word_1_542' title='bbox 2756 3656 2951 3697; x_wconf 90' lang='lat' dir='ltr'><strong>nomen</strong></span> <span class='ocrx_word' id='word_1_543' title='bbox 2982 3654 3160 3694; x_wconf 89' lang='lat' dir='ltr'><strong>meum</strong></span> <span class='ocrx_word' id='word_1_544' title='bbox 3205 3638 3258 3690; x_wconf 91' lang='lat' dir='ltr'><strong>in</strong></span> <span class='ocrx_word' id='word_1_545' title='bbox 3290 3636 3376 3689; x_wconf 92' lang='lat' dir='ltr'><strong>die</strong></span> <span class='ocrx_word' id='word_1_546' title='bbox 3405 3634 3517 3698; x_wconf 90' lang='lat' dir='ltr'><strong>illa,</strong></span> <span class='ocrx_word' id='word_1_547' title='bbox 3543 3630 3675 3704; x_wconf 74' lang='lat' dir='ltr'><strong>quia</strong></span> 
     </span>
    </p>
   </div>
   <div class='ocr_carea' id='block_1_75' title="bbox 2098 3721 3580 3809">
    <p class='ocr_par' dir='ltr' id='par_1_75' title="bbox 2098 3721 3580 3809">
     <span class='ocr_line' id='line_1_75' title="bbox 2098 3721 3580 3809; baseline -0.011 -17"><span class='ocrx_word' id='word_1_548' title='bbox 2098 3753 2198 3809; x_wconf 89' lang='lat' dir='ltr'><strong>ego</strong></span> <span class='ocrx_word' id='word_1_549' title='bbox 2224 3737 2339 3808; x_wconf 88' lang='lat' dir='ltr'><strong>ipse</strong></span> <span class='ocrx_word' id='word_1_550' title='bbox 2364 3735 2455 3804; x_wconf 86' lang='lat' dir='ltr'><strong>qui</strong></span> <span class='ocrx_word' id='word_1_551' title='bbox 2482 3733 2744 3802; x_wconf 87' lang='lat' dir='ltr'><strong>loquebar</strong></span> <span class='ocrx_word' id='word_1_552' title='bbox 2771 3746 2897 3787; x_wconf 88' lang='lat' dir='ltr'><strong>ecce</strong></span> <span class='ocrx_word' id='word_1_553' title='bbox 2926 3733 3116 3783; x_wconf 90' lang='lat' dir='ltr'><strong>adsum</strong></span> <span class='ocrx_word' id='word_1_554' title='bbox 3150 3725 3285 3797; x_wconf 71' lang='lat' dir='ltr'><strong>(Ira.</strong></span> <span class='ocrx_word' id='word_1_555' title='bbox 3316 3739 3410 3788; x_wconf 72' lang='lat' dir='ltr'><strong>ur,</strong></span> <span class='ocrx_word' id='word_1_556' title='bbox 3438 3721 3515 3794; x_wconf 80' lang='lat'><strong>6).</strong></span> <span class='ocrx_word' id='word_1_557' title='bbox 3556 3737 3580 3775; x_wconf 75' lang='grc' dir='ltr'><strong><em>ι</em></strong></span> 
     </span>
    </p>
   </div>
   <div class='ocr_carea' id='block_1_76' title="bbox 2434 3819 3328 3879">
    <p class='ocr_par' dir='ltr' id='par_1_76' title="bbox 2434 3819 3328 3879">
     <span class='ocr_line' id='line_1_76' title="bbox 2434 3819 3328 3879; baseline -0.012 0"><span class='ocrx_word' id='word_1_558' title='bbox 2434 3824 2517 3879; x_wconf 83' lang='lat' dir='ltr'><strong>Sit</strong></span> <span class='ocrx_word' id='word_1_559' title='bbox 2547 3839 2730 3878; x_wconf 80' lang='lat' dir='ltr'><strong>nomen</strong></span> <span class='ocrx_word' id='word_1_560' title='bbox 2754 3821 2963 3877; x_wconf 80' lang='lat' dir='ltr'><strong>Domini</strong></span> <span class='ocrx_word' id='word_1_561' title='bbox 2989 3819 3328 3874; x_wconf 81' lang='lat' dir='ltr'><strong>benedictum.</strong></span> 
     </span>
    </p>
   </div>
   <div class='ocr_carea' id='block_1_77' title="bbox 426 3995 3669 4049">
    <p class='ocr_par' dir='ltr' id='par_1_77' title="bbox 426 3995 3669 4049">
     <span class='ocr_line' id='line_1_77' title="bbox 426 3995 3669 4049; baseline -0.007 -9"><span class='ocrx_word' id='word_1_562' title='bbox 426 3995 3669 4049; x_wconf 51' lang='lat' dir='ltr'><strong>MM</strong></span> 
     </span>
    </p>
   </div>
   <div class='ocr_carea' id='block_1_78' title="bbox 495 4156 3581 4300">
    <p class='ocr_par' dir='ltr' id='par_1_78' title="bbox 495 4156 3581 4300">
     <span class='ocr_line' id='line_1_78' title="bbox 495 4156 3581 4300; baseline -0.009 -9"><span class='ocrx_word' id='word_1_563' title='bbox 495 4169 862 4240; x_wconf 64' lang='grc'><strong>⁵⁸⁷⁵⁸⁸</strong></span> <span class='ocrx_word' id='word_1_564' title='bbox 943 4165 1786 4297; x_wconf 85' lang='lat' dir='ltr'><strong>OPUSCULUM</strong></span> <span class='ocrx_word' id='word_1_565' title='bbox 1875 4164 2762 4286; x_wconf 84' lang='lat' dir='ltr'><strong>TRICESIMUM</strong></span> <span class='ocrx_word' id='word_1_566' title='bbox 2852 4156 3581 4300; x_wconf 79' lang='lat' dir='ltr'><strong>QUARTUM.</strong></span> 
     </span>
    </p>
   </div>
   <div class='ocr_carea' id='block_1_79' title="bbox 426 4372 3683 4464">
    <p class='ocr_par' dir='ltr' id='par_1_79' title="bbox 426 4372 3683 4464">
     <span class='ocr_line' id='line_1_79' title="bbox 426 4372 3683 4464; baseline -0.01 -1"><span class='ocrx_word' id='word_1_567' title='bbox 426 4404 532 4464; x_wconf 85' lang='lat' dir='ltr'><strong>DE</strong></span> <span class='ocrx_word' id='word_1_568' title='bbox 570 4402 832 4461; x_wconf 81' lang='lat' dir='ltr'><strong>VARlIS</strong></span> <span class='ocrx_word' id='word_1_569' title='bbox 895 4395 1430 4460; x_wconf 84' lang='lat' dir='ltr'><strong>MIRACULOSIS</strong></span> <span class='ocrx_word' id='word_1_570' title='bbox 1481 4387 2172 4459; x_wconf 80' lang='lat' dir='ltr'><strong>NARRATIONIBUS,</strong></span> <span class='ocrx_word' id='word_1_571' title='bbox 2225 4385 2533 4448; x_wconf 82' lang='lat' dir='ltr'><strong>ADDITA</strong></span> <span class='ocrx_word' id='word_1_572' title='bbox 2590 4382 2840 4443; x_wconf 86' lang='lat' dir='ltr'><strong>SIMILI</strong></span> <span class='ocrx_word' id='word_1_573' title='bbox 2901 4374 3490 4442; x_wconf 80' lang='lat' dir='ltr'><strong>DISPUTATIONE</strong></span> <span class='ocrx_word' id='word_1_574' title='bbox 3563 4372 3683 4434; x_wconf 75' lang='lat' dir='ltr'><strong>DE</strong></span> 
     </span>
    </p>
   </div>
   <div class='ocr_carea' id='block_1_80' title="bbox 1234 4485 2860 4559">
    <p class='ocr_par' dir='ltr' id='par_1_80' title="bbox 1234 4485 2860 4559">
     <span class='ocr_line' id='line_1_80' title="bbox 1234 4485 2860 4559; baseline -0.008 0"><span class='ocrx_word' id='word_1_575' title='bbox 1234 4497 1506 4559; x_wconf 82' lang='lat' dir='ltr'><strong>VARUS</strong></span> <span class='ocrx_word' id='word_1_576' title='bbox 1556 4491 2221 4559; x_wconf 82' lang='lat' dir='ltr'><strong>APPARITIONIBUS</strong></span> <span class='ocrx_word' id='word_1_577' title='bbox 2256 4490 2358 4549; x_wconf 87' lang='lat' dir='ltr'><strong>ET</strong></span> <span class='ocrx_word' id='word_1_578' title='bbox 2402 4485 2860 4549; x_wconf 85' lang='lat' dir='ltr'><strong>MIRACULIS.</strong></span> 
     </span>
    </p>
   </div>
   <div class='ocr_carea' id='block_1_81' title="bbox 424 4746 3677 4836">
    <p class='ocr_par' dir='ltr' id='par_1_81' title="bbox 424 4746 3677 4836">
     <span class='ocr_line' id='line_1_81' title="bbox 424 4746 3677 4836; baseline -0.009 -9"><span class='ocrx_word' id='word_1_579' title='bbox 424 4772 820 4828; x_wconf 75' lang='lat' dir='ltr'><strong>Ancuuenruu.</strong></span> <span class='ocrx_word' id='word_1_580' title='bbox 845 4797 918 4808; x_wconf 93' lang='lat'>—</span> <span class='ocrx_word' id='word_1_581' title='bbox 939 4764 1052 4820; x_wconf 82' lang='lat' dir='ltr'><strong>Hoc</strong></span> <span class='ocrx_word' id='word_1_582' title='bbox 1090 4762 1613 4836; x_wconf 76' lang='lat' dir='ltr'><strong>opusculum_to_tt_tm</strong></span> <span class='ocrx_word' id='word_1_583' title='bbox 1650 4758 1909 4836; x_wconf 80' lang='lat' dir='ltr'><strong>exemplis</strong></span> <span class='ocrx_word' id='word_1_584' title='bbox 1942 4759 2289 4836; x_wconf 65' lang='lat' dir='ltr'><strong>admirandis</strong></span> <span class='ocrx_word' id='word_1_585' title='bbox 2313 4756 2569 4812; x_wconf 90' lang='lat' dir='ltr'><strong>refertum</strong></span> <span class='ocrx_word' id='word_1_586' title='bbox 2599 4764 2878 4836; x_wconf 29' lang='lat' dir='ltr'><strong>estmquze</strong></span> <span class='ocrx_word' id='word_1_587' title='bbox 2912 4767 3018 4836; x_wconf 75' lang='lat' dir='ltr'><strong>uno</strong></span> <span class='ocrx_word' id='word_1_588' title='bbox 3049 4750 3266 4836; x_wconf 71' lang='lat' dir='ltr'><strong>nomine</strong></span> <span class='ocrx_word' id='word_1_589' title='bbox 3286 4746 3551 4836; x_wconf 47' lang='lat' dir='ltr'><strong>lmilracula</strong></span> <span class='ocrx_word' id='word_1_590' title='bbox 3582 4762 3677 4816; x_wconf 72' lang='lat' dir='ltr'><strong>ap-</strong></span> 
     </span>
    </p>
   </div>
   <div class='ocr_carea' id='block_1_82' title="bbox 498 4818 3677 4911">
    <p class='ocr_par' dir='ltr' id='par_1_82' title="bbox 498 4818 3677 4911">
     <span class='ocr_line' id='line_1_82' title="bbox 498 4818 3677 4911; baseline -0.008 -16"><span class='ocrx_word' id='word_1_591' title='bbox 498 4818 927 4911; x_wconf 50' lang='lat' dir='ltr'><strong>{diuidimus</strong></span> <span class='ocrx_word' id='word_1_592' title='bbox 942 4818 1218 4906; x_wconf 47' lang='lat' dir='ltr'><strong>inguini</strong></span> <span class='ocrx_word' id='word_1_593' title='bbox 1231 4834 1340 4887; x_wconf 88' lang='lat' dir='ltr'><strong>vim</strong></span> <span class='ocrx_word' id='word_1_594' title='bbox 1371 4833 1437 4887; x_wconf 90' lang='lat' dir='ltr'><strong>ad</strong></span> <span class='ocrx_word' id='word_1_595' title='bbox 1467 4818 1879 4887; x_wconf 76' lang='lat' dir='ltr'><strong>inflammandos</strong></span> <span class='ocrx_word' id='word_1_596' title='bbox 1912 4830 2121 4884; x_wconf 89' lang='lat' dir='ltr'><strong>animos</strong></span> <span class='ocrx_word' id='word_1_597' title='bbox 2148 4829 2214 4883; x_wconf 90' lang='lat' dir='ltr'><strong>ad</strong></span> <span class='ocrx_word' id='word_1_598' title='bbox 2242 4828 2495 4882; x_wconf 86' lang='lat' dir='ltr'><strong>virtutem</strong></span> <span class='ocrx_word' id='word_1_599' title='bbox 2514 4866 2528 4892; x_wconf 94' lang='lat'><strong>,</strong></span> <span class='ocrx_word' id='word_1_600' title='bbox 2566 4841 2596 4879; x_wconf 92' lang='lat' dir='ltr'><strong>a</strong></span> <span class='ocrx_word' id='word_1_601' title='bbox 2626 4818 2883 4894; x_wconf 79' lang='lat' dir='ltr'><strong>vitiisque</strong></span> <span class='ocrx_word' id='word_1_602' title='bbox 2909 4820 3261 4877; x_wconf 86' lang='lat' dir='ltr'><strong>deterrendos</strong></span> <span class='ocrx_word' id='word_1_603' title='bbox 3286 4818 3520 4883; x_wconf 87' lang='lat' dir='ltr'><strong>habere,</strong></span> <span class='ocrx_word' id='word_1_604' title='bbox 3555 4833 3677 4872; x_wconf 84' lang='lat' dir='ltr'><strong>cer-</strong></span> 
     </span>
    </p>
   </div>
   <div class='ocr_carea' id='block_1_83' title="bbox 499 4911 969 4966">
    <p class='ocr_par' dir='ltr' id='par_1_83' title="bbox 499 4911 969 4966">
     <span class='ocr_line' id='line_1_83' title="bbox 499 4911 969 4966; baseline -0.015 0"><span class='ocrx_word' id='word_1_605' title='bbox 499 4911 706 4966; x_wconf 90' lang='lat' dir='ltr'><strong>tissime</strong></span> <span class='ocrx_word' id='word_1_606' title='bbox 740 4916 969 4963; x_wconf 90' lang='lat' dir='ltr'><strong>constat.</strong></span> 
     </span>
    </p>
   </div>
   <div class='ocr_carea' id='block_1_84' title="bbox 498 4998 3675 5086">
    <p class='ocr_par' dir='ltr' id='par_1_84' title="bbox 498 4998 3675 5086">
     <span class='ocr_line' id='line_1_84' title="bbox 498 4998 3675 5086; baseline -0.009 -5"><span class='ocrx_word' id='word_1_607' title='bbox 498 5027 709 5082; x_wconf 87' lang='lat' dir='ltr'><strong>Domno</strong></span> <span class='ocrx_word' id='word_1_608' title='bbox 742 5023 1033 5075; x_wconf 78' lang='lat' dir='ltr'><strong>Desinemo</strong></span> <span class='ocrx_word' id='word_1_609' title='bbox 1081 5014 1400 5086; x_wconf 88' lang='lat' dir='ltr'><strong>archangelo</strong></span> <span class='ocrx_word' id='word_1_610' title='bbox 1447 5012 1836 5067; x_wconf 88' lang='lat' dir='ltr'><strong>monachorum</strong></span> <span class='ocrx_word' id='word_1_611' title='bbox 1861 5051 1884 5086; x_wconf 90' lang='lat'><strong>,_</strong></span> <span class='ocrx_word' id='word_1_612' title='bbox 1929 5027 1991 5065; x_wconf 91' lang='lat' dir='ltr'><strong>ac</strong></span> <span class='ocrx_word' id='word_1_613' title='bbox 2021 5014 2070 5073; x_wconf 80' lang='grc' dir='ltr'><strong>ι)</strong></span> <span class='ocrx_word' id='word_1_614' title='bbox 2094 5010 2174 5065; x_wconf 89' lang='lat' dir='ltr'><strong>sic</strong></span> <span class='ocrx_word' id='word_1_615' title='bbox 2201 5010 2252 5064; x_wconf 93' lang='lat' dir='ltr'><strong>in</strong></span> <span class='ocrx_word' id='word_1_616' title='bbox 2282 5007 2466 5064; x_wconf 85' lang='lat' dir='ltr'><strong>cordis</strong></span> <span class='ocrx_word' id='word_1_617' title='bbox 2490 5007 2768 5062; x_wconf 90' lang='lat' dir='ltr'><strong>obtutibus</strong></span> <span class='ocrx_word' id='word_1_618' title='bbox 2808 5004 2953 5058; x_wconf 92' lang='lat' dir='ltr'><strong>velut</strong></span> <span class='ocrx_word' id='word_1_619' title='bbox 2994 4998 3357 5071; x_wconf 86' lang='lat' dir='ltr'><strong>corporaliter</strong></span> <span class='ocrx_word' id='word_1_620' title='bbox 3436 4998 3675 5051; x_wconf 78' lang='lat' dir='ltr'><strong>interes-</strong></span> 
     </span>
    </p>
   </div>
   <div class='ocr_carea' id='block_1_85' title="bbox 420 5081 2001 5174">
    <p class='ocr_par' dir='ltr' id='par_1_85' title="bbox 420 5081 2001 5174">
     <span class='ocr_line' id='line_1_85' title="bbox 420 5081 2001 5174; baseline -0.011 0"><span class='ocrx_word' id='word_1_621' title='bbox 420 5115 640 5174; x_wconf 64' lang='lat' dir='ltr'><strong>cateris</strong></span> <span class='ocrx_word' id='word_1_622' title='bbox 666 5113 866 5167; x_wconf 87' lang='lat' dir='ltr'><strong>sanctis</strong></span> <span class='ocrx_word' id='word_1_623' title='bbox 887 5108 1162 5171; x_wconf 90' lang='lat' dir='ltr'><strong>fratribus,</strong></span> <span class='ocrx_word' id='word_1_624' title='bbox 1188 5106 1403 5161; x_wconf 72' lang='lat' dir='ltr'><strong>Peritos</strong></span> <span class='ocrx_word' id='word_1_625' title='bbox 1430 5112 1679 5174; x_wconf 90' lang='lat' dir='ltr'><strong>peccator</strong></span> <span class='ocrx_word' id='word_1_626' title='bbox 1706 5081 2001 5157; x_wconf 77' lang='lat' dir='ltr'><strong>monachus</strong></span> 
     </span>
    </p>
   </div>
   <div class='ocr_carea' id='block_1_86' title="bbox 423 5196 1437 5264">
    <p class='ocr_par' dir='ltr' id='par_1_86' title="bbox 423 5196 1437 5264">
     <span class='ocr_line' id='line_1_86' title="bbox 423 5196 1437 5264; baseline -0.018 0"><span class='ocrx_word' id='word_1_627' title='bbox 423 5203 757 5264; x_wconf 86' lang='lat' dir='ltr'><strong>devotissimi</strong></span> <span class='ocrx_word' id='word_1_628' title='bbox 788 5199 1074 5256; x_wconf 87' lang='lat' dir='ltr'><strong>famulatus</strong></span> <span class='ocrx_word' id='word_1_629' title='bbox 1101 5196 1437 5264; x_wconf 90' lang='lat' dir='ltr'><strong>obsequium.</strong></span> 
     </span>
    </p>
   </div>
   <div class='ocr_carea' id='block_1_87' title="bbox 500 5280 2000 5361">
    <p class='ocr_par' dir='ltr' id='par_1_87' title="bbox 500 5280 2000 5361">
     <span class='ocr_line' id='line_1_87' title="bbox 500 5280 2000 5361; baseline -0.012 -9"><span class='ocrx_word' id='word_1_630' title='bbox 500 5298 633 5352; x_wconf 87' lang='lat' dir='ltr'><strong>Cum</strong></span> <span class='ocrx_word' id='word_1_631' title='bbox 667 5296 721 5349; x_wconf 92' lang='lat' dir='ltr'><strong>in</strong></span> <span class='ocrx_word' id='word_1_632' title='bbox 747 5308 867 5347; x_wconf 91' lang='lat' dir='ltr'><strong>meo</strong></span> <span class='ocrx_word' id='word_1_633' title='bbox 894 5299 1111 5361; x_wconf 90' lang='lat' dir='ltr'><strong>pectore</strong></span> <span class='ocrx_word' id='word_1_634' title='bbox 1139 5296 1241 5342; x_wconf 64' lang='lat' dir='ltr'><strong>tua:</strong></span> <span class='ocrx_word' id='word_1_635' title='bbox 1275 5284 1552 5341; x_wconf 91' lang='lat' dir='ltr'><strong>charitatis</strong></span> <span class='ocrx_word' id='word_1_636' title='bbox 1581 5282 1742 5336; x_wconf 82' lang='lat' dir='ltr'><strong>ardor</strong></span> <span class='ocrx_word' id='word_1_637' title='bbox 1769 5280 2000 5336; x_wconf 79' lang='lat' dir='ltr'><strong>inextin-</strong></span> 
     </span>
    </p>
   </div>
   <div class='ocr_carea' id='block_1_88' title="bbox 426 5374 2000 5459">
    <p class='ocr_par' dir='ltr' id='par_1_88' title="bbox 426 5374 2000 5459">
     <span class='ocr_line' id='line_1_88' title="bbox 426 5374 2000 5459; baseline -0.01 -20"><span class='ocrx_word' id='word_1_638' title='bbox 426 5387 703 5459; x_wconf 76' lang='lat' dir='ltr'><strong>guibiliter</strong></span> <span class='ocrx_word' id='word_1_639' title='bbox 749 5384 975 5444; x_wconf 85' lang='lat' dir='ltr'><strong>ferveat,</strong></span> <span class='ocrx_word' id='word_1_640' title='bbox 1006 5394 1198 5449; x_wconf 90' lang='lat' dir='ltr'><strong>meque</strong></span> <span class='ocrx_word' id='word_1_641' title='bbox 1227 5378 1367 5432; x_wconf 88' lang='lat' dir='ltr'><strong>circa</strong></span> <span class='ocrx_word' id='word_1_642' title='bbox 1398 5376 1473 5430; x_wconf 91' lang='lat' dir='ltr'><strong>tui</strong></span> <span class='ocrx_word' id='word_1_643' title='bbox 1502 5374 1817 5430; x_wconf 87' lang='lat' dir='ltr'><strong>memoriam</strong></span> <span class='ocrx_word' id='word_1_644' title='bbox 1849 5382 2000 5441; x_wconf 85' lang='lat' dir='ltr'><strong>tepe-</strong></span> 
     </span>
    </p>
   </div>
   <div class='ocr_carea' id='block_1_89' title="bbox 424 5462 2000 5541">
    <p class='ocr_par' dir='ltr' id='par_1_89' title="bbox 424 5462 2000 5541">
     <span class='ocr_line' id='line_1_89' title="bbox 424 5462 2000 5541; baseline -0.01 -11"><span class='ocrx_word' id='word_1_645' title='bbox 424 5488 581 5530; x_wconf 80' lang='lat' dir='ltr'><strong>scere</strong></span> <span class='ocrx_word' id='word_1_646' title='bbox 610 5489 715 5526; x_wconf 87' lang='lat' dir='ltr'><strong>non</strong></span> <span class='ocrx_word' id='word_1_647' title='bbox 760 5471 1052 5541; x_wconf 89' lang='lat' dir='ltr'><strong>permittat,</strong></span> <span class='ocrx_word' id='word_1_648' title='bbox 1083 5467 1214 5521; x_wconf 90' lang='lat' dir='ltr'><strong>mihi</strong></span> <span class='ocrx_word' id='word_1_649' title='bbox 1262 5480 1432 5534; x_wconf 90' lang='lat' dir='ltr'><strong>nuper</strong></span> <span class='ocrx_word' id='word_1_650' title='bbox 1477 5462 1679 5531; x_wconf 88' lang='lat' dir='ltr'><strong>aliquid</strong></span> <span class='ocrx_word' id='word_1_651' title='bbox 1711 5462 1763 5515; x_wconf 90' lang='lat' dir='ltr'><strong>in</strong></span> <span class='ocrx_word' id='word_1_652' title='bbox 1795 5476 2000 5515; x_wconf 87' lang='lat' dir='ltr'><strong>memo-</strong></span> 
     </span>
    </p>
   </div>
   <div class='ocr_carea' id='block_1_90' title="bbox 425 5549 2005 5627">
    <p class='ocr_par' dir='ltr' id='par_1_90' title="bbox 425 5549 2005 5627">
     <span class='ocr_line' id='line_1_90' title="bbox 425 5549 2005 5627; baseline -0.008 -12"><span class='ocrx_word' id='word_1_653' title='bbox 425 5561 564 5615; x_wconf 81' lang='lat' dir='ltr'><strong>riam</strong></span> <span class='ocrx_word' id='word_1_654' title='bbox 592 5561 761 5626; x_wconf 87' lang='lat' dir='ltr'><strong>venit,</strong></span> <span class='ocrx_word' id='word_1_655' title='bbox 789 5559 931 5627; x_wconf 91' lang='lat' dir='ltr'><strong>quod</strong></span> <span class='ocrx_word' id='word_1_656' title='bbox 960 5573 1045 5612; x_wconf 82' lang='lat' dir='ltr'><strong>me</strong></span> <span class='ocrx_word' id='word_1_657' title='bbox 1071 5555 1344 5610; x_wconf 71' lang='lat' dir='ltr'><strong>mittendae</strong></span> <span class='ocrx_word' id='word_1_658' title='bbox 1376 5552 1469 5606; x_wconf 87' lang='lat' dir='ltr'><strong>tibi</strong></span> <span class='ocrx_word' id='word_1_659' title='bbox 1506 5550 1792 5621; x_wconf 81' lang='lat' dir='ltr'><strong>legationis</strong></span> <span class='ocrx_word' id='word_1_660' title='bbox 1822 5549 2005 5603; x_wconf 86' lang='lat' dir='ltr'><strong>admo-</strong></span> 
     </span>
    </p>
   </div>
   <div class='ocr_carea' id='block_1_91' title="bbox 426 5640 2000 5713">
    <p class='ocr_par' dir='ltr' id='par_1_91' title="bbox 426 5640 2000 5713">
     <span class='ocr_line' id='line_1_91' title="bbox 426 5640 2000 5713; baseline -0.008 -6"><span class='ocrx_word' id='word_1_661' title='bbox 426 5650 565 5707; x_wconf 87' lang='lat' dir='ltr'><strong>nuit.</strong></span> <span class='ocrx_word' id='word_1_662' title='bbox 596 5650 727 5705; x_wconf 84' lang='lat' dir='ltr'><strong>Nam</strong></span> <span class='ocrx_word' id='word_1_663' title='bbox 756 5651 882 5704; x_wconf 90' lang='lat' dir='ltr'><strong>dum</strong></span> <span class='ocrx_word' id='word_1_664' title='bbox 929 5649 980 5702; x_wconf 93' lang='lat' dir='ltr'><strong>in</strong></span> <span class='ocrx_word' id='word_1_665' title='bbox 1012 5647 1085 5702; x_wconf 91' lang='lat' dir='ltr'><strong>tui</strong></span> <span class='ocrx_word' id='word_1_666' title='bbox 1115 5644 1565 5713; x_wconf 90' lang='lat' dir='ltr'><strong>contemplatione</strong></span> <span class='ocrx_word' id='word_1_667' title='bbox 1601 5641 1819 5697; x_wconf 88' lang='lat' dir='ltr'><strong>sedulus</strong></span> <span class='ocrx_word' id='word_1_668' title='bbox 1845 5640 2000 5695; x_wconf 85' lang='lat' dir='ltr'><strong>habi-</strong></span> 
     </span>
    </p>
   </div>
   <div class='ocr_carea' id='block_1_92' title="bbox 433 5727 1996 5809">
    <p class='ocr_par' dir='ltr' id='par_1_92' title="bbox 433 5727 1996 5809">
     <span class='ocr_line' id='line_1_92' title="bbox 433 5727 1996 5809; baseline -0.009 -12"><span class='ocrx_word' id='word_1_669' title='bbox 433 5748 711 5809; x_wconf 74' lang='lat' dir='ltr'><strong>tarem,e‘t</strong></span> <span class='ocrx_word' id='word_1_670' title='bbox 757 5738 997 5808; x_wconf 77' lang='lat' dir='ltr'><strong>angelico</strong></span> <span class='ocrx_word' id='word_1_671' title='bbox 1045 5736 1304 5801; x_wconf 89' lang='lat' dir='ltr'><strong>fratrum,</strong></span> <span class='ocrx_word' id='word_1_672' title='bbox 1341 5742 1635 5805; x_wconf 85' lang='lat' dir='ltr'><strong>sanctoque</strong></span> <span class='ocrx_word' id='word_1_673' title='bbox 1688 5727 1996 5793; x_wconf 78' lang='lat' dir='ltr'><strong>convcntui,</strong></span> 
     </span>
    </p>
   </div>
   <div class='ocr_carea' id='block_1_93' title="bbox 2102 5089 3672 5164">
    <p class='ocr_par' dir='ltr' id='par_1_93' title="bbox 2102 5089 3672 5164">
     <span class='ocr_line' id='line_1_93' title="bbox 2102 5089 3672 5164; baseline -0.01 -9"><span class='ocrx_word' id='word_1_674' title='bbox 2102 5114 2237 5163; x_wconf 90' lang='lat' dir='ltr'><strong>sem,</strong></span> <span class='ocrx_word' id='word_1_675' title='bbox 2282 5101 2421 5153; x_wconf 89' lang='lat' dir='ltr'><strong>inter</strong></span> <span class='ocrx_word' id='word_1_676' title='bbox 2457 5098 2560 5152; x_wconf 88' lang='lat' dir='ltr'><strong>alia</strong></span> <span class='ocrx_word' id='word_1_677' title='bbox 2603 5096 2769 5151; x_wconf 90' lang='lat' dir='ltr'><strong>multa</strong></span> <span class='ocrx_word' id='word_1_678' title='bbox 2816 5102 3037 5164; x_wconf 88' lang='lat' dir='ltr'><strong>repente</strong></span> <span class='ocrx_word' id='word_1_679' title='bbox 3085 5101 3300 5146; x_wconf 91' lang='lat' dir='ltr'><strong>tuarum</strong></span> <span class='ocrx_word' id='word_1_680' title='bbox 3352 5089 3672 5143; x_wconf 78' lang='lat' dir='ltr'><strong>recordatus</strong></span> 
     </span>
    </p>
   </div>
   <div class='ocr_carea' id='block_1_94' title="bbox 2102 5177 3677 5258">
    <p class='ocr_par' dir='ltr' id='par_1_94' title="bbox 2102 5177 3677 5258">
     <span class='ocr_line' id='line_1_94' title="bbox 2102 5177 3677 5258; baseline -0.01 -13"><span class='ocrx_word' id='word_1_681' title='bbox 2102 5206 2221 5245; x_wconf 86' lang='lat' dir='ltr'><strong>sum</strong></span> <span class='ocrx_word' id='word_1_682' title='bbox 2251 5190 2574 5254; x_wconf 89' lang='lat' dir='ltr'><strong>litterarum,</strong></span> <span class='ocrx_word' id='word_1_683' title='bbox 2603 5202 2738 5258; x_wconf 90' lang='lat' dir='ltr'><strong>quas</strong></span> <span class='ocrx_word' id='word_1_684' title='bbox 2767 5194 2822 5239; x_wconf 90' lang='lat' dir='ltr'><strong>tu</strong></span> <span class='ocrx_word' id='word_1_685' title='bbox 2859 5184 3075 5255; x_wconf 91' lang='lat' dir='ltr'><strong>quidem</strong></span> <span class='ocrx_word' id='word_1_686' title='bbox 3116 5182 3219 5236; x_wconf 88' lang='lat' dir='ltr'><strong>sub</strong></span> <span class='ocrx_word' id='word_1_687' title='bbox 3252 5177 3677 5248; x_wconf 83' lang='lat' dir='ltr'><strong>interrogatione</strong></span> 
     </span>
    </p>
   </div>
   <div class='ocr_carea' id='block_1_95' title="bbox 2103 5266 3675 5348">
    <p class='ocr_par' dir='ltr' id='par_1_95' title="bbox 2103 5266 3675 5348">
     <span class='ocr_line' id='line_1_95' title="bbox 2103 5266 3675 5348; baseline -0.011 -13"><span class='ocrx_word' id='word_1_688' title='bbox 2103 5280 2327 5345; x_wconf 90' lang='lat' dir='ltr'><strong>misisti;</strong></span> <span class='ocrx_word' id='word_1_689' title='bbox 2382 5278 2476 5334; x_wconf 90' lang='lat' dir='ltr'><strong>sed</strong></span> <span class='ocrx_word' id='word_1_690' title='bbox 2518 5278 2605 5333; x_wconf 90' lang='lat' dir='ltr'><strong>his</strong></span> <span class='ocrx_word' id='word_1_691' title='bbox 2643 5292 2744 5348; x_wconf 85' lang='lat' dir='ltr'><strong>ego</strong></span> <span class='ocrx_word' id='word_1_692' title='bbox 2771 5273 3012 5346; x_wconf 85' lang='lat' dir='ltr'><strong>synodali</strong></span> <span class='ocrx_word' id='word_1_693' title='bbox 3046 5271 3370 5342; x_wconf 66' lang='lat' dir='ltr'><strong>praepeditus</strong></span> <span class='ocrx_word' id='word_1_694' title='bbox 3416 5266 3675 5323; x_wconf 81' lang='lat' dir='ltr'><strong>instantia</strong></span> 
     </span>
    </p>
   </div>
   <div class='ocr_carea' id='block_1_96' title="bbox 2103 5354 3674 5435">
    <p class='ocr_par' dir='ltr' id='par_1_96' title="bbox 2103 5354 3674 5435">
     <span class='ocr_line' id='line_1_96' title="bbox 2103 5354 3674 5435; baseline -0.01 -14"><span class='ocrx_word' id='word_1_695' title='bbox 2103 5369 2279 5424; x_wconf 91' lang='lat' dir='ltr'><strong>adhuc</strong></span> <span class='ocrx_word' id='word_1_696' title='bbox 2303 5383 2408 5422; x_wconf 92' lang='lat' dir='ltr'><strong>non</strong></span> <span class='ocrx_word' id='word_1_697' title='bbox 2433 5367 2703 5435; x_wconf 90' lang='lat' dir='ltr'><strong>respondi.</strong></span> <span class='ocrx_word' id='word_1_698' title='bbox 2742 5364 2808 5417; x_wconf 86' lang='lat' dir='ltr'><strong>Et</strong></span> <span class='ocrx_word' id='word_1_699' title='bbox 2836 5364 2951 5417; x_wconf 68' lang='lat' dir='ltr'><strong>htec</strong></span> <span class='ocrx_word' id='word_1_700' title='bbox 2973 5362 3024 5416; x_wconf 92' lang='lat' dir='ltr'><strong>in</strong></span> <span class='ocrx_word' id='word_1_701' title='bbox 3054 5360 3181 5423; x_wconf 91' lang='lat' dir='ltr'><strong>illis,</strong></span> <span class='ocrx_word' id='word_1_702' title='bbox 3203 5359 3250 5413; x_wconf 85' lang='lat' dir='ltr'><strong>si</strong></span> <span class='ocrx_word' id='word_1_703' title='bbox 3278 5354 3551 5411; x_wconf 86' lang='lat' dir='ltr'><strong>reminisci</strong></span> <span class='ocrx_word' id='word_1_704' title='bbox 3580 5368 3674 5406; x_wconf 82' lang='lat' dir='ltr'><strong>va-</strong></span> 
     </span>
    </p>
   </div>
   <div class='ocr_carea' id='block_1_97' title="bbox 2104 5443 3671 5523">
    <p class='ocr_par' dir='ltr' id='par_1_97' title="bbox 2104 5443 3671 5523">
     <span class='ocr_line' id='line_1_97' title="bbox 2104 5443 3671 5523; baseline -0.011 -12"><span class='ocrx_word' id='word_1_705' title='bbox 2104 5457 2209 5521; x_wconf 91' lang='lat' dir='ltr'><strong>leo,</strong></span> <span class='ocrx_word' id='word_1_706' title='bbox 2232 5456 2640 5513; x_wconf 90' lang='lat' dir='ltr'><strong>continebantur</strong></span> <span class='ocrx_word' id='word_1_707' title='bbox 2668 5453 2907 5523; x_wconf 87' lang='lat' dir='ltr'><strong>epistolis</strong></span> <span class='ocrx_word' id='word_1_708' title='bbox 2937 5466 2951 5505; x_wconf 90' lang='lat'><strong>:</strong></span> <span class='ocrx_word' id='word_1_709' title='bbox 2979 5450 3104 5520; x_wconf 87' lang='lat' dir='ltr'><strong>qula</strong></span> <span class='ocrx_word' id='word_1_710' title='bbox 3145 5449 3389 5518; x_wconf 85' lang='lat' dir='ltr'><strong>zelotypa</strong></span> <span class='ocrx_word' id='word_1_711' title='bbox 3425 5443 3671 5514; x_wconf 63' lang='lat' dir='ltr'><strong>quaedam</strong></span> 
     </span>
    </p>
   </div>
   <div class='ocr_carea' id='block_1_98' title="bbox 2106 5537 3673 5603">
    <p class='ocr_par' dir='ltr' id='par_1_98' title="bbox 2106 5537 3673 5603">
     <span class='ocr_line' id='line_1_98' title="bbox 2106 5537 3673 5603; baseline -0.012 -3"><span class='ocrx_word' id='word_1_712' title='bbox 2106 5546 2298 5600; x_wconf 91' lang='lat' dir='ltr'><strong>mulier</strong></span> <span class='ocrx_word' id='word_1_713' title='bbox 2335 5544 2537 5599; x_wconf 85' lang='lat' dir='ltr'><strong>habens</strong></span> <span class='ocrx_word' id='word_1_714' title='bbox 2570 5544 2741 5596; x_wconf 82' lang='lat' dir='ltr'><strong>virum</strong></span> <span class='ocrx_word' id='word_1_715' title='bbox 2762 5557 2828 5597; x_wconf 81' lang='lat' dir='ltr'><strong>ex</strong></span> <span class='ocrx_word' id='word_1_716' title='bbox 2854 5539 3101 5594; x_wconf 89' lang='lat' dir='ltr'><strong>adulterii</strong></span> <span class='ocrx_word' id='word_1_717' title='bbox 3129 5537 3316 5591; x_wconf 86' lang='lat' dir='ltr'><strong>fraude</strong></span> <span class='ocrx_word' id='word_1_718' title='bbox 3344 5540 3673 5603; x_wconf 87' lang='lat' dir='ltr'><strong>suspectum,</strong></span> 
     </span>
    </p>
   </div>
   <div class='ocr_carea' id='block_1_99' title="bbox 2103 5627 3674 5705">
    <p class='ocr_par' dir='ltr' id='par_1_99' title="bbox 2103 5627 3674 5705">
     <span class='ocr_line' id='line_1_99' title="bbox 2103 5627 3674 5705; baseline -0.01 -16"><span class='ocrx_word' id='word_1_719' title='bbox 2103 5636 2333 5705; x_wconf 90' lang='lat' dir='ltr'><strong>qualiter</strong></span> <span class='ocrx_word' id='word_1_720' title='bbox 2354 5651 2475 5691; x_wconf 90' lang='lat' dir='ltr'><strong>eum</strong></span> <span class='ocrx_word' id='word_1_721' title='bbox 2510 5634 2610 5689; x_wconf 90' lang='lat' dir='ltr'><strong>sibi</strong></span> <span class='ocrx_word' id='word_1_722' title='bbox 2644 5634 2917 5687; x_wconf 89' lang='lat' dir='ltr'><strong>vindicare</strong></span> <span class='ocrx_word' id='word_1_723' title='bbox 2945 5638 3127 5701; x_wconf 90' lang='lat' dir='ltr'><strong>posset</strong></span> <span class='ocrx_word' id='word_1_724' title='bbox 3147 5627 3367 5699; x_wconf 90' lang='lat' dir='ltr'><strong>proprio</strong></span> <span class='ocrx_word' id='word_1_725' title='bbox 3395 5635 3514 5679; x_wconf 87' lang='lat' dir='ltr'><strong>toro</strong></span> <span class='ocrx_word' id='word_1_726' title='bbox 3538 5635 3674 5675; x_wconf 86' lang='lat' dir='ltr'><strong>con-</strong></span> 
     </span>
    </p>
   </div>
   <div class='ocr_carea' id='block_1_100' title="bbox 2101 5708 3671 5792">
    <p class='ocr_par' dir='ltr' id='par_1_100' title="bbox 2101 5708 3671 5792">
     <span class='ocr_line' id='line_1_100' title="bbox 2101 5708 3671 5792; baseline -0.013 -11"><span class='ocrx_word' id='word_1_727' title='bbox 2101 5734 2328 5792; x_wconf 79' lang='lat' dir='ltr'><strong>tentum,</strong></span> <span class='ocrx_word' id='word_1_728' title='bbox 2370 5738 2399 5778; x_wconf 91' lang='lat' dir='ltr'><strong>a</strong></span> <span class='ocrx_word' id='word_1_729' title='bbox 2425 5724 2598 5780; x_wconf 89' lang='lat' dir='ltr'><strong>vicina</strong></span> <span class='ocrx_word' id='word_1_730' title='bbox 2632 5722 2786 5791; x_wconf 90' lang='lat' dir='ltr'><strong>petiit</strong></span> <span class='ocrx_word' id='word_1_731' title='bbox 2835 5720 3062 5790; x_wconf 79' lang='lat' dir='ltr'><strong>muliere</strong></span> <span class='ocrx_word' id='word_1_732' title='bbox 3098 5715 3404 5773; x_wconf 90' lang='lat' dir='ltr'><strong>consilium.</strong></span> <span class='ocrx_word' id='word_1_733' title='bbox 3433 5712 3560 5778; x_wconf 67' lang='lat' dir='ltr'><strong>Qum</strong></span> <span class='ocrx_word' id='word_1_734' title='bbox 3588 5708 3671 5762; x_wconf 80' lang='lat' dir='ltr'><strong>ui-</strong></span> 
     </span>
    </p>
   </div>
  </div>
