4074 6190
419 409 527 465 573

1168 405 1411 463 OPUSC.
1455 404 1691 462 XXXIV.
1728 436 1800 450 --
1839 408 1925 463 DE
1970 406 2197 466 VARUS
2246 406 2583 466 MIRACUL.
2611 401 2950 465 INARRATI

3579 406 3681 467 573

422 523 621 578 mirum
652 532 928 589 perversa,
960 526 1013 571 et
1039 516 1321 573 ultricibus
1348 517 1579 573 flammis
1598 519 1875 575 evidenter
1911 520 2008 575 ob-
2035 526 2083 585 Α
2111 530 2165 577 et
2191 522 2394 592 piceos,
2426 521 2854 592 sulphureosque
2882 522 3081 577 fetores
3110 536 3218 577 non
3256 524 3372 579 sine
3402 522 3523 577 tetri
3554 525 3687 580 fumi

424 612 607 676 noxia,
634 611 737 663 hoc
760 624 880 663 eam
912 608 1253 678 sacrilegium
1281 620 1546 664 venenata
1575 611 1839 680 serpentis
1867 611 2008 665 anti-

425 706 761 776 quisuadela
784 706 1103 776 perdocuit,
1142 714 1201 759 ut
1236 720 1436 775 corpus
1476 706 1813 761 Dominicum
1854 706 2007 776 quasi

424 799 892 853 communicatura
934 798 1256 866 perciperet,
1299 798 1441 866 quod
1485 807 1644 852 caute
1688 812 2006 862 reservans,

428 887 546 941 viro
578 902 678 941 suo
705 886 1046 956 postmodum
1076 900 1184 940 non
1218 886 1337 939 sine
1378 884 1697 953 quibusdam
1728 884 2008 939 maleﬁciis

425 980 757 1049 propinaret.
802 978 955 1044 Quod
1001 976 1251 1033 videlicet
1287 992 1317 1030 a
1354 975 1635 1031 sacerdote
1664 986 2005 1047 perceptum,

427 1078 485 1125 et
515 1083 687 1138 usque
729 1069 858 1123 dum
898 1066 1114 1122 occasio
1161 1065 1489 1135 praeberetur
1518 1064 1734 1135 palliolo
1766 1080 2010 1119 reserva-

429 1165 564 1225 tum,
591 1173 695 1213 non
722 1158 839 1212 sine
864 1172 1057 1227 magno
1083 1156 1231 1211 dedit
1258 1164 1476 1227 stupore
1508 1156 1844 1210 miraculum.
1884 1154 2010 1210 Hme

428 1252 573 1306 enim
609 1250 871 1319 particula
902 1248 1167 1303 Dominici
1203 1248 1449 1318 corporis
1480 1247 1697 1302 inventa
1732 1254 1815 1300 est
1838 1260 2009 1315 usque

430 1342 494 1396 ad
519 1341 871 1395 medietatem
921 1341 973 1394 in
1026 1355 1246 1394 carnem
1297 1354 1417 1395 esse
1474 1339 2008 1404 conversam,altera

428 1446 561 1486 vero
589 1430 852 1485 medietas
879 1429 1034 1499 panis
1063 1429 1297 1499 speciem
1329 1444 1434 1484 non
1469 1428 1715 1483 mutavit.
1748 1426 1931 1497 Itaque
1963 1427 2008 1482 si

428 1521 533 1576 rite
565 1521 908 1584 reminiscor,
940 1522 1042 1575 hoc
1080 1520 1426 1590 proposuisti,
1473 1520 1666 1575 deinde
1711 1520 1839 1590 quid
1886 1534 2010 1589 por-

429 1613 733 1678 tenderent,
757 1612 1047 1682 inquisisti.
1073 1612 1248 1683 Super
1269 1592 1719 1682 qua'quaestioue,
1750 1612 1874 1681 quia
1900 1626 2008 1666 non

430 1716 653 1757 necesse
671 1710 755 1756 est
784 1702 987 1756 diutius
1030 1700 1331 1767 immorari,
1358 1700 1507 1755 brevi
1532 1699 1849 1771 compendio
1880 1698 2009 1770 quid

428 1792 563 1848 mihi
590 1792 835 1847 videatur
862 1792 1165 1861 expediam.
1190 1790 1325 1846 Nam
1355 1790 1561 1849 idcirco
1592 1792 1733 1846 Deus
1765 1790 2009 1859 omnipo-

2110 615 2474 669 voluminibus
2500 614 2868 669 exhalantem.
2908 613 3062 669 Circa
3094 629 3253 684 quem
3300 614 3474 669 lacum
3515 622 3685 669 teter-

2109 708 2231 762 rimi
2262 708 2479 777 quidam
2508 708 2654 763 velut
2674 708 2977 779 Ethiopes,
3016 709 3184 779 nigris
3223 709 3476 763 similiter
3504 710 3683 778 equis,

2108 801 2203 854 sed
2231 798 2462 854 excelsis
2496 800 2668 854 instar
2697 800 2950 864 turrium,
2979 800 3302 855 insidebant.
3327 799 3474 853 Intus
3497 809 3678 854 autem

2110 889 2523 945 innumerabilia
2543 890 2839 946 crudelium
2864 898 3127 944 tortorum
3158 898 3431 954 monstra;
3462 890 3686 942 damna-

2109 988 2285 1049 torum
2322 997 2455 1037 vero
2496 982 2816 1038 videbantur
2850 980 3154 1046 horribilia,
3193 995 3256 1034 ac
3299 980 3512 1035 diversa
3557 994 3686 1047 sup—

2106 1074 2286 1145 plieia.
2332 1075 2478 1130 Inter
2506 1090 2642 1144 quos
2681 1074 2861 1129 subito
2906 1071 3157 1143 contigit,
3203 1078 3261 1125 ut
3292 1072 3455 1124 etiam
3487 1069 3684 1123 Amal-

2109 1164 2233 1218 dum
2278 1164 2485 1219 videret
2510 1165 2843 1233 episcopum,
2876 1179 3039 1233 quem
3073 1162 3325 1216 videlicet
3362 1161 3413 1215 in
3446 1160 3550 1214 illis
3577 1175 3687 1228 pra!

2108 1255 2385 1312 nimietate
2423 1256 2617 1311 caloris
2660 1256 3059 1311 exundantibus
3106 1254 3264 1324 aquis
3308 1253 3686 1308 cervicetenus

2109 1343 2446 1409 immersum,
2470 1344 2740 1399 terribiles
2769 1345 2874 1400 duo
2904 1344 3191 1415 )Ethiopes
3221 1343 3680 1413 constringebant,

2109 1448 2334 1503 quorum
2392 1433 2529 1489 alter
2571 1434 2900 1504 sartaginem
2956 1433 3212 1497 ferream,
3266 1431 3406 1486 alter
3460 1430 3683 1485 calicem

2110 1539 2330 1579 aureum
2362 1526 2415 1578 in
2443 1526 2693 1579 manibus
2730 1526 2931 1579 habere
2953 1524 3260 1588 videbatur;
3295 1522 3388 1577 sed
3426 1522 3528 1575 iste
3556 1535 3680 1573 eum

2110 1615 2384 1683 sartagine
2425 1614 2647 1668 calicem
2696 1613 2939 1682 replebat
2968 1626 3129 1681 aqua,
3166 1619 3221 1666 et
3257 1610 3346 1665 ille
3384 1609 3543 1663 labiis
3572 1608 3687 1676 epi-

2110 1704 2259 1773 scopi
2288 1704 2536 1773 protinus
2566 1703 2815 1757 eumdem
2851 1701 3071 1756 calicem
3103 1700 3428 1770 apponebat,
3452 1712 3684 1764 eumque

2109 1792 2354 1847 funditus
2387 1793 2605 1847 ebibere
2631 1790 3008 1861 compellebat.
3054 1789 3144 1845 Sic
3180 1791 3362 1859 itaque
3405 1802 3682 1857 nunquam

428 1890 554 1938 tens
577 1890 982 1937 sacrosanctum
1007 1880 1135 1936 illud
1158 1882 1472 1953 mysterium
1496 1882 1549 1936 in
1569 1882 1750 1937 carnis
1774 1880 2004 1950 speciem
2035 1880 2082 1938 B
2109 1882 2417 1947 cessabant,
2444 1892 2499 1938 et
2529 1883 2618 1938 ille
2643 1883 2892 1954 poculum
2922 1882 3079 1937 labiis
3103 1880 3305 1935 hiantis
3338 1880 3680 1949 immergere,

426 1970 610 2032 vertit,
644 1978 702 2023 ut
729 1969 1009 2039 perﬁdiam
1033 1970 1275 2040 reprobat
1306 1970 1549 2026 mulieris
1576 1979 1847 2040 argueret,
1876 1969 2003 2023 dum

425 2056 697 2113 visibilem
740 2059 1001 2113 Dominici
1052 2060 1296 2129 corporis
1330 2059 1641 2115 ostenderet
1673 2059 1957 2113 veritatem
1988 2070 2005 2110 :

426 2158 697 2217 quatenus
745 2163 864 2218 quae
916 2164 1107 2218 purum
1170 2164 1383 2219 panem.
1441 2160 1503 2203 ut
1541 2149 1845 2214 videbatur,
1883 2156 2010 2202 ante

428 2239 705 2305 credebat,
749 2254 892 2294 vera:
920 2241 1098 2294 carnis
1129 2241 1360 2311 speciem
1390 2250 1654 2296 cerneret.
1698 2241 1884 2309 sicque
1920 2254 2009 2295 sa-

428 2330 684 2400 crilegam
723 2332 886 2400 empti
936 2332 1158 2387 sceleris
1203 2332 1485 2387 audaciam
1515 2347 1614 2386 suo
1644 2333 1759 2402 ipsa
1801 2330 2007 2400 judicio

430 2423 837 2478 condemnaret.
875 2423 1025 2488 Quod
1062 2433 1241 2478 autem
1298 2425 1562 2478 medietas
1604 2424 1683 2478 sic
1722 2423 2006 2488 remansit,

427 2513 496 2567 ad
520 2513 873 2568 evidentioris
892 2513 1077 2583 judicii
1106 2513 1470 2568 testimonium
1522 2512 1758 2581 proﬁcit,
1782 2521 1839 2566 ut
1878 2512 2005 2565 dum

428 2599 484 2655 in
511 2615 614 2655 una
643 2602 940 2671 eademque
977 2602 1279 2657 substantia
1310 2602 1436 2656 hinc
1463 2602 1641 2670 panis,
1661 2602 1807 2656 illinc
1828 2603 2007 2657 carnis

426 2690 619 2745 adesse
646 2692 960 2747 consideras
985 2692 1243 2761 speciem,
1297 2690 1351 2745 in
1401 2700 1633 2760 utroque
1662 2706 1803 2746 verm
1826 2690 2006 2745 carnis

426 2782 650 2852 verique
677 2784 833 2853 panis
864 2782 1236 2839 indifferenter
1262 2782 1533 2853 intelligas
1554 2782 1860 2845 veritatem,
1881 2782 2006 2850 quia

425 2879 485 2926 et
527 2872 645 2943 ipse
684 2881 769 2927 est
809 2873 962 2942 panis
1007 2873 1098 2942 qui
1134 2874 1198 2927 de
1239 2872 1365 2926 caelo
1395 2872 1657 2925 descendit
1689 2870 1872 2942 (Joan.
1902 2870 2004 2941 vt),

427 2971 484 3016 et
510 2961 623 3032 ipsa
650 2960 997 3016 nihilominus
1016 2976 1144 3015 caro
1169 2976 1290 3030 qua:
1319 2961 1386 3015 de
1413 2959 1695 3031 virginalis
1728 2959 1867 3013 uteri
1892 2975 2007 3013 ma-

427 3049 563 3105 teria
587 3048 800 3119 prodiit.

497 3138 632 3193 Nam
677 3149 731 3193 et
778 3148 958 3194 vester
1016 3138 1106 3193 ille
1151 3137 1417 3193 ﬁnitimus
1459 3138 1563 3209 pia:
1611 3138 2004 3196 recordationis

2107 1981 2165 2027 et
2210 1973 2311 2027 iste
2339 1981 2560 2027 coactus
2603 1972 2975 2025 indesinenter
3021 1967 3263 2023 haurire.
3315 1967 3451 2033 Quid
3504 1966 3686 2019 multis

2109 2064 2400 2120 immuror?
2440 2062 2592 2118 Hane
2615 2063 2879 2117 visionem
2910 2060 3118 2115 audivit
3149 2058 3455 2129 episcopus.
3471 2065 3529 2110 ut
3565 2070 3684 2108 mo-

2108 2158 2346 2214 nasterio
2377 2158 2627 2211 restituat
2657 2156 2903 2217 calicem,
2927 2155 2994 2208 ab
3025 2152 3215 2207 amicis
3241 2150 3463 2206 omnino
3491 2163 3687 2217 sugge-

2108 2251 2266 2304 ritur.
2297 2248 2392 2303 llle
2419 2248 2519 2302 sub
2549 2247 2796 2301 fortassis
2823 2246 3075 2315 ambiguo
3110 2244 3336 2299 reddere
3373 2240 3682 2311 pollicetur.

2111 2338 2215 2392 Sed
2244 2340 2370 2391 dum
2396 2352 2487 2391 res
2509 2337 2561 2391 in
2588 2336 2937 2391 crastinando
2961 2333 3227 2396 differtur,
3252 2333 3359 2386 imo
3382 2332 3506 2385 dum
3538 2330 3683 2382 circa

2108 2428 2341 2483 salutem
2381 2442 2534 2482 suam
2580 2427 2669 2481 ille
2701 2425 3045 2493 non.vigilat,
3080 2422 3318 2477 caelestis
3359 2436 3523 2489 super
3559 2433 3683 2473 eum

2108 2519 2377 2574 sententia
2411 2533 2519 2571 non
2560 2515 2837 2571 dormitat.
2880 2514 3014 2567 Nam
3055 2522 3108 2566 et
3146 2512 3208 2566 Β.
3256 2511 3451 2565 Petrus
3478 2508 3682 2570 dehis,

2108 2624 2229 2679 qua;
2258 2608 2399 2663 ﬁctis
2424 2607 2605 2662 verbis
2628 2609 2680 2659 in
2704 2604 2930 2658 avaritia
2958 2602 3321 2672 negotiantur,
3348 2600 3422 2653 ait
3452 2617 3465 2652 :
3500 2617 3516 2649 ι
3548 2597 3680 2663 Qui-

2108 2698 2208 2753 bus
2230 2696 2491 2766 judicium
2531 2696 2641 2764 jam
2682 2694 2808 2749 olim
2844 2708 2948 2747 non
2986 2699 3182 2750 cessat.
3229 2686 3457 2758 perditio
3484 2699 3671 2740 eorum

2110 2803 2215 2843 non
2236 2782 2737 2851 dormitat(IlPetr.
2761 2784 2844 2854 ιι).
2876 2802 2896 2836 ›
2924 2782 3163 2850 Quadam
3188 2781 3368 2849 itaque
3390 2778 3495 2842 die,
3523 2776 3679 2830 tertia

2107 2880 2502 2951 propinquante
2518 2873 2630 2947 jam
2653 2877 2805 2941 hora,
2831 2877 2883 2928 iu
2914 2872 3141 2937 castelli,
3168 2870 3256 2926 ubi
3281 2879 3415 2930 erat,
3444 2867 3673 2938 crepidi—

2108 2986 2253 3040 nem,
2292 2969 2479 3026 sellam
2505 2967 2763 3038 praecepit
2800 2964 3005 3027 afferri,
3036 2972 3093 3016 ut
3140 2960 3410 3031 surgentis
3439 2958 3675 3012 calorem

2106 3058 2237 3114 solis
2279 3057 2576 3129 exciperet,
2613 3070 2678 3110 ac
2709 3053 2989 3108 matutinis
3027 3050 3241 3122 frigoris
3269 3048 3524 3117 reliquias
3554 3063 3681 3117 pro-

2106 3153 2368 3222 pulsaret.
2418 3150 2662 3218 Cumque
2713 3146 2971 3202 residenti
3021 3142 3302 3198 domestici
3353 3141 3455 3204 sui,
3514 3140 3678 3200 servi,

426 3228 837 3298 Amalphitanus
875 3231 1184 3299 episcopus,
1225 3245 1418 3286 nomen
1479 3232 1681 3294 nescio.
1731 3231 2005 3302 Stephano
2031 3242 2077 3307 (ζ
2108 3249 2269 3310 atque
2292 3237 2709 3295 contubernales
2737 3235 3089 3299 assisterent;
3110 3224 3177 3285 et
3216 3230 3304 3284 ille
3326 3242 3567 3292 securus,
3600 3227 3683 3281 hi-

428 3319 671 3375 Romano
693 3319 964 3386 Pontiﬁci,
985 3336 1071 3375 me
1094 3331 1379 3391 praesente,
1404 3323 1505 3377 sub
1526 3322 1878 3392 jurejurando
1907 3337 2008 3376 sae-

428 3427 494 3481 pe
524 3420 852 3468 testatusest
873 3413 1000 3482 quia
1024 3427 1146 3466 cum
1170 3411 1459 3481 aliquando
1509 3413 1574 3465 ad
1616 3426 1857 3467 mensam
1903 3410 2005 3465 Do-

429 3502 557 3557 mini
588 3503 990 3559 sacriﬁcaturus
1012 3503 1315 3567 accederet,
1343 3503 1437 3557 sed
1466 3516 1630 3571 super
1666 3508 2005 3556 sacramento

428 3596 690 3653 Dominici
720 3598 965 3668 corporis
1004 3595 1310 3651 incredulus
1339 3596 1632 3657 haesitaret,
1661 3594 1713 3648 in
1742 3594 1854 3663 ipsa
1876 3608 2006 3647 con-

427 3684 691 3740 fractione
714 3686 967 3741 salutaris
988 3686 1199 3751 hostiae,
1235 3685 1395 3739 rubra
1434 3698 1656 3754 prorsus
1676 3698 1739 3737 ac
1766 3680 2003 3751 perfecta

428 3790 555 3831 caro
586 3776 727 3831 inter
752 3775 871 3845 ejus
901 3792 1098 3831 manus
1125 3775 1397 3847 apparuit,
1424 3775 1497 3828 ita
1526 3782 1587 3828 ut
1615 3775 1780 3828 etiam
1806 3773 2004 3842 digitos

427 3866 569 3923 illius
597 3875 930 3933 cruentaret,
953 3867 1137 3937 sicque
1162 3865 1430 3921 sacerdoti
1448 3880 1661 3919 omnem
1692 3863 2002 3932 scrupulum

426 3952 718 4011 dubietatis
744 3955 1004 4011 auferret.
1041 3955 1141 4010 Ubi
1166 3954 1458 4009 notandum
1483 3968 1644 4022 quam
1676 3952 1746 4006 sit
1768 3952 2004 4007 immane

425 4046 721 4116 perieulum
749 4046 981 4116 indignis
1008 4048 1257 4101 manibus
1296 4053 1591 4099 attrectare
1624 4052 1733 4097 tam
1766 4042 2004 4097 terribile

426 4147 849 4192 sacramentum.
883 4137 988 4192 Sed
1014 4138 1143 4207 quid
1168 4135 1237 4192 de
1261 4135 1615 4191 sacramentis
1644 4135 1773 4205 ipsis
1792 4134 2003 4202 eloqui-

426 4239 566 4286 mur.
597 4240 722 4279 cum
758 4225 925 4279 etiam
954 4241 1117 4296 super
1160 4240 1254 4280 eos
1277 4224 1584 4294 aliquando,
1608 4224 1698 4293 qui
1727 4238 1793 4279 ex
1815 4238 2001 4279 eorum

424 4316 571 4370 vasis
622 4313 938 4381 offendunt,
997 4316 1267 4371 terribiles
1310 4315 1427 4371 ﬁeri
1479 4314 1774 4370 sententias
1815 4314 2001 4370 videa-

425 4403 586 4458 ntus?

936 4493 1164 4551 CAPUT
1198 4492 1487 4549 PRIMUM.

2106 3330 2236 3385 laris
2281 3345 2343 3384 ac
2380 3328 2670 3397 jucundus,
2701 3326 2877 3381 faceta
2908 3340 3030 3379 cum
3058 3324 3161 3387 eis,
3191 3333 3249 3377 et
3277 3323 3480 3375 urbana
3512 3318 3677 3373 verba

2104 3422 2389 3485 misceret;
2431 3418 2610 3473 subito
2640 3417 2954 3486 repentinus
2985 3413 3136 3469 dolor
3166 3413 3218 3466 in
3260 3410 3376 3478 ejus
3415 3411 3673 3464 verticem

2108 3515 2362 3579 tanquam
2411 3507 2619 3576 gladius
2671 3505 2856 3570 irruit;
2905 3516 3140 3570 eumque
3195 3500 3425 3564 morior,
3473 3498 3677 3553 morior

2104 3602 2409 3657 exclamare
2434 3599 2625 3669 coegit.
2670 3597 2791 3652 Mox
2827 3595 3193 3664 hajulantibus
3223 3590 3545 3646 necessariis
3586 3590 3679 3644 de-

2104 3691 2277 3746 fertur
2300 3690 2365 3745 ad
2394 3688 2642 3744 lectulum
2670 3706 2682 3741 :
2709 3686 3024 3758 mysterium
3055 3691 3412 3738 sacrosancta:
3429 3695 3675 3734 commu-

2104 3782 2282 3838 nionis
2304 3780 2511 3850 accepit
2532 3795 2596 3834 ac
2617 3778 2865 3849 spiritum
2888 3776 3133 3846 protinus
3156 3770 3675 3829 exhalavit.’l‘imeat

2103 3890 2231 3943 ergo
2254 3872 2497 3942 quisquis
2521 3870 2605 3925 vel
2629 3867 2982 3924 ecclesiastici
3016 3865 3256 3935 mysterii
3282 3862 3533 3916 utensilia
3560 3862 3673 3915 dis-

2106 3966 2309 4028 trahit,
2358 3963 2445 4017 vel
2493 3960 2756 4017 tremendi
2802 3956 3168 4013 anathematis
3210 3954 3445 4022 elogium
3493 3952 3674 4021 parvi-

2102 4054 2323 4124 pendit;
2348 4069 2415 4108 ne
2436 4053 2561 4107 dum
2589 4050 2743 4120 quasi
2772 4063 2996 4104 securus
3017 4045 3277 4106 ambulat,
3305 4043 3523 4097 latentis
3543 4056 3669 4095 eum

2097 4144 2283 4215 judicii
2313 4144 2534 4213 laqueus
2557 4139 3000 4211 comprehendat.
3028 4138 3137 4191 Heu
3156 4133 3478 4190 miserabilis
3500 4132 3675 4197 valde,

2103 4245 2157 4290 ct
2201 4233 2386 4289 infelix
2417 4234 2650 4288 humana
2678 4230 2945 4287 conditio!
2979 4227 3138 4284 Certe
3171 4226 3430 4296 praefatus
3467 4224 3678 4293 episeo-

2102 4341 2203 4395 pus
2228 4324 2355 4380 licet
2381 4324 2433 4378 in
2463 4324 2567 4378 hoc
2605 4322 2704 4377 sibi
2745 4318 3086 4391 negligentiae
3122 4326 3307 4385 torpor
3345 4314 3672 4384 obrepserit,

2103 4414 2238 4468 alias
2264 4422 2441 4467 tamen
2471 4421 2661 4466 acutus
2700 4418 2837 4475 erat,
2869 4410 3178 4481 ingeniosus
3208 4414 3262 4462 et
3290 4412 3503 4464 cautus,
3562 4412 3678 4457 tau-

2106 4513 2280 4573 taeque
2307 4502 2589 4565 facundiae,
2623 4508 2681 4554 ut
2708 4500 2833 4554 dum
2859 4496 3262 4568 expeditissime
3291 4495 3344 4548 in
3375 4493 3555 4547 verbis
3582 4492 3678 4546 de-

424 4605 679 4663 Tcrribilc
740 4608 1035 4678 exemplum
1082 4608 1305 4663 Arualdi
1344 4607 1569 4678 episcopi
1614 4605 1819 4678 agmini
1868 4604 1997 4678 cali-
2032 4594 2083 4655 ι)
2106 4600 2371 4656 curreret,
2404 4590 2757 4645 circumcisus
2795 4588 2952 4678 labiis
2987 4586 3092 4678 dici
3136 4600 3242 4639 non
3276 4582 3550 4678 immerito

494 4695 603 4731 cem
631 4676 958 4733 Dominicum
985 4679 1288 4744 alicnantis,
1331 4676 1380 4733 et
1421 4678 1486 4731 ab
1525 4676 1757 4729 Ecclesia
1792 4676 2002 4729 subtra-

493 4748 681 4801 herilis.

490 4858 788 4913 Arnaldum
860 4869 1008 4915 certe
1074 4859 1315 4914 Aretinae
1369 4857 1516 4913 sedis
1573 4856 1881 4926 episcopum
1942 4862 1999 4908 tu

419 4963 636 5017 quoque
706 4948 1043 5003 familiariter
1098 4948 1380 5019 agnovisti.
1418 4947 1495 5001 De
1546 4945 1647 5001 hoc
1682 4945 1813 5001 mihi
1861 4943 2003 4998 Mar-

421 5040 566 5093 tinus
617 5039 871 5105 eremita,
902 5054 1107 5109 magnae
1151 5039 1355 5095 scilicet
1397 5037 1666 5107 opinionis
1705 5036 1787 5090 vir
1812 5051 1877 5091 ac
1903 5052 1995 5090 ce-

421 5126 585 5183 lebris
616 5127 1054 5194 famas,narravit
1100 5127 1281 5199 589.
1332 5127 1469 5194 Quia
1514 5141 1580 5183 ex
1629 5126 1860 5196 quodam
1914 5125 1997 5182 sui

412 5215 556 5285 juris
611 5219 943 5274 monasterio
990 5218 1213 5275 calicem
1242 5233 1464 5273 aureum
1495 5216 1735 5283 abstulit,
1786 5225 1842 5271 et
1882 5218 2003 5286 qui-

420 5307 647 5361 busdam
694 5309 1102 5364 imminentibus
1157 5309 1481 5364 necessariis
1525 5307 1780 5363 alienavit
1838 5323 1852 5361 :
1909 5305 1997 5361 cui

419 5396 677 5452 nimirum
720 5398 875 5453 ealici
922 5399 1117 5455 nobilis
1146 5413 1210 5454 ae
1234 5401 1423 5455 devota
1472 5398 1689 5463 mulier,
1730 5411 1849 5467 qua:
1875 5410 1997 5451 eum

415 5490 627 5545 sanctis
679 5489 988 5556 obtulerat,
1044 5491 1406 5546 anathematis
1484 5489 1736 5554 titulum,
1799 5504 1869 5544 ne
1930 5487 1998 5543 ab

417 5576 603 5647 aliquo
650 5579 974 5647 tolleretur,
1020 5582 1241 5650 provide
1296 5579 1425 5636 fecit
1480 5579 1728 5649 insculpi.
1786 5578 1997 5634 Interea

419 5669 641 5725 cuidam
693 5670 849 5726 fratri
908 5688 1104 5743 sopore
1164 5673 1464 5742 depresso,
1526 5673 1711 5728 videre
1772 5670 2000 5740 contigit

429 5758 713 5827 luctudam
766 5759 945 5819 lacum
986 5761 1137 5819 uitnii
1189 5763 1388 5819 caloris
1433 5763 1628 5819 ardore
1672 5760 2002 5829 ferventem,

2105 4682 2316 4736 tuisset.
2368 4679 2474 4733 Sed
2524 4694 2646 4733 cum
2698 4676 2988 4747 Apostolus
3037 4674 3183 4729 dicat
3236 4690 3249 4726 :
3307 4689 3326 4723 ι
3383 4671 3675 4726 Prudentia

2103 4771 2286 4826 carnis
2329 4783 2477 4823 mors
2522 4777 2647 4832 est;
2701 4765 2986 4836 prudentia
3035 4762 3261 4831 spiritus
3309 4761 3418 4813 vita
3467 4768 3524 4815 et
3569 4775 3674 4828 pax

2102 4859 2277 4931 (Rom.
2316 4857 2435 4926 vtu)
2488 4871 2504 4911 :
2556 4876 2574 4909 ι
2624 4855 2753 4925 quid
2805 4854 3043 4922 prodest,
3088 4851 3133 4906 si
3172 4849 3443 4920 quispiam
3492 4850 3676 4903 saeculi

2098 4951 2258 5021 hujus
2291 4948 2577 5019 prudentia
2613 4946 2834 5008 calleat,
2881 4945 2927 4999 si
2981 4943 3179 5014 ingenii
3219 4942 3425 4997 vivacis
3464 4940 3669 4996 obtuti-

2100 5039 2201 5095 bus
2229 5038 2409 5094 abdita
2437 5036 2879 5107 comprehendat,
2903 5035 2948 5090 si
2973 5042 3189 5089 versuta
3216 5032 3531 5098 calliditate,
3556 5040 3674 5085 tau-

2103 5144 2267 5199 quam
2298 5128 2545 5193 Proteus,
2577 5127 2630 5182 in
2658 5126 2809 5181 varia
2837 5141 2897 5182 se
2944 5126 3239 5181 formarum
3266 5133 3509 5182 monstra
3538 5140 3672 5180 con-

2100 5218 2310 5276 vertat?

2629 5308 2792 5379 590
2815 5307 3043 5364 CAPUT
3081 5308 3144 5362 ιι.

2245 5398 2403 5453 Aliud
2438 5399 2666 5453 terribile
2694 5398 2983 5467 exemplum
3018 5397 3234 5451 Tedaldi
3277 5396 3528 5465 episcopi.

2169 5487 2379 5542 Interea
2423 5489 2523 5542 sub
2567 5487 2725 5558 hujus
2769 5487 3056 5542 occasione
3099 5486 3386 5554 sermonis,
3438 5485 3565 5539 illud
3615 5486 3669 5540 iu

2099 5579 2418 5650 memoriam
2441 5580 2599 5643 redit,
2626 5580 2770 5648 quod
2790 5578 2917 5632 olim
2942 5576 3199 5632 Tetaldus
3228 5578 3512 5647 episcopus
3535 5592 3674 5648 prae-

2098 5670 2355 5726 decessor
2386 5671 2562 5735 istius,
2596 5670 2648 5723 in
2692 5668 2987 5724 festivitate
3014 5669 3158 5725 beati
3186 5670 3379 5724 Donati
3405 5671 3673 5725 constitu-

2101 5768 2187 5817 tus
2219 5760 2275 5814 iu
2322 5758 2550 5830 pulpito,
2581 5757 2839 5825 sermoni,
2885 5772 2993 5829 quo
3037 5759 3488 5823 concionabatur,
3524 5757 3669 5825 adje-
