4048 6190
405 357 512 420 575~
527 353 532 358 ’

867 369 926 426 S.
966 370 1174 427 PETRI
1199 372 1482 430 DAMIANI
1503 375 1652 434 ΟΡΡ.
1692 377 1929 436 τωιυε
1969 381 1984 435 ε

2084 382 2112 440 Ῑ
2141 383 2320 440 ΡΜὶὸ
2353 386 2438 441 Ill.
2475 417 2545 429 -
2581 387 2944 448 σιδυδόυω
2987 393 3215 452 ἾᾹΚῘᾹ.

3549 387 3663 459 ὡς

292 523 295 525 ,
396 477 492 561 cit.
521 475 580 532 In
606 476 1019 548 Longobardiaa,
1053 481 1252 552 inquit,
1291 483 1486 540 linibus
1523 488 1666 542 unde
1705 490 1972 560 originem
1999 497 2050 556 Α
2076 494 2389 566 nullumque
2421 513 2545 554 cum
2579 511 2930 573 eoztanquam
2967 520 3335 578 energumeno
3363 512 3658 585 dignantur

397 568 557 635 duco,
607 569 694 624 vir
749 579 868 625 erat
915 573 1220 644 vcrsipellis
1267 575 1489 646 ingenii,
1538 591 1594 633 et
1640 582 1972 640 acutissimas

399 658 732 722 subtilitatis,
765 661 956 731 duplex
989 665 1198 734 animo,
1223 681 1473 724 sermone
1495 669 1724 740 lepidus,
1755 674 1977 730 concin-

400 750 595 804 nandis
639 750 1076 824 fabricandisqne
1104 762 1428 816 commentis
1461 763 1706 830 edoctus,
1739 766 1792 821 in
1822 781 1975 839 repe-

401 839 602 894 riendis
639 855 704 895 ac
755 843 1026 900 variandis
1061 848 1304 905 consiliis
1340 853 1694 910 vehementer
1736 865 1970 915 astutus.

399 923 682 997 Nunquam
723 931 966 1002 erigebat
1009 935 1235 992 brachia
1283 947 1475 995 contra
1518 951 1844 1014 torrentem,
1875 951 1972 1006 sed

398 1035 465 1074 ex
521 1038 848 1095 quocunque
897 1027 1066 1084 latere
1113 1031 1369 1093 mundani
1418 1037 1650 1094 turbinis
1677 1054 1801 1096 eum
1835 1058 1970 1099 aura

397 1114 684 1184 proﬂaret;
711 1117 802 1172 ille
831 1120 1075 1188 protinus
1102 1133 1286 1194 aptum
1311 1126 1644 1196 calliditatis,
1664 1141 1833 1203 atque
1859 1149 1977 1192 ver-

398 1204 556 1260 sntiat
590 1205 810 1275 pallium
848 1212 1176 1279 opponebat.
1217 1215 1432 1273 Accidit
1473 1229 1683 1287 autem,
1729 1232 1792 1280 ut
1833 1225 1978 1282 ltuno

398 1305 524 1364 post
545 1297 752 1352 obitum
777 1299 993 1368 quidam
1023 1300 1194 1357 frater
1219 1315 1481 1362 nocturna
1511 1310 1726 1368 visione
1749 1317 1972 1385 conspi-

399 1394 571 1439 ceret.
596 1383 771 1441 Larus
797 1397 916 1444 erat
943 1388 1160 1459 igneus;
1202 1394 1294 1462 qui
1333 1394 1710 1456 flammivomis
1751 1383 1978 1473 vapora-

400 1471 495 1525 bat
519 1471 803 1540 incendiis,
827 1485 876 1530 et
909 1480 1303 1550 crepitantibus
1332 1483 1535 1552 ignium
1563 1488 1738 1558 globis
1760 1471 1979 1550 terribi-

400 1560 506 1614 lem
545 1564 894 1624 cernentibus
936 1566 1232 1623 incutiebat
1262 1572 1572 1642 borrorem;
1608 1594 1769 1648 quem
1802 1582 1976 1640 lacum

401 1655 628 1710 trabalis
663 1659 1004 1715 enormitatis
1049 1663 1369 1722 videbantur
1405 1671 1654 1728 obsidere
1689 1675 1976 1745 dracones,

401 1744 662 1813 variaque
689 1748 1023 1816 serpentium
1051 1767 1270 1822 genera,
1312 1758 1439 1814 bino
1481 1760 1605 1818 inde
1648 1776 1744 1833 per
1781 1744 1980 1822 circui¥

2075 584 2278 640 habere
2311 591 2664 646 consortium.
2709 593 2880 651 Porro
2907 610 3032 652 cum
3074 599 3228 655 dives
3253 602 3344 668 sit,
3374 584 3660 664 etexube-

2081 687 2210 730 rans
2246 675 2442 733 domus
2495 680 2636 750 ejus,
2671 681 2841 738 ﬂuunt
2876 699 3132 757 palmosa
3162 701 3218 746 et
3261 693 3426 749 illata:
3456 706 3657 766 vestes,

2074 764 2261 820 horret
2285 767 2489 824 inculta
2518 773 2797 838 caesaries,
2826 785 2990 846 caput
3021 778 3138 849 ejus
3166 781 3408 838 diuturni
3441 764 3659 845 sudoris

2074 855 2210 910 fetet
2234 856 2450 926 injuria,
2479 869 2678 932 corpus
2708 872 2880 918 totum
2911 855 3015 936 p'er
3043 869 3255 940 longam
3283 874 3470 930 sordet
3498 876 3656 932 lucu.

2075 945 2234 1000 riam.
2283 947 2382 1003 Hie
2419 948 2600 1019 plane,
2639 967 2762 1006 cum
2802 965 2890 1009 me
2926 956 3119 1012 adesse
3147 970 3538 1030 cognosceret,
3568 977 3662 1022 me

2075 1040 2322 1094 concitus
2349 1041 2508 1106 adiit,
2542 1042 2684 1096 mala
2718 1053 2844 1113 qua;
2887 1045 3196 1115 patiebatur
3218 1052 3491 1120 exposuit,
3521 1061 3658 1124 queo

2075 1127 2244 1182 relant
2267 1129 2333 1185 de
2358 1131 2472 1186 Suis
2502 1131 2688 1188 Sobria
2719 1146 2972 1191 sermone
3010 1136 3260 1207 digessit,
3285 1149 3341 1195 et
3367 1140 3656 1212 (quantum

2075 1230 2143 1271 es
2172 1227 2356 1274 tenore
2386 1223 2677 1276 verborum
2717 1221 2836 1292 ejus
2859 1224 3119 1297 colligere
3148 1230 3321 1300 potui)
3369 1232 3659 1287 rationabi-

2075 1303 2202 1360 liter
2226 1306 2567 1364 declamavit.
2603 1310 2791 1381 Itaque
2835 1315 3066 1370 conveni
3106 1317 3301 1383 tilium,
3340 1321 3664 1392 episcopum-

2077 1409 2294 1466 quoqne
2337 1412 2404 1453 ac
2440 1399 2508 1454 de
2544 1401 2765 1457 civitate
2795 1405 3260 1475 quatnplurimos,
3287 1420 3346 1465 et
3385 1413 3659 1469 subtiliter

2075 1485 2355 1556 inquisivi,
2405 1490 2537 1560 quid
2604 1493 2994 1562 inordinatum,
3040 1498 3170 1568 quid
3216 1499 3467 1567 delirum,
3522 1503 3662 1572 quid

2077 1575 2318 1648 ineptum
2347 1579 2401 1634 in
2443 1580 2536 1636 illo
2569 1585 2972 1652 conspicerent,
3003 1595 3103 1657 pro
3131 1601 3240 1657 quo
3265 1589 3342 1644 illi
3375 1592 3652 1646 vesaniam

2077 1665 2430 1735 imputarent.
2455 1670 2500 1723 Α
2525 1671 2721 1740 quibus
2751 1675 2938 1743 utique
2961 1676 3092 1729 nihil
3115 1676 3278 1742 aliud,
3311 1689 3368 1733 et
3389 1694 3458 1733 ne
3482 1697 3650 1736 unum

2079 1756 2297 1824 quidem
2323 1757 2457 1810 certi
2486 1758 2628 1828 signi
2661 1763 2884 1816 verbum
2917 1762 3196 1820 addiscere
3224 1767 3393 1833 potui,
3421 1769 3525 1821 nisi
3554 1769 3657 1823 hoc

405 1842 517 1886 tum
544 1835 789 1903 spatiari.
820 1838 913 1892 Vir
943 1849 1123 1895 autem
1155 1843 1242 1900 ille
1270 1862 1431 1916 quem
1470 1849 1737 1919 diximus,
1771 1857 1822 1910 in
1862 1858 1975 1927 ipsa
2008 1858 2052 1917 Β
2082 1857 2312 1914 ulmum.
2335 1849 2710 1918 quiadcmens
2739 1863 2823 1908 θεί
2849 1871 2863 1906 ε
2901 1856 3045 1924 (ιιιοίι
3071 1871 3263 1913 omnes
3291 1873 3388 1912 οτθ
3419 1873 3659 1914 consono

403 1921 742 1980 ilatnmarum
768 1929 1115 1986 stridentium
1161 1939 1418 2008 voragine
1448 1953 1773 2012 coarctatus,
1804 1921 1977 2004 tenta-

403 2013 500 2067 liat
527 2016 743 2084 quidem
791 2018 1046 2092 eil‘ugere.
1082 2027 1178 2083 sed
1215 2029 1558 2090 obstantibus
1586 2036 1793 2105 bestiis,
1825 2041 1975 2098 dole~

2076 1938 2406 2003 unanimiter
2439 1938 2760 1996 alIerebant.
2786 1942 3032 2013 Cumque
3062 1959 3164 2014 ego
3194 1945 3438 2000 dicereut.
3463 1961 3478 2000 :
3504 1948 3648 2012 Quo-

2078 2027 2241 2080 modo
2276 2027 2332 2082 id
2363 2027 2547 2094 scitis,
2566 2031 2831 2098 quibusve
2859 2031 3074 2087 indiciis
3099 2041 3230 2087 eum
3257 2034 3493 2090 insanire
3521 2051 3653 2092 con-

403 2105 500 2159 liat
544 2107 748 2162 aditum
781 2126 886 2165 non
921 2123 1130 2184 patere.
1178 2118 1333 2177 Modo
1359 2125 1569 2181 scilicet
1595 2142 1664 2183 ex
1697 2130 1800 2187 hac
1823 2143 1979 2202 parte

2084 2115 2287 2184 iicitis?
2347 2115 2498 2170 Nihil.
2551 2117 2699 2172 aliud
2753 2118 3130 2185 invenientes,
3192 2121 3425 2191 idipsum
3482 2123 3660 2180 denuo

405 2195 586 2264 fugam
642 2199 896 2268 parabat;
946 2205 1043 2259 sed
1097 2221 1225 2262 ecce
1268 2226 1490 2282 serpens
1531 2217 1724 2274 obvius
1769 2195 1976 2278 aderat.

405 2286 512 2342 Per
543 2281 720 2344 'aliam
764 2303 973 2361 partem
1021 2312 1307 2368 erumpere
1358 2281 1659 2373 satagebat,
1710 2309 1806 2366 sed
1849 2302 1981 2370 ecce

410 2393 601 2435 rursus
625 2380 727 2435 alia
759 2383 932 2440 bestia
964 2387 1085 2444 laxo
1109 2400 1326 2461 gutture
1350 2397 1589 2454 stridens
1620 2399 1727 2456 iter
1749 2404 1985 2461 occluso.

407 2476 512 2521 rat.
557 2467 650 2524 llle
679 2486 866 2526 rursus
896 2484 950 2529 et
979 2477 1082 2531 alia
1110 2479 1176 2534 ad
1206 2482 1543 2541 evadendum
1567 2487 1684 2545 loca
1716 2494 1984 2561 tentabat,

407 2558 501 2613 sed
553 2560 954 2632 insurgentibus
999 2569 1209 2637 bestiis,
1255 2576 1476 2634 omnino
1519 2590 1730 2639 meatus
1778 2558 1983 2657 aufugii

406 2664 514 2702 non
549 2653 788 2720 patebat.
825 2653 995 2711 Porro
1023 2669 1204 2715 autem
1231 2678 1354 2718 cum
1380 2666 1593 2724 Veritas
1617 2672 1796 2729 dicat:
1827 2693 1848 2728 ε
1883 2653 1986 2731 ἰξαι

407 2740 531 2794 dem
569 2757 820 2798 mensura
870 2763 974 2816 qua
1003 2751 1172 2806 mensi
1221 2751 1434 2810 fueritis
1489 2762 1804 2818 remetiatur
1833 2766 1987 2823 vobis

408 2827 625 2922 (Matth.
661 2847 768 2922 vn;
799 2834 969 2890 Marc.
1005 2839 1113 2905 tv);
1162 2859 1181 2893 ι
1219 2843 1322 2898 hoc
1356 2843 1431 2900 illi
1463 2846 1612 2917 justo
1643 2850 1737 2906 Dei
1778 2853 1986 2922 judicio

409 2917 774 2990 contingebat.
832 2923 986 2980 Sicut
1029 2929 1174 2983 enim
1223 2931 1314 2986 ille
1359 2947 1458 3003 per
1492 2940 1727 2995 carnalis
1771 2917 1985 3001 astutiae

408 3007 725 3074 vanitatem,
765 3025 829 3064 ex
875 3014 1203 3081 quibuslibet
1245 3018 1405 3088 hujus
1448 3026 1627 3080 saeculi
1669 3043 1728 3084 se
1757 3041 1986 3088 noverat

410 3094 622 3165 laqueis
660 3102 957 3170 expedire;
999 3105 1071 3160 ita
1116 3111 1458 3177 postmodum
1499 3130 1657 3172 versa
1689 3120 1807 3178 vice
1836 3125 1984 3180 nullo

2081 2205 2452 2274 replicabam:
2488 2206 2721 2262 Demens
2754 2218 2861 2263 est.
2908 2207 3063 2275 Quod
3101 2211 3234 2265 milii
3277 2213 3489 2267 videtur
3526 2227 3660 2284 pro-

2082 2295 2305 2354 fundum
2352 2305 2519 2366 atque
2567 2298 2891 2358 admirabile
2946 2299 3041 2354 Dei
3093 2301 3485 2371 omnipotentis
3533 2317 3657 2357 esse

2075 2385 2362 2455 judicium,
2385 2394 2444 2441 ut
2463 2389 2560 2458 qui
2585 2389 2841 2458 prudens,
2861 2398 2920 2444 et
2941 2390 3119 2446 sciens
3145 2399 3338 2462 sponte
3359 2391 3659 2462 desipnisse

2086 2477 2449 2546 cognoscitur,
2476 2478 2712 2547 prudens
2737 2489 2794 2534 et
2820 2480 2998 2535 sciens
3028 2482 3281 2550 opinione
3305 2484 3538 2537 vesaniae
3557 2496 3657 2553 pu-

2035 2585 2038 2588 ’
2085 2567 2303 2620 niaturt
2334 2576 2390 2622 et
2415 2568 2506 2637 qui
2532 2577 2722 2637 sponte
2747 2567 2924 2624 factus
2941 2580 3026 2625 est
3052 2570 3311 2638 furiosus,
3340 2574 3566 2629 demens
3586 2574 3658 2628 ab

2084 2661 2232 2714 omni
2264 2661 2459 2730 populo
2481 2660 2755 2729 iudicetur
2779 2662 2996 2718 invitus.
3027 2664 3224 2720 Merito
3243 2674 3434 2720 contra
3469 2679 3662 2721 votum

2086 2748 2428 2818 adjudicatur
2465 2750 2712 2817 insaniat,
2743 2753 2836 2821 qui
2864 2751 3142 2809 voluntate
3173 2756 3388 2825 propria
3425 2765 3656 2809 conatus

2085 2852 2172 2898 est
2194 2842 2452 2898 insanire.
2479 2843 2769 2899 Enimvero
2787 2845 2835 2899 si
2855 2845 3128 2900 veraciter
3140 2844 3364 2912 fureret,
3389 2861 3456 2899 eo
3476 2847 3658 2900 minus

2086 2934 2254 2988 miser
2276 2943 2443 3000 esset,
2472 2949 2582 3005 quo
2614 2935 2904 3006 despectus
2941 2937 3024 2992 sui
3066 2937 3231 3002 mala,
3270 2953 3392 3008 quae
3428 2940 3658 3007 patitur,

2086 3024 2380 3096 ignoraret.
2408 3025 2522 3081 Non
2545 3035 2629 3082 est
2648 3027 2829 3096 itaque
2847 3027 2987 3082 sicut
3008 3037 3253 3084 mortuus
3271 3030 3452 3084 seaculi
3482 3030 3656 3099 (ρωι.

2085 3119 2276 3190 cun),
2308 3118 2399 3188 qui
2431 3135 2534 3174 non
2564 3119 2758 3186 sentit;
2781 3120 2878 3175 sed
2898 3121 3040 3177 sicut
3067 3133 3311 3177 mortuus
3337 3123 3656 3188 estinferni,

410 3184 626 3241 valebat
669 3187 885 3259 ingenio
923 3195 1267 3265 supplicium,
1309 3216 1418 3270 quo
1459 3207 1823 3278 cruciabatur,
1861 3229 1988 3270 eu.
2014 3205 2060 3268 C
2087 3209 2181 3277 qui
2203 3184 2404 3279 iugiter
2437 3208 2686 3272 moritur.
2723 3184 2780 3264 et
2825 3219 3056 3266 mortem
3095 3211 3268 3282 ipsam
3312 3213 3514 3267 sentire
3549 3227 3658 3266 non

413 3274 694 3371 Qui
723 3281 979 3339 nimirum
1009 3287 1056 3342 si
1098 3290 1457 3359 prudentiam,
1497 3311 1604 3366 qua
1638 3274 1893 3371 callebat,
1930 3308 1986 3363 in

411 3367 610 3427 divinis
639 3374 934 3432 studuisset
958 3394 1222 3438 exercere
1251 3388 1542 3454 mandatis,
1574 3407 1679 3448 non
1706 3367 1985 3458 cremared

413 3472 502 3564 tur
529 3464 670 3520 inter
693 3468 877 3564 rabida
900 3487 994 3527 ora
1023 3479 1376 3550 serpentium,
1408 3485 1504 3541 sed
1530 3489 1789 3557 gauderet
1808 3495 1990 3564 potius

413 3553 556 3615 inter
579 3557 792 3634 agmina
822 3560 1122 3624 beatorum.

1022 3679 1262 3752 CAPUT
1291 3685 1378 3747 Ill.

413 3764 579 3821 Aliud
603 3766 898 3838 exemplum
923 3771 1201 3842 cujusdam
1240 3793 1345 3836 non
1374 3780 1549 3841 dantis
1581 3785 1830 3844 honorem
1871 3787 1987 3850 loco

1115 3860 1286 3903 sacro.

491 3927 666 4023 Unum
693 3929 852 4000 plane
870 3934 1096 4006 contigit
1110 3938 1162 3992 in
1178 3943 1377 3998 nostris
1399 3947 1644 4014 partibus
1667 3951 1734 4005 de
1753 3951 1984 4023 quodam

408 4018 710 4076 carnaliter
749 4024 1014 4094 sapiente,
1038 4029 1193 4098 'quod
1229 4034 1450 4105 dignum
1494 4055 1600 4095 non
1649 4051 1735 4098 est
1769 4018 1990 4104 silentio

409 4115 1028 4206 praterire.rFanensis
1077 4124 1296 4193 quidam
1354 4128 1646 4197 primarius
1703 4136 1990 4206 civitatis,

414 4202 572 4274 llugo
604 4205 842 4270 nomine,
884 4208 999 4277 ipsa
1051 4219 1245 4274 nocte;
1275 4230 1394 4284 qua:
1423 4230 1639 4287 peracta
1668 4202 1988 4296 Parasceve,

410 4303 824 4350 sacrosanctum
867 4297 1163 4355 Sabbatum
1199 4303 1490 4362 Dominicze
1526 4313 1812 4380 sepultura!
1853 4327 1992 4386 price

413 4385 585 4450 cedit,
611 4397 732 4439 cum
763 4388 932 4442 armis
965 4398 1018 4443 et
1048 4394 1273 4448 armatis
1299 4396 1575 4466 ingressus
1597 4385 1906 4472 ecclesiam,
1937 4403 1991 4463 in

412 4491 522 4546 qna
553 4475 752 4532 divinis
784 4478 1079 4535 vacbatnr
1123 4482 1332 4550 ciliciis,
1368 4500 1621 4558 perosum
1652 4494 1754 4548 sibi
1787 4497 1993 4554 violem-

2086 3300 2305 3356 desinit.
2339 3299 2500 3356 Salvo
2528 3315 2723 3371 nempe
2750 3300 2842 3357 illo
2876 3302 3104 3358 terribili
3137 3303 3196 3359 in
3224 3301 3406 3358 mundi
3438 3305 3545 3359 line
3563 3303 3657 3374 ju-

2088 3392 2248 3460 dicio.
2277 3408 2423 3452 nunc
2451 3395 2616 3451 etiam
2641 3395 2984 3466 omnipotens
3016 3395 3158 3451 Deus
3199 3407 3307 3451 non
3345 3398 3502 3450 modo
3533 3407 3656 3450 cru-

2087 3487 2230 3545 delia
2257 3488 2512 3558 quzelibet
2538 3486 2706 3552 facta,
2738 3487 2836 3542 sed
2867 3495 2925 3541 et
2949 3487 3206 3558 superba,
3230 3487 3344 3543 sive
3369 3486 3664 3558 sacrilega,

2086 3588 2246 3648 prout
2269 3578 2490 3649 dignum
2515 3586 2619 3642 est,
2643 3577 2924 3633 ulciscitur
2947 3578 3134 3632 verba.
3161 3576 3463 3633 Vindicavit
3490 3579 3660 3648 siqui-

2089 3669 2230 3732 dem,
2255 3668 2396 3737 quod
2425 3669 2739 3725 Baithassar
2767 3680 2922 3726 sacra
2946 3683 3074 3726 vasa
3094 3671 3421 3726 temulentus
3444 3671 3662 3742 indigne

2088 3759 2342 3812 tractavit
2369 3755 2528 3828 (Dan.
2555 3759 2647 3830 v);
2681 3771 2782 3815 nec
2805 3760 3016 3819 dimisit
3035 3761 3290 3825 inultum,
3313 3763 3455 3831 quod
3482 3757 3658 3816 Nalm.

2088 3847 2428 3902 chodonosor
2473 3858 2797 3918 arroganter
2848 3849 2990 3904 elata
3032 3851 3203 3905 verba
3259 3850 3597 3920 deprompsit
3643 3865 3667 3905 ι

2095 3950 2116 3990 t
2153 3935 2363 4003 Nonne,
2392 3937 2586 4008 inquit,
2617 3938 2732 3993 haec
2759 3948 2845 3994 est
2867 3937 3103 4010 Babylon
3129 3951 3346 4010 magna,
3373 3953 3537 4011 quam
3558 3953 3668 4012 ego

2089 4026 2351 4085 aedificavi
2399 4030 2454 4084 in
2499 4030 2716 4085 domum
2763 4033 2935 4103 regni,
2981 4034 3038 4088 in
3081 4034 3278 4088 robore
3325 4027 3668 4090 fortitudinis

2091 4133 2257 4186 metu,
2287 4129 2345 4175 et
2371 4121 2426 4175 in
2456 4121 2624 4189 gloria
2653 4122 2865 4177 decoris
2893 4119 3034 4178 mel?
3060 4138 3079 4176 ι
3112 4123 3279 4194 (Dan.
3311 4124 3412 4195 tv.)
3438 4125 3507 4179 Et
3531 4135 3670 4180 ecce

2090 4211 2228 4266 sicut
2253 4207 2516 4281 propheta
2553 4221 2805 4279 testatur,
2841 4225 2966 4268 cam
3008 4214 3186 4270 adhuc
3214 4223 3397 4272 sermo
3433 4224 3580 4271 esset
3611 4217 3668 4270 in

2091 4312 2187 4355 ore
2215 4304 2380 4373 regis,
2409 4313 2514 4357 vos
2550 4302 2620 4357 de
2648 4302 2788 4358 uteie
2817 4297 2963 4358 ruit:
2999 4313 3022 4355 ‹
3067 4303 3186 4358 Tibi
3221 4304 3438 4373 dicitur,
3480 4305 3663 4361 Nabu-

2090 4393 2431 4448 chodonosor
2483 4409 2614 4458 rex,
2667 4409 2889 4464 regnum
2922 4395 3118 4450 transit
3147 4412 3176 4449 a
3206 4405 3280 4462 te,
3307 4407 3359 4450 et
3393 4396 3461 4450 ab
3491 4397 3666 4450 homi-

2095 4484 2251 4538 nibus
2301 4493 2352 4538 te
2402 4484 2641 4554 ejicient,
2693 4491 2919 4552 et,cutn
2966 4479 3174 4551 bestiis,
3199 4495 3364 4555 atque
3389 4486 3519 4541 feris
3559 4487 3666 4541 crit

415 4577 503 4623 ter
531 4569 802 4624 hominem
834 4573 998 4641 cepit.
1036 4586 1102 4628 ac
1131 4571 1357 4632 vinculis
1381 4581 1674 4637 crudeliter
1719 4590 1984 4658 mancipis

2097 4576 2354 4631 habitatio
2381 4586 2472 4631 tua
2516 4576 2729 4647 una).
2765 4596 2784 4629 ι
2823 4577 3041 4632 Punivit
3097 4587 3360 4647 praeterea
3406 4577 3668 4634 Dentinus

413 4657 513 4711 vit.
548 4655 718 4725 Quem
753 4659 879 4729 quia
908 4667 1044 4716 nova
1089 4670 1449 4738 praesumpsit.
1485 4681 1626 4727 novo
1653 4673 1794 4732 Deus
1825 4655 1994 4734 omnis

413 4757 610 4819 potens
655 4749 920 4820 supplicio
970 4753 1368 4812 condemnavit.
1425 4758 1558 4817 Nam
1601 4771 1728 4820 cum
1774 4777 1991 4825 sensimt

415 4840 639 4907 tuentis,
667 4841 721 4896 in
751 4852 1013 4912 quantum
1047 4847 1178 4902 mihi
1209 4849 1444 4918 videtur,
1478 4853 1746 4926 integrum
1773 4857 1991 4926 teneat,

415 4945 609 4986 omnes
641 4946 764 4987 eum
793 4943 1048 5004 tanquam
1099 4949 1380 5006 vesanum,
1425 4945 1786 5014 exinanitum,
1830 4954 1993 5019 atque

419 5019 728 5074 dementem
743 5033 1066 5092 conspuunt.
1081 5022 1361 5092 objiciunt,
1384 5035 1437 5085 et
1457 5037 1806 5102 exprobrant.
1829 5038 1987 5110 591

420 5111 661 5168 Halitum
703 5113 902 5183 quippe
940 5115 1082 5185 ejus,
1112 5112 1264 5186 juxta
1303 5123 1578 5190 querelam
1618 5126 1682 5180 Β.
1719 5123 1821 5194 iob
1859 5137 1997 5188 uxor

417 5205 680 5260 exborrct
700 5204 822 5275 (Job
861 5203 998 5275 xix),
1024 5221 1256 5283 eumque
1278 5209 1424 5264 velut
1446 5217 1787 5283 arreptitium
1815 5227 1986 5275 nurus

416 5295 685 5362 esplodit,
735 5294 800 5350 ad
847 5281 1130 5359 mensam,
1171 5296 1288 5352 sive
1328 5281 1654 5370 colloquium
1702 5304 1844 5361 filius
1887 5322 1993 5362 non

421 5385 681 5450 admittit,
704 5393 956 5441 avertunt
976 5386 1163 5442 oculos
1184 5385 1394 5456 famuli,
1419 5391 1780 5462 dedignantur
1805 5397 1993 5465 amici,

419 5473 672 5540 clientes,
698 5475 919 5542 milites,
948 5475 1138 5532 attines
1159 5486 1322 5550 atque
1347 5481 1631 5551 propinqui
1659 5495 1676 5537 ξ
1707 5484 1996 5555 episcopus

419 5563 588 5617 etiam
629 5565 886 5632 civitatis,
913 5575 990 5632 et,
1025 5576 1084 5622 ut
1117 5571 1497 5640 compendiose
1533 5580 1726 5629 cuncta
1753 5577 1996 5647 compleo

422 5662 566 5717 ctar,
593 5655 772 5709 omnis
796 5655 976 5712 clerus
1009 5667 1066 5714 et
1104 5661 1332 5731 populus
1345 5661 1459 5732 iam
1495 5663 1610 5721 fere
1637 5674 1733 5736 per
1757 5668 1996 5722 enodem

425 5743 574 5801 nium
600 5743 936 5800 arbitrantur
963 5763 1084 5804 eum
1115 5754 1309 5811 mentis
1329 5756 1583 5827 impotem
1615 5765 1670 5814 ct
1708 5773 1992 5824 vesanum,

2093 4665 2414 4721 Sedeebia‘m
2454 4675 2635 4738 regem
2661 4666 2817 4733 Juda,
2847 4669 2937 4737 qui
2967 4679 3064 4737 per
3089 4667 3352 4738 reprobus
3381 4677 3535 4721 actus
3569 4666 3666 4721 Dei

2094 4757 2406 4812 mandatum
2455 4758 2777 4828 contempsit
2823 4757 2910 4828 (11
2955 4756 3086 4811 Par.
3123 4757 3333 4830 xxxvi).
3377 4756 3534 4814 Ultus
3581 4765 3668 4812 est

2093 4847 2258 4903 etiam
2296 4848 2560 4903 unanimo
2590 4849 2928 4918 prophetam,
2975 4863 3081 4903 non
3113 4850 3240 4917 quia
3270 4847 3473 4902 malum
3511 4846 3663 4913 fecit,

2093 4939 2190 4994 sed
2213 4931 2338 5007 quia
2361 4939 2700 4992 mendacium
2728 4938 2970 5008 protulit.
3001 4939 3099 4994 Cui
3128 4938 3394 4995 Jeremias
3421 4953 3436 4992 :
3473 4955 3494 4990 ι
3523 4937 3663 5004 Non,

2099 5029 2292 5098 inquit,
2322 5028 2472 5084 misit
2500 5035 2554 5083 te
2578 5030 2858 5094 Dominus,
2885 5036 2944 5084 et
2973 5039 3027 5083 tu
3053 5029 3328 5085 conlidere
3360 5027 3539 5083 fecisti
3565 5039 3666 5098 po-

2098 5121 2280 5189 pulum
2308 5122 2470 5175 istum
2501 5121 2553 5175 in
2587 5121 2893 5187 mendacio,
2921 5117 3123 5177 ideirco
3153 5123 3270 5177 haec
3308 5121 3444 5176 dicit
3479 5119 3666 5175 Domi-

2095 5219 2199 5266 nus
2230 5229 2242 5265 :
2289 5211 2428 5266 Ecce
2463 5213 2670 5267 mittam
2706 5219 2758 5269 te
2784 5223 2815 5268 a
2840 5213 2978 5268 Facie
3007 5221 3165 5269 teri-at
3189 5229 3204 5268 :
3232 5213 3337 5268 hoc
3374 5223 3517 5268 anno
3545 5225 3668 5266 mo-

2098 5303 2257 5359 rieris
2285 5297 2418 5374 (lar.
2453 5305 2667 5374 sui").
2705 5325 2724 5357 ι

2612 5392 2771 5463 592
2799 5384 3029 5448 CAPUT
3056 5386 3146 5446 tv.

2168 5482 2360 5538 Clerici»
2384 5482 2656 5554 pugnacis,
2685 5483 2954 5538 insolentis
2987 5490 3036 5536 et
3067 5481 3353 5552 blasphemi
3381 5481 3573 5534 ardes.

2168 5571 2331 5630 Novis
2369 5573 2608 5646 {Nostris
2635 5571 2705 5646 ιζ]
2733 5581 2948 5644 quoque
2985 5573 3319 5643 temporibus
3346 5572 3563 5634 accidit,
3606 5578 3669 5626 ut

2099 5666 2153 5721 in
2183 5665 2501 5736 Burgundite
2532 5672 2700 5736 regno
2722 5665 2940 5735 quidam
2967 5663 3200 5719 clericus
3223 5667 3372 5718 esset
3395 5662 3668 5733 superbus

2099 5755 2260 5814 nimis
2286 5772 2349 5812 ac
2377 5756 2616 5812 tumidus
2642 5765 2660 5810 ε
2692 5763 2748 5811 et
2788 5765 2895 5812 non
2921 5755 3080 5812 modo
3111 5755 3312 5811 carnali
3345 5754 3667 5810 vittesmcu-
