4074 6190
400 303 502 355 577

394 500 523 553 liter
546 498 855 555 bellicosus.
895 501 997 556 Hic
1025 502 1209 572 itaque
1245 519 1369 559 cum
1399 506 1686 562 ecclesiam
1724 510 1787 564 B.
1832 511 1980 566 Mau-

394 594 505 646 ritii
541 592 727 647 multis
756 594 1015 665 inclytam
1046 598 1284 665 praediis,
1331 600 1444 653 suis
1483 600 1781 657 ditionibus
1817 620 1975 658 usur-

390 692 578 752 paret;
605 693 797 753 potens
823 694 1004 741 autem
1028 688 1247 755 quidam
1270 704 1301 745 e
1327 691 1543 747 diverso
1563 693 1646 747 sui
1669 692 1809 761 juris
1832 710 1975 763 esse,

392 790 497 827 non
525 775 643 829 sine
671 790 864 843 magna
890 775 1082 831 livoris
1103 787 1268 847 atque
1290 781 1607 836 certaminis
1627 784 1977 839 animositate

390 863 767 929 contenderet,
801 866 1021 920 tandem
1063 867 1188 922 belli
1234 870 1349 925 dies
1394 881 1623 945 utroque
1662 874 1975 943 paciscente

389 956 670 1020 statuitur,
700 968 756 1010 et
792 972 823 1010 a
868 956 1053 1013 multis
1082 959 1215 1015 hinc
1258 961 1383 1016 inde
1416 962 1763 1020 frementium
1794 982 1969 1022 arma-

390 1054 569 1099 torum
623 1046 929 1116 agminibus
972 1052 1323 1105 convenitur.
1379 1051 1580 1123 Eotens
1628 1064 1810 1110 autem
1862 1052 1975 1123 ille,

387 1154 550 1206 quem
584 1140 837 1207 diximus,
882 1143 1130 1197 nuntium
1158 1145 1224 1198 ad
1257 1146 1472 1201 hostilia
1515 1156 1695 1202 castra
1743 1150 1973 1218 direxit,

387 1231 479 1297 qtti
514 1239 569 1282 et
597 1239 916 1298 apparatum
960 1232 1085 1286 belli
1125 1232 1312 1288 solerti
1345 1236 1716 1305 speculatione
1746 1254 1978 1309 perpen-

388 1321 562 1384 deret,
593 1335 659 1374 ac
688 1320 791 1375 sibi
832 1321 1088 1378 celeriter
1124 1326 1422 1380 nuntiaret.
1457 1325 1621 1381 Forte
1655 1337 1785 1383 tunc
1814 1330 1974 1383 cleri-

387 1426 484 1465 cus
535 1411 758 1465 missam
803 1426 926 1466 cum
981 1414 1087 1477 his,
1139 1415 1232 1485 qui
1284 1416 1592 1472 dimicaturi
1632 1429 1809 1485 erant,
1860 1421 1974 1475 suis

390 1500 692 1555 fautoribus
720 1501 997 1555 audiebat.
1046 1502 1291 1572 Cumque
1335 1506 1402 1559 ad
1442 1505 1797 1576 Evangelium
1828 1511 1976 1564 veni-

387 1599 558 1653 retur,
590 1588 647 1642 in
677 1588 785 1641 line
822 1588 1020 1644 lectum
1048 1600 1132 1645 est
1171 1609 1185 1645 :
1230 1611 1249 1644 t
1283 1592 1474 1649 Omnis
1503 1596 1593 1664 qui
1642 1611 1702 1650 se
1744 1598 1971 1667 cxaltat,

386 1677 795 1746 ltumiliabitur;
820 1690 877 1734 et
896 1682 987 1751 qui
1013 1698 1072 1737 se
1096 1683 1365 1749 humiliat,
1392 1686 1722 1741 exaltabitnr
1744 1687 1962 1750 (Matth.

381 1785 554 1836 nm;
585 1768 718 1825 Lua.
757 1787 872 1837 xw,
909 1772 1088 1844 vatI).
1134 1792 1152 1824 ι
1186 1773 1335 1829 Illico
1358 1775 1592 1831 clericus
1627 1778 1680 1831 in
1715 1778 1855 1831 hanc
1880 1796 1968 1832 sa-
1993 1777 2043 1837 B

374 1858 640 1930 crilegam
675 1875 864 1914 vocem
903 1870 1191 1929 protervus
1222 1865 1403 1933 erupit
1448 1883 1460 1918 :
1497 1865 1641 1930 llaec,
1688 1867 1958 1936 inquiens,

378 1949 655 2005 sententia
682 1964 811 2004 vera
841 1967 947 2005 non
973 1962 1085 2018 est;
1118 1968 1244 2007 nam
1273 1955 1317 2007 si
1351 1970 1451 2025 ego
1481 1971 1567 2010 me
1596 1958 1733 2010 meis
1762 1959 1964 2012 adver-

375 2038 542 2095 sariis
590 2039 875 2095 humiliter
915 2042 1282 2109 inclinassent,
1333 2043 1494 2099 hodie
1542 2054 1619 2098 tot
1664 2048 1966 2115 possessio-

376 2145 506 2184 num
530 2139 699 2200 atque
716 2130 994 2187 clientium
1045 2135 1232 2202 copias
1256 2150 1360 2189 non
1387 2136 1664 2190 haberem.
1690 2138 1964 2193 Reversus

378 2229 561 2279 autem
588 2222 811 2278 nuntius
827 2224 1048 2278 domino
1072 2240 1170 2279 suo
1192 2224 1426 2280 ﬁdeliter
1447 2227 1656 2290 retulit,
1673 2243 1779 2281 non
1804 2228 1965 2282 modo

376 2312 522 2380 quod
566 2313 623 2367 in
664 2312 840 2369 bellici
872 2316 1187 2384 procinctus
1225 2327 1486 2387 apparatu
1520 2321 1827 2390 conspexit,
1869 2322 1966 2375 sed

374 2406 481 2463 hoc
510 2406 676 2461 etiam
703 2409 848 2476 quod
875 2409 927 2461 itt
953 2424 1049 2462 ore
1076 2408 1262 2464 clerici
1302 2411 1506 2465 tumide
1561 2410 1831 2480 loquentis
1867 2427 1965 2466 au-

375 2499 530 2554 divit.
563 2500 715 2556 Tune
745 2501 832 2556 ille
860 2502 1121 2572 plaudens
1148 2502 1202 2556 in
1250 2503 1476 2557 Domino
1517 2503 1669 2557 hctus
1706 2504 1961 2571 elIieitur,

376 2601 545 2662 atque
573 2593 642 2648 ad
668 2609 818 2664 spem
848 2594 1035 2664 procul
1061 2595 1225 2649 dubio
1247 2596 1555 2650 obtinenda:
1585 2596 1827 2650 victoria:
1859 2596 1960 2649 ml-

377 2684 504 2739 lites
560 2685 902 2740 cohortatur.
959 2685 1312 2757 Conglobatis
1367 2686 1552 2754 itaque
1621 2686 1963 2741 diversorum

377 2774 564 2828 cuneis
591 2783 949 2840 armatorum,
983 2789 1048 2829 ex
1078 2784 1306 2845 utraque
1334 2785 1488 2846 parte
1510 2791 1685 2845 pugna
1714 2776 1965 2829 emuniit.

379 2865 537 2930 titur,
571 2866 714 2921 vires
748 2866 955 2921 viribus
1002 2874 1366 2935 opponuntur,
1417 2867 1671 2934 depressa
1733 2867 1962 2921 telorum

376 2955 513 3009 silva
542 2956 851 3024 deponitur,
882 2966 937 3010 et
964 2955 1215 3010 humanis
1237 2954 1435 3009 iullicta
1462 2958 1781 3025 corporibus
1804 2971 1953 3009 arma

378 3056 713 3117 grassantur.
755 3046 1002 3102 Habebat
1043 3056 1221 3101 autem
1264 3047 1494 3101 clericus
1531 3063 1748 3115 equam,
1799 3065 1959 3118 quam

1141 302 1394 359 OPL'SC.
1438 304 1677 361 XXXIV.
1717 339 1784 349 --
1821 309 1910 364 DE
1954 311 2183 373 νΑῐιηε
2225 317 2552 379 MIRACUL.
2596 323 2903 381 NARRAT.

397 410 587 462 laritcr
612 406 848 475 deditus,
880 411 976 464 sed
997 419 1053 465 ct
1084 418 1274 465 contra
1304 426 1462 467 suum
1493 415 1740 470 ordinem
1766 420 1983 473 terribi-
2011 434 2060 488 Α
2089 427 2229 481 facie
2258 430 2497 488 Inimici?

3558 334 3666 393 578

2533 453 2551 486 ι
2580 436 2752 507 (1³εαί.
2806 440 2920 507 Ls.)
2978 440 3115 499 IIuic
3146 443 3291 499 enim
3340 448 3669 518 expositioni

2080 519 2255 611 ipsum
2304 539 2519 596 quoque
2568 528 2715 587 Siloe
2760 547 2953 588 nomen
2996 536 3283 605 adgattdet.
3315 538 3462 593 Siloe
3496 541 3669 611 siqui-

2081 610 2202 666 dem
2251 613 2659 686 interpretatur,
2703 623 2915 677 missus.
2959 623 3109 679 Haud
3154 627 3373 687 dubium
3419 610 3668 699 quinisit

2081 703 2190 767 ille.
2222 707 2311 775 qui
2343 708 2516 763 dicit:
2566 730 2583 762 t
2626 712 2726 778 Qui
2773 730 2858 769 me
2888 715 3057 781 misit,
3104 732 3314 771 mecum
3345 730 3428 772 cst
3471 720 3661 790 (Joan.

2080 796 2224 865 VIII).
2259 815 2277 848 ι
2312 796 2378 851 Et
2408 799 2480 854 ibi
2503 816 2682 856 caecus
2709 819 2736 855 τι
2769 805 3048 859 Itativitatc
3077 808 3253 861 lumen
3285 811 3482 879 accipit
3503 812 3571 865 ab
3592 828 3659 866 eo

2082 883 2175 950 qui
2205 882 2324 939 ait:
2362 883 2472 950 Ego
2496 900 2615 941 sum
2637 886 2728 943 lux
2763 887 2950 943 mundi
2977 886 3162 954 (locu.
3196 891 3343 960 VIII).
3375 911 3397 946 ι
3434 895 3508 950 ου
3526 912 3659 954 casu

2082 972 2236 1027 istius
2267 976 2433 1030 turris
2461 976 2589 1031 alibi
2624 978 2727 1032 sub
2758 977 2929 1053 figura
2966 981 3164 1036 dicitur
3194 982 3390 1052 lapidis
3417 1001 3434 1043 :
3466 1005 3487 1041 ι
3521 983 3659 1045 0m-

2078 1065 2164 1117 nis
2190 1064 2283 1133 qui
2307 1066 2584 1132 ceciderit,
2619 1083 2781 1140 super
2821 1056 2971 1126 illum
3016 1073 3432 1146 confringatur;
3490 1093 3655 1147 supra

2076 1170 2239 1222 quem
2271 1172 2399 1211 vero
2445 1160 2724 1227 ceciderit,
2770 1175 3011 1221 conteret
3052 1180 3174 1219 eum
3208 1166 3428 1235 (Matth.
3460 1169 3601 1240 xxi).
3629 1188 3653 1225 ι

2077 1245 2254 1316 Super
2276 1250 2415 1303 hanc
2441 1252 2658 1315 turrim,
2686 1252 2801 1311 sive
2826 1254 3081 1323 lapidem,
3106 1256 3250 1311 cadit
3274 1258 3461 1325 homo,
3488 1270 3657 1330 atque

2077 1340 2464 1411 coufringitur,
2497 1361 2619 1401 cum
2650 1361 2745 1415 per
2770 1344 3120 1418 fragilitatem
3152 1350 3393 1421 aliquam
3422 1361 3654 1422 peccat;

2073 1434 2171 1490 sed
2194 1435 2313 1503 ejus
2335 1452 2499 1503 super
2521 1454 2580 1492 se
2602 1440 2752 1494 ruina
2786 1443 3112 1503 conteritur.
3135 1459 3260 1502 cum
3285 1444 3521 1516 superbe
3544 1446 3654 1509 bla-

2072 1526 2339 1596 spltemat.
2388 1529 2577 1584 Turris
2624 1548 2756 1601 ergo
2797 1534 2941 1594 Siloe
2987 1549 3154 1609 super
3183 1536 3331 1596 hunc
3385 1537 3648 1599 clericum

2072 1617 2293 1685 cecidit,
2335 1629 2391 1675 et
2436 1622 2577 1679 sicut
2613 1623 3041 1696 blasphemando
3088 1637 3381 1697 meruerat,
3419 1633 3652 1693 omnino

2071 1711 2354 1771 cntttrivit.

2697 1789 2926 1848 CAPUT
2953 1788 3016 1847 γ.

2029 1875 2224 1942 ‘Quod
2272 1874 2415 1929 Deus
2466 1877 2667 1930 nullum
2718 1889 2988 1947 peccatum
3028 1881 3340 1951 impunitum
3389 1882 3661 1957 relinquit.

2139 1965 2203 2019 Et
2225 1968 2355 2035 quid
2394 1968 2613 2028 mirtttn.
2642 1968 2685 2020 si
2726 1969 2913 2037 gravia
2942 1986 3039 2023 nos
3089 1980 3311 2040 peccata
3370 1974 3663 2029 tormentis

2067 2057 2341 2120 atldicant,
2367 2073 2491 2111 cum
2529 2058 2726 2111 subtile
2756 2059 2847 2113 Dei
2877 2061 3142 2135 judicium
3186 2062 3449 2138 impunita
3491 2065 3661 2119 etiam

2067 2148 2287 2202 minima
2317 2166 2421 2202 non
2453 2151 2763 2219 relinquat?
2796 2154 2907 2208 lmo
2938 2154 3068 2225 quid
3104 2170 3323 2220 novum,
3345 2156 3389 2210 si
3415 2158 3659 2227 reprobat

2067 2236 2357 2292 locutionis
2404 2239 2750 2309 sacrilegium
2806 2243 3052 2305 damnat,
3107 2259 3228 2299 cum
3285 2248 3399 2317 ipsa
3444 2263 3659 2321 quoque

2067 2326 2243 2381 laudis
2282 2343 2393 2381 suze
2448 2332 2738 2398 praeconia,
2798 2333 2899 2386 nisi
2948 2333 3109 2407 digne
3156 2335 3268 2395 sint
3318 2338 3658 2407 deprompta,

2065 2418 2420 2471 contemnat?
2475 2420 2697 2474 Adraldi
2740 2437 2933 2492 nempe
2990 2424 3272 2496 prudentis
3320 2435 3375 2481 et
3419 2428 3655 2499 religiosi

2064 2507 2187 2567 viri.
2222 2509 2311 2575 qui
2351 2508 2688 2564 Bremetensi
2720 2514 3003 2581 przentinet
3051 2518 3383 2573 monasterio
3412 2557 3429 2583 ,
3493 2518 3655 2574 didici

2067 2596 2330 2651 relatione
2358 2600 2500 2666 quod
2532 2600 2735 2663 scribo,
2784 2603 2927 2669 quod
2969 2601 3134 2661 etiam
3180 2605 3408 2661 inditum
3455 2606 3659 2663 litteris

2063 2701 2185 2741 esse
2205 2687 2441 2743 dicebat.
2486 2689 2750 2755 Clericus,
2801 2692 2996 2761 inquit,
3032 2693 3372 2755 Coloniensis
3404 2696 3660 2759 Ecclesia:

2062 2778 2258 2832 vadum
2289 2779 2530 2835 ﬂuminis
2554 2781 2842 2848 transibat,
2868 2792 2923 2837 et
2944 2798 3071 2837 ecce
3114 2783 3305 2845 beatus
3355 2785 3653 2843 Severinus

2062 2865 2300 2935 ejusdem
2330 2870 2584 2924 Ecclesiae
2613 2887 2785 2941 nuper
2812 2872 3119 2942 episc0pus,
3147 2876 3273 2947 equi
3314 2875 3432 2949 ejus
3482 2878 3650 2935 liabe-

2062 2974 2160 3012 nas
2194 2961 2574 3030 apprehendit,
2604 2978 2835 3031 euntque
2875 2965 3137 3030 retinens,
3192 2966 3358 3027 sistit.
3413 2967 3658 3040 Cumque

2063 3052 2153 3106 ille
2192 3054 2244 3106 in
2272 3062 2547 3123 stuporem
2574 3070 2786 3121 versus,
2813 3065 2868 3111 et
2914 3058 3157 3129 graviter
3186 3058 3508 3124 admiratus,
3556 3076 3656 3115 cur

375 3136 628 3192 videlicet
670 3137 1013 3206 pmliaturus
1052 3139 1393 3202 ascenderat,
1445 3146 1609 3193 tanta:
1655 3140 1959 3194 velocitatis
1987 3111 2032 3172 δ
2066 3141 2173 3196 illic
2205 3151 2313 3196 tam
2338 3143 2515 3197 clarus
2539 3153 2592 3197 et
2623 3153 2729 3197 tam
2769 3111 2999 3201 celcb‘iis
3042 3144 3199 3201 fama:
3234 3146 3319 3200 vir
3348 3157 3654 3205 moraretur

375 3250 442 3287 ac
466 3231 697 3297 roboris,
725 3241 785 3285 ut
814 3231 991 3285 nullus
1013 3231 1114 3286 sibi
1139 3232 1415 3285 videretur
1438 3246 1630 3299 equus,
1660 3242 1753 3284 aut
1779 3233 1956 3287 mulus

375 3326 444 3378 ad
474 3322 841 3378 dimicandum
874 3338 1034 3391 posse
1071 3320 1340 3391 pra-ferri.
1390 3321 1554 3387 Casu,
1594 3322 1702 3375 imo
1732 3323 1840 3375 Deo
1881 3323 1959 3376 di-

336 3426 339 3439 ³
376 3429 657 3489 sponente,
688 3419 1011 3489 contigerat,
1043 3419 1185 3487 quod
1215 3419 1537 3487 pra-cedenti
1570 3429 1728 3472 nocte
1746 3418 1959 3486 jumen-

377 3524 488 3565 tum
520 3512 647 3565 illud
679 3511 894 3566 stabulo
935 3509 1167 3565 solutum
1199 3508 1541 3571 abscederet,
1588 3523 1954 3578 arervumqne

376 3602 505 3657 salis
533 3602 833 3665 inveniens,
856 3616 923 3655 ex
946 3614 1011 3653 eo
1035 3599 1325 3670 plurimum
1353 3600 1685 3652 comederet.
1715 3598 1959 3653 Clericus

377 3694 558 3762 itaque
587 3694 712 3746 dum
744 3693 797 3746 in
829 3692 944 3746 acie
973 3690 1301 3745 constitutus
1336 3704 1499 3756 super
1531 3704 1685 3757 aqua:
1721 3689 1955 3743 rivulum

375 3783 676 3845 deveniret,
706 3782 889 3851 ibique
915 3780 1163 3836 cominus
1183 3777 1584 3832 adversantium
1610 3779 1777 3831 armis
1801 3794 1955 3831 arma

375 3871 669 3937 conferret,
693 3871 1018 3939 iumentum,
1058 3877 1118 3924 ut
1165 3878 1285 3922 erat
1324 3866 1584 3936 assumpti
1629 3867 1759 3920 salis
1802 3868 1989 3937 copia.

375 3962 729 4026 sitibundum,
756 3960 970 4015 frenum
1000 3961 1065 4014 de
1108 3972 1271 4012 mantt
1304 3955 1534 4011 rectoris
1560 3955 1823 4009 violenter
1858 3972 1953 4009 ex-

377 4054 555 4118 torsit,
590 4055 810 4123 suisque
853 4061 1024 4107 totum
1056 4052 1263 4106 viribus
1301 4049 1615 4112 vindicavit.
1658 4065 1722 4103 ac
1758 4059 1955 4119 praesto

374 4152 541 4210 caput
579 4143 634 4195 in
677 4157 874 4212 aquam
914 4143 981 4196 ad
1020 4142 1313 4196 bibendum
1358 4138 1632 4194 inltianter
1663 4138 1950 4192 immersit.

375 4231 469 4283 Ille
497 4246 649 4295 vero,
681 4233 805 4285 dum
836 4248 897 4287 ea
935 4247 1120 4295 manu,
1167 4246 1274 4300 qua
1314 4236 1527 4283 scutum
1563 4228 1802 4290 tenebat,
1830 4241 1955 4281 cum

367 4318 617 4387 jumento
648 4320 905 4391 conﬂigit,
942 4321 1229 4376 hostilibus
1257 4319 1456 4387 jaculis
1490 4318 1683 4373 faciem
1732 4329 1955 4371 coactus

372 4410 596 4477 exponit
638 4427 652 4462 :
698 4418 754 4463 et
780 4424 908 4463 ecce
945 4418 1163 4479 repente
1199 4408 1410 4479 gladius
1448 4423 1512 4462 os
1546 4407 1667 4476 ejus
1710 4404 1953 4460 fulminis

372 4513 523 4554 more
571 4498 866 4562 transﬁxit,
909 4499 1113 4568 talique
1152 4499 1238 4553 vir
1283 4498 1549 4567 reprobus
1590 4497 1753 4551 vitam
1797 4511 1949 4551 suam

374 4590 481 4647 [me
510 4591 797 4646 conclusit.
838 4590 883 4646 Ο
910 4607 1072 4660 quam
1105 4606 1344 4663 congrue
1382 4591 1436 4645 in
1468 4590 1556 4644 illa
1587 4589 1805 4658 pertulit
1832 4604 1953 4643 cor-

371 4682 520 4753 poris
552 4691 709 4752 parte
745 4682 1059 4746 vindictam,
1099 4697 1204 4751 qua
1232 4665 1371 4751 nigri
1398 4679 1540 4734 fellis
1569 4680 1625 4732 in
1666 4680 1950 4732 Dominum

370 4781 655 4829 vomuerat
676 4773 1093 4841 blasphemiam!
1122 4772 1189 4827 Et
1218 4787 1339 4826 cum
1364 4771 1632 4840 Propheta
1655 4772 1721 4823 de
1752 4769 1952 4848 talibus

370 4863 519 4918 dicat
548 4880 566 4918 :
604 4882 624 4916 ‹
659 4863 777 4918 Filii
814 4863 1312 4923 hominum,deutes
1344 4877 1531 4916 eorum
1560 4873 1731 4921 arma,
1769 4871 1820 4912 et
1866 4875 1952 4911 sa-

371 4955 543 5024 gittae,
570 4963 626 5008 et
660 4953 841 5025 lingua
868 4969 1054 5009 eorum
1086 4953 1298 5023 gladius
1329 4961 1522 5006 acutus
1552 4949 1723 5020 (.Psal.
1756 4949 1895 5013 LVI);
1928 4966 1946 4997 ι

368 5045 467 5115 qui
501 5045 735 5116 linguam
764 5060 918 5098 suam
948 5054 1004 5098 et
1043 5044 1233 5098 dentes
1278 5043 1541 5096 adversus
1579 5042 1747 5094 Deum
1792 5039 1952 5109 gladii

372 5150 527 5190 more
550 5135 804 5197 vibravit,
840 5135 1005 5205 digne
1035 5148 1132 5202 per
1162 5134 1353 5188 eadem
1385 5132 1627 5185 membra
1660 5130 1955 5183 materiars

372 5226 535 5296 gladii
564 5241 755 5296 poenas
783 5226 1034 5280 exsolvit.
1072 5224 1232 5294 593
1257 5224 1344 5277 Isti
1376 5222 1537 5292 plane
1560 5221 1785 5290 contigit
1806 5220 1951 5290 quod

372 5319 634 5373 Dominus
658 5318 709 5372 in
736 5317 1031 5387 Evangelio
1060 5317 1193 5370 dicit
1222 5334 1235 5369 :
1272 5334 1289 5366 t
1320 5314 1453 5381 Quia
1486 5330 1650 5383 super
1682 5315 1865 5368 decem
1897 5320 1953 5366 et

370 5421 498 5465 octo
546 5412 792 5466 homines
846 5411 1011 5463 turris
1061 5409 1207 5463 Siloe
1255 5408 1471 5470 cecidit,
1516 5416 1571 5462 et
1614 5406 1813 5462 occidit
1858 5421 1951 5459 eos

372 5500 527 5572 (Luc.
564 5502 706 5568 xm).
742 5521 760 5553 ι
807 5501 978 5575 Quem
1012 5515 1143 5555 vero
1172 5500 1394 5569 mystice
1422 5499 1588 5553 turris
1629 5498 1718 5552 illa
1745 5498 1950 5567 signiti-

369 5600 482 5655 cat,
520 5591 622 5645 nisi
651 5591 798 5645 illum
835 5591 923 5647 cui
951 5591 1237 5645 Psalmista
1271 5590 1522 5645 decantat
1561 5606 1574 5642 :
1612 5604 1630 5638 t
1673 5586 1950 5641 Deduxisti

373 5698 484 5749 me.
530 5685 659 5755 quia
706 5684 882 5740 factus
918 5699 977 5740 es
1007 5699 1133 5754 spes
1177 5699 1313 5749 mea,
1363 5686 1529 5739 tttrris
1554 5680 1888 5739 fortitudinis
1921 5697 1951 5734 a

2063 3233 2363 3302 inquireret
2393 3253 2405 3287 :
2438 3236 2508 3287 Da
2540 3237 2693 3300 mihi,
2717 3236 2816 3299 ait,
2839 3252 3055 3297 manum
3085 3245 3252 3301 tttam,
3282 3246 3340 3292 et
3360 3254 3481 3307 quat
3498 3238 3647 3295 circa

2063 3337 2149 3375 me
2174 3332 2319 3386 sunt,
2362 3339 2467 3377 non
2492 3324 2679 3376 auditu
2714 3324 2883 3388 disce,
2915 3324 3009 3378 sed
3054 3333 3222 3380 tactu.
3265 3324 3511 3399 Cumque
3556 3329 3654 3380 da-

2063 3420 2172 3464 tam
2205 3426 2423 3464 manum
2450 3410 2701 3466 fluctibus
2724 3413 3013 3482 episcopus
3036 3413 3417 3482 impressisset.
3468 3422 3654 3471 tantus

2059 3515 2179 3554 eam
2208 3500 2371 3554 ardor
2397 3501 2701 3565 absorbuit,
2731 3510 2791 3555 ut
2821 3503 3059 3573 undique
3086 3518 3283 3558 carnes
3332 3502 3449 3571 ejus
3500 3517 3656 3560 reso-

2060 3592 2184 3646 lutas
2212 3591 2535 3657 difﬂuerent,
2564 3604 2619 3648 et
2645 3610 2767 3648 ossa
2801 3596 2946 3649 nuda
2973 3599 3062 3650 vix
3084 3580 3413 3655 merentibus
3439 3598 3647 3653 articu-

2060 3683 2128 3737 lis
2153 3691 2515 3738 remanerent.
2546 3684 2623 3737 Atl
2651 3700 2813 3754 quem
2839 3686 3092 3751 clericus,
3140 3686 3287 3763 [cum
3332 3688 3491 3762 adde]
3547 3706 3649 3745 nc-

2061 3787 2204 3836 men,
2235 3772 2429 3841 inquit,
2459 3781 2606 3826 tttum
2647 3774 2699 3826 in
2753 3782 2901 3828 tanta
2963 3776 3339 3831 benedictione
3393 3779 3464 3832 sit
3508 3780 3651 3848 apud

2059 3876 2175 3922 nos,
2204 3870 2259 3916 et
2288 3861 2427 3915 fama
2458 3870 2544 3915 tua
2578 3863 2836 3916 consonis
2861 3864 3028 3917 totius
3050 3862 3307 3918 Ecclesia:
3357 3868 3649 3934 przeconiis

2058 3954 2382 4017 celebretur,
2414 3970 2511 4008 cur
2536 3963 2588 4010 te
2621 3954 2879 4029 pestilens
2909 3955 3024 4009 haec
3073 3968 3273 4024 vorago
3300 3955 3650 4027 constringit,

2058 4051 2333 4111 tantoque,
2357 4044 2492 4111 proli
2523 4043 2709 4098 dolor!
2744 4042 2999 4097 incendio
3029 4042 3333 4096 cruciaris?
3370 4044 3451 4101 Ad
3483 4060 3645 4113 quem

2058 4142 2278 4189 sanctus
2315 4134 2599 4202 episcopus
2633 4152 2646 4188 :
2678 4132 2840 4197 Nihil,
2866 4132 2967 4195 ait,
2991 4130 3137 4186 aliud
3181 4131 3233 4185 lu
3265 4147 3351 4187 me
3385 4135 3649 4189 remansit

2058 4225 2262 4280 ultione
2291 4226 2654 4295 plectendum,
2685 4233 2885 4295 praeter
2905 4225 3009 4279 hoc
3042 4234 3276 4289 tantum,
3332 4227 3457 4296 quia
3490 4228 3643 4294 dtttu,

2059 4317 2110 4371 in
2138 4317 2259 4371 aula
2290 4317 2439 4387 regia
2464 4318 2817 4380 constitutus,
2846 4316 3216 4386 imperialibus
3262 4331 3348 4370 me
3403 4318 3649 4373 consiliis

2058 4407 2696 4477 vehctncuterimplicui,
2746 4408 3024 4462 canonica:
3072 4405 3294 4478 synaxis
3341 4406 3512 4463 cilicia
3552 4424 3650 4479 per

2058 4500 2310 4556 distincta
2347 4501 2604 4554 horarum
2635 4499 2806 4568 spatia
2832 4515 2938 4554 non
2963 4500 3221 4568 persolvi.
3264 4500 3417 4554 Mane
3446 4501 3645 4573 quippe

2057 4594 2215 4650 simul
2242 4594 2422 4648 omnia
2455 4606 2803 4655 coacervans,
2835 4599 2946 4645 tota
2975 4591 3061 4645 die
3091 4593 3318 4662 negotiis
3345 4592 3641 4665 ingruenti-

2059 4686 2162 4739 btts
2189 4698 2379 4737 secura
2413 4681 2667 4735 libertate
2689 4681 2971 4733 vacaliam.
3020 4680 3101 4733 οι)
3146 4680 3285 4734 hanc
3328 4681 3511 4750 itaque
3550 4697 3645 4736 ue-

2057 4772 2368 4843 gligentiam
2394 4770 2675 4832 horarum,
2707 4768 2916 4822 ardoris
2951 4766 3108 4833 hujus
3137 4767 3252 4821 fero
3294 4769 3640 4837 supplicium.

2056 4861 2135 4915 Tu
2176 4875 2303 4915 vero
2324 4858 2709 4926 omnipotentis
2730 4856 2821 4910 Dei
2846 4855 3188 4910 clementiam
3213 4857 3489 4911 humiliter
3540 4858 3643 4912 im-

2055 4952 2225 5022 plora,
2260 4962 2319 5004 ut
2341 4966 2560 5004 manum
2592 4958 2734 5002 tuam
2762 4948 2814 5001 in
2854 4937 3044 5002 salutis
3104 4948 3348 5018 priStina:
3394 4952 3646 5006 restituat

2056 5052 2276 5098 statum.
2310 5041 2462 5109 Quod
2486 5057 2609 5094 cum
2642 5040 2841 5093 factum
2869 5039 3016 5093 fttiss:
3039 5046 3096 5092 t:
3133 5038 3297 5107 Vade,
3324 5041 3514 5109 inquit,
3544 5040 3642 5114 Illi,

2055 5135 2279 5188 obsecra
2312 5132 2508 5186 fratres
2556 5140 2771 5187 nostros
2800 5130 3057 5186 Ecclesia:
3110 5131 3365 5195 clericos,
3404 5140 3459 5185 et
3508 5131 3645 5187 alios

2057 5222 2365 5293 spirituales
2403 5220 2567 5295 595
2603 5222 2771 5285 viros,
2798 5231 2976 5289 ntpro
3019 5237 3104 5275 me
3150 5235 3342 5288 preces
3393 5219 3641 5286 fundant,

2058 5312 2423 5383 indigentibus
2451 5310 2690 5365 subsidia
2726 5309 3027 5371 conferant,
3081 5308 3473 5364 sacriﬁciorum
3502 5312 3645 5364 votis

2055 5404 2329 5458 insistant.
2364 5400 2458 5454 llis
2505 5401 2648 5453 enim
2681 5399 2939 5469 peractis,
2986 5413 3086 5470 ego
3136 5413 3256 5452 mox
3311 5396 3378 5451 de
3430 5398 3641 5459 vinculo

2057 5508 2231 5564 poenae
2250 5492 2409 5561 hujus
2448 5489 2815 5543 indubitanter
2863 5487 3145 5554 expediar,
3190 5496 3245 5540 et
3285 5488 3646 5556 exspectanti-

2057 5584 2159 5637 bus
2186 5597 2273 5636 me
2314 5581 2600 5635 beatorum
2654 5577 2853 5630 civium
2910 5573 3093 5629 choris
3144 5573 3299 5628 laetus
3357 5574 3640 5646 adjungar.

2059 5668 2381 5743 Quodcertc
2405 5684 2650 5739 magnam
2672 5666 2829 5727 nobis
2860 5666 3018 5722 debet
3043 5665 3248 5722 inferre
3277 5668 3640 5731 formidinem,
