4074 6190
395 327 498 387 579

792 378 795 379 ν
853 323 911 378 S.
951 319 1148 376 PETm
1182 314 1472 372 DAMIA‘SI
1512 311 1660 368 OPP.
1684 307 1918 367 TOMUS
1948 304 2079 363 SEU
2121 302 2299 359 PARS
2339 301 2403 357 Ill
2465 331 2533 341 —
2568 296 2932 357 OPUSCULA
2972 292 3203 350 VARIA.

3564 292 3671 349 580

395 438 521 508 quia
560 450 682 491 cum
711 443 959 488 sanctum
997 432 1194 493 virum,
1220 428 1313 481 uni
1362 425 1532 495 culpae
1573 423 1843 476 duntaxat
1889 420 1986 474 ob-
2015 426 2061 484 Α
2091 420 2254 472 homo
2279 456 2294 480 ,
2353 413 2449 468 Dei
2499 412 2747 469 ducimus
2810 410 3224 479 relinquendum
3272 421 3394 462 esse
3443 406 3672 475 judicio.

396 526 642 591 noxium,
678 535 784 578 tam
816 519 1166 576 intolerabilis
1188 514 1483 588 purgatorii
1513 529 1671 583 poena
1705 512 1981 567 constrin-

400 616 561 677 xerit,
595 629 692 677 ναξ,
716 627 818 674 vae,
848 623 968 680 quae
995 608 1150 670 mihi,
1176 605 1419 672 meisque
1446 602 1719 678 similibus
1764 608 1849 654 est
1903 599 1987 653 in-

397 704 622 760 ferenda
638 701 929 764 sententia,
947 713 1084 767 quos
1104 706 1182 750 tot
1198 703 1445 748 reatuum
1461 691 1748 763 prolixitas
1761 688 1986 761 gravat?

986 805 1220 861 CAPUT
1259 804 1348 859 Vl.

404 904 557 972 Quod
584 902 682 956 Dei
704 900 887 955 laudes
909 900 1060 970 [aedis
1085 896 1485 1019 cogitftionibus
1509 909 1621 947 non
1647 894 1758 947 sint
1808 890 1989 961 inqui-

1098 984 1201 1019 nan
1242 982 1307 1019 ω.

1098 982 1307 1021 nauata.

475 1059 860 1128 Distinguenda
890 1066 1014 1112 sunt
1060 1072 1161 1127 ego
1205 1070 1309 1125 per
1364 1060 1634 1108 momenta
1688 1062 1990 1123 temporum

398 1148 1168 1206 ecclesiastica:institutionis
1202 1146 1400 1212 olIicia,
1424 1155 1479 1200 et
1509 1146 1611 1200 sub
1654 1158 1847 1213 magna
1902 1142 1990 1196 di-

406 1242 517 1297 vini
545 1240 774 1304 timoris,
815 1254 880 1293 ac
904 1239 1220 1292 reverentia:
1246 1237 1471 1292 dicenda
1518 1243 1645 1290 sunt
1686 1234 1989 1303 disciplina,

404 1347 477 1387 ne
514 1331 640 1385 dum
663 1329 963 1399 psallimus,
988 1328 1221 1382 fructum
1250 1327 1471 1397 spiritus
1512 1341 1635 1381 cum
1675 1325 1857 1378 carnis
1902 1325 1993 1378 de-

410 1422 551 1480 sidia
583 1422 933 1475 misceamus.
959 1417 1096 1486 Quid
1133 1418 1279 1473 enim
1324 1417 1568 1487 prodest,
1610 1414 1843 1469 hostiam
1884 1413 1994 1468 Deo

408 1515 587 1570 laudis
612 1511 827 1575 offerre,
872 1520 928 1565 et
970 1526 1070 1581 per
1113 1519 1387 1580 torporem
1440 1506 1784 1578 negligentia:
1830 1503 1995 1559 fcedis

406 1616 533 1658 sese
579 1601 1000 1672 cogitationibus
1052 1599 1376 1669 inquinare?
1426 1598 1579 1652 llanc
1631 1611 1794 1667 porro
1845 1594 1992 1661 boni,

419 1691 657 1760 malique
684 1690 965 1743 misturam
993 1687 1142 1742 locus
1168 1687 1259 1741 ille
1312 1686 1584 1755 signiﬁcat
1629 1682 1992 1753 evangelicus,

2161 505 2216 559 ln
2249 506 2354 559 hac
2375 504 2538 558 etiam
2569 517 2752 556 eremo
2781 500 2945 555 fontis
2971 498 3239 563 Avellani,
3273 498 3363 553 ubi
3403 515 3550 554 nunc
3580 500 3677 555 ha-

2085 597 2199 651 bito
2226 636 2238 660 ,
2283 595 2433 666 prior
2466 594 2685 664 quidam
2741 592 2966 658 fuerat,
3008 592 3227 645 nomine
3278 590 3535 658 Joannes,
3585 593 3678 662 qui

2086 686 2246 742 lentis
2267 686 2589 755 quibusdam
2614 682 3020 738 inﬁrmitatibus
3047 681 3369 735 macilentus
3395 682 3682 737 videbatur

2086 791 2301 846 semper
2324 784 2381 830 et
2409 773 2647 845 gracilis.
2671 773 2780 826 Hac
2816 773 3001 840 itaque
3029 771 3112 825 sui
3143 771 3677 839 corporisimbecilla

2091 866 2351 920 tenuitate
2372 862 2628 929 conlisus,
2660 877 2801 931 saepe
2845 861 3037 928 jacens
3094 862 3149 915 in
3189 861 3333 917 lecto
3381 862 3680 931 completo-

2091 959 2232 1011 rium
2286 955 2628 1011 decurrebat.
2675 952 2890 1008 Accidit
2942 962 3119 1006 autem
3191 961 3251 1007 ut
3310 954 3678 1010 darmoniacus

2089 1045 2305 1116 quidam
2328 1060 2435 1099 non
2459 1042 2646 1114 procul
2664 1042 2902 1104 abesset,
2926 1042 3018 1110 qui
3044 1041 3212 1095 multa
3254 1043 3540 1098 hominum
3589 1060 3674 1100 δρα

2091 1148 2261 1202 creta,
2284 1147 2339 1193 et
2365 1138 2630 1193 obscenos
2645 1124 2812 1192 'actus
2842 1136 3128 1205 impudens
3155 1137 3487 1206 prepalaret.
3517 1136 3680 1192 (.um-

2091 1241 2197 1296 que
2221 1225 2480 1297 prazfatus
2504 1226 2741 1282 Joannes
2784 1227 3085 1281 daemonem
3137 1227 3289 1282 exire
3344 1227 3680 1297 praeciperet,

2090 1326 2148 1381 et
2191 1316 2517 1386 quibusdam
2567 1316 2858 1371 exorcismi
2906 1315 3295 1385 quaestionibus
3340 1315 3679 1386 ﬂagellaret:

2095 1404 2266 1471 Tunc,
2298 1406 2396 1472 ait,
2428 1405 2519 1461 ille
2547 1421 2624 1469 es,
2657 1406 2749 1475 qui
2781 1407 2883 1461 sub
2907 1415 3057 1460 cotto
3085 1406 3332 1476 quotidie
3386 1406 3684 1475 completo-

2095 1497 2235 1551 rium
2266 1497 2596 1562 insusurras,
2624 1504 2679 1551 et
2709 1496 2870 1552 modo
2892 1512 2978 1551 me
3001 1497 3160 1567 quasi
3190 1506 3412 1552 sanctus
3455 1497 3679 1565 dicere.

2095 1596 2151 1643 et
2170 1588 2309 1658 juris
2335 1589 2438 1643 mei
2470 1588 2749 1643 vasculum
2774 1588 2841 1643 de
2870 1603 2991 1643 meo
3031 1588 3114 1643 vis
3141 1588 3385 1644 dominio
3411 1589 3684 1645 liberare?

2098 1679 2211 1734 Hoc
2231 1679 2436 1744 audito,
2460 1678 2629 1733 frater
2648 1678 2884 1743 erubuit,
2912 1679 3039 1748 quia
3069 1679 3146 1745 rei
3182 1678 3464 1735 veritatem
3514 1680 3681 1735 etiam

411 1783 503 1837 ubi
533 1782 730 1836 dicitur
753 1798 767 1833 :
792 1778 928 1846 Quia
959 1779 1187 1833 ducente
1219 1777 1466 1839 Domino,
1505 1776 1734 1829 aderant
1769 1773 1987 1842 quidam
2020 1771 2064 1829 Β
2092 1789 2189 1844 per
2219 1769 2483 1827 mendacii
2512 1769 2826 1839 recognovit
2852 1778 3154 1823 auctorem.

414 1875 535 1945 ipso
564 1873 617 1928 iu
652 1882 896 1941 tempore
946 1870 1259 1923 nuntiantes
1311 1868 1386 1922 illi
1437 1868 1503 1921 de
1554 1865 1790 1921 Galilaﬁs
1840 1862 1993 1936 (Luc.

414 1962 560 2033 χιιι),
585 1976 814 2032 quorum
860 1958 1177 2030 sanguinem
1225 1956 1433 2012 Pilatus
1466 1957 1683 2011 miscuit
1731 1970 1855 2009 cum
1908 1967 1998 2007 sa-

414 2053 636 2109 criﬁciis
667 2066 875 2107 eorum.
928 2051 1063 2105 Nam
1111 2050 1236 2120 quia
1281 2049 1509 2114 Pilatus,
1559 2064 1624 2104 os
1667 2046 1997 2102 malleatoris

415 2144 826 2215 interpretatur,
850 2143 977 2212 quid
998 2157 1097 2213 per
1118 2143 1282 2207 hunc,
1308 2142 1413 2197 nisi
1438 2139 1713 2196 diabolum
1738 2139 1997 2194 debemus

418 2237 739 2305 intelligere,
780 2234 869 2305 qui
896 2242 1120 2305 paratus
1148 2242 1233 2288 est
1277 2248 1490 2302 semper
1542 2232 1789 2286 homines
1829 2228 2000 2285 oll‘en-

417 2328 631 2383 simium
654 2327 858 2382 ictibus
903 2325 1243 2380 verberare?
1278 2324 1433 2380 Unde
1476 2332 1535 2378 et
1578 2322 1784 2392 virgam
1836 2334 2000 2390 super

416 2417 677 2477 humeros
714 2418 994 2473 hominum
1033 2424 1217 2471 tenere
1248 2416 1451 2471 dicitur
1488 2430 1585 2483 per
1626 2413 1994 2484 Prophetam:

423 2527 444 2561 ι
478 2508 722 2579 Yirgam,
753 2507 948 2577 inquit,
980 2506 1189 2561 humeri
1212 2506 1331 2576 ejus
1356 2504 1651 2575 superasti,
1673 2504 1815 2558 sicut
1836 2502 1890 2556 in
1913 2502 2000 2557 die

419 2595 631 2651 Madian
677 2596 813 2667 (Isa.
854 2596 954 2666 Ix).
993 2615 1010 2648 ι
1037 2594 1177 2663 Quid
1197 2610 1328 2651 vero
1352 2596 1595 2666 sanguis,
1619 2595 1721 2649 nisi
1750 2590 1998 2663 peccata?

418 2687 558 2755 Quid
594 2685 884 2751 sacrificia,
910 2686 1014 2740 nisi
1040 2695 1235 2746 rectas.
1267 2693 1325 2739 et
1354 2683 1715 2754 acceptabiles
1763 2683 1875 2738 Deo
1927 2680 2002 2736 si-

419 2776 676 2847 gniﬁcant
696 2776 982 2831 actiones?
1016 2775 1222 2829 Pilatus
1250 2790 1381 2845 ergo
1408 2773 1753 2829 Galilaeorum
1782 2774 2002 2842 sangui-

430 2879 554 2920 nem
581 2879 706 2919 cum
735 2863 1016 2919 sacriﬁciis
1041 2863 1279 2928 miscuit,
1313 2862 1442 2931 quia
1475 2861 1747 2933 malignus
1776 2861 2002 2932 spiritus

421 2956 507 3011 vel
531 2956 810 3011 orationes
830 2963 1045 3010 nostras
1092 2954 1275 3024 pravis
1327 2952 1745 3024 cogitationibus
1788 2952 2000 3023 polluit,

429 3042 514 3099 vel
544 3059 707 3113 opera
740 3043 879 3098 bona
901 3041 1108 3111 peccati
1145 3039 1433 3108 cujuslibet
1451 3040 1861 3095 attaminatione
1878 3054 2001 3095 cor-

2166 1862 2321 1917 Alter
2343 1860 2508 1915 etiam
2550 1862 2801 1925 eremita,
2827 1859 2945 1935 .qui
2995 1859 3289 1931 vocabatur
3332 1858 3569 1916 Joannes
3616 1861 3685 1915 de

2095 1954 2262 2021 Anso,
2303 1970 2429 2009 cum
2458 1955 2530 2021 ei,
2553 1962 2611 2009 ut
2636 1954 2985 2024 egrederetur
3005 1954 3353 2009 vehementer
3380 1955 3680 2021 insisteret,

2098 2058 2165 2097 ac
2222 2042 2391 2098 divini
2439 2042 2676 2118 nominis
2734 2040 3004 2111 adjurium
3055 2043 3301 2098 crebrius
3348 2043 3682 2101 intentaret:

2097 2134 2349 2203 Nunquid
2393 2133 2593 2189 oblitus
2617 2148 2698 2199 es,
2722 2134 2817 2197 ait,
2867 2133 2969 2188 hac
3001 2134 3095 2188 tibi
3150 2143 3310 2189 nocte
3362 2135 3490 2204 quid
3539 2133 3687 2193 fece-

2098 2225 2237 2281 rim?
2269 2224 2422 2289 Nam,
2452 2225 2497 2280 si
2525 2239 2630 2279 non
2661 2224 2884 2289 excidit,
2935 2235 3119 2281 certus
3152 2242 3212 2279 es
3248 2226 3374 2295 quia
3405 2227 3532 2281 dum
3584 2243 3685 2297 ego

2098 2331 2188 2371 me
2219 2316 2274 2370 in
2300 2316 2415 2386 apri
2445 2315 2710 2371 silvestris
2757 2314 2986 2385 efﬁgiem
3016 2316 3174 2380 verti,
3210 2324 3263 2370 tu
3295 2330 3381 2371 me
3408 2318 3559 2386 quasi
3596 2334 3689 2372 ve-

2098 2416 2257 2471 nator
2282 2407 2659 2463 insectabaris.
2691 2405 2796 2461 Sed
2826 2407 2917 2476 qui
2945 2406 3165 2461 videbar
3184 2422 3333 2477 aper,
3357 2407 3538 2463 subito
3559 2424 3685 2479 spe-

2098 2502 2238 2558 ciem
2268 2507 2508 2554 venuslaa
2534 2497 2777 2553 mulieris
2800 2497 3097 2567 assumpsi,
3123 2507 3287 2567 atque
3327 2499 3380 2552 in
3438 2500 3685 2556 osculum

2100 2602 2250 2647 tuum
2282 2606 2465 2656 ruens,
2497 2599 2557 2644 ut
2576 2605 2759 2646 semen
2790 2588 3114 2657 effunderes,
3143 2606 3265 2645 cum
3294 2590 3466 2661 gloria
3496 2592 3692 2646 trium-

2098 2669 2280 2754 phavi.
2304 2682 2437 2737 Cum
2471 2682 2654 2752 itaque
2683 2680 2946 2750 reprobus
2971 2681 3195 2751 spiritus
3218 2684 3282 2738 de
3308 2683 3478 2738 fratre
3504 2684 3682 2738 delin-

2100 2781 2300 2843 quente
2327 2787 2423 2843 per
2448 2773 2668 2844 soporis
2694 2771 2974 2843 energiam
3020 2788 3083 2828 se
3132 2774 3395 2845 glorietur
3433 2776 3691 2832 habuisse

2106 2867 2476 2938 triumphum;
2511 2872 2717 2937 quanto
2755 2876 3007 2937 putamus
3023 2882 3148 2924 eum
3177 2869 3418 2939 gaudere
3455 2870 3692 2940 tripudio

2100 2974 2265 3029 super
2294 2958 2401 3024 his,
2434 2957 2525 3028 qui
2558 2957 2815 3014 labuntur
2838 2959 2890 3013 in
2924 2958 3270 3024 adulterium,
3295 2958 3376 3013 vel
3399 2959 3689 3014 incestum?

2118 3048 2270 3104 Unde
2294 3063 2436 3118 sazpe
2461 3049 2603 3103 Deus
2629 3047 2973 3117 omnipotens
3003 3048 3244 3104 terribile
3272 3050 3489 3105 exhibet
3518 3051 3684 3106 etiam

425 3135 646 3206 rumpit,
670 3141 728 3187 ut
772 3132 991 3204 sanguis
1014 3130 1344 3187 sacrificium
1372 3130 1605 3201 polluat;
1638 3131 1765 3186 dum
1818 3139 2002 3185 reatus
2028 3115 2073 3178 Ο
2106 3137 2160 3191 in
2188 3137 2290 3193 hac
2312 3115 2723 3204 vitajudicium,
2753 3115 2855 3193 nec
2888 3147 3066 3193 tamen
3109 3139 3289 3195 miseri
3316 3140 3561 3197 homines
3595 3140 3691 3197 de-

423 3225 649 3281 oﬁ'ensio
672 3224 907 3280 oblatam
936 3222 1045 3277 Deo
1088 3222 1222 3277 recti
1264 3223 1444 3293 operis
1490 3221 1765 3277 victimam
1813 3219 1999 3277 foedat.

425 3312 581 3372 Unde
631 3315 892 3385 scriptum
923 3322 1009 3368 est
1037 3331 1051 3367 :
1087 3331 1105 3366 ι
1137 3311 1277 3380 Quia
1305 3328 1429 3368 cum
1456 3311 1733 3367 Abraham
1763 3311 1874 3366 Deo
1916 3325 2003 3366 sa-

420 3405 686 3462 criﬁcium
718 3405 783 3460 de
812 3403 1119 3474 pecoribus,
1148 3418 1211 3459 ac
1234 3402 1545 3459 volucribus
1583 3405 1810 3458 devotus
1850 3399 2005 3457 offer-

426 3506 526 3561 ret.
553 3497 949 3552 descenderunt
982 3496 1232 3552 volucres
1262 3511 1426 3567 super
1470 3497 1757 3561 cadavera,
1798 3504 1854 3551 et
1889 3496 2005 3550 abi-

426 3587 587 3656 gebat
616 3601 708 3639 eas
747 3585 1023 3639 Abraham
1076 3583 1227 3655 (Gen.
1273 3583 1387 3656 xv).
1422 3604 1440 3637 ι
1485 3585 1623 3653 Quid
1652 3586 1798 3641 enim
1828 3586 2006 3655 expri-

428 3689 582 3758 munt
608 3678 884 3743 volucres,
912 3678 1017 3732 nisi
1042 3678 1301 3749 reprobos
1340 3678 1565 3748 spiritus
1586 3693 1683 3748 per
1708 3693 1836 3733 aera
1864 3676 2002 3733 voli-

423 3768 639 3824 tantes?
661 3767 907 3823 volucres
928 3783 1057 3839 ergo
1079 3785 1109 3823 a
1139 3768 1408 3824 sacrificio
1437 3780 1627 3825 nostro
1671 3770 2001 3840 repellimus,

425 3873 548 3914 cum
565 3872 788 3928 operum
809 3867 1117 3915 nostrorum
1134 3859 1384 3915 victimas
1400 3875 1431 3914 a
1448 3859 1701 3931 malignis
1723 3859 2004 3931 spiritibus

424 3965 522 4006 eas
551 3950 754 4006 fredare
787 3952 1140 4018 tentantibus,
1168 3953 1389 4023 provide
1414 3954 1770 4009 custodimus.

497 4039 637 4094 Idem
664 4056 815 4106 sane,
848 4056 1005 4111 quem
1040 4042 1410 4112 praediximus,
1436 4043 1731 4110 Adraldus,
1790 4044 1917 4100 dum
1948 4045 2004 4101 in

428 4128 750 4199 Burgundiae
773 4146 939 4201 regno
964 4131 1095 4186 mibi
1137 4133 1418 4188 conviator
1455 4134 1731 4190 incederet
1753 4153 1777 4189 :7
1798 4134 1857 4189 In
1879 4136 2004 4202 hoc,

429 4223 624 4292 inquit,
659 4223 777 4277 loco
801 4238 897 4292 per
923 4239 1081 4293 quem
1109 4241 1251 4279 nunc
1273 4225 1557 4279 transitum
1589 4228 1875 4291 habemus,
1903 4227 2006 4281 ali-

429 4312 558 4380 quid
586 4313 831 4381 contigit,
859 4314 1002 4381 quod
1026 4313 1071 4367 si
1094 4313 1345 4378 dicimus,
1376 4328 1482 4368 non
1506 4315 1718 4370 videtur
1746 4318 2002 4372 otiosum.

430 4399 620 4453 Frater
639 4400 856 4468 quidam
888 4401 1060 4454 nostri
1108 4401 1340 4455 cmnobii
1385 4401 1553 4472 (haud
1599 4403 1818 4458 dubimn
1875 4407 2005 4475 quin

432 4490 943 4562 Cluniacensis)pi:e
997 4492 1216 4557 mentis,
1263 4502 1320 4547 ct
1372 4504 1533 4548 rectm
1577 4498 2007 4554 conversationis

432 4582 533 4646 vir,
563 4582 686 4636 hinc
708 4581 996 4651 aliquando
1024 4583 1321 4649 transibat;
1345 4593 1401 4640 et
1444 4599 1572 4641 ecce
1599 4587 1829 4643 crinitus
1874 4590 2010 4660 qui-

432 4673 577 4737 dam,
609 4673 760 4742 quasi
789 4688 855 4728 ex
884 4672 1372 4744 Hierosolymitana
1419 4677 1860 4744 peregrinatione
1910 4679 2004 4735 de-

434 4766 675 4831 veniens,
702 4766 932 4835 palmam
966 4763 1173 4819 ferebat
1200 4765 1253 4819 in
1277 4779 1460 4818 manu.
1486 4763 1729 4836 Cumque
1760 4768 2005 4839 peregri-

438 4848 560 4926 nus,
593 4867 649 4914 et
692 4859 987 4913 monachus
1041 4857 1272 4912 invicem
1326 4856 1472 4911 obvii
1525 4871 1644 4913 sese
1685 4857 2007 4915 altrinsecus

434 4948 972 5018 pertransiissentmit
1001 4947 1090 5001 ille
1126 4965 1139 5001 :
1174 4945 1595 5017 Completorium
1623 4948 1677 5002 in
1705 4948 1864 5014 lecto,
1909 4965 2010 5005 nec

434 5034 582 5091 salus
602 5044 703 5099 est,
736 5051 835 5090 nec
857 5035 1146 5105 profectus.
1180 5035 1334 5102 Quod
1361 5037 1532 5091 frater
1559 5037 1807 5103 audiens,
1838 5040 2008 5094 admi~

436 5133 588 5178 ratus
642 5124 894 5193 expavit,
942 5140 1007 5179 ac
1060 5134 1278 5194 repente
1308 5135 1429 5194 post
1473 5135 1621 5197 terga
1674 5127 2008 5197 respiciens,

435 5230 561 5270 cum
589 5216 769 5270 videre
796 5231 898 5269 non
929 5216 1123 5286 potuit.
1147 5215 1306 5287 595
1337 5216 1453 5271 Mox
1486 5218 1633 5272 enim
1682 5227 1741 5271 ut
1788 5218 2009 5273 verbum

436 5308 678 5377 protulit,
713 5308 931 5361 omnino
953 5308 1233 5376 disparuit.
1265 5307 1355 5361 Ille
1385 5322 1510 5361 vero
1535 5306 1601 5361 ad
1623 5307 2011 5361 conscientiam

440 5412 565 5450 mox
598 5412 845 5451 reversus
874 5396 1099 5460 invenit,
1127 5396 1254 5465 quia
1300 5396 1549 5465 pridiano
1575 5410 1801 5465 vespere
1837 5395 2015 5451 lassus

354 5516 357 5519 ‹
440 5484 505 5537 de
535 5485 621 5537 via
649 5485 904 5549 redierat,
957 5492 1013 5539 et
1046 5483 1186 5538 fessa
1233 5485 1284 5537 in
1318 5484 1569 5538 lectulum
1608 5484 1847 5538 membra
1894 5500 2017 5553 pro-

444 5573 674 5642 iicicns,
736 5574 967 5642 jacendo
1037 5574 1326 5628 canonicas
1394 5574 1555 5627 horas
1626 5573 2010 5644 compleverat.

446 5664 634 5721 Utrum
658 5665 745 5720 ille
768 5666 987 5736 angelus
1010 5666 1192 5731 fuerit,
1217 5682 1283 5719 an
1306 5680 1513 5731 revera,
1539 5665 1678 5720 sicut
1707 5665 2009 5733 videbatur,

2033 4463 2085 4521 D

2104 3226 2290 3282 sinunt
2319 3226 2522 3281 iterare
2545 3226 2910 3296 plectendum.

2172 3315 2307 3371 Nam
2331 3315 2599 3371 Robertus
2629 3314 2905 3372 Gallorum
2938 3331 3053 3381 rex,
3081 3332 3214 3372 avus
3248 3317 3409 3373 istius
3432 3319 3685 3391 Philippi,

2102 3408 2194 3479 qui
2222 3408 2275 3462 in
2302 3408 2515 3479 paterni
2566 3406 2708 3475 juris
2734 3415 2948 3478 sceptra
2984 3408 3266 3473 successit,
3332 3411 3690 3481 propinquam

2103 3497 2205 3553 sibi
2232 3496 2505 3568 copulavit
2524 3512 2772 3564 uxorem,
2803 3511 2868 3552 ex
2903 3513 3009 3566 qua
3056 3499 3294 3568 suscepit
3345 3498 3537 3564 ﬁlium,
3591 3516 3691 3553 an-

2104 3586 2340 3642 serinum
2377 3601 2476 3657 per
2504 3586 2686 3641 omnia
2709 3586 2926 3652 collum,
2951 3595 3006 3643 et
3025 3598 3187 3659 caput
3208 3589 3518 3644 habentem.
3545 3588 3693 3656 Quos

2104 3677 2291 3744 etiam,
2323 3678 2498 3732 virum
2527 3676 2736 3732 scilicet
2756 3685 2809 3732 et
2831 3693 3080 3733 uxorem.
3111 3694 3301 3735 omnes
3341 3680 3455 3734 fere
3495 3679 3692 3734 Gallia—

2103 3781 2225 3821 rum
2273 3766 2553 3836 episcopi,
2610 3768 2882 3822 communi
2939 3767 3099 3823 simul
3152 3772 3692 3825 excommunicavere

2104 3856 2397 3913 sententia.
2421 3855 2588 3926 Cujus
2629 3858 2985 3913 sacerdotalis
3028 3858 3193 3913 edicti
3242 3867 3421 3914 tantus
3474 3875 3688 3916 omnem

2104 3947 2344 4016 undique
2375 3947 2635 4018 populum
2660 3957 2835 4003 terror
2857 3948 3073 4014 invasit,
3114 3959 3172 4003 ut
3197 3951 3264 4005 ab
3289 3951 3408 4020 ejus
3449 3952 3689 4005 universi

2104 4036 2365 4092 societate
2392 4038 2731 4101 recederent,
2764 4052 2864 4092 nec
2894 4047 3094 4105 praeter
3133 4039 3265 4093 duos
3289 4039 3391 4094 sibi
3445 4040 3690 4096 servulos

2106 4125 2174 4180 ad
2201 4125 2496 4181 necessarii
2524 4127 2700 4181 victus
2722 4125 3038 4196 obsequium
3079 4139 3422 4183 remanerent
3447 4147 3459 4182 :
3491 4130 3581 4200 qui
3614 4139 3695 4181 ta-

2106 4232 2230 4272 men
2262 4227 2317 4273 ct
2347 4218 2447 4287 ipsi
2471 4218 2650 4273 omnia
2680 4234 2833 4283 vasa,
2881 4219 2932 4273 in
2963 4220 3160 4288 quibus
3209 4233 3303 4274 rex
3335 4220 3552 4284 edebat,
3607 4221 3694 4274 vel

2107 4307 2361 4371 bibebat,
2411 4318 2667 4378 percepto
2721 4310 2883 4375 cibo,
2931 4311 3317 4365 abominabilia
3360 4312 3690 4381 jndicantes,

2110 4404 2362 4474 pabulum
2390 4404 2605 4473 ignibus
2630 4404 2978 4460 exhibebant.
3032 4404 3126 4459 llis
3154 4407 3368 4460 tandem
3424 4420 3517 4459 rex
3562 4420 3694 4458 coa-

2110 4505 2231 4550 ctus
2253 4495 2538 4565 angustiis,
2562 4496 2628 4550 ad
2661 4511 2851 4551 sanum
2876 4496 3163 4551 consilium
3191 4497 3429 4563 rediens,
3474 4496 3695 4552 divertit

2110 4586 2397 4652 incestum,
2427 4586 2653 4657 iniitque
2678 4586 2849 4656 legale
2872 4587 3220 4643 connubium.

2707 4676 2935 4733 CAPUT
2971 4677 3082 4733 Vll.

2252 4765 2404 4832 Quod
2441 4783 2545 4820 non
2580 4777 2700 4821 sunt
2731 4776 3039 4821 communes
3068 4766 3320 4822 ducenda:
3340 4783 3550 4822 uxores.

2146 4856 2288 4919 [Sed
2323 4866 2378 4911 et
2400 4857 2525 4913 Otto
2576 4872 2667 4911 rex
2726 4855 3166 4924 Teutonicorum,
3214 4858 3306 4929 qui
3353 4859 3693 4929 postmodum

2116 4947 2409 5016 imperator
2434 4958 2655 5003 creatus
2681 4958 2765 5003 est
2794 4947 3178 5012 Romanorum,
3214 4948 3530 5004 Adalaidem
3579 4949 3688 5003 Ita-

2114 5037 2199 5091 lia:
2224 5038 2488 5108 reginam,
2526 5054 2647 5107 qua:
2698 5039 2799 5093 sibi
2841 5049 3140 5093 comtnater
3180 5038 3344 5111 596
3386 5039 3692 5106 exstiterat,

2115 5128 2423 5195 suscepitin
2455 5126 2755 5198 coniugem.
2801 5128 2969 5195 Quem
3024 5128 3167 5184 ﬁlius
3216 5129 3330 5196 ejus
3374 5129 3693 5193 Almiticus.

2115 5218 2205 5285 qui
2232 5216 2551 5287 Magnntinae
2596 5218 2919 5286 praesidebat
2974 5228 3158 5288 pastor
3208 5218 3485 5285 Erclesiaa,
3529 5220 3695 5289 cmpit

2115 5317 2429 5361 constanter
2458 5320 2709 5378 arguere,
2740 5317 2794 5362 et
2817 5307 3103 5361 scelestum
3129 5308 3473 5378 luridumque
3500 5307 3693 5377 conju-

2111 5397 2255 5466 gium
2285 5396 2495 5465 publice
2527 5397 2907 5451 condemnare.
2942 5397 3103 5452 Pater
3138 5409 3320 5452 autem
3344 5399 3697 5453 vehementer

2113 5489 2305 5551 iratus,
2336 5503 2458 5541 cum
2485 5489 2869 5556 comprehendi
2895 5489 3173 5559 praecepit,
3204 5499 3261 5544 et
3288 5490 3546 5545 carcerali
3570 5505 3695 5564 mox

2114 5578 2370 5633 custodiae
2398 5578 2754 5646 mancipavit;
2790 5594 2953 5647 quem
2981 5595 3075 5649 per
3097 5579 3290 5639 annale
3318 5580 3537 5635 circiter
3574 5594 3699 5648 spa-

2117 5667 2249 5721 tium
2271 5680 2460 5722 carcer
2498 5666 2735 5735 inclusit,
2759 5667 2853 5723 sed
2878 5684 2907 5721 a
2932 5668 3275 5727 correctione
3307 5669 3544 5745 linguam
3594 5678 3702 5722 ter.-
