4074 6190
418 296 519 353 5‘8!

1141 293 1396 350 OPUSC.
1438 294 1683 350 XXXIV.
1725 325 1793 335 —-
1828 292 1922 346 DE
1964 290 2190 346 VARIIS
2234 289 2561 346 MIRACUL.
2606 291 2912 348 NARRAT.

3590 303 3698 359 582

420 408 561 464 roris
601 406 881 461 vinculum
933 420 1042 460 non
1098 405 1302 476 ligavit.
1345 407 1480 461 Cum
1534 421 1664 461 vero
1700 414 1853 476 pater
1892 419 2015 459 enm
2046 411 2092 464 Α
2121 402 2317 472 prime,
2350 403 2591 469 domine,
2624 405 2909 461 manifeste
2946 406 3074 477 quid
3104 408 3208 464 hoc
3230 410 3327 475 sit,
3379 420 3437 466 ut
3485 416 3703 473 confcso

417 496 1467 569 quadragesima“dccurreutejejunio,
1508 499 1575 553 de
1626 498 1871 552 custodia
1921 498 2015 551 de-

418 592 680 647 crevisset
718 592 972 656 educere,
1025 600 1315 660 antequam
1368 591 1683 660 psalterium
1730 592 2012 662 expleret,

418 683 562 754 quod
592 681 775 736 aureis
809 682 1072 735 exarabat
1102 680 1369 751 apicibus,
1411 684 1683 736 recusavit
1708 682 1879 736 exire.
1912 679 2017 734 Ve-

420 781 729 828 rumtamen
792 771 920 824 dum
968 770 1159 834 exivit,
1213 769 1330 824 zelo
1351 770 1709 825 sacerdotalis
1755 785 2018 825 accensus

420 860 783 923 auctoritatis,
809 875 916 913 non
941 859 1168 928 quievit,
1198 861 1291 914 sed
1321 874 1444 914 mox
1466 860 1517 913 in
1544 870 1753 929 patrem
1774 859 2016 929 jaculum

420 952 650 1022 publicae
678 949 1262 1005 excomtnunicationis
1289 950 1529 1005 intorsit.
1569 950 1612 1005 Ο
1636 966 1765 1005 vere
1796 951 2016 1020 dignum

422 1044 573 1114 regio
601 1057 800 1113 genere
825 1042 1186 1106 sacerdotem,
1220 1042 1311 1110 qui
1342 1041 1396 1095 in
1421 1056 1584 1096 causa
1629 1041 1723 1095 Dei
1768 1058 1873 1096 non
1924 1041 2020 1095 im-

423 1134 631 1206 periale
656 1133 960 1204 fastigium,
1010 1147 1124 1186 non
1174 1141 1457 1200 paternum
1522 1133 1838 1202 recognovit
1889 1132 2018 1187 affe-

426 1223 735 1289 ctum;sed
776 1224 1210 1303 dumpaternam
1270 1237 1335 1276 ac
1384 1223 1587 1291 regiam
1637 1223 2018 1276 auctoritatem

429 1316 479 1370 in
516 1314 634 1370 solo
661 1314 770 1368 Deo
801 1312 1104 1377 constituit,
1136 1311 1280 1367 hunc
1328 1312 1599 1366 hominem
1660 1310 1775 1379 ejus
1815 1310 2021 1381 legibus

427 1406 770 1461 resistentem
799 1443 814 1468 ,
879 1417 910 1456 a
959 1416 1020 1456 se
1069 1416 1298 1471 prorsus
1342 1408 1661 1456 extraneum
1722 1400 2018 1470 deputavit.

429 1495 577 1549 Dixit
625 1502 809 1547 autem
858 1490 1004 1562 patri
1036 1508 1049 1543 :
1086 1490 1166 1544 'I‘u
1213 1490 1501 1545 arbitraris
1538 1506 1623 1545 me
1644 1490 1929 1545 adversum
1969 1499 2023 1547 te

430 1585 730 1640 insolenter
759 1597 942 1653 agere,
991 1590 1044 1636 te
1096 1596 1229 1637 vero
1272 1581 1647 1652 praejudicium
1702 1582 1973 1637 sustinere
2000 1596 2020 1634 :

427 1678 537 1731 cito
563 1688 888 1745 praenesces,
917 1673 1042 1742 quia
1066 1671 1153 1726 die
1180 1680 1370 1727 sancta
1395 1671 1745 1727 Pentecostes
1791 1684 2024 1742 uterque

2067 540 2075 553 ,
2119 508 2211 547 sus
2236 494 2504 563 corrigam
2527 497 2670 564 quod
2700 498 2898 552 erravi.
2927 498 3099 555 Porro
3124 517 3222 556 vox
3274 505 3463 559 eadem
3512 522 3704 576 pecca’

2121 591 2229 637 tum
2261 585 2529 652 quoddam
2550 585 2719 659 [sicut
2750 589 3048 661 quaerebat]
3085 590 3363 661 signanter
3410 598 3703 666 expressit,

2117 677 2258 744 quod
2286 676 2373 731 ille
2399 694 2428 732 a
2459 694 2519 734 se
2542 682 2891 737 commissum
2916 683 3060 740 illico
3092 688 3420 757 recognovit,
3446 700 3499 744 et
3519 691 3703 750 abhati

2118 763 2439 821 festinanter
2467 770 2660 833 ascito,
2692 770 2835 826 facta
2861 772 3221 838 confessione,
3241 780 3517 847 purgavit,
3571 796 3705 850 pau-

2118 857 2305 926 cisque
2332 870 2453 927 post
2472 859 2662 915 diebus
2692 862 2743 914 in
2772 873 2957 917 sancta
2990 880 3121 934 pace
3143 865 3429 924 defunctus
3454 880 3555 924 est.

2706 970 2933 1029 CAPUT
2984 972 3112 1027 VIII.

2192 1056 2443 1112 Terribile
2471 1060 2762 1139 exemplum
2784 1063 3068 1139 cujusdam
3092 1066 3315 1139 (taurinis
3341 1066 3625 1139 desperati,

2528 1147 2589 1183 ac
2632 1132 2992 1200 interﬁcientis
3038 1136 3285 1203 seipsum.

2194 1216 2310 1272 Non
2339 1218 2498 1272 talem
2528 1219 2755 1274 sortitus
2784 1230 2868 1275 est
2911 1220 3072 1275 finem
3104 1223 3335 1278 clericus
3368 1225 3474 1291 ille,
3504 1229 3568 1282 de
3594 1243 3702 1297 quo

2121 1306 2253 1360 mihi
2310 1307 2452 1361 idem
2510 1307 2663 1380 Hugo
2725 1309 3097 1368 Cluniacensis
3156 1316 3468 1370 monasterii
3527 1326 3705 1373 rcctor

2122 1397 2229 1451 fida
2262 1399 2524 1455 relatione
2555 1403 2839 1457 narravit:
2890 1404 3225 1476 Religiosus,
3261 1408 3456 1478 inquit,
3480 1411 3705 1480 quidam

2121 1487 2409 1558 cpiscopus
2440 1489 2493 1543 in
2520 1492 2863 1559 expeditione
2911 1495 3140 1563 positus,
3191 1511 3313 1549 cum
3347 1499 3584 1554 venisset
3635 1501 3705 1554 ad

2124 1576 2300 1647 ripam
2348 1578 2631 1647 cujusdam
2683 1580 2940 1647 fluminis,
2982 1584 3243 1649 substitit,
3300 1588 3483 1656 ibique
3531 1588 3706 1644 lassus

2130 1681 2381 1723 recreare
2432 1671 2683 1740 spiritum
2734 1673 2917 1742 etrapit.
2955 1673 3201 1744 Cumque
3256 1676 3363 1733 illic
3420 1681 3704 1749 tranquille

426 1770 588 1823 simul
616 1768 914 1823 astahimus
950 1765 1288 1831 ante-Deum,
1344 1763 1524 1837 ibique
1552 1764 1900 1819 ventilahitur
1938 1766 2021 1819 in-
2053 1764 2099 1824 Β
2126 1759 2471 1830 (uilesceret,
2522 1763 2729 1818 audivit
2772 1780 2958 1820 vocem
3004 1766 3069 1821 de
3118 1766 3355 1825 fluminis
3400 1771 3553 1826 alveo
3576 1788 3705 1844 pro-

429 1858 1094 1928 ternosJibratajustitize
1122 1856 1293 1933 lance,
1318 1855 1574 1927 litigimn.
1622 1854 1699 1910 Ibi
1749 1854 1867 1911 luce
1911 1854 2021 1910 cia-

428 1952 544 2006 rius
569 1949 853 2020 apparebit
875 1948 997 2018 quis
1024 1957 1268 2002 nostrum
1296 1947 1569 2017 atquitatis
1594 1946 1791 2002 lineam
1819 1955 2022 2012 teneat,

428 2041 552 2110 quis
576 2041 668 2094 Dei
700 2039 905 2109 legibus
934 2037 1295 2093 contradicat.
1357 2036 1696 2107 Factumque
1736 2045 1841 2101 est,
1883 2037 2020 2106 ipso,

422 2135 520 2204 qui
544 2133 719 2187 dictus
748 2141 849 2196 est,
882 2139 1246 2187 sacrosancta:
1272 2129 1634 2184 solemnitatis
1655 2129 1763 2196 die,
1802 2138 1861 2183 ut
1887 2130 2016 2184 dum

429 2221 691 2293 praefatus
741 2221 1019 2290 Augustus
1068 2218 1439 2289 imperialibus
1485 2218 1671 2274 infulis
1716 2219 2019 2284 redimitus,

426 2312 838 2382 multorumque
867 2310 1184 2381 pontificum
1212 2310 1417 2376 choris,
1440 2310 1557 2366 sive
1592 2326 1878 2381 procerum
1908 2311 2023 2366 val-

426 2403 579 2457 latus
629 2402 961 2473 agminibus,
1015 2400 1303 2456 missarum
1361 2399 1639 2454 solemniis
1692 2401 2024 2468 interesset,

320 2480 336 2501 ⁶
430 2496 718 2567 repentino
755 2509 925 2564 super
956 2508 1079 2548 eum
1103 2493 1357 2548 veniente
1398 2490 1627 2559 judicio,
1674 2501 1919 2561 repertus
1957 2493 2029 2547 sit

432 2593 702 2640 mortuus.
733 2583 1033 2652 Episcopus
1062 2591 1244 2636 autem
1281 2580 1335 2635 in
1365 2580 1592 2635 Domino
1641 2579 1755 2650 jam
1804 2579 2029 2650 quieve-

432 2684 535 2730 rat.
570 2674 660 2729 Sic
683 2673 762 2729 sic
785 2673 877 2743 qui
907 2674 973 2727 de
1002 2673 1208 2727 incesto
1230 2669 1480 2741 coniugio
1511 2670 1841 2739 contempsit
1888 2670 2028 2727 inter

434 2766 684 2822 homines
706 2764 961 2835 iudicari,
994 2764 1060 2819 ad
1088 2761 1322 2817 tribunal
1350 2760 1539 2816 aeterni
1564 2761 1767 2831 judicis
1807 2771 2029 2817 coactus

432 2868 520 2918 est
556 2856 830 2928 pertrahi;
866 2864 921 2912 et
967 2855 1058 2926 qui
1090 2847 1393 2925 subjectum
1424 2853 1525 2908 sibi
1582 2852 1901 2922 dedignatus
1947 2860 2031 2907 est

434 2950 625 3003 audire
659 2947 995 3017 pontificem,
1055 2942 1349 3000 terribilem
1398 2957 1561 3012 super
1605 2956 1663 2997 se
1707 2958 1813 2996 non
1858 2942 2031 3011 potuit

430 3040 666 3096 evadere
688 3038 1051 3107 maiestatem.

2124 1852 2421 1917 deuntem,
2482 1862 2537 1909 et
2601 1855 2716 1911 haec
2770 1858 2933 1912 verba
3010 1858 3211 1915 clarius
3268 1863 3706 1931 exprimentem-

2124 1943 2270 1999 Hora
2309 1946 2492 2009 venit,
2537 1947 2700 2002 homo
2748 1964 2855 2003 non
2906 1951 3072 2004 venit.
3120 1950 3215 2007 llis
3253 1954 3451 2010 auditis
3497 1956 3709 2025 episco-

2124 2052 2225 2107 pus
2291 2037 2557 2117 sollicitus
2618 2040 2862 2094 redditur
2911 2059 2923 2094 :
2976 2051 3031 2095 et
3086 2046 3392 2112 recogitans
3440 2047 3541 2101 hoc
3591 2050 3714 2104 sine

2126 2129 2386 2199 mysterio
2414 2144 2535 2184 esse
2569 2146 2673 2185 non
2701 2145 2881 2200 posse,
2925 2130 3217 2187 adventum
3259 2134 3335 2188 rei
3382 2135 3567 2191 solerti
3618 2154 3713 2193 cu-

2129 2221 2307 2276 stodia
2358 2221 2722 2291 prrestolatur.
2778 2222 2885 2277 Sed
2941 2225 3065 2278 dum
3114 2232 3351 2281 attentus
3404 2228 3716 2297 explorator

2130 2319 2433 2381 exspectat,
2482 2310 2721 2380 dumque
2751 2311 2867 2368 haec
2896 2322 2950 2367 et
2987 2313 3076 2367 illa
3113 2317 3396 2386 recogitat,
3429 2333 3556 2373 ecce
3589 2322 3713 2388 qui—

2125 2398 2250 2454 dam
2303 2400 2538 2455 clericus
2581 2401 2820 2469 agillime
2856 2404 3208 2472 properabat,
3246 2421 3555 2477 equumque
3599 2410 3714 2464 cal.

2125 2492 2343 2548 caribus
2371 2502 2635 2558 atterens,
2664 2509 2879 2548 amnem
2922 2497 3157 2550 transire
3186 2500 3511 2566 quantocius
3559 2499 3715 2556 festi-

2128 2582 2308 2636 nabat.
2344 2582 2639 2636 Admonuit
2669 2590 2851 2637 autem
2902 2598 3029 2637 suos
3060 2585 3368 2655 episcopus,
3418 2597 3476 2642 ut
3525 2590 3715 2645 obvios

2128 2689 2187 2729 se
2228 2673 2467 2729 venienti
2520 2674 2843 2730 festinanter
2891 2673 3184 2743 objicerent
3212 2718 3227 2741 ,
3275 2693 3507 2749 eumque
3552 2694 3582 2737 a
3628 2682 3712 2737 sui

2130 2779 2327 2819 cursus
2365 2765 2569 2833 impetu
2616 2766 2938 2820 retinerent.
2987 2766 3232 2836 Cumque
3289 2768 3377 2824 ille
3424 2771 3717 2840 perniciter

2129 2872 2461 2927 properans,
2507 2856 2705 2913 flumen
2753 2859 3143 2929 aggrederetur
3181 2861 3585 2931 praecipitanter
3634 2863 3712 2917 in-

2131 2947 2351 3011 vadere,
2397 2962 2461 3001 ac
2504 2946 2625 3001 sine
2653 2962 2804 3001 mora
2844 2948 3118 3012 transire;
3154 2948 3338 3018 illique
3382 2960 3570 3004 contra
3603 2950 3719 3003 vio-

2131 3034 2311 3090 lenter
2339 3036 2692 3102 obsisterent,
2738 3048 2793 3092 et
2837 3039 3063 3108 gradum
3098 3039 3261 3110 figere
3305 3041 3715 3110 compulissent,

502 3130 633 3185 Haec
658 3145 779 3201 ego,
811 3125 1138 3183 venerabilis
1163 3133 1340 3195 pater,
1371 3132 1429 3179 et
1456 3122 1563 3178 alia
1586 3122 2013 3193 quamplurima,
2053 3111 2098 3171 C
2130 3124 2206 3178 ait
2237 3142 2250 3178 :
2281 3123 2575 3191 Quiescite,
2605 3141 2813 3196 quaeso,
2847 3128 3102 3182 dimittite
3140 3144 3249 3194 me,
3294 3131 3562 3195 recedite;
3587 3130 3712 3201 quia

433 3236 541 3276 non
570 3220 688 3275 sine
725 3232 932 3288 magna;
981 3214 1290 3270 formidinis
1337 3228 1542 3284 angore
1593 3212 1911 3277 conscribo;
1960 3226 2030 3266 ne

435 3309 709 3374 videlicet,
745 3306 828 3363 vel
859 3306 1119 3361 rclatores
1152 3304 1259 3359 ntei
1293 3318 1457 3358 mera:
1485 3303 1732 3357 veritatis
1775 3302 2028 3357 semitam

435 3415 546 3457 non
584 3398 879 3463 tenuerint,
910 3396 992 3452 vel
1023 3396 1137 3465 ipse
1182 3407 1401 3464 quoque
1451 3392 1774 3448 relationum
1807 3392 1861 3448 in
1897 3407 2032 3462 quo-

437 3492 573 3548 libet
596 3492 880 3545 immemor
930 3487 1204 3544 oblivione
1250 3484 1598 3554 deliquerim.
1650 3482 2030 3537 Verumtamen

440 3592 580 3640 teste
600 3581 953 3644 conscientia,
977 3594 1082 3634 non
1122 3579 1237 3633 haec
1262 3575 1560 3631 mentiendi
1591 3583 1737 3640 voto,
1772 3576 1869 3629 sed
1896 3575 2031 3631 aedi.

440 3674 708 3730 ficationis
737 3671 954 3730 affectu.
982 3679 1147 3740 prout
1168 3666 1361 3723 melius
1387 3681 1636 3737 possum,
1667 3674 1891 3720 narrata
1945 3678 2035 3720 re-

438 3767 642 3829 colere,
672 3773 861 3834 satago
890 3760 1163 3817 schedulis
1194 3759 1479 3814 adnotare.
1519 3756 1578 3811 Si
1607 3754 1737 3826 quid
1769 3757 1899 3811 mihi
1951 3764 2028 3810 ta-

438 3873 563 3914 men
595 3859 648 3912 in
678 3858 763 3912 bis
777 3852 1340 3921 obiivionisobrepsit,
1358 3851 1468 3905 imo
1484 3848 1752 3918 quidquid
1776 3849 2034 3902 humana:

440 3948 767 4009 conditionis
835 3945 1152 4001 infirmitate
1214 3942 1415 4012 deliqui
1464 3949 1758 4010 antequam
1806 3940 2035 3995 nexibus

441 4042 603 4110 latius
623 4039 806 4097 carnis
834 4037 1102 4099 absolvar,
1130 4035 1310 4090 divina
1340 4033 1474 4088 mihi
1498 4032 1671 4102 pietas
1700 4030 1807 4085 tuis
1827 4030 2036 4085 oratio-

441 4135 605 4189 nibus
632 4132 686 4186 in
712 4130 1034 4186 memoriam
1066 4135 1301 4189 revocet,
1336 4140 1401 4179 ac
1420 4124 1581 4194 digne
1607 4122 1793 4193 lugere
1814 4121 2037 4191 permit-

444 4235 552 4292 tat;
586 4239 656 4279 ne
674 4222 879 4277 viventi
900 4220 1033 4276 mihi
1059 4217 1430 4289 paenitendum
1458 4214 1589 4285 quid
1640 4227 1865 4268 manere
1913 4225 2036 4282 pos-

442 4317 515 4372 sit
535 4313 831 4377 occultum,
860 4312 1005 4381 quod
1036 4310 1324 4365 morientis
1349 4308 1421 4363 sit
1454 4306 1630 4362 oculis
1653 4305 2032 4373 ingerendum.

2127 3215 2299 3286 jussio
2326 3216 2470 3286 regis
2506 3225 2680 3288 urget.
2713 3216 2829 3271 Non
2860 3226 2946 3272 est
2996 3232 3084 3272 res
3106 3260 3121 3284 ,
3169 3234 3288 3287 qua:
3318 3219 3515 3274 deferri
3545 3224 3717 3290 possit

2132 3309 2188 3364 in
2232 3318 2531 3379 posterum.
2581 3308 2898 3380 Mysterium
2947 3310 3091 3380 regis
3136 3311 3338 3374 instat,
3389 3311 3716 3367 inevitabilis

2132 3402 2430 3456 necessitas
2456 3402 2708 3470 imperat.
2737 3401 2877 3468 Quid
2921 3401 3110 3471 plura?
3155 3403 3389 3459 Sanctus
3431 3405 3717 3479 episcopus

2132 3506 2254 3545 eum
2292 3490 2681 3544 violentissime
2731 3499 3043 3555 retentum,
3096 3494 3495 3562 supervenieuti
3554 3504 3714 3551 nocte

2133 3595 2315 3635 secum
2351 3580 2553 3635 habere
2580 3581 2757 3649 corgit
2802 3582 3118 3651 hospitium.
3166 3583 3291 3647 Sed,
3320 3599 3353 3638 ο
3381 3584 3579 3639 misera
3618 3586 3719 3641 ho-

2136 3670 2300 3725 minis
2332 3685 2397 3725 ac
2434 3668 2664 3739 lugenda
2696 3670 2968 3737 conditio,
3021 3687 3140 3741 qua:
3189 3671 3402 3728 facilius
3443 3675 3583 3729 valet
3613 3676 3714 3731 sibi

2134 3763 2476 3835 consciscere
2527 3763 2667 3816 mala
2713 3779 2835 3817 cum
2889 3765 3120 3828 desunt,
3171 3780 3332 3834 quam
3378 3768 3548 3821 vitare
3586 3783 3711 3823 cum

2135 3851 2452 3905 imminent!
2488 3851 2755 3920 Episcopo
2804 3851 3012 3906 scilicet
3039 3866 3160 3906 cum
3192 3854 3304 3907 suis
3328 3855 3477 3923 gravi
3518 3871 3715 3924 sopore

2135 3942 2411 4010 depresso,
2446 3941 2533 3996 ille
2558 3957 2653 3996 vas
2680 3957 2833 4012 aqua}
2868 3944 2917 3996 in
2951 3943 3185 4013 hospitio
3212 3945 3435 4012 reperit,
3484 3947 3537 4000 in
3569 3949 3713 4017 quod

2136 4040 2301 4099 caput
2328 4030 2678 4100 immergcns.
2708 4046 2836 4084 suus
2866 4031 2981 4099 ipse
3007 4040 3179 4085 tortor
3209 4032 3451 4096 effectus,
3482 4049 3540 4088 se
3568 4034 3714 4089 fera-

2137 4119 2263 4174 liter
2291 4121 2559 4174 enecavit.
2591 4118 2699 4174 Sed
2727 4120 2867 4174 sicut
2904 4121 3030 4185 iste,
3061 4120 3185 4176 licet
3212 4122 3444 4188 occulto,
3470 4125 3717 4180 districto

2139 4219 2320 4265 tamen
2345 4208 2442 4285 Dei
2466 4210 2691 4281 judicio,
2724 4211 2906 4266 carnis
2937 4211 3211 4268 interitum
3236 4214 3488 4284 pertulit;
3519 4215 3590 4269 ita
3621 4232 3719 4285 per

2139 4299 2257 4371 eius
2284 4282 2427 4372 pia‘m
2461 4300 2806 4356 clementiam
2840 4311 3072 4357 mortem
3103 4282 3297 4361 animae
3334 4305 3494 4360 simul
3524 4314 3579 4361 et
3600 4282 3720 4362 c—or-

515 4408 701 4461 Horno
734 4404 903 4460 abbas
922 4401 1316 4464 Cluniacensis,
1342 4414 1464 4453 cum
1492 4398 1559 4452 ad
1584 4413 1743 4454 suum
1793 4411 1880 4452 me
1921 4410 2036 4450 mo-
2063 4410 2103 4464 _’
2139 4394 2289 4464 poris
2313 4393 2458 4449 alter
2489 4395 2685 4450 evasit.

443 4496 742 4553 nasterium
775 4492 1139 4563 perduxisset,
1170 4490 1340 4545 frater
1365 4489 1583 4557 quidam
1607 4503 1773 4544 senex
1801 4487 1855 4541 in
1884 4487 2036 4542 infir-

444 4600 655 4642 morum
687 4585 866 4643 domo.
902 4582 1311 4651 ingravescente
1342 4579 1506 4633 totius
1524 4578 1779 4647 corporis.
1798 4584 2033 4641 tumore,

444 4674 752 4746 languebat.
773 4671 869 4726 Hic
882 4684 1069 4741 porro,
1096 4684 1220 4723 cum
1242 4667 1452 4722 abbatis
1470 4666 1833 4735 comperisset
1844 4665 2036 4721 adesse

2061 4455 2114 4516 D

2742 4487 2969 4545 CAPUT
3016 4488 3106 4542 IX.

2236 4578 2543 4648 Votifragus
2571 4579 2880 4647 infirmitate
2906 4578 3210 4647 corripitur,
3237 4589 3292 4632 ut
3325 4582 3615 4645 resipiscat.

2209 4668 2343 4723 Nam
2387 4670 2531 4738 quod
2584 4684 2727 4723 nunc
2774 4669 3018 4722 dicturus
3067 4682 3211 4730 sum,
3260 4678 3313 4721 et
3349 4683 3418 4723 ex
3457 4669 3719 4727 relatione

430 4765 810 4837 ~prtesentiam,
838 4762 992 4815 laetus
1011 4758 1261 4823 eﬂ'ectus,
1288 4758 1527 4813 divinam
1560 4754 2036 4825 cmpitimplorare
2132 4761 2244 4831 jam
2301 4756 2430 4814 dicti
2484 4758 2856 4812 Cluniacensis
2903 4757 3114 4811 abbatis
3140 4798 3154 4819 ,
3211 4757 3375 4827 598
3416 4767 3471 4812 et
3514 4774 3580 4813 ex
3624 4777 3720 4818 ονε

444 4850 1111 4912 clementiatnzDomine,
1167 4848 1367 4917 inquit,
1422 4859 1585 4917 quem
1642 4844 1847 4899 nullum
1905 4843 2039 4899 latet

444 4946 739 5009 occultum,
773 4958 977 5015 quaeso,
1006 4943 1050 4997 si
1072 4941 1199 5011 quid
1223 4947 1405 4994 reatus
1430 4939 1485 4993 in
1510 4952 1597 4993 me
1626 4946 1730 5001 est,
1759 4938 1902 5007 quod
1926 4952 2032 4992 non

446 5040 547 5095 sint
572 5040 853 5106 hucusque
897 5034 1204 5095 confessus.
1250 5040 1306 5086 tu
1354 5030 1484 5086 mihi
1519 5028 1945 5087 misericorditer
1978 5029 2031 5084 in

445 5134 708 5191 memoria
743 5146 963 5196 revoca,
995 5137 1263 5201 quatenus
1291 5125 1472 5181 abbati
1503 5139 1625 5180 meo
1644 5123 1770 5179 dum
1796 5138 2034 5193 praesens

447 5225 609 5297 597
640 5231 744 5289 est,
770 5237 905 5293 pure
929 5220 1223 5284 confitear;
1254 5227 1416 5286 atque
1452 5215 1521 5270 ab
1553 5229 1639 5279 eo,
1669 5213 1761 5284 qui
1802 5212 1892 5283 jus
1931 5213 2033 5265 hoc

448 5318 613 5372 inme
653 5328 768 5385 pra:
796 5312 1009 5368 caeteris
1057 5309 1237 5373 habet,
1280 5305 1553 5375 judicatus
1605 5301 1869 5358 absolvat.
1922 5300 2036 5354 lloc

449 5409 618 5469 dicto,
642 5404 949 5473 huiusmodi
986 5416 1089 5456 vox
1119 5398 1343 5454 auribus
1372 5395 1492 5466 ejus
1542 5393 1785 5469 insonuit
1820 5410 1832 5445 :
1879 5390 2040 5446 Certe

450 5510 551 5563 est,
579 5507 732 5553 certe
754 5506 844 5551 est
871 5496 1075 5565 aliquid
1101 5494 1152 5548 in
1206 5502 1278 5557 te,
1332 5489 1478 5559 quod
1525 5487 1807 5543 confessus
1861 5482 2040 5539 adhuc

450 5609 559 5649 non
589 5607 669 5646 cs.
723 5590 965 5659 Cumque
995 5587 1089 5643 ille
1133 5600 1318 5641 vocem
1378 5582 1547 5638 solam
1599 5579 1831 5641 audiret,
1874 5576 1967 5632 sed
2007 5592 2037 5630 a

450 5701 557 5757 quo
577 5682 917 5755 procederet,
942 5696 1049 5737 non
1082 5680 1308 5742 videret,
1334 5674 1544 5731 orando
1585 5669 1863 5741 subiunxit
1892 5686 1905 5723 :
1936 5668 2040 5721 Ex-

2139 4851 2304 4913 illins,
2335 4848 2423 4903 cui
2471 4862 2558 4901 res
2598 4848 2712 4915 ipsa
2756 4846 3080 4915 contigerat,
3129 4845 3466 4915 frequentius
3516 4849 3716 4903 audivi.

2138 4939 2469 4996 Adolescens
2504 4936 2723 5005 quidam
2751 4944 2872 4991 erat
2906 4935 2960 4989 in
3012 4935 3209 4990 finibus
3257 4935 3581 5006 Aquitaniae,
3626 4938 3721 5007 qui
3776 4942 3783 4951 ’

2140 5046 2261 5087 cum
2293 5028 2490 5084 coasvis
2537 5025 2651 5081 suis
2688 5025 2993 5096 juveneulis
3043 5026 3109 5081 de
3147 5027 3450 5081 animarum
3499 5042 3719 5081 suarum

2141 5120 2301 5190 cmpit
2331 5119 2506 5173 salute
2535 5125 2791 5172 tractare.
2821 5116 3224 5172 Deliberatione
3258 5115 3535 5187 praemissa
3556 5157 3571 5181 ,
3601 5125 3723 5169 tan-

2141 5212 2261 5265 dem
2291 5217 2557 5275 statuunt,
2603 5224 2667 5263 ac
2703 5208 2941 5262 unanimi
2989 5207 3217 5261 invicem
3267 5204 3724 5259 confmderatione

2142 5310 2469 5373 proponunt,
2513 5309 2570 5355 et
2613 5299 2868 5353 mundani
2915 5297 3091 5351 cultus
3123 5310 3346 5365 pompas
3381 5292 3633 5361 abjicere,
3667 5303 3725 5347 et

2142 5394 2210 5448 ad
2242 5392 2556 5447 monasticae
2584 5388 3011 5444 conversationis
3057 5386 3302 5441 ordinem
3333 5385 3717 5457 commigrare.

2144 5486 2250 5541 Sed
2280 5486 2406 5540 dum
2434 5498 2524 5538 res
2554 5481 2731 5557 adhuc
2767 5494 3029 5550 suspensa
3056 5476 3325 5541 differtur,
3366 5477 3493 5530 dum
3536 5492 3719 5533 rerum

2142 5576 2277 5633 ordo
2315 5572 2597 5644 multiplici
2639 5571 2901 5626 varietate
2951 5569 3294 5633 concutitur;
3348 5567 3465 5637 ipse
3508 5583 3726 5640 quoque

2146 5680 2298 5725 tener
2343 5657 2702 5722 adolescentis
2737 5661 2949 5717 animus
2999 5660 3139 5715 fixus
3190 5660 3242 5713 in
3295 5675 3393 5714 suo
3450 5665 3723 5730 proposito
