4074 6190
336 337 460 393 .583

773 333 837 389 S.
877 329 1081 387 PETRI
1117 324 1403 382 DAMIANI
1440 323 1594 384 OPP.
1639 320 1879 378 TOMUS
1915 320 2046 378 SEU
2084 320 2264 377 PARS
2303 319 2392 379 Ill.
2418 348 2488 362 —
2525 316 2890 377 OPUSCULA
2925 316 3158 372 VARIA.

3507 319 3608 376 58!

353 466 464 507 non
505 455 736 506 tenetur.
780 443 926 513 Quid
971 439 1176 500 multa?
1223 437 1426 494 Mutata
1481 434 1699 507 penitus
1748 441 1928 490 mente
1959 435 2006 496 Λ
2035 432 2141 489 Sed
2193 433 2300 502 iam
2353 450 2414 490 se
2442 435 2744 504 reprimens
2789 432 3030 489 calamus
3077 431 3329 487 cohibeat
3377 433 3608 505 etylum,

355 539 704 612 desponsavit
737 549 983 594 uxorem.
1025 530 1270 600 Cumque
1301 543 1404 599 per
1451 540 1766 597 processum
1795 532 1931 581 tem-

353 631 503 702 poris
534 643 687 686 mens
718 626 836 697 eius
863 632 917 678 et
941 619 1260 678 memoriam
1301 617 1476 679 sancti
1505 613 1768 687 propositi
1800 628 1927 684 pati-

358 724 507 778 latim
535 722 600 776 de
621 733 680 774 se
699 730 926 788 prorsus
949 712 1222 777 eraderet,
1257 719 1321 767 et
1368 709 1469 770 sub
1508 713 1776 779 praetextu
1800 719 1934 762 eou-

351 811 485 880 jugii
529 810 598 864 ad
640 805 959 877 explendam
1007 801 1246 861 carnalis
1291 799 1558 858 illecebras
1602 795 1931 864 voluntatem

358 898 725 971 impatientius
762 894 1036 962 ebulliret,
1085 892 1270 950 divina
1316 904 1480 960 super
1522 902 1645 952 eum
1676 886 1933 954 vigilante

357 990 664 1055 clementia,
697 989 876 1043 subito
919 986 1178 1056 languore
1220 996 1512 1055 percussus
1538 987 1641 1044 est,
1680 993 1750 1034 ac
1775 977 1935 1048 paulo

357 1087 479 1148 post
526 1077 594 1131 ad
641 1084 881 1132 extrema
915 1072 1186 1144 pervenit.
1235 1069 1570 1130 Necessariis
1614 1067 1820 1137 igitur,
1871 1079 1934 1120 ac

359 1165 678 1238 propinquis
727 1165 794 1220 de
850 1161 964 1234 iam
1021 1160 1176 1232 quasi
1242 1157 1478 1221 defuncti
1539 1155 1937 1226 disputantibns

359 1255 657 1328 sepultura,
703 1255 830 1309 dum
857 1254 910 1308 in
941 1251 1120 1307 medio
1159 1250 1369 1321 positus
1403 1247 1680 1306 videretur
1702 1245 1939 1306 cadatver

360 1348 640 1411 exanime,
686 1347 884 1415 vixque
929 1343 1107 1402 tenuis
1151 1341 1371 1411 quidam
1418 1348 1595 1401 motus
1620 1340 1674 1399 in
1701 1337 1820 1407 eius
1848 1352 1939 1407 pe-

358 1447 510 1494 ctore
539 1435 864 1506 palpitaret;
913 1446 1042 1489 ecce
1077 1432 1184 1493 duo
1228 1429 1494 1492 teterrimi
1521 1444 1592 1492 ac
1620 1428 1790 1491 trucis
1819 1425 1939 1488 vnt-

359 1539 450 1585 tus
499 1526 785 1596 allthiopes
843 1539 968 1580 eum
1022 1523 1108 1593 (ut
1160 1523 1264 1585 sibi
1312 1518 1619 1591 videbatur)
1684 1528 1939 1589 tanquam

361 1618 548 1674 leones
584 1617 859 1689 rugientes
906 1613 1206 1682 invadunt,
1259 1611 1444 1682 rapaci
1493 1609 1780 1671 forecitam
1821 1621 1944 1668 eor-

364 1711 587 1782 ripiunt,
615 1709 684 1764 de
708 1723 935 1778 corpore
980 1705 1242 1764 vicienter
1286 1703 1560 1770 evellunt,
1607 1717 1733 1764 mox
1777 1703 1942 1775 pedes

361 1777 500 1871 eius,
532 1810 588 1857 et
634 1777 855 1856 brachia
889 1799 1043 1858 duris
1072 1798 1297 1870 alligant
1327 1798 1582 1861 nexibus,
1613 1797 1803 1869 sicque
1829 1796 1938 1854 vel—
1969 1777 2015 1846 Β

360 1902 421 1948 ιιι
447 1892 660 1948 haedum
688 1891 741 1948 in
771 1889 1038 1962 phalanga
1083 1887 1376 1958 pendulum
1401 1886 1539 1952 alter
1563 1895 1685 1958 post
1709 1885 1937 1945 altumin

361 1981 602 2054 baiulare
629 1988 934 2052 coeperunt.
957 1978 1106 2052 Quos
1127 1987 1308 2036 autem
1339 1978 1572 2048 dolores
1599 1985 1653 2038 et
1675 1975 1942 2036 torsiom

365 2073 478 2150 ipse
519 2069 838 2148 pertulerit,
893 2081 1195 2143 quantum,
1241 2078 1301 2132 et
1353 2067 1535 2138 qualia
1582 2063 1812 2129 viderit,
1855 2064 1939 2125 vel

362 2167 618 2233 audierit,
664 2179 762 2240 per
804 2163 1203 2236 quamplurima
1247 2176 1372 2220 eum
1418 2159 1538 2220 loca
1581 2151 1940 2221 vec'taverint,

365 2237 680 2328 perlongum
706 2262 791 2311 est
815 2267 924 2311 non
952 2258 1160 2308 tantum
1209 2249 1354 2324 ston
1383 2247 1640 2317 dirigere,
1671 2245 1768 2308 sed
1806 2243 1938 2306 sinu
1974 2237 1980 2242 “

365 2347 596 2417 plicibus
620 2357 838 2420 quoque
864 2342 1047 2400 verbis
1081 2356 1146 2400 ex
1175 2355 1272 2404 ore
1294 2354 1394 2412 per
1415 2337 1667 2400 ordinem
1699 2333 1941 2396 referetu-

366 2439 437 2494 tis
470 2437 680 2496 audire.
733 2435 847 2498 Hoc
878 2441 1086 2496 tantum
1127 2432 1217 2495 hic
1267 2432 1471 2494 inferre
1516 2427 1770 2495 Sttﬂiciat,
1813 2428 1942 2498 Quia

365 2528 493 2584 dum
550 2541 650 2597 per
701 2526 954 2585 obscurae
996 2521 1247 2600 caliginis
1284 2536 1410 2583 eum
1449 2519 1577 2583 ,loca
1620 2524 1941 2591 portarent;

363 2631 492 2673 ecce
532 2615 597 2672 Β.
624 2615 822 2679 Petrus
867 2613 1143 2685 apostolus
1190 2611 1506 2685 splendidus
1541 2617 1598 2670 et
1646 2621 1947 2672 coruscans

366 2708 627 2774 occurrit,
667 2720 900 2776 eumque
949 2705 1016 2766 de
1060 2703 1395 2779 portantium
1438 2700 1684 2762 humeris
1705 2706 1945 2769 raptum.

365 2796 618 2862 nexibus,
645 2796 845 2865 quibus
871 2793 1189 2867 angebatur,
1219 2790 1470 2852 absolvit.
1496 2789 1580 2848 llli
1603 2802 1732 2845 mox
1757 2785 1946 2857 relicta

368 2885 550 2956 prteda
578 2883 874 2945 stridentes
902 2879 1176 2950 dentibus,
1218 2886 1274 2941 et
1314 2878 1581 2948 eiulantes
1624 2874 1941 2940 abscedunt.

370 2974 682 3040 factumque
724 2970 829 3032 sibi
871 2969 1244 3040 pmjudicium
1279 2966 1490 3028 ﬂebiles
1514 2973 1944 3038 commentator.

2033 536 2101 581 ue
2140 523 2378 594 regulam
2423 524 2706 581 brevitatis
2743 523 2972 578 excedat
3011 522 3302 593 epistulare
3356 539 3615 596 conopeo-

2033 615 2364 768 dmSﬂctibite,
2402 705 2448 761 si
2495 704 2671 775 placet
2711 703 2982 762 distichon
3022 703 3167 759 istud
3205 704 3260 759 in
3302 703 3612 772 refectorio.

2031 795 2134 852 sub
2154 797 2376 866 pedibus
2405 798 2799 867 apostolorum.

2188 887 2316 951 lgoit
2336 890 2651 950 apostolicum
2674 890 2951 951 linguarum
2977 890 3168 946 ﬂamma
3192 898 3436 948 sanatum,

2186 949 2440 1004 Germioat
2461 959 2516 1002 et
2537 955 2694 1010 varias
2714 949 2853 1025 quasi
2884 965 2976 1006 vox
3002 953 3208 1006 fecunda
3235 953 3475 1018 loricula.

2793 1083 2868 1102 β

2572 1187 3058 1250 DlSPUTATlO

2071 1303 2161 1360 DE
2188 1302 2418 1363 VARIIS
2451 1305 3024 1371 APPARITIONIBUS
3059 1308 3149 1371 ΕΤ
3189 1308 3583 1368 MIRACULIS.

2034 1418 2525 1490 Διςηκειπτυῃνσ-έ
2548 1419 3006 1490 Arebiepiseopo.
3056 1427 3252 1490 utpote
3293 1419 3386 1490 qui
3425 1419 3624 1476 talibus

2108 1488 2582 1570 rebusaudiendis
2611 1488 2941 1570 magugpere
2972 1488 3379 1570 delectabatur,
3411 1491 3619 1547 nuntiat

2109 1558 2401 1635 canonicos
2429 1558 2752 1635 Velitrensis
2779 1558 3034 1635 Ecclesia:
3053 1599 3068 1625 ,
3095 1561 3181 1615 cui
3231 1561 3345 1635 ipse
3395 1571 3639 1630 praeerat,

2109 1628 2647 1699 emersissegtandem
2684 1629 3006 1699 aliquando,
3045 1638 3101 1684 et
3131 1645 3187 1683 sc
3222 1628 3289 1684 ad
3318 1628 3536 1694 bonam,
3563 1639 3626 1685 ut

2112 1698 2354 1770 dicitur,
2401 1697 2612 1770 frugem
2658 1697 2983 1770 recepisse,
3025 1713 3229 1768 eosque
3279 1700 3434 1764 justo
3484 1714 3627 1769 pm:-

2111 1768 2372 1840 scriptam
2401 1768 2502 1828 sibi
2535 1768 2927 1840 disciplinam,
2950 1784 3058 1826 non
3098 1778 3166 1840 ut
3209 1779 3336 1840 ante
3382 1768 3624 1840 coaetos,

2112 1837 2454 1908 sed'spoute
2497 1847 2551 1908 et
2597 1837 2828 1894 libenter
2879 1839 3049 1899 vitam
3095 1839 3400 1895 instituere.
3455 1837 3627 1894 Aﬂ‘rrt

2112 1907 2307 1963 deinde
2337 1907 2594 1963 nonnulla
2639 1907 2887 1978 exempla
2917 1949 2934 1973 ,
2977 1916 3033 1962 et
3075 1909 3233 1974 mira,
3286 1924 3408 1978 qua:
3441 1910 3624 1964 multis

2107 1978 2474 2048 contigerunt,
2521 1993 2590 2034 ex
2619 1980 2818 2050 quibus
2843 1994 2950 2035 nou
2979 1993 3149 2050 parva
3190 1978 3394 2034 utilitas
3417 1980 3625 2050 percipi

2113 2151 2326 2215 Damno
2349 2154 2422 2213 Δ.
2450 2153 2746 2212 venerabili
2793 2155 3233 2227 archiepiscopo,
3263 2155 3481 2212 Penus
3507 2171 3628 2228 pec-

2043 2253 2199 2309 cator
2227 2248 2527 2306 monachus
2554 2247 2887 2318 plenissima
2912 2248 3216 2305 devotionis
3235 2247 3506 2304 allectum.

2113 2340 2252 2408 Quia
2304 2342 2427 2397 novi
2478 2350 2725 2399 sanetam
2768 2349 3006 2398 mentem
3059 2350 3246 2406 tuam.
3302 2339 3628 2396 venerabilis

2043 2429 2227 2498 Pater,
2257 2431 2530 2502 przecipue
2553 2432 2623 2487 de
2662 2431 2942 2488 hominum
2986 2431 3161 2486 salute
3205 2430 3464 2500 gaudere,
3493 2430 3629 2484 adeo

2045 2531 2107 2582 ut
2148 2537 2272 2578 cum
2314 2524 2619 2584 animarum
2667 2533 2721 2579 te
2763 2523 2992 2594 contigit
3041 2522 3233 2580 audire
3283 2521 3581 2592 profectum
3607 2559 3626 2587 ,

2042 2613 2188 2760 231$
2220 2614 2288 2680 ad
2319 2593 2556 2676 dulcium
2594 2615 2880 2687 epularum
2922 2593 3220 2686 aggiiscas,
3249 2629 3317 2671 ae
3343 2613 3628 2670 delecteris
3647 2679 3664 2691 .

2175 2719 2308 2758 tum.

2175 2719 2308 2758 tum.

2119 2791 2319 2848 Refero
2342 2793 2438 2848 tibi
2462 2793 2531 2856 de
2557 2793 2834 2850 canonicis
2860 2795 3097 2862 nostris,
3145 2805 3348 2852 sancta:
3378 2794 3630 2852 videlicet

2048 2879 2371 2944 Yelitrensis
2395 2881 2672 2946 Ecclesia,
2696 2883 2830 2953 quia
2856 2883 2951 2954 qui
2982 2886 3081 2945 sub
3125 2885 3312 2940 multis
3353 2884 3628 2940 laboribus

2046 2970 2248 3029 nostris
2288 2981 2454 3042 atque
2499 2973 2787 3036 sudoribus
2832 2973 3230 3044 incorrigiblles
3274 2977 3627 3041 videbantur,

367 3066 566 3119 Beatus
609 3071 790 3124 autem
835 3060 1112 3132 apostolus
1160 3059 1560 3120 adolescentem
1602 3058 1671 3116 ad
1699 3055 1946 3114 Cluniaci
2043 3057 2160 3131 iam
2189 3074 2287 3131 per
2315 3061 2550 3116 divinam
2595 3062 2827 3132 gratiam
2875 3063 3237 3133 resipiscunt,
3263 3072 3319 3122 et
3346 3079 3445 3136 per
3469 3080 3633 3121 eano-

372 3153 756 3215 monasterium
788 3165 977 3210 secum
1007 3151 1182 3224 duxit,
1219 3151 1384 3222 eique
1410 3149 1714 3212 forinsecus
1746 3147 1947 3224 posito,
1970 3140 2023 3206 Ο
2051 3152 2191 3216 nica
2222 3152 2422 3224 regula:
2450 3154 2721 3218 tramitem
2757 3169 2866 3210 non
2908 3154 3018 3223 iam
3044 3157 3241 3223 coacti,
3271 3157 3369 3215 sed
3397 3157 3633 3228 gauden-

368 3261 516 3310 sese,
536 3248 706 3308 donec
733 3253 1118 3310 reverteretur,
1139 3253 1459 3318 exspectare
1486 3243 1764 3322 praecepit.
1813 3242 1948 3313 E30.

370 3336 568 3406 inquit,
598 3351 776 3394 meum
804 3337 1190 3396 monasterium
1217 3335 1526 3409 ingrediens
1551 3335 1734 3402 visita,
1757 3348 1823 3394 ac
1856 3348 1952 3404 per

375 3429 660 3482 circuitum
685 3436 882 3488 cuncta
905 3427 1265 3505 perlustrans,
1292 3428 1426 3498 quid
1453 3433 1666 3498 agatur,
1687 3424 1950 3488 attendo:

373 3519 570 3573 deinde
596 3518 662 3574 ad
700 3527 772 3580 te,
806 3517 1166 3576 consideratis
1189 3518 1461 3586 on‘mibus,
1489 3516 1673 3578 redeo.
1696 3515 1801 3578 Sed
1824 3531 1952 3578 mox

375 3615 432 3659 ut
462 3607 565 3661 iste
600 3605 818 3662 relictus
844 3614 926 3664 est
949 3605 1120 3670 solus.
1165 3621 1295 3662 ecce
1321 3604 1657 3664 crudeliores
1685 3613 1742 3660 et
1769 3604 1952 3669 aerio.

377 3709 464 3749 res
494 3694 654 3754 iidem
686 3701 1034 3752 revertuntur
1074 3692 1384 3765 Ethiope’s,
1435 3702 1492 3748 et
1541 3707 1649 3755 non
1692 3692 1807 3764 iam
1854 3707 1954 3763 per

377 3798 570 3838 manus
609 3791 666 3837 et
709 3782 892 3853 pedes,
919 3782 1014 3840 sed
1039 3797 1137 3852 per
1183 3782 1436 3853 genitalia
1474 3782 1590 3854 ipsa
1631 3781 1951 3851 corripiunt,

376 3888 611 3945 eumque
639 3873 718 3930 sic
743 3888 849 3930 non
873 3873 991 3935 sine
1011 3873 1330 3950 gravissimo
1351 3873 1493 3932 illius
1515 3872 1701 3932 dolore
1729 3885 1956 3941 suspen-

376 3967 530 4020 dunt.
577 3965 712 4024 Nam
758 3966 906 4028 velut
954 3965 1001 4027 si
1054 3974 1231 4024 rostro
1280 3979 1468 4040 passer
1526 3964 1840 4035 accipitris,
1871 3961 1957 4022 vel

381 4057 633 4128 aquilinis
666 4059 937 4134 unguibus
975 4057 1225 4118 columba
1251 4058 1496 4130 rapiatur
1516 4055 1834 4128 implumis;
1876 4055 1957 4116 sic

379 4165 410 4201 a
467 4147 712 4219 reprobis
759 4147 866 4208 illis
907 4147 1187 4224 spiritibus
1247 4147 1414 4210 miser
1467 4145 1570 4202 iste
1619 4144 1955 4217 corripitur.

384 4241 620 4301 trahitur
647 4240 899 4304 libratus,
938 4253 1038 4311 per
1064 4237 1298 4295 verenda
1328 4236 1695 4308 suspenditur,
1720 4246 1777 4299 et
1803 4235 1958 4306 quasi

377 4340 697 4402 recuperata
747 4331 928 4407 praeda
951 4353 971 4395 ,-
1024 4345 1146 4399 qua:
1209 4329 1386 4388 fuerat
1439 4329 1688 4400 perdita,
1747 4329 1960 4400 longius

376 4428 722 4491 aSportatur;
749 4408 875 4474 deum
909 4433 1037 4473 ecce
1064 4418 1256 4473 beatus
1287 4418 1481 4478 Petrus
1510 4417 1743 4478 radianti
1771 4419 1956 4481 nimis,

2052 3249 2135 3300 tes
2160 3241 2440 3307 incedunt.
2475 3241 2860 3313 Unusquisque
2895 3253 3158 3314 praeterea
3186 3259 3376 3302 eorum
3402 3245 3634 3314 quadra-

2048 3332 2296 3404 gesimali
2331 3341 2573 3404 tempore
2595 3334 2840 3404 quotidie
2872 3334 3188 3405 psalterium
3233 3336 3505 3407 complet;
3535 3336 3633 3391 tri-

2049 3423 2156 3483 bus
2175 3437 2275 3493 per
2294 3424 2688 3480 hebdomadam
2707 3425 2901 3486 diebus
2921 3440 3110 3485 omnes
3134 3426 3261 3481 vino
3279 3426 3634 3498 et'pulmento

2049 3515 2416 3574 communiter
2445 3514 2750 3582 abstinent;
2779 3523 3100 3586 tantumque
3123 3517 3384 3573 districta:
3407 3532 3634 3572 convcr-

2052 3605 2283 3662 sationis
2307 3602 2563 3662 videntur
2593 3605 2796 3662 habere
2847 3605 3116 3662 fervorem
3139 3647 3156 3672 ,
3214 3616 3276 3661 ut
3323 3623 3420 3679 per
3468 3615 3633 3662 totam

2049 3697 2566 3769 Quadragesimam,
2603 3713 2727 3768 quis
2765 3706 2851 3754 est
2891 3707 3018 3754 ante
3068 3699 3314 3758 Pascha:
3367 3709 3423 3756 et
3465 3700 3632 3762 illam,

2054 3802 2176 3858 quae
2202 3786 2549 3852 Nativitatem
2573 3787 2788 3843 Domini
2815 3789 2984 3843 nostri
3011 3787 3137 3844 Jesu
3169 3789 3373 3844 Christi
3409 3803 3637 3846 censue-

2055 3878 2375 3936 tudinaliter
2399 3879 2713 3944 antecedit,
2744 3879 2922 3935 trilms
2965 3879 3022 3934 in
3067 3879 3405 3936 hebdomade
3449 3881 3639 3936 diebus

2055 3971 2430 4042 unusquisque
2454 3985 2516 4037 se
2553 3970 2610 4026 in
2635 3970 2874 4041 capitulo
2913 3985 3098 4028 coram
3145 3971 3408 4028 fratribus
3449 3981 3634 4034 exuat,

2055 4068 2114 4116 et
2166 4060 2386 4131 propria
2448 4069 2674 4130 peccata
2727 4060 3008 4116 confessus
3033 4099 3050 4126 ,
3095 4060 3230 4115 dura
3277 4060 3636 4131 corrigiarum

2057 4151 2266 4210 scutica
2308 4149 2550 4220 perferat
2577 4150 2938 4222 disciplinam.
2974 4150 3034 4206 ln
3077 4165 3186 4222 quo
3217 4150 3468 4207 videlicet
3509 4165 3637 4206 san»

2057 4250 2166 4298 etas
2191 4240 2625 4302 conversationis
2652 4241 2852 4296 indicio
2877 4249 3034 4312 potes
3053 4239 3340 4296 manifeste
3361 4239 3636 4311 colligere,

2060 4330 2190 4399 quid
2239 4332 2306 4388 de
2361 4331 2576 4389 exteris
2620 4331 2747 4387 vita
2797 4333 3013 4396 modis.
3059 4339 3117 4388 et
3169 4331 3640 4390 observationibus

2061 4420 2260 4479 debeas
2284 4420 2576 4487 testimare,
2608 4421 2694 4486 Et,
2728 4435 2762 4476 o
2804 4421 3086 4492 discile
3136 4421 3444 4484 salutifera,
3479 4420 3640 4475 niani-

377 4489 451 4565 ac
470 4508 696 4564 terribili
742 4509 1027 4578 splendore
1057 4509 1399 4584 conspicuus,
1449 4523 1509 4564 se
1550 4516 1808 4579 tanquam
1859 4509 1956 4563 ful-
1984 4489 2036 4550 θ
2061 4527 2180 4570 rum
2205 4512 2391 4570 carnis
2419 4510 2670 4568 afﬂictio!
2718 4512 2773 4567 in
2810 4527 2919 4583 qua
2942 4489 3085 4567 dum
3131 4526 3326 4582 corpus
3356 4513 3424 4566 ad
3449 4511 3642 4566 humao

378 4614 502 4655 men
540 4599 783 4670 injecit,
839 4599 1086 4670 rapinam
1134 4614 1289 4656 suam
1335 4599 1492 4670 quasi
1542 4613 1642 4670 per
1695 4599 1955 4671 impetum

376 4689 597 4745 violenti
652 4689 874 4764 spiritus
922 4689 1317 4761 apprehendit,
1380 4698 1437 4746 et
1507 4691 1751 4750 clavibus
1820 4707 1957 4762 quas

378 4796 540 4836 manu
571 4781 840 4853 gestabat,
882 4789 1130 4852 raptores
1157 4781 1523 4852 nequissimos
1550 4783 1815 4838 acerrime
1838 4797 1957 4839 vcrv

380 4870 607 4926 beravit.
659 4869 782 4928 Mox
840 4858 987 4925 illum
1047 4870 1118 4931 ad
1183 4869 1404 4934 domum
1453 4872 1727 4943 propriam
1787 4887 1957 4942 omne

303 5006 324 5032 ,
378 4959 650 5032 perduxit,
691 4959 1028 5029 reddensque
1076 4959 1327 5030 Spiriuim
1385 4962 1620 5033 corpori,
1672 4971 1955 5033 utramque

383 5049 547 5105 saluti
594 5050 951 5108 substantiam
1008 5033 1346 5114 reformavii.
1389 5051 1526 5114 Nam
1575 5053 1668 5112 ille
1710 5055 1956 5125 protinus

379 5137 767 5194 convalescens
795 5178 810 5203 ,
858 5137 1023 5212 599
1048 5140 1232 5204 domui
1283 5156 1396 5200 suae
1445 5141 1565 5200 sine
1615 5144 1957 5200 cunctatione

382 5228 666 5299 disposuit,
712 5237 877 5298 atque
905 5230 973 5289 ad
1013 5227 1374 5288 Cluniacense
1413 5233 1802 5288 monasterium
1833 5248 1956 5302 pro—

381 5333 603 5390 perans,
626 5330 827 5380 san.ch
850 5321 1282 5382 conversatiOnis
1321 5322 1564 5378 habitum
1592 5320 1796 5378 fervida
1824 5323 1960 5382 satis

382 5413 669 5489 devotion;
695 5414 952 5482 suscepit.
985 5412 1076 5468 Sic
1111 5414 1291 5485 itaque
1317 5414 1512 5470 divina:
1540 5412 1748 5470 militiae
1782 5423 1958 5470 trans-

383 5501 551 5570 fuga,
622 5505 747 5564 dum
819 5505 1030 5574 paterni
1096 5505 1341 5565 verberis
1403 5504 1688 5576 disciplina
1740 5504 1958 5566 coalitus

385 5594 653 5659 eruditur,
706 5595 772 5651 de
820 5612 980 5652 manu
1026 5597 1237 5658 cruenti
1291 5595 1562 5667 praedonis
1607 5595 1857 5674 eripitur,
1905 5604 1960 5654 et

386 5683 501 5752 ovis
529 5684 789 5743 oberrans
816 5688 880 5744 ad
905 5687 1106 5762 proprii
1136 5686 1368 5757 pastoris
1395 5684 1626 5757 mapalia
1649 5693 1952 5742 revocatur.

2062 4615 2190 4660 num
2243 4601 2410 4672 600
2465 4602 2704 4658 nudatur
2759 4611 3073 4673 aspectum.
3127 4611 3255 4656 antu
3310 4599 3407 4656 Dei
3453 4600 3642 4654 oculos

2060 4691 2477 4751 eomseauubus
2519 4691 2850 4747 indumentis
2896 4699 3124 4762 apparet
3161 4700 3435 4746 ornatum.
3469 4689 3644 4746 Porro

2058 4779 2149 4840 vix
2179 4779 2308 4840 dum
2337 4780 2540 4840 mensis
2562 4794 2817 4837 emensus
2856 4791 2940 4837 est
2969 4796 3080 4852 quo
3131 4795 3220 4836 res
3261 4780 3490 4852 contigit
3537 4781 3642 4839 ista

2059 4885 2222 4940 quam
2255 4870 2452 4928 refero.

2238 4957 2368 5018 CAP.
2397 4975 2622 5018 mauu.
2650 4957 2906 5018 aneii
2923 4961 3152 5021 mme
3171 4960 3446 5019 antistitas.

2134 5048 2433 5108 Baruncius
2488 5051 2648 5121 plane
2697 5051 2833 5110 mihi
2893 5051 3066 5111 frater
3115 5052 3430 5118 unanimis,
3476 5058 3536 5106 et
3584 5050 3644 5105 in

2063 5142 2264 5205 amoris
2291 5143 2546 5216 praecipui
2571 5143 2859 5205 dulcedine
2885 5143 3193 5215 singularis.
3220 5157 3327 5200 non
3349 5141 3404 5200 in
3428 5155 3644 5205 mortuo.

2065 5232 2156 5288 sed
2209 5233 2262 5289 in
2300 5233 2424 5294 villa
2470 5234 2700 5304 qudam
2750 5247 2935 5296 eremo
2983 5233 3259 5302 subiecta.
3316 5231 3445 5292 dum
3504 5244 3644 5302 opus

2067 5334 2253 5395 ageret
2278 5324 2666 5390 necessarium.
2713 5324 3028 5397 languorum
3060 5323 3291 5382 incurrit
3315 5330 3634 5380 extremum.

2066 5415 2168 5483 Qui
2218 5416 2345 5476 dum
2397 5416 2500 5475 sibi
2563 5416 2933 5474 imminentem
2987 5422 3343 5483 cognosceret
3389 5413 3642 5475 obitum.

2065 5505 2346 5568 fratribus.
2389 5505 2486 5574 qui,
2529 5505 2630 5562 sibi
2675 5504 2980 5567 sedulitatis
3012 5505 3248 5564 cilicium
3291 5503 3642 5567 exhibebant.

2064 5596 2440 5667 paenitentiam
2484 5595 2584 5654 sibi
2623 5595 2904 5665 proposuit
2933 5594 3182 5665 iniungi:
3223 5595 3316 5664 qui
3349 5594 3476 5655 dum
3509 5601 3640 5656 tres,

2065 5685 2150 5742 vel
2176 5695 2236 5750 ut
2259 5684 2510 5753 multum,
2540 5693 2770 5754 quatuor
2815 5685 3073 5756 psalmos,
3112 5694 3297 5756 utpote
3344 5690 3552 5747 sancto,
3587 5690 3644 5747 et
