4074 6190
391 270 496 343 537'

841 279 898 337 S.
939 280 1140 336 PETRI
1181 279 1461 336 DAMIA'NI
1493 278 1648 337 OPP.
1685 267 1919 336 TOMUS
1957 277 2084 334 SEU
2119 277 2296 334 PARS
2336 278 2424 334 ιιι.
2462 304 2537 318 -
2573 274 2937 332 OPUSCULA
2961 275 3196 330 \"ARIA.

3565 277 3668 334 588

390 400 598 456 clinare
621 412 729 456 non
762 406 966 467 posset.
1008 394 1160 450 llanc
1193 394 1376 463 itaque
1409 400 1778 446 transeuntem
1803 391 1973 462 proti-
2003 406 2051 459 Α
2080 389 2190 456 illa,
2215 407 2334 462 quae
2363 390 2416 444 in
2449 389 2592 444 atrio
2620 389 2863 443 basuicm
2895 397 3000 442 tua:
3030 388 3250 457 majoris
3280 388 3421 443 nuda
3454 399 3512 443 et
3561 401 3668 445 trc-

393 507 498 546 nus
528 488 806 561 inquisivit
841 504 853 539 :
888 485 1047 546 Num,
1080 483 1276 552 inquit,
1321 489 1377 534 tu
1425 491 1724 536 commater
1745 496 1863 534 mea
1892 495 1972 543 es,

393 581 628 636 Marozia
658 577 930 640 videlicet,
956 589 1076 642 quae
1114 574 1315 626 dudum
1351 571 1601 625 defuncta
1649 572 1742 626 es?
1767 571 1877 625 Hoc
1901 571 1973 625 illi

393 673 710 730 vocabulum
737 668 934 730 fuerat,
957 667 1087 721 dum
1110 666 1404 720 adviveret.
1435 664 1550 731 Qua
1579 665 1973 733 respondente:

395 771 511 837 Ipsa
543 781 682 820 sum.
713 763 777 816 Et
811 761 1102 830 quomodo,
1135 759 1328 828 inquit,
1355 759 1448 812 tibi
1500 773 1645 812 nunc
1691 757 1806 810 est?
1838 757 1924 811 Ait
1961 773 1972 807 :

396 858 579 926 lisque
599 854 758 908 hodie
783 868 886 906 non
912 851 1043 905 levis
1079 864 1165 903 me
1188 865 1342 919 pmna
1374 848 1713 911 constrinxit,
1743 848 1868 917 quia
1896 848 1978 901 vi-

393 945 586 999 delicet
614 959 708 1013 per
740 941 973 995 lasciviae
1021 939 1311 1008 petulantia
1335 937 1616 991 illecebras
1649 954 1775 990 cum
1795 948 1978 990 cocta-

395 1035 513 1089 neis
535 1049 622 1087 me
642 1033 833 1102 puellis
865 1033 918 1084 in
943 1040 1124 1084 tenera
1157 1029 1332 1082 adhuc
1357 1037 1518 1082 :etate
1541 1027 1767 1092 fmdavi;
1801 1037 1852 1080 et
1879 1028 1978 1080 hoc

395 1126 589 1195 ipsum.
623 1123 758 1191 prob
790 1121 967 1175 dolor!
1024 1119 1278 1174 oblivioni
1312 1117 1711 1186 quodammodo
1741 1119 1978 1179 tradens,

394 1212 664 1269 sacerdoti
691 1212 906 1280 quidem
937 1207 1184 1264 confessa
1221 1207 1320 1271 fui,
1344 1207 1440 1260 sed
1461 1207 1723 1275 judicium
1753 1221 1859 1259 non
1886 1220 1976 1258 ac-

396 1305 535 1376 cepi.
565 1305 764 1361 Verum
797 1303 958 1358 hodie
985 1302 1167 1371 regina
1227 1300 1412 1354 mundi
1453 1315 1548 1369 pro
1605 1299 1759 1354 nobis
1788 1314 1980 1368 preces

394 1399 554 1460 fudit.
603 1410 800 1465 meque
841 1411 964 1450 cum
1015 1394 1202 1448 Inullis
1237 1393 1357 1447 aliis
1403 1393 1469 1447 de
1515 1393 1650 1446 locis
1678 1391 1980 1462 ptenalibus

395 1489 671 1552 liberavit,
727 1495 991 1554 tantaque
1034 1483 1324 1540 multitudo
1376 1499 1473 1553 per
1523 1482 1979 1537 interventionem

395 1579 512 1648 ejus
541 1578 700 1632 hodie
721 1585 805 1632 est
827 1577 894 1630 de
917 1575 1202 1630 tormentis
1235 1584 1442 1644 erepta,
1469 1581 1527 1626 ut
1577 1588 1864 1627 numerum
1901 1579 1982 1624 tu-

398 1669 504 1722 tius
525 1667 783 1722 Romana‘.
811 1665 982 1736 plebis
1007 1664 1262 1727 excedat;
1291 1664 1432 1717 unde
1472 1679 1628 1717 sacra
1677 1661 1856 1716 eidem
1884 1662 1979 1714 do-

2082 481 2228 535 mula
2262 480 2432 549 jacet:
2472 495 2880 536 consueverant.
2914 480 3006 535 llle
3031 497 3159 535 vero
3187 497 3313 536 mox
3346 491 3405 535 ut
3435 486 3667 554 aspexit,

2083 575 2167 643 pia
2208 575 2340 628 mihi
2384 574 2736 652 miseratione
2765 573 3067 639 condoluit,
3097 583 3152 628 et
3193 574 3383 644 pellem
3417 575 3557 630 hanc
3583 594 3670 630 str-

2081 683 2178 735 pcr
2215 682 2320 729 me,
2355 682 2459 735 qua
2517 667 2767 721 videlicet
2817 666 2935 720 e'rat
2980 668 3220 729 indutus,
3275 666 3477 734 injecit.
3519 668 3669 724 'l‘unc

2080 758 2236 810 beata
2269 758 2359 812 Dei
2391 758 2636 814 Genitrix
2667 775 2678 812 :
2712 757 2904 822 Homo,
2935 759 3125 828 inquit,
3154 758 3262 824 ille,
3287 761 3352 812 de
3368 775 3477 829 quo
3493 775 3670 830 rogas,

2083 849 2250 903 multa
2299 849 2631 920 flagitiorum
2681 851 2819 905 mole
2851 853 3141 920 depressus
3169 863 3282 916 est;
3330 851 3439 906 duo
3493 863 3670 909 tamen

2084 939 2199 994 haec
2259 940 2472 1004 habuit,
2531 949 2590 992 ut
2651 949 2707 994 et
2757 940 3125 1011 indigentibus
3171 943 3312 1010 pius,
3352 953 3406 994 et
3474 959 3670 1012 magna

2080 1030 2249 1084 sacris
2269 1030 2400 1084 locis
2421 1030 2721 1086 exstitisset
2747 1030 3047 1086 humilitate
3073 1031 3317 1086 devotus.
3337 1032 3674 1101 Frequenter

2082 1121 2227 1172 enim
2256 1121 2433 1175 oleum
2461 1120 2696 1190 propriis
2714 1120 3018 1176 cervicibus
3041 1121 3335 1188 deferebat,
3358 1132 3412 1175 et
3437 1123 3672 1178 lucernis

2085 1210 2336 1265 Ecclesia:
2363 1226 2494 1264 mem
2525 1211 2768 1265 fomitem
2803 1211 3167 1266 ministrabat.
3226 1212 3468 1282 Cumque
3510 1230 3672 1283 super

2084 1301 2186 1355 hoc
2212 1301 2384 1356 eidem
2417 1302 2644 1370 patricio
2702 1311 2756 1355 et
2821 1302 3001 1355 caeteri
3061 1303 3236 1356 sancti
3304 1289 3673 1368 testimonium

2083 1393 2452 1462 perhiberent,
2479 1408 2712 1466 eumque
2741 1393 2976 1462 idipsum
3006 1403 3060 1446 ct
3091 1394 3464 1449 snisccclesiis
3493 1396 3673 1465 egisse

2083 1482 2243 1534 simul
2281 1490 2619 1543 assererem;
2657 1482 2802 1536 illico
2849 1482 3035 1551 regina
3069 1483 3251 1537 mundi
3303 1484 3579 1552 prieccpit,
3611 1492 3671 1540 ut

2082 1574 2344 1642 patricius
2372 1572 2457 1626 ille
2481 1575 2770 1628 duceretur
2790 1572 2854 1624 ad
2880 1573 3142 1637 medium;
3169 1583 3222 1626 et
3243 1589 3369 1628 ecce
3383 1573 3672 1629 multitudo

2083 1663 2384 1716 daemonum
2445 1661 2730 1731 praefatum
2765 1659 3030 1716 Joannem
3077 1662 3328 1728 trahunt,
3367 1663 3672 1733 poenalibus

398 1760 558 1814 ruina)
590 1768 792 1812 nostra:
814 1756 1059 1825 gloriosa:
1087 1757 1264 1810 dicata
1301 1755 1500 1826 passim
1526 1755 1641 1808 loca
1675 1754 1976 1817 visitanms,
2015 1755 2056 1811 Β
2086 1757 2325 1824 undique
2348 1755 2478 1809 loris
2504 1755 2814 1818 astrictum,
2861 1764 2916 1810 et
2954 1755 3306 1810 ambientium
3354 1767 3668 1809 catenarum

398 1850 750 1918 actionesque
773 1848 874 1904 sibi
918 1849 1214 1919 gratiarum
1245 1861 1343 1916 pro
1391 1847 1554 1900 tantis
1598 1845 1982 1901 misericordia:

398 1941 684 1995 beneficiis
715 1939 924 1994 alacres
971 1939 1310 1993 exhibemus.
1363 1937 1608 2008 Cumque
1657 1953 1822 2008 super
1879 1939 1981 1992 hoc

398 2039 701 2086 commater
727 2029 869 2084 illius
897 2030 1214 2100 ambigeret,
1245 2044 1344 2083 nec
1373 2029 1530 2083 fidem
1579 2027 1734 2082 facile
1777 2043 1984 2083 sermo-

399 2121 559 2198 nib_us
589 2121 895 2184 adhiberet,
944 2120 1262 2187 subjunxit:
1293 2117 1363 2174 Ut
1411 2119 1734 2189 experiaris,
1783 2119 1978 2188 inquit,

399 2225 497 2282 pro
522 2220 673 2266 certe
695 2225 884 2264 verum
908 2225 1029 2264 esse
1051 2210 1197 2278 quod
1228 2210 1443 2278 loquor,
1466 2209 1609 2263 scias
1631 2218 1686 2263 te.
1709 2218 1983 2263 transacto

398 2303 503 2356 hoc
532 2317 700 2366 anno,
731 2301 784 2355 in
834 2301 936 2355 hac
987 2300 1176 2354 eadem
1231 2299 1527 2354 festivitate
1579 2298 1769 2368 procul
1820 2298 1984 2353 dubio

399 2391 740 2446 moritura).
774 2387 1022 2456 Quodsi,
1051 2389 1196 2458 quod
1223 2388 1341 2442 lieri
1367 2404 1475 2442 non
1525 2395 1727 2457 potest,
1756 2387 1985 2442 ulterius

398 2483 621 2548 vixeris,
652 2497 739 2537 me
761 2481 1051 2552 protulisse
1092 2482 1433 2535 mendacium
1491 2481 1694 2552 liquido
1732 2496 1982 2549 compro-

401 2572 574 2629 babis.
603 2575 669 2628 Et
692 2575 778 2628 his
803 2574 984 2634 dictis.
1017 2574 1085 2626 ab
1114 2573 1286 2627 oculis
1317 2573 1436 2642 ejus
1468 2572 1706 2626 evanuit.
1751 2571 1873 2626 Mox
1897 2572 1983 2626 illa

399 2663 640 2720 eiiicium
683 2663 875 2728 induit,
906 2664 1056 2717 etde
1101 2662 1250 2716 obitu
1289 2677 1388 2716 suo
1435 2661 1690 2725 sollicita,
1720 2677 1842 2731 quae
1885 2677 1986 2717 au-

401 2756 599 2819 dierat,
617 2753 802 2808 vivere
827 2754 1039 2809 cautius
1065 2752 1254 2821 erepit.
1279 2751 1422 2816 Quid
1447 2751 1634 2821 plura?
1656 2750 1882 2806 Peracto
1910 2751 1990 2805 fe-

403 2860 463 2900 re
490 2860 632 2899 anno
692 2843 956 2912 pridianis
1009 2843 1176 2912 erepit
1226 2852 1490 2910 aegrotare
1531 2841 1756 2912 vigiliis?
1788 2841 1840 2898 in
1871 2843 1986 2911 ipso

404 2952 534 2988 vero
557 2933 868 2990 festivitatis
915 2934 1002 2988 die
1027 2935 1216 2998 vitam,
1268 2933 1407 2988 sicut
1457 2932 1506 2986 ei
1557 2933 1984 2988 demonstratum

404 3029 602 3090 fuerat,
657 3026 989 3079 terminavit.
1028 3024 1126 3079 Ubi
1181 3025 1500 3087 notandum,
1549 3032 1747 3079 etnon
1796 3022 1987 3080 leviter

2085 1845 2427 1914 squalorihus
2455 1847 2803 1898 vehementer
2833 1844 3079 1898 attritum
3134 1843 3284 1896 Tunc
3302 1859 3428 1897 eum
3450 1844 3670 1902 domina

2087 1944 2265 1988 nostra
2287 1935 2451 2002 jussit
2498 1933 2725 1997 absolvi,
2770 1943 2824 1987 et
2868 1943 3179 1989 sanctorum
3211 1935 3445 1988 ccetihns
3475 1949 3700 2003 aggre--

2085 2029 2227 2098 gari;
2262 2027 2474 2082 vincula
2522 2043 2671 2090 vero,
2732 2023 2930 2097 quibus
2983 2009 3070 2082 ille
3130 2027 3304 2081 fuerat
3366 2027 3671 2096 absolutus,

2085 2119 2243 2172 alteri
2288 2119 2515 2181 homini,
2546 2118 2635 2186 qui
2669 2119 2721 2171 in
2754 2119 2854 2174 hac
2877 2119 3053 2174 adhuc
3085 2119 3193 2171 vita
3228 2119 3500 2180 manebat,
3533 2135 3670 2187 pra:-

2085 2210 2228 2280 ccpit
2281 2210 2598 2263 innectenda
2635 2195 2845 2277 reponi.
2905 2208 3056 2263 Tunc
3107 2217 3402 2264 conventus
3431 2209 3517 2263 ille
3546 2225 3675 2262 san-

2085 2311 2296 2354 ctorum
2321 2301 2532 2353 solutus
2556 2310 2658 2361 est,
2711 2311 2764 2353 et
2806 2301 3180 2370 unusquisque
3225 2300 3277 2352 in
3306 2301 3517 2354 diversa
3540 2315 3673 2355 con-

2089 2393 2336 2455 tendens,
2364 2393 2430 2445 ab
2458 2400 2684 2461 aspectu
2737 2392 3012 2446 cernentis
3038 2391 3278 2446 evanuit.
3318 2390 3515 2446 Beatus
3543 2404 3674 2445 vero

2088 2476 2280 2540 Petrus
2305 2483 2580 2552 apostolus
2597 2483 2664 2535 ad
2698 2482 2980 2537 ecclesiam
3008 2497 3159 2536 suam
3212 2484 3384 2544 venit,
3428 2482 3512 2536 cui
3548 2497 3676 2551 pro-

2091 2577 2236 2632 riuus
2297 2577 2540 2630 omnium
2607 2591 2989 2631 successorum
3043 2591 3295 2639 suorum,
3356 2575 3675 2645 pontificum

2089 2671 2340 2726 videlicet
2365 2655 2764 2731 Romanorum,
2797 2671 2994 2724 chorus
3048 2668 3306 2724 infulatus
3343 2684 3404 2727 ac
3449 2667 3676 2722 festivus

2089 2761 2367 2815 occurrit:
2398 2761 2512 2831 ipse
2539 2777 2752 2832 quoque
2795 2761 2986 2816 beatus
3037 2758 3232 2814 Petrus
3279 2775 3399 2814 cum
3447 2770 3676 2815 eatenus

2091 2851 2368 2905 videretur
2391 2851 2609 2906 indutus
2630 2848 2911 2907 Hebraicis
2936 2851 3197 2913 vestibus,
3223 2849 3430 2904 sicutin
3448 2850 3677 2919 picturis

2093 2943 2290 3006 ubique
2311 2941 2665 3010 conspicitur,
2711 2951 2839 2997 tunc
2890 2952 2946 2995 et
2990 2942 3274 3012 phrygium
3334 2939 3572 3008 suscepit
3622 2941 3676 2993 in

2093 3032 2300 3100 capite;
2334 3040 2388 3086 et
2447 3032 2582 3086 sicut
2637 3033 2842 3094 czcteri,
2898 3032 3326 3086 sacerdotalibus
3357 3031 3542 3084 infulis
3592 3039 3678 3085 est

404 3120 891 3192 expavescenthnn,
917 3120 1046 3188 quia
1087 3119 1154 3172 de
1196 3128 1418 3186 peracta
1445 3116 1622 3186 culpa,
1655 3132 1818 3186 quam
1846 3132 1986 3186 pra:-

2094 3133 2322 3178 ornatus
2354 3122 2406 3175 in
2439 3137 2687 3190 corpore.
2729 3121 2880 3178 Tunc
2919 3123 3320 3192 responsorium
3354 3119 3506 3183 illud,
3533 3121 3680 3188 quod

407 3215 516 3266 lina
539 3211 734 3266 mulier
758 3209 1018 3264 oblivioni
1053 3209 1376 3273 tradiderat,
1405 3223 1575 3277 usque
1609 3211 1674 3261 ad
1717 3208 1990 3262 interven-

409 3317 518 3358 tum
553 3305 885 3357 intemeratae
919 3301 1012 3355 Dei
1036 3301 1334 3356 Genitricis
1366 3301 1629 3371 supplicia
1661 3299 1988 3370 perferebat.

414 3400 542 3454 Car.
583 3399 648 3452 IV
681 3428 752 3439 ——
775 3395 1092 3452 Sanctorum
1141 3397 1401 3466 apparitio
1427 3396 1780 3466 pulcherrima
1813 3396 1993 3450 Roma:

781 3469 835 3520 in
873 3468 1088 3520 ecclesia
1131 3465 1323 3520 sanata:
1354 3465 1600 3520 Crcciliw.

481 3558 779 3613 llainahlus
804 3572 1018 3626 quoque
1065 3556 1339 3611 Cumanus
1387 3557 1674 3626 episcopus
1712 3556 1842 3610 mihi
1871 3573 1994 3610 nar-

327 3699 334 3706 .
417 3655 578 3716 tavit,
604 3652 746 3721 quod
769 3660 822 3706 et
853 3651 920 3702 ab
964 3649 1265 3704 Humberto
1287 3649 1584 3702 venerabili
1624 3658 1826 3710 sancta:
1855 3648 1992 3702 Ruf-

412 3742 533 3796 fma:
559 3741 827 3811 quondam
858 3739 1113 3807 episcopo
1162 3752 1219 3791 se
1261 3737 1510 3790 didicisse
1541 3737 1836 3805 perhibuit.
1865 3736 1994 3792 Pre-

408 3826 708 3902 sbyterum,
735 3829 927 3897 inquit,
973 3837 1239 3880 nocturno
1269 3825 1431 3898 603
1456 3827 1674 3880 silentio
1713 3827 1996 3895 quiescen-

412 3929 543 3991 tem,
575 3929 853 3989 compater
874 3933 1026 3976 suns,
1056 3920 1146 3984 qui
1172 3916 1458 3970 defunctus
1488 3916 1689 3980 fuerat,
1709 3916 1760 3970 in
1787 3917 1995 3970 visione

411 4013 688 4088 clamavit,
723 4012 947 4064 dicens:
983 4008 1136 4074 \t'eni,
1168 4008 1288 4064 vide
1334 4008 1726 4078 spectaculum,
1753 4010 1892 4078 quod
1913 4010 1996 4080 jn-

411 4107 598 4179 dicare
629 4120 734 4160 non
802 4103 1007 4176 poteris
1057 4103 1313 4156 otiosum.
1363 4101 1522 4154 Duxit
1564 4117 1695 4171 ergo
1749 4101 1901 4154 illum
1929 4102 1996 4154 ad

413 4195 690 4252 basilicam
731 4195 902 4251 beata:
957 4193 1205 4260 Caecilim,
1247 4196 1300 4246 in
1361 4193 1516 4260 cujus
1561 4192 1812 4246 videlicet
1856 4194 1997 4246 atrio

411 4267 737 4340 videbantur
761 4285 962 4352 Agnes,
1004 4283 1232 4352 Agatha,
1267 4281 1568 4349 eademque
1594 4280 1834 4343 Caecilia,
1864 4283 1996 4334 mul-

415 4386 702 4442 tarnmqne
750 4372 1030 4426 beatarum
1065 4370 1335 4440 virginum
1371 4369 1594 4433 chorus,
1624 4369 1856 4424 mirabili
1882 4371 1996 4424 cul-

417 4475 502 4516 tus
549 4473 603 4518 et
631 4460 846 4516 habitus
890 4459 1067 4514 nitore
1117 4458 1464 4528 conspicuus.

417 4557 609 4612 rabant
639 4554 930 4624 quamdam
971 4550 1313 4624 magnificam
1341 4549 1561 4615 sedem,
1603 4550 1814 4604 caeteris
1875 4552 1998 4608 hinc

419 4648 546 4728 inde
592 4643 865 4702 subselliis
907 4643 1274 4717 eminentem,
1311 4649 1366 4696 et
1391 4655 1518 4696 ecce
1545 4639 1606 4694 Β.
1649 4642 1797 4714 virgo
1827 4640 1996 4696 Maria

416 4757 538 4798 eum
569 4741 750 4803 Petro,
794 4749 846 4795 et
878 4737 1044 4794 Paulo
1077 4747 1240 4807 atque
1301 4736 1492 4801 David,
1553 4751 1618 4790 ac
1663 4750 1770 4790 non
1819 4737 1999 4804 parvis

420 4845 716 4904 martyrum
747 4829 1197 4897 diversorumque
1233 4835 1545 4880 sanctorum
1575 4825 1770 4878 vallata
1809 4813 2017 4880 turn'iis~

420 4924 744 4980 micantibus
789 4921 954 4980 venit,
985 4935 1211 4986 seseque
1244 4919 1295 4970 in
1331 4935 1414 4976 ea,
1463 4931 1581 4986 quae
1633 4924 1818 4985 parata
1858 4925 1998 4977 erat,

421 5018 550 5074 sede
575 5013 898 5082 composuit.
928 5011 1098 5065 Porro
1130 5021 1310 5062 autem
1344 5011 1469 5062 dum
1493 5009 1652 5062 inillo
1683 5020 2002 5064 tamsancto

419 5116 689 5164 conventu
765 5104 1037 5158 silentium
1116 5104 1291 5163 lieret,
1336 5116 1635 5170 omnesque
1691 5110 2005 5155 reverenter

420 5207 688 5263 natarent,
743 5210 872 5252 ecce
929 5194 1124 5249 mulier
1175 5193 1444 5264 qumdani,
1481 5193 1608 5246 licet
1655 5192 2001 5261 paupercula,

424 5294 650 5363 pellieeo
672 5303 850 5345 tamen
887 5288 1202 5343 indumento
1251 5290 1508 5341 decenter
1539 5298 1752 5350 ornata,
1780 5287 1845 5339 ad
1871 5287 2004 5340 inte-

425 5393 643 5450 meratie
669 5380 908 5451 Virginis
938 5379 1163 5446 vestigia
1192 5377 1418 5440 corruit,
1447 5389 1678 5445 eamque
1707 5384 1764 5428 ut
1807 5374 2000 5431 .loanni

425 5474 656 5545 patricio
679 5469 1077 5542 jamdefunclo
1126 5468 1491 5523 misereretur.
1535 5467 1729 5519 orm'il-
1763 5466 2006 5538 (ἶιιηιίιυθ

427 5567 529 5620 hoc
560 5565 734 5633 ipsum
790 5561 984 5616 mulier
1031 5570 1112 5614 ter
1162 5559 1498 5615 obsecrando
1560 5565 1851 5627 repeteret,
1906 5574 2005 5614 nec

429 5671 745 5724 responsum
775 5639 990 5722 aliquod
1022 5654 1313 5720 impetrare
1337 5660 1536 5721 posset,
1561 5649 1759 5720 adjecit
1787 5665 1801 5703 :
1829 5649 2002 5713 Nosti,

427 5749 624 5814 inquit,
655 5747 870 5801 domina
896 5761 1036 5810 mea,
1069 5745 1250 5812 regina
1281 5739 1494 5810 mundi;
1530 5759 1630 5814 ego
1658 5757 1777 5796 sum
1807 5741 2002 5798 misera

2096 3211 2294 3265 dicitur
2323 3229 2334 3264 :
2367 3209 2444 3263 Tu
2466 3225 2526 3265 es
2551 3222 2735 3280 pastor
2769 3214 2980 3274 ovium;
3017 3212 3263 3267 melodiis
3310 3222 3474 3280 atque
3506 3209 3679 3264 melli~

2095 3301 2216 3356 linis
2247 3313 2530 3372 cu'periui‘;
2576 3303 2824 3358 intonare
2870 3303 3226 3369 clamoribus;
3293 3305 3477 3374 sicque
3529 3303 3679 3357 illum

2094 3412 2266 3466 usque
2293 3397 2359 3450 ad
2394 3396 2746 3452 sacerdotalis
2785 3397 2936 3452 chori
2966 3397 3134 3474 60A.
3179 3397 3563 3454 consistorium
3589 3393 3680 3450 de-

2104 3488 2394 3542 duxerunt.
2449 3489 2567 3554 Quo
2617 3490 2960 3558 perveniens.
2995 3491 3106 3559 ipse
3136 3489 3500 3559 apostolorum
3525 3489 3680 3559 prin-

2099 3595 2228 3647 ceps
2269 3589 2594 3634 nocturnum
2626 3589 2709 3635 est
2737 3593 2962 3634 exorsus
3015 3569 3271 3646 cilicium,
3305 3580 3490 3635 dicens
3522 3597 3534 3631 :
3578 3579 3682 3634 Do-

2100 3667 2269 3732 mine,
2321 3667 2462 3720 labia
2524 3684 2644 3722 mea
2704 3669 3180 3738 aperieszdeinde
3245 3684 3356 3723 tres
3420 3668 3684 3738 psalmos,

2106 3760 2440 3828 totidemque
2468 3759 2726 3814 lectiones
2753 3776 2816 3813 ac
2839 3760 3206 3830 responsoria.
3240 3775 3360 3828 quae
3383 3759 3434 3813 in
3463 3767 3682 3828 aposto-

2099 3849 2272 3903 lorum
2289 3850 2548 3904 natalitiis
2567 3862 2938 3914 recensentur,
2960 3851 3220 3906 canonico
3235 3865 3383 3903 more
3405 3849 3686 3920 persolvit.

2101 3937 2365 3992 Omnibus
2391 3940 2570 4008 itaque
2596 3955 2692 4007 per
2711 3939 2955 3995 ordinem
2991 3942 3094 3994 rite
3117 3939 3384 4002 decursis,
3404 3939 3687 3996 matutinis

2099 4043 2315 4097 quoque
2376 4025 2625 4082 laudibus
2666 4038 3062 4096 consequenter
3126 4028 3379 4096 expletis,
3440 4029 3682 4098 ejusdem

2099 4119 2342 4172 ecclesia:
2391 4118 2812 4174 tintinnabulum
2845 4121 3045 4184 sonuit,
3091 4129 3145 4174 et
3172 4122 3429 4175 continuo
3455 4119 3683 4191 presby-

2102 4220 2210 4273 ter,
2240 4210 2330 4278 qui
2383 4212 2496 4265 lucc
2552 4213 2804 4277 videbat,
2837 4213 3132 4284 evigilans,
3189 4217 3462 4269 somnium
3493 4217 3680 4270 termi-

2101 4303 2268 4356 navit.

2170 4393 2435 4448 Praeterea
2455 4395 2592 4450 idem
2605 4437 2617 4456 ,
2634 4398 2722 4464 qui
2737 4413 2922 4466 supra,
2963 4397 3092 4452 mihi
3123 4399 3362 4452 narravit
3377 4399 3686 4469 cpiscopus,

1502 4456 1594 4512 H33
1621 4474 1885 4558 ""“"_'"m_
1905 4474 1994 4558 ιη’
2024 4483 2074 4540 D
2103 4487 2229 4554 quia
2260 4488 2558 4542 monachus
2585 4491 2802 4558 quidam
2831 4491 3071 4558 quotidie
3111 4492 3236 4545 dum
3282 4498 3408 4544 ante
3437 4499 3685 4545 sanctum

2106 4581 2280 4634 altare
2325 4582 2493 4634 beata:
2543 4579 2724 4636 Mariae
2775 4597 2990 4651 semper
3041 4583 3265 4656 virginis
3305 4583 3686 4651 pertransiret.

2103 4671 2248 4724 illam
2305 4689 2371 4725 ex
2429 4688 2580 4726 more
2624 4676 2978 4744 percurrebat
3025 4675 3396 4744 antiphonam,
3445 4690 3566 4744 qua
3607 4675 3688 4728 sic

2105 4761 2296 4830 incipit
2337 4779 2349 4814 ε
2384 4761 2591 4828 Gaude,
2663 4763 2756 4818 Dei
2812 4764 3060 4820 Genitrit
3107 4766 3260 4836 virgo
3308 4763 3684 4831 immaculata;

2105 4854 2302 4922 gaude.
2351 4869 2472 4921 qum
2533 4855 2787 4921 gaudium
2819 4857 2887 4911 ab
2915 4857 3106 4927 angelo
3131 4858 3449 4926 suscepisti;
3494 4857 3685 4928 gaude,

2106 4945 2470 5014 qruegcnuisai
2486 4945 2674 5001 aeterni
2691 4944 2909 5001 luminis
2921 4947 3228 5003 claritatem
3243 4965 3257 5013 ;
3271 4951 3469 5020 gaude,
3484 4958 3691 5014 mater;

2107 5035 2300 5105 gaude,
2347 5046 2534 5090 sancta
2589 5038 2679 5091 Dei
2720 5037 2967 5094 Genitrix
3030 5041 3200 5112 virgo.
3232 5041 3316 5096 Tu
3341 5039 3453 5095 sola
3514 5049 3689 5094 mater

2110 5128 2351 5197 innupta.
2417 5129 2490 5183 Te
2527 5128 2708 5184 laudat
2763 5133 2942 5186 omnis
2983 5132 3215 5188 factura.
3249 5131 3496 5188 Genitrix
3525 5131 3686 5194 lucis,

2109 5220 2384 5275 intercede
2407 5237 2504 5290 pro
2533 5223 2708 5276 uoltis.
2735 5223 2907 5292 Quam
2923 5225 3176 5279 videlicet
3195 5224 3542 5290 antiphonam
3559 5221 3687 5276 dum

2109 5310 2342 5381 quadam
2393 5311 2481 5364 die
2507 5314 2878 5380 pertransiens
2917 5315 3138 5374 diceret.
3169 5313 3377 5370 audivit
3403 5326 3591 5366 vocem
3622 5325 3687 5364 ex

2106 5399 2295 5454 eodem
2321 5399 2516 5455 altario
2543 5404 2920 5474 procedentem
2949 5421 2962 5457 :
2993 5403 3260 5457 Gaudium
3310 5402 3442 5457 mihi
3474 5416 3688 5456 annun-

2109 5491 2276 5554 tiasti,
2311 5492 2568 5560 gaudium
2595 5492 2689 5546 tibi
2719 5491 2952 5546 eveniet.

2108 5583 2234 5635 Car.
2272 5580 2334 5634 γ.
2367 5613 2433 5621 --
2465 5581 2702 5652 Ofﬁcium
2760 5593 3084 5638 mortuorum
3113 5584 3345 5653 quotidie
3394 5581 3688 5652 persolvens

2423 5653 2475 5706 in
2505 5652 2704 5705 calcate
2754 5671 2966 5723 regnum
2996 5652 3367 5707 introducitur.

2181 5744 2286 5799 Sed
2311 5755 2366 5800 et
2395 5745 2533 5802 idem
2568 5744 2699 5799 mihi
2743 5746 2986 5802 narravit
3019 5745 3317 5814 cpiscOpus,
3351 5744 3473 5810 quia
3517 5741 3690 5798 frater
