4048 6190
428 317 532 372 589

1273 323 1516 384 OPUSC.
1557 327 1778 388 XXXV.
1823 329 1910 388 DE
1949 333 2265 394 PIC'I'UIIIS
2303 335 2588 392 PIHNCIP.
2633 341 2874 398 APOST.

3595 359 3706 416 590

423 429 650 496 quidam
675 445 792 536 non
821 433 1158 499 quOt-idiano,
1193 451 1298 492 non
1326 447 1476 496 certe
1519 440 1746 496 solemni
1797 459 2016 502 saneto-
2045 453 2090 512 Α
2123 464 2240 502 rum
2299 465 2492 505 tuanus
2537 453 2639 508 iste
2690 455 2960 514 deveniat.
2999 475 3087 528 qm
3137 463 3240 532 piis
3262 479 3388 536 erga
3421 485 3540 534 nos,
3575 473 3704 530 dum

423 537 564 584 l‘tllll,
589 523 686 576 sed
711 525 830 578 solo
861 527 1139 590 utebatur.
1193 539 1248 584 et
1295 532 1670 590 delectabatur
1700 535 1876 592 oﬂicio
1921 541 2014 594 de-

421 613 756 668 functorum.
815 616 1060 686 Cumque
1107 622 1436 682 conditionis
1475 625 1728 682 humana:
1769 627 2012 682 debitum

417 703 632 758 solvens
677 706 934 764 tribunali
985 712 1204 782 superni
1263 712 1471 768 Iudicis
1501 717 1794 782 astitisset;
1841 720 2012 787 cmpit

417 797 576 850 turba
599 800 906 856 (remonuit:
943 805 1294 864 vehementer
1325 808 1426 862 hoc
1470 808 1542 862 illi
1572 811 1778 866 crimen
1809 813 2006 882 impin-

417 902 544 954 gere
575 927 591 950 ,
659 891 804 958 quod
871 893 1256 950 ecclesiastica:
1337 897 1696 953 institutionis
1766 903 2006 970 regulam

415 978 712 1049 negligens,
741 997 839 1052 per
866 995 1098 1040 assuetae
1119 988 1340 1056 synasis
1367 987 1540 1044 ollicia
1588 999 1708 1044 vota
1741 993 1855 1048 Deo
1885 998 2006 1056 red-

416 1069 550 1123 dere
573 1074 1008 1142 contempsisset.
1053 1077 1208 1132 'l‘nuc
1253 1077 1410 1136 beata
1439 1081 1622 1150 regina
1647 1085 1832 1138 mundi
1863 1101 2008 1140 sem-

413 1172 508 1226 per
537 1159 692 1229 virgo
713 1161 904 1226 Maria,
927 1176 983 1219 et
1011 1182 1202 1224 omnes
1255 1181 1566 1226 sanctorum
1599 1167 1748 1226 chori
1787 1190 1908 1228 cum
1939 1191 2004 1238 ea

415 1249 660 1308 valenter
685 1267 1002 1328 occurrunt,
1029 1273 1260 1329 seseque
1303 1264 1371 1316 ad
1405 1263 1548 1318 illius
1594 1267 1852 1321 auxilium
1876 1283 2004 1324 con-

411 1341 650 1396 corditer
679 1343 1049 1414 interponunt.
1083 1348 1200 1414 llic,
1235 1351 1504 1420 inquiunt,
1555 1365 1738 1408 uoster
1769 1359 2001 1427 capellae

411 1443 510 1482 nus
549 1443 616 1484 ac
667 1433 914 1490 minister
979 1429 1194 1494 exstitit
1236 1458 1248 1492 :
1285 1443 1540 1510 quodque
1613 1443 1996 1502 defunctorum

411 1531 628 1588 semper
655 1526 924 1592 exsequiis
962 1527 1196 1584 libenter
1245 1531 1508 1594 interfuit,
1543 1535 1700 1594 nobis
1731 1537 1996 1598 omnibus,

411 1613 600 1678 procul
633 1615 798 1670 dubio
845 1619 1200 1676 ministravit.
1238 1624 1392 1678 Absit
1421 1626 1604 1690 initur,
1637 1637 1694 1680 ut
1719 1629 1772 1682 in
1801 1629 1994 1682 impio-

435 1801 2278 1838 Ἢ

2125 541 2419 608 adviveret,
2457 545 2652 602 studiis
2699 547 3004 604 insudabat.
3041 552 3134 608 Sic
3163 555 3342 626 itaque
3379 559 3548 616 beata:
3575 562 3706 622 Vir-

2121 633 2263 698 ginis
2289 636 2558 702 precibus,
2576 638 2928 708 omniumque
2947 645 3338 714 supplicatione
3363 661 3702 723 sanctorum,

2123 723 2174 782 in
2223 738 2411 782 eorum
2473 729 2670 782 meruit
2713 731 2950 787 transire
3003 739 3360 794 consortium.
3415 741 3702 811 lgnorabat

2119 825 2300 870 tamen
2325 817 2485 886 huius
2517 821 2592 874 rei
2629 821 2829 882 relator
2853 826 3158 897 episcopus,
3199 843 3382 886 utrum
3413 833 3504 890 ille
3531 835 3700 896 frater

2115 909 2182 962 ad
2207 926 2304 968 nos
2332 927 2606 978 reversus,
2629 931 2702 972 an,
2728 917 2848 972 aliis
2880 919 2935 974 in
2961 920 3062 978 hac
3107 923 3216 978 vita
3244 925 3566 994 degentibus
3597 930 3700 990 ista

2113 1004 2383 1060 retulerit.

2185 1095 2312 1151 Haec
2341 1098 2456 1162 tibi,
2505 1101 2832 1156 venerabilis
2879 1101 3068 1165 frater.
3115 1103 3456 1164 familiariter
3494 1111 3694 1174 scribo,

2113 1188 2240 1254 quia
2273 1190 2418 1243 velut
2478 1192 2738 1247 suavibus
2788 1194 2982 1264 epulis,
3027 1197 3110 1250 sic
3139 1197 3191 1252 in
3223 1207 3334 1263 tua,
3359 1215 3722 1272 quaecunque
3765 1191 3774 1200 ’

2113 1278 2206 1340 sit,
2267 1279 2594 1336 allocutione
2645 1283 2887 1338 delector
2915 1295 3012 1340 εει
3073 1303 3227 1342 meus
3290 1306 3406 1348 mea
3433 1295 3696 1350 continuo

2109 1368 2344 1436 laetatur,
2385 1381 2440 1426 et
2472 1372 2671 1442 gliscit,
2717 1391 2842 1430 cum
2869 1378 3106 1446 aliquid,
3138 1380 3282 1449 quod
3327 1382 3424 1438 tibi
3455 1399 3694 1456 congruo

2105 1461 2394 1524 scribatur,
2433 1466 2692 1518 occurrit.

2445 1553 2524 1605 Sit
2555 1571 2740 1608 nonae»
2769 1555 2980 1612 Domini
3009 1559 3352 1616 benedictum.

2289 1825 3674 1858 _..._.....____.__..__._.______________

519 1935 882 2044 εοεαε
933 1995 1784 2112 OPUSCULUM
1875 1963 2778 2135 TRICESIMUM
2851 2009 3556 2146 QUINTUM.

1220 2213 1318 2272 DE
1363 2213 1725 2276 ‘PICTUMS
1761 2217 2196 2280 PRINCIPUM
2245 2221 2838 2286 APOSTOLORUM

401 2521 798 2608 Assuunsrnu.
825 2517 1178 2608 :Apausangt"
1192 2517 2104 2608 egerim:rnl’anlusiapostoilusgad
2137 2522 2448 2608 dexteram,
2475 2528 2674 2608 Petrus
2687 2542 2820 2608 vero
2846 2530 2914 2608 ad
2945 2530 3222 2608 sinistram
3256 2536 3305 2608 in
3333 2537 3560 2608 picturis
3583 2556 3681 2596 ex-

471 2589 810 2676 pritluanturn
828 2587 1034 2667 idcirco
1061 2587 1292 2676 scilicet.
1317 2589 1441 2658 quia
1467 2587 1840 2676 ‘Pauluses'set
1868 2607 1934 2643 ει
1971 2591 2031 2672 tri

2086 2591 2437 2676 tt‘lfcnjamin,
2465 2599 2555 2663 qui
2583 2595 2802 2676 Latine,
2831 2599 3232 2676 ﬁliusﬁdextcrw

471 2655 768 2744 probatque
795 2657 1102 2740 hujusmodi
1138 2655 1350 2744 nom-qn
1369 2661 1651 2744 aptissime
1683 2659 1756 2714 illi
1769 2661 2096 2744 convenire.
2123 2655 2316 2743 Mtdtas
2346 2655 2560 2744 tinuit-tte
2587 2655 3679 2744 ejuStlem'Pauli_prterogaiiias'addncit:

471 2729 608 2814 Tum
635 2731 848 2819 deum“!
875 2729 1100 2797 evponit
1129 2745 1227 2784 cur
1251 2729 1738 2800 llierosolymitana
1767 2731 2029 2795 Ecclesia,
2058 2747 2182 2786 cum
2219 2733 2272 2788 in
2293 2729 2632 2790 eventis-mg
2653 2752 2865 2819 Apassus
2895 2729 3078 2806 fuerit,
3116 2729 3238 2797 non)
3265 2747 3336 2801 sit
3375 2729 3680 2819 ἐειῇὲὶῐὸὶὶίέ

467 2801 616 2854 nium
641 2799 1032 2860 Ecclesiarum.

471 2917 673 2969 Domno
719 2916 1009 2970 DESIDEBIO
1037 2923 1238 2970 sancta:
1269 2915 1638 2970 conversionis
1669 2915 1984 2987 [conversa-
2021 2921 2064 2978 Β
2097 2926 2206 2970 tam
2245 2918 2544 2989 egregium,
2575 2929 2796 2989 tamque
2827 2921 3094 2978 famosum
3151 2931 3461 2996 aposIolicte
3491 2935 3678 3004 dispo-

397 3004 578 3078 tionis]
609 3005 808 3065 abbati.
835 3007 1198 3075 religiosoque
1221 3007 1528 3070 conventui,
1554 3007 1776 3076 PETRUS
1793 3021 1985 3077 peccao

395 3106 480 3148 tor
503 3093 800 3150 monachus
828 3097 882 3150 in
915 3095 1144 3149 Domino
1169 3096 1504 3152 servitutem.

467 3189 536 3246 Ut
563 3189 819 3244 doumum
857 3179 1148 3242 Martinum
1181 3191 1246 3242 ad
1271 3204 1367 3244 vos
1387 3190 1504 3244 .iter
1530 3189 1774 3260 arripere
1795 3190 1981 3252 didici.

393 3281 605 3334 notario
631 3281 898 3351 protinus,
933 3290 992 3334 ut
1037 3283 1334 3350 exciperet,
1384 3281 1664 3350 imperavi.
1701 3281 1808 3336 Sed
1841 3297 1980 3351 (ιιιορ

393 3371 538 3426 niam
584 3387 683 3442 per
711 3381 878 3426 totum
910 3371 1431 3442 quadragesitnalem
1482 3372 1744 3427 circulum
1777 3381 1976 3436 tecum,

389 3465 721 3520 venerabilis
755 3473 929 3534 pater,
961 3464 1300 3520 familiariter
1328 3465 1546 3535 degens,
1575 3479 1801 3534 quaeque
1853 3481 1981 3520 con-

391 3553 615 3610 ferenda
651 3555 996 3621 videbantur,
1049 3557 1171 3610 viva
1217 3571 1348 3610 voce
1382 3557 1728 3620 contulimus,
1777 3567 1832 3610 et
1861 3573 1980 3627 qua:

388 3647 842 3702 communicanda
882 3658 1060 3714 erant,
1097 3649 1211 3703 sive
1261 3649 1566 3712 tractanda,
1605 3649 1802 3718 smpius
1855 3649 1980 3703 inti-

390 3738 684 3804 mavimus;
715 3739 827 3808 jam
866 3740 1000 3809 quid
1043 3741 1164 3794 novi
1215 3741 1280 3793 ad
1336 3749 1387 3794 te
1434 3739 1599 3794 scribi
1645 3739 1838 3804 valeat,
1869 3755 1976 3794 non

279 3851 302 3866 ο
391 3829 627 3896 invenio,
672 3831 798 3885 dum
852 3832 1112 3902 quidquid
1167 3833 1530 3887 necessarium
1577 3847 1696 3886 esse
1741 3842 1973 3903 poterat,

388 3921 722 3991 frequentius
763 3924 1016 3978 iteratum
1068 3924 1330 3979 alterutra
1383 3923 1822 3978 confabulatione
1854 3939 1976 3994 per-

389 4013 584 4082 pendo.
634 4013 776 4081 Quid
833 4015 998 4084 igitur
1059 4015 1306 4070 faciam?
1359 4013 1611 4084 Nunquid
1685 4015 1776 4084 qui
1830 4015 1974 4084 loqui

387 4117 657 4173 cmperam
690 4146 704 4170 ,
757 4105 1041 4160 deﬁciente
1106 4105 1330 4159 materia
1367 4147 1380 4170 ,
1441 4104 1634 4159 stolide
1705 4105 1976 4158 contices-

387 4207 506 4246 cam
528 4193 554 4246 Ξ

907 4285 1134 4340 CAPUT
1173 4285 1462 4340 PRIMUM.

387 4391 498 4446 Cur
533 4393 725 4448 Petrus
771 4397 840 4449 (ul
869 4399 1158 4462 sinistram,
1185 4409 1232 4451 et
1274 4398 1472 4452 Paulus
1517 4399 1586 4452 ad
1639 4401 1877 4453 dextram
1920 4401 1978 4452 in

885 4468 1104 4536 picturis
1135 4468 1474 4522 collocentur.

459 4553 564 4610 Sed
589 4556 714 4611 dum
742 4568 1003 4612 armatam
1033 4574 1229 4628 penna,
1255 4553 1414 4628 alque
1441 4559 1506 4613 ad
1540 4561 1884 4615 scribendum
1907 4575 1974 4614 ex

387 4663 537 4704 more
583 4648 834 4704 libratam
891 4667 1110 4705 manum
1142 4653 1424 4721 scriptoris
1475 4653 1713 4722 aspicio,
1751 4653 1974 4706 materia

387 4739 518 4792 mihi
557 4739 729 4794 dulcis
768 4739 1015 4805 oﬂ'ertur,
1049 4742 1114 4796 de
1159 4757 1263 4810 qua
1309 4743 1376 4795 ad
1426 4739 1803 4810 disputandum
1852 4757 1972 4794 mea

389 4845 542 4884 mens
609 4829 864 4885 alacriter
919 4841 1266 4900 provocetur.
1333 4831 1436 4886 l‘cr
1487 4833 1647 4886 istam
1708 4833 1971 4901 siquidem

387 4921 582 4976 notarii
611 4922 856 4976 dextram
911 4933 1132 4994 repente
1189 4923 1320 4978 mihi
1369 4923 1496 4978 illud
1541 4925 1803 4988 occurrit,
1833 4925 1972 4993 quod

389 5013 500 5082 ipse
531 5029 562 5068 a
592 5029 698 5080 me,
718 5015 1018 5084 quaestione
1051 5001 1352 5086 proposita,
1394 5031 1766 5086 sarpenumcro
1795 5018 1974 5086 requi-

387 5103 502 5159 sisti
535 5123 548 5158 :
576 5103 687 5160 Cur
729 5107 977 5162 videlicet
1014 5109 1066 5162 in
1119 5107 1443 5178 imaginibus
1491 5109 1822 5178 picturarum
1876 5123 1973 5179 per

385 5199 670 5255 universas
705 5200 1016 5269 adjacentcs
1051 5201 1239 5256 Reum
1270 5202 1600 5271 provincias,
1631 5201 1825 5258 Petrus
1879 5201 1968 5270 qui

385 5289 592 5356 primus
617 5299 722 5354 est,
745 5290 812 5344 ad
847 5291 1156 5356 sinistram;
1187 5292 1591 5362 coapostolatus
1619 5302 1798 5346 autem
1853 5291 1972 5360 ejus

385 5377 583 5432 Paulus
609 5381 958 5435 constituitur
978 5381 1046 5436 ad
1071 5381 1352 5446 dextram;
1378 5397 1500 5436 cum
1517 5382 1668 5450 juxta
1693 5381 1970 5452 vulgarem

383 5481 604 5522 sensum
655 5469 756 5524 hoc
791 5484 972 5524 rerum
1025 5472 1160 5526 ordo
1203 5470 1482 5540 deposcat,
1530 5479 1588 5524 ut
1633 5469 1846 5534 Petrus,
1878 5469 1970 5539 qui

383 5565 606 5612 senatus
639 5559 923 5627 apostolici
949 5560 1202 5629 princeps
1246 5567 1350 5622 est,
1380 5559 1630 5614 dextrum
1655 5557 1864 5614 Domini
1889 5558 1968 5612 la-

2089 3009 2302 3064 sitiouis
2343 3011 2586 3065 ordinem
2649 3013 2992 3079 inconsulte,
3051 3025 3214 3086 atque
3275 3013 3676 3084 inconsiderate

2086 3101 2276 3157 devota
2329 3102 2440 3158 Deo
2470 3119 2534 3158 ac
2586 3103 2836 3174 religiosa
2869 3116 3108 3162 vetustas
3157 3112 3460 3169 admiserit.
3493 3117 3678 3189 Neque

2083 3195 2228 3249 enim
2288 3197 2616 3250 credendum
2667 3207 2772 3255 est.
2809 3208 2868 3252 ut
2912 3198 3304 3259 Cutistautinus
3359 3208 3676 3279 imperator,

2087 3286 2196 3340 imo
2225 3301 2362 3354 papa
2395 3285 2688 3350 Silvester;
2727 3295 2890 3356 atque
2917 3299 3038 3356 post
3065 3305 3160 3346 eos
3185 3294 3460 3365 principes
3493 3310 3550 3354 et
3589 3318 3678 3356 sa-

2082 3377 2330 3431 cerdotes
2359 3376 2410 3429 in
2435 3376 2820 3430 ecclesiasticaa
2865 3377 3161 3447 disciplina:
3185 3382 3361 3438 littera
3387 3391 3676 3460 pervigiles

2083 3475 2244 3534 atque
2281 3465 2530 3528 solertcs,
2563 3466 2705 3520 hunc
2756 3467 3004 3522 ordinem
3053 3478 3324 3532 tantorum
3363 3477 3670 3550 principum

2081 3556 2460 3626 uegligendmn
2485 3557 2766 3619 ducerent,
2793 3557 2838 3612 si
2861 3562 3198 3618 correctione
3217 3565 3436 3635 dignum
3461 3569 3668 3642 aliqua-

2082 3655 2236 3698 tenus
2267 3645 2624 3702 :estimarent.
2675 3646 2752 3702 Nc
2806 3662 2936 3719 ergo
2987 3661 3190 3708 sancte
3237 3655 3396 3725 hujus
3431 3660 3672 3722 historia:

2079 3740 2211 3794 ordo
2247 3739 2586 3794 inordinatus
2610 3751 2890 3810 appareat,
2924 3743 3066 3812 quod
3103 3747 3258 3802 nobis
3281 3753 3510 3816 videtur,
3542 3769 3668 3810 san-

2077 3829 2252 3885 ctitati
2269 3841 2456 3885 vestra:
2484 3832 2722 3888 breviter
2744 3834 3064 3888 innotescat.

2141 3920 2376 3982 Paulum
2419 3920 2576 3988 plane
2603 3921 2669 3976 de
2725 3922 2868 3976 tribu
2897 3922 3180 3990 Beniamin
3213 3929 3490 3986 exstitisse
3541 3937 3666 4002 quis

2078 4010 2342 4077 ambigit?
2389 4009 2674 4078 Beniamin
2721 4021 2904 4066 autem
2962 4013 3247 4080 Hebraice,
3279 4017 3472 4075 Latine
3523 4024 3670 4092 ﬁlius

2077 4101 2305 4154 dextera?
2355 4111 2719 4169 nuncupatur.
2761 4101 2906 4167 Quid
2938 4118 3068 4172 ergo
3113 4105 3310 4162 mirum
3341 4118 3444 4174 est,
3495 4113 3540 4166 si
3597 4115 3666 4170 ad

2077 4190 2362 4245 dexteram
2413 4191 2781 4254 constituitur,
2829 4191 2918 4261 qui
2953 4193 3272 4248 vocabulum
3303 4196 3542 4254 dexteras
3593 4219 3664 4258 es

2005 4290 2050 4351 (ζ
2083 4291 2308 4350 paterno
2322 4279 2446 4348 jure
2468 4280 2730 4334 sortitur?
2761 4281 2918 4336 Enim
2943 4297 3096 4346 vero,
3121 4294 3180 4338 nt
3203 4295 3356 4340 vetus
3387 4289 3476 4342 illa
3505 4291 3666 4346 beato

2079 4375 2248 4428 Paulo
2285 4374 2492 4442 liquido
2541 4388 2844 4444 congruere
2874 4375 3119 4430 videatur
3144 4377 3389 4442 historia,
3423 4397 3526 4436 non
3552 4385 3668 4442 sine

2079 4481 2244 4522 causa
2293 4466 2576 4535 Scriptura
2626 4465 2804 4520 dicit:
2849 4485 2868 4516 ε
2930 4468 3066 4534 Quia
3121 4469 3434 4538 egrediente
3485 4477 3666 4532 anima

2077 4555 2280 4612 Rachel
2311 4572 2422 4626 pra:
2443 4556 2652 4622 dolore,
2673 4565 2728 4611 et
2757 4557 3074 4614 imminente
3095 4555 3208 4624 jam
3233 4571 3426 4628 morte,
3455 4568 3668 4622 vocavit

2079 4663 2276 4702 nomen
2335 4646 2432 4700 filii
2465 4647 2566 4706 sui.
2614 4647 2852 4710 Benoni,
2894 4648 2948 4708 id
2999 4658 3084 4704 est
3127 4649 3272 4715 ﬁlius
3321 4653 3520 4707 doloris
3563 4660 3666 4712 nisi

2077 4735 2232 4808 (Gen.
2271 4745 2456 4805 nm).
2495 4755 2516 4786 ι
2549 4735 2708 4792 Pater
2739 4752 2866 4792 vero
2895 4737 3186 4806 appellavit
3206 4755 3328 4794 eum
3359 4742 3661 4812 Beujamin,

2077 4828 2130 4881 id
2153 4839 2260 4890 est,
2284 4827 2432 4895 ﬁlius
2457 4827 2702 4882 dextera.
2737 4827 2842 4881 Per
2867 4827 3072 4886 Rachel.
3101 4845 3350 4900 namque,
3377 4825 3496 4902 quae
3519 4841 3658 4902 ovis,

2075 4917 2158 4971 vel
2181 4917 2354 4972 visum
2384 4917 2708 4985 principium
2735 4917 2953 4981 dicitur,
2977 4917 3222 4976 Ecclesia
3245 4935 3352 4984 non
3387 4923 3666 4992 immeriti;

2077 5009 2406 5077 designatur.
2443 5007 2574 5074 Quae
2601 5008 2856 5064 nimirum
2883 5017 2942 5063 et
2965 5011 3030 5068 ad
3055 5009 3227 5066 instar
3253 5013 3370 5070 ovis
3395 5013 3662 5071 innoceu-

2073 5109 2154 5153 ter
2177 5100 2328 5164 vivit,
2342 5106 2396 5152 et
2414 5113 2510 5168 per
2533 5099 2770 5156 studium
2791 5099 3258 5170 contemplationis
3281 5103 3348 5158 ad
3371 5103 3660 5162 videndam

2073 5188 2454 5257 Redemptoris
2472 5189 2554 5244 sui
2617 5189 2852 5256 speciem
2877 5187 3188 5246 medullitus
3209 5191 3522 5248 inardescit.
3556 5193 3658 5262 Qui

2071 5281 2140 5334 de
2177 5295 2238 5334 se
2283 5280 2684 5348 requirentibus
2711 5278 2912 5336 iudicis
2956 5281 3070 5334 ait:
3111 5299 3130 5330 ι
3165 5279 3276 5350 Ego
3304 5281 3655 5352 principium,

2071 5373 2164 5444 qui
2206 5381 2260 5427 et
2307 5372 2498 5442 loquor
2521 5373 2674 5426 vobis
2709 5371 2889 5438 (loqu.
2924 5373 3064 5442 vtn).
3101 5393 3120 5424 ι
3161 5372 3440 5442 Benjamin
3489 5377 3654 5448 igitur

2071 5471 2352 5529 nascente,
2391 5461 2590 5518 Rachel
2619 5473 2794 5518 mater
2843 5463 3137 5526 emoritur;
3185 5464 3312 5518 dum
3363 5470 3654 5540 appropin-

2071 5563 2274 5623 quante
2313 5555 2382 5609 ad
2411 5555 2584 5610 lucem
2615 5569 2768 5609 novae
2797 5555 3220 5624 regenerationis
3263 5555 3448 5625 Saulo,
3473 5575 3654 5630 perse-

385 5659 504 5714 tus;
559 5649 758 5706 Paulus
797 5665 947 5716 vero,
997 5651 1090 5720 qui
1135 5650 1318 5720 junior
1375 5659 1478 5714 est,
1515 5650 1793 5704 sinistrum
1845 5647 1970 5718 jure
1996 5635 2048 5696 ι)
2071 5647 2380 5702 cutionibus
2415 5646 2654 5702 Ecclesia
2683 5661 2782 5714 per
2804 5661 2928 5702 eum
2955 5647 3642 5722 crudeliterimpugnatnr.

387 5745 696 5812 possideat?
725 5743 830 5800 Sed
869 5746 1062 5800 durum
1093 5754 1172 5799 est
1203 5745 1378 5810 valde,
1410 5752 1468 5797 ut
1509 5745 1812 5813 opinemur,
1843 5744 1968 5812 quia

2076 5740 2224 5794 Sicut
2241 5739 2414 5794 Lucas
2435 5737 2486 5794 in
2507 5737 2730 5794 Actibus
2746 5738 3142 5808 apostolorum:
3169 5759 3186 5792 ε
3213 5741 3427 5810 Saulus,
3448 5745 3644 5815 inquit,
3693 5817 3698 5822 ‘
