4074 6190
350 320 445 376 litt!

780 323 835 375 S.
885 320 1084 375 PETB.
1131 315 1410 375 DAMIANI
1449 320 1599 376 Ol‘P.
1643 317 1880 376 TOMIJS
1917 313 2046 372 SEU
2090 316 2270 371 PARS
2306 317 2391 372 ill.
2429 347 2497 356 —
2533 314 2896 371 OPUSCULA
2940 314 3167 369 VARIA.

3520 312 3627 370 59?.

349 442 659 495 devastabat
687 440 1004 500 Eerlesiam.
1036 456 1131 509 per
1160 440 1352 492 domos
1382 441 1610 502 intrans,
1634 447 1687 490 et
1709 438 1931 490 trahens
1963 439 2005 496 Α
2037 433 2139 487 lida
2179 435 2446 487 charitate
2473 433 2685 510 ﬁagrat,
2716 442 2823 485 tam
2853 447 3018 484 mmta
3046 445 3113 484 ex
3141 429 3274 483 locis
3300 428 3366 482 ad
3400 428 3516 482 loca
3568 446 3627 482 se

348 535 511 592 viros.
548 541 601 586 et
633 532 888 584 mulieres
914 530 1162 599 tradebat
1187 523 1350 600 607
1382 531 1433 583 in
1464 530 1762 584 custodiam
1791 529 1931 598 (Act.

349 624 487 692 vm).
525 642 542 675 ι
570 623 819 692 Congrue
847 621 1030 690 itaque
1057 620 1258 674 Rachel
1289 622 1514 687 Benoni,
1545 623 1595 676 id
1627 632 1731 686 est,
1763 622 1932 689 ﬁlium

345 714 542 766 (latoris
583 713 681 764 ιιιιιί
715 719 874 764 vocat
903 728 914 762 :
949 724 1108 779 quem
1134 709 1302 765 Jacob
1323 711 1627 781 Benjamin,
1657 712 1708 765 id
1736 720 1836 774 est,
1868 711 1935 779 ﬁ-

346 803 476 855 lium
504 803 732 854 dextera:
758 809 1064 869 nuncupat;
1098 800 1222 868 quia
1257 799 1474 864 Paulus,
1501 801 1591 868 qui
1623 799 1810 854 matris
1833 799 1934 854 Ec-

345 895 523 948 clesia:
575 893 728 946 dolor
768 891 997 956 exstitit,
1031 892 1122 960 qui
1166 907 1285 946 eam
1337 893 1753 961 quodammodo,
1808 891 1930 945 dum

348 992 684 1044 nasceretur,
729 981 1088 1050 impugnando
1117 981 1371 1050 peremit,
1405 997 1434 1034 a
1465 981 1573 1035 Deo
1602 981 1760 1036 Patre
1788 981 1932 1050 [ilius

352 1073 579 1124 dexterae
617 1080 701 1124 est
728 1081 969 1134 vocatus,
1007 1086 1127 1124 cum
1171 1086 1268 1138 per
1305 1085 1428 1123 cum
1473 1071 1651 1124 divina
1693 1072 1932 1140 petentia

345 1162 606 1215 adversus
652 1171 838 1228 gentes
866 1160 1020 1228 quasi
1064 1176 1162 1230 per
1213 1159 1406 1216 fortem
1445 1175 1602 1214 suam
1651 1165 1932 1215 dexteram

345 1251 948 1314 dimicavit,verbortmi
967 1248 1145 1318 jacula
1166 1249 1406 1304 valenter
1427 1250 1663 1316 intorsit,
1688 1250 1932 1306 salubres

344 1343 587 1396 eordium
632 1341 816 1411 plagas
863 1341 1064 1405 intulit,
1107 1350 1162 1395 et
1190 1356 1287 1410 per
1327 1357 1451 1395 eum
1495 1341 1720 1395 devictis
1770 1353 1934 1410 atque

344 1434 633 1504 prostratis
657 1433 924 1496 hostibus,
951 1448 1069 1485 cum
1095 1432 1263 1500 gloria
1295 1433 1667 1501 triumphavit.
1697 1431 1831 1486 llinc
1853 1441 1937 1486 est

345 1525 489 1593 quod
534 1525 671 1578 idem
705 1522 902 1575 Paulus
953 1521 1019 1575 ad
1051 1520 1270 1576 Galatas
1327 1523 1402 1574 ait
1437 1539 1454 1576 :
1488 1539 1507 1572 ο
1564 1521 1698 1574 (lum
1754 1531 1932 1576 autem

341 1612 666 1680 complacuit
696 1611 769 1675 ci,
801 1611 890 1680 qui
947 1625 1031 1664 me
1073 1612 1373 1680 segregavit
1427 1626 1495 1664 cx
1547 1619 1698 1663 utero
1745 1611 1934 1664 matris

345 1722 496 1766 mete,
545 1713 599 1758 ct
653 1704 866 1757 vocavit
910 1718 1007 1772 per
1058 1702 1289 1772 gratiam
1342 1717 1518 1766 suam,
1553 1710 1612 1754 ut
1665 1699 1931 1755 revelaret

2035 531 2320 600 vagatione
2364 537 2658 598 permutat.
2685 527 2851 599 6093
2875 524 3134 578 Transire
3175 524 3242 577 ad
3273 523 3375 576 alia
3408 538 3472 576 ex
3504 525 3625 576 aliis

2033 623 2261 692 appetit,
2305 623 2429 691 quia
2499 621 2669 690 ipsius
2717 635 2864 684 eum,
2911 632 3071 687 quem
3119 615 3328 686 implet,
3375 615 3626 670 stimulus

2033 714 2316 768 charitatis
2354 714 2596 783 impellit.
2621 713 2802 782 Longe
2826 726 3062 780 namque
3083 726 3111 763 a
3138 709 3398 764 Romanis
3419 710 3628 778 positus

2033 806 2224 860 scribit
2251 824 2262 859 :
2298 824 2316 857 ι
2348 804 2662 859 Memoriam
2689 804 2854 858 vestri
2889 802 3028 856 facio
3055 816 3268 870 semper
3290 800 3344 854 in
3368 799 3628 854 orationi-

2033 895 2133 949 bus
2155 895 2319 957 meis,
2348 895 2668 959 obsecrans,
2694 893 2737 947 si
2771 908 2880 962 quo
2908 892 3068 945 modo
3093 891 3313 944 tandem
3339 890 3627 960 aliquando

2032 977 2348 1055 prosperum
2378 984 2480 1038 iter
2506 984 2732 1038 habeam
2766 983 2818 1036 iu
2846 982 3118 1037 voluntate
3149 982 3242 1036 Dei
3279 982 3525 1036 veniendi
3560 983 3626 1036 ad

2032 1093 2147 1131 vos.
2199 1077 2456 1132 Desidere
2499 1077 2644 1130 enim
2674 1076 2862 1130 videre
2893 1091 2989 1129 vos
3017 1073 3188 1145 (Rana.
3219 1073 3281 1144 I).
3314 1094 3332 1124 ι
3364 1073 3626 1128 Retentus

2038 1168 2260 1237 Ephesi,
2291 1167 2589 1223 Corinthiis
2616 1167 2803 1222 scribit
2845 1183 2858 1218 :
2893 1185 2912 1218 ι
2954 1165 3092 1220 Ecce
3120 1167 3284 1219 tertio
3309 1165 3413 1219 hoc
3465 1180 3624 1234 para-

2035 1267 2122 1312 tus
2175 1275 2293 1312 smn
2346 1258 2532 1313 venire
2585 1259 2650 1312 ad
2697 1272 2794 1310 vos
2848 1255 2933 1326 (11
2964 1256 3088 1309 Cor.
3155 1255 3273 1323 xu).
3313 1275 3331 1307 ι
3386 1255 3626 1309 Rursum

2035 1349 2230 1418 Ephesi
2255 1363 2615 1411 conunorans,
2643 1347 2850 1401 Calatis
2881 1347 3140 1418 loquitur,
3175 1347 3360 1401 dicens
3391 1363 3402 1398 :
3448 1364 3466 1395 ι
3498 1345 3624 1400 Vel-

2035 1440 2138 1494 lem
2169 1456 2255 1494 me
2278 1455 2399 1494 esse
2420 1440 2559 1508 apud
2589 1454 2685 1492 vos
2707 1415 2972 1502 ιιιοιΙυ,’θι
3000 1448 3212 1491 mutue
3237 1452 3424 1490 vocem
3450 1451 3626 1490 meam

2035 1529 2180 1600 (Gal.
2207 1531 2299 1598 iv).
2336 1549 2352 1581 ι
2381 1529 2566 1583 Romae
2596 1543 2812 1597 quoque
2846 1528 3090 1582 custodia
3117 1528 3357 1582 carceris
3386 1526 3624 1592 clausus,

2033 1619 2163 1688 quia
2195 1617 2274 1672 ire
2303 1633 2398 1686 per
2424 1618 2774 1687 semetipsum
2829 1618 2895 1670 ad
2943 1606 3326 1687 Philippeuses’
3363 1633 3468 1670 non
3504 1633 3625 1687 per-

2035 1707 2289 1771 mittitur,
2324 1709 2696 1762 transmittere
2735 1722 2792 1762 se
2821 1707 3144 1776 discipulum
3175 1706 3493 1776 pollicetur,
3545 1709 3625 1761 di-

347 1795 514 1848 lilium
538 1810 692 1847 suum
712 1793 761 1846 in
783 1801 960 1857 me,et
980 1791 1408 1860 evangelizarcm
1430 1807 1551 1845 eum
1578 1790 1628 1842 in
1655 1790 1922 1856 gentibus,

2030 1814 2159 1855 cens
2188 1818 2200 1853 :
2234 1819 2251 1851 ι
2288 1799 2458 1869 Spero
2489 1801 2539 1854 in
2567 1800 2848 1854 Dominum
2882 1801 3089 1864 .lcsum,
3115 1801 3458 1855 Timotheum
3516 1803 3626 1856 cito

343 1885 598 1938 continuo
627 1899 733 1938 non
755 1882 1002 1951 acquievi
1035 1880 1188 1936 carni
1237 1889 1292 1935 et
1336 1881 1585 1950 sanguini
1617 1878 1756 1950 (Gal.
1810 1879 1868 1951 I).
1908 1899 1926 1931 ι

341 1975 459 2029 Non
486 1989 614 2044 ergo
643 1972 915 2029 immerito
941 1970 1084 2039 ﬁlius
1111 1971 1338 2024 dextera:
1359 1969 1559 2024 Paulus
1580 1978 1818 2030 vocatur,
1836 1983 1935 2037 per

343 2082 500 2136 quem
527 2065 704 2118 onmis
746 2063 986 2132 gentium
1037 2061 1348 2126 multitudo,
1381 2075 1500 2129 qua:
1556 2060 1622 2115 ad
1652 2061 1930 2114 dexteram

342 2162 433 2215 Dei
491 2161 736 2230 ponenda
793 2167 914 2220 est,
969 2157 1038 2210 ad
1083 2157 1207 2210 lidei
1263 2163 1603 2210 sacramenta
1661 2153 1949 2223 colligitur.

338 2253 630 2306 Accinctus
657 2251 921 2319 siquidem
949 2251 1115 2303 verbo
1145 2249 1261 2313 Dei,
1288 2248 1432 2317 quod
1459 2259 1541 2302 est
1566 2246 1776 2317 gladius
1805 2246 1932 2316 Spi-

340 2345 477 2398 ritus
504 2342 720 2413 (Ep/tes.
755 2342 861 2411 vi),
905 2341 1171 2410 hodieque
1212 2355 1382 2408 usque
1427 2339 1494 2393 ad
1545 2339 1703 2394 ﬁnem
1751 2337 1932 2393 seculi

336 2437 596 2489 adversus
622 2434 860 2486 omnium
893 2432 1167 2490 vitiorum.
1199 2430 1612 2499 iniquorumque
1643 2427 1928 2497 spirituum

337 2527 542 2581 rabiem
573 2527 814 2589 dimicat,
838 2533 893 2578 et
925 2532 1177 2592 tanquam
1211 2521 1468 2574 fulminea
1497 2519 1696 2574 Christi
1717 2533 1930 2585 manus,

332 2619 562 2672 vibratis
587 2616 827 2670 caelestis
848 2615 1049 2684 eloquii
1077 2613 1290 2684 gladiis,
1325 2613 1527 2684 rigidas
1556 2612 1927 2666 resistentium

340 2709 452 2764 Deo
498 2707 740 2762 cervices
781 2708 1090 2759 obtruncat.
1125 2704 1291 2758 Recte
1332 2703 1496 2772 igitur
1527 2701 1725 2755 Paulus
1751 2684 1926 2754 dextri

330 2801 486 2871 juxta
517 2799 934 2865 Redemptor-em
985 2795 1172 2848 lateris
1203 2794 1412 2847 obtinet
1465 2794 1802 2863 dignitatem,
1835 2793 1926 2861 qui

336 2891 532 2944 divina:
583 2889 820 2940 dexterte
865 2902 969 2940 non
1019 2885 1313 2954 ambigitur
1355 2898 1614 2938 exercere
1649 2883 1923 2937 virtutem.

336 2985 419 3033 An
443 2996 546 3033 non
575 2977 975 3046 quodammodo
1000 2977 1221 3030 dextera
1255 2975 1349 3028 Dei
1374 2975 1634 3028 adversus
1655 2973 1925 3028 diabolum

335 3073 679 3128 dimicantem
706 3085 762 3124 se
793 3068 998 3122 fatetur
1024 3083 1164 3130 esse,
1193 3083 1316 3122 cum
1345 3067 1480 3121 dicit
1517 3084 1530 3119 :
1569 3088 1586 3118 ‹
1618 3066 1724 3136 Ego
1744 3076 1924 3120 autem

335 3167 414 3220 sic
433 3181 616 3228 curro,
645 3178 751 3216 non
792 3162 947 3232 quasi
979 3161 1032 3214 in
1063 3161 1327 3214 incertum
1367 3176 1382 3213 :

333 3254 486 3323 quasi
511 3267 692 3307 aerem
718 3249 1048 3305 verberans?
1094 3269 1112 3300 ι
1151 3248 1199 3319 (I
1229 3248 1349 3302 Cor.
1384 3247 1484 3320 ix.)

964 3345 1191 3402 CAPUT
1227 3345 1290 3400 ll.

661 3439 819 3494 Pauli
854 3440 1215 3510 prcerogatiua:
1253 3449 1592 3493 enarrantur.

404 3533 602 3586 Paulus
633 3535 700 3585 ad
724 3531 921 3585 cmlum
951 3531 1172 3584 tertium
1199 3540 1384 3599 raptus
1413 3528 1656 3582 ascendit
1678 3525 1764 3597 (II
1795 3525 1920 3580 Cor.

335 3627 459 3692 xit),
491 3624 578 3676 ubi
628 3621 791 3675 etiam
846 3636 1042 3674 arcana
1070 3621 1255 3682 verba,
1287 3635 1402 3688 quae
1445 3619 1753 3674 hominibus
1777 3616 1920 3686 loqui

335 3730 440 3767 non
471 3713 614 3775 licet,
645 3712 870 3765 audivit.
892 3712 1024 3778 Quis
1054 3720 1236 3765 autem
1264 3706 1493 3777 neSciat,
1519 3710 1644 3779 quia
1677 3709 1784 3762 vita
1814 3718 1923 3762 ter-

339 3818 468 3858 rena
496 3802 623 3857 dicit
649 3802 947 3866 sinistram,
972 3801 1207 3855 caelestis
1227 3811 1405 3854 autem
1437 3799 1707 3870 signiﬁcat
1729 3799 1918 3852 dexte—

336 3911 475 3961 ram,
498 3893 640 3950 sicut
678 3908 870 3964 sponsa
901 3892 1032 3947 dicit
1057 3892 1105 3945 in
1135 3890 1374 3946 Canticis
1404 3909 1416 3944 :
1446 3909 1466 3941 (
1494 3891 1650 3944 Lmva
1681 3889 1798 3959 ejus
1821 3889 1920 3943 sub

331 3989 508 4056 capite
565 4000 723 4049 meo,
779 3992 833 4038 et
879 3983 1099 4038 dextera
1131 3983 1272 4037 illius
1322 3980 1714 4052 amplexabitur
1744 3979 1860 4033 me?
1893 3997 1914 4031 ι

332 4076 512 4148 (Cant.
539 4082 623 4146 ιι.)
680 4075 834 4128 Laeva
866 4089 1100 4142 namque
1134 4089 1254 4126 esse
1319 4073 1418 4126 sub
1466 4073 1644 4141 capite
1697 4071 1917 4134 dicitur,

335 4175 463 4242 quia
516 4185 756 4241 praesens
805 4169 914 4221 vita
971 4169 1112 4236 apud
1178 4167 1409 4221 electum
1463 4165 1756 4234 quemlibet
1821 4164 1919 4218 sub

333 4272 530 4325 mente,
565 4275 685 4329 qua:
731 4257 920 4327 procul
973 4258 1137 4310 dubio
1185 4257 1573 4325 cogitationum
1622 4261 1784 4322 caput
1814 4262 1916 4316 est,

331 4357 583 4422 despecta
605 4351 863 4404 calcatur.
885 4349 1112 4402 Dextera
1139 4362 1266 4400 vero
1285 4347 1374 4400 Dei
1401 4361 1597 4414 sponsa
1619 4345 1916 4416 amplexari

329 4441 648 4513 perhibetur
679 4480 694 4504 ,
746 4440 871 4508 quia
935 4439 1060 4492 dum
1141 4437 1311 4491 ﬁdelis
1394 4447 1446 4492 et
1498 4448 1684 4492 sancta
1736 4439 1915 4492 anima

329 4527 584 4587 aestuanti
613 4532 696 4583 sui
721 4527 996 4583 Creatoris
1021 4528 1144 4597 igne
1170 4528 1535 4591 succenditur,
1563 4527 1918 4583 velutdivinis

329 4623 650 4694 quibusdam
675 4621 1010 4692 amplexibus
1038 4621 1272 4689 undique
1299 4618 1637 4674 confovetur.
1663 4620 1762 4686 Qui
1789 4634 1918 4688 ergo

334 4718 512 4772 carnis
561 4716 740 4770 adhuc
795 4715 1085 4784 fragilitate
1125 4713 1511 4777 circumdatus,
1539 4713 1606 4767 ad
1637 4712 1915 4766 ccclestem

331 4807 497 4861 vitam
546 4804 859 4858 ascendisse
909 4802 1274 4873 cognoscitur,
1320 4813 1468 4857 recte
1496 4801 1640 4871 ﬁlius
1689 4803 1916 4855 dextera

329 4904 691 4966 nuncupatur.
720 4894 874 4948 Hune
902 4895 1138 4948 dextera:
1167 4893 1360 4948 Filium
1404 4896 1545 4948 Deus
1573 4893 1916 4961 omnipotens

328 4999 585 5058 tanquam
600 4985 870 5055 propriam
899 4985 1174 5038 dexteram
1203 5000 1303 5054 per
1328 4994 1492 5038 totam
1519 4985 1703 5037 mundi
1731 4983 1917 5037 latitu-

329 5080 509 5133 dinem
535 5091 748 5145 semper
770 5075 1032 5139 extendit,
1056 5083 1111 5127 et
1139 5090 1234 5142 per
1255 5090 1380 5127 eam
1405 5073 1712 5144 adOptionis
1747 5089 1915 5143 popu-

327 5169 407 5222 los
434 5166 500 5220 ad
524 5165 642 5219 ﬁdei
667 5165 928 5217 unitatem
951 5162 1171 5231 colligit.
1204 5162 1350 5216 llanc
1373 5164 1648 5216 dexteram
1667 5177 1912 5217 summ-us

293 5241 307 5251 ’
326 5259 561 5328 agricola
593 5272 690 5325 per
715 5254 967 5309 Ecclesia:
995 5269 1105 5308 suae
1135 5269 1316 5308 aream
1358 5265 1556 5317 versat,
1588 5264 1642 5309 et
1672 5271 1767 5324 per
1790 5269 1909 5307 eam

326 5349 634 5419 spirituales
674 5356 883 5414 segetes
915 5347 1158 5408 ventilat,
1194 5356 1252 5398 ut
1285 5357 1506 5415 purgata
1540 5347 1754 5416 mystici
1794 5345 1910 5398 fiu-

326 5439 492 5491 menti
525 5446 688 5506 grana
742 5437 952 5490 horreis
1004 5437 1319 5490 cmlestibus
1371 5438 1698 5491 introducat.
1763 5437 1912 5490 Hauc

327 5529 601 5581 dexteram
632 5543 784 5581 suam
811 5529 950 5581 Deus
980 5529 1085 5580 huc
1131 5527 1360 5595 illucque
1413 5527 1597 5597 procul
1641 5528 1910 5594 extendit,

327 5621 453 5670 dum
478 5617 543 5671 ad
567 5616 895 5686 colligendas
921 5619 971 5671 in
996 5618 1116 5670 Iidei
1145 5627 1485 5671 sacramento
1507 5628 1692 5687 gentes
1715 5619 1910 5676 Paulus

328 5716 446 5765 toto.
473 5716 737 5761 terrarum
766 5709 897 5763 orbe
925 5709 1203 5771 discurrit.
1233 5710 1352 5778 lpse
1379 5711 1578 5780 quippe
1623 5728 1786 5782 quam
1815 5728 1910 5767 va-

2035 1907 2121 1947 me
2147 1894 2364 1968 mittere
2401 1895 2468 1947 ad
2499 1908 2623 1959 vos;
2659 1903 2716 1947 ut
2746 1910 2844 1964 ego
2867 1894 3007 1949 bono
3031 1894 3212 1948 animo
3235 1894 3358 1957 sint,
3397 1895 3624 1963 cognitis

2018 2001 2153 2070 qua:-
2184 1987 2325 2040 circa
2360 2001 2454 2039 vos
2491 1995 2614 2041 sunt
2640 1986 2865 2056 (Philip.
2909 1986 2994 2056 ιι).
3025 2005 3042 2038 ι
3074 1985 3416 2041 Constrictus
3458 1986 3624 2041 etiam

2031 2076 2264 2130 vinculis
2312 2086 2474 2146 atque
2513 2077 2711 2148 Ephesi
2741 2087 3004 2144 retentus,
3037 2078 3448 2134 Colossensibus
3485 2080 3622 2133 scri-

2029 2165 2110 2221 bit
2141 2185 2156 2221 :
2191 2186 2210 2220 ι
2244 2167 2379 2222 Nam
2411 2178 2466 2222 et
2514 2169 2557 2224 si
2607 2185 2838 2239 corpore
2883 2170 3080 2226 absens
3107 2186 3249 2238 sum,
3282 2171 3374 2226 sed
3428 2173 3621 2240 spiritu

2031 2258 2310 2312 vobiscum
2352 2275 2471 2312 smn
2514 2259 2736 2330 (Coloss.
2775 2263 2856 2330 ιι).
2896 2281 2914 2312 ι
2958 2261 3094 2315 Ecce
3129 2277 3225 2316 cor
3264 2261 3620 2331 apostolicum

2031 2358 2235 2416 quanto
2259 2347 2484 2402 fraterni
2517 2351 2720 2404 amoris
2758 2352 2879 2421 igne
2929 2352 3271 2420 decoquitur,
3304 2361 3506 2421 quanto
3554 2353 3620 2406 ad

2032 2437 2404 2492 desudandum
2433 2457 2529 2510 pro
2554 2441 2728 2495 salute
2753 2443 2992 2512 gentium
3013 2443 3282 2497 desiderio
3294 2444 3620 2498 coarctatur!

2033 2527 2129 2583 llic
2153 2544 2382 2599 corpore
2412 2540 2657 2597 tenetur;
2680 2533 2806 2588 illuc
2831 2534 3021 2603 spiritu
3051 2535 3268 2588 ducitur
3292 2553 3307 2588 :
3329 2544 3383 2588 et
3413 2535 3621 2604 paterni

2030 2619 2232 2673 amoris
2284 2619 2946 2691 allectumpraesentibus
2999 2623 3621 2693 impendit,absentibus

2028 2711 2275 2780 porrigit.
2326 2711 2522 2766 Coram
2551 2715 2743 2782 positis
2793 2715 3012 2769 exhibet
3063 2729 3248 2784 opera,
3280 2715 3620 2770 audientith

2028 2800 2286 2868 exprimit
2333 2810 2478 2854 vota.
2515 2801 2814 2856 Ellicaciter
2841 2818 3077 2872 praesens
3108 2804 3206 2867 eis,
3259 2818 3379 2857 cmn
3425 2803 3620 2872 quibus

2028 2907 2134 2946 non
2167 2901 2286 2946 erat
2327 2909 2340 2944 :
2375 2909 2472 2948 nec
2514 2901 2691 2948 tmnen
2721 2895 2824 2948 illis
2855 2897 3068 2955 absens,
3091 2911 3216 2950 cum
3247 2895 3442 2965 quibus
3476 2907 3614 2950 erat.

2028 2979 2192 3049 Cujus
2215 2997 2456 3037 amorem
2483 2983 2673 3038 melius
2705 2985 3104 3054 cognoscimus,
3137 2987 3179 3039 si
3214 2987 3331 3055 ejus
3355 2987 3530 3040 adhuc
3551 2986 3617 3038 ad

2027 3068 2342 3124 Corinthios
2367 3073 2529 3124 verba
2558 3088 2866 3140 pensamus.
2896 3074 2981 3126 Ait
3010 3075 3150 3128 enim
3185 3091 3199 3127 :
3235 3094 3252 3124 ι
3289 3075 3506 3128 \‘euiam
3551 3075 3618 3128 ad

1431 3160 1509 3214 sic
1558 3175 1757 3230 pugno,
1791 3175 1922 3220 non
1953 3141 1998 3205 C
2032 3175 2127 3214 vos
2141 3175 2262 3214 cum
2294 3160 3075 3231 Macedoniampertransicro;
3107 3174 3227 3216 nam
3251 3164 3616 3218 Macedoniam

2029 3251 2394 3318 pertransibo,
2421 3253 2562 3320 apud
2615 3268 2712 3307 vos
2743 3263 2924 3307 autem
2978 3253 3204 3330 forsitan
3233 3256 3481 3318 manebo,
3535 3249 3615 3308 vel

2026 3341 2189 3394 etiam
2229 3341 2482 3397 bietuabo
2506 3342 2554 3412 (Ι
2583 3340 2706 3395 Cor.
2741 3345 2872 3414 xvi).
2911 3363 2929 3395 ι
2961 3343 3101 3410 Quid
3158 3354 3260 3410 est,
3304 3346 3446 3413 quod
3505 3355 3614 3398 tam

2025 3429 2186 3483 anxie
2221 3445 2319 3498 per
2350 3441 2429 3485 tot
2477 3431 2594 3486 loca
2628 3433 2880 3501 partitur,
2912 3435 3016 3487 nisi
3049 3435 3191 3502 quod
3238 3436 3382 3488 circa
3428 3451 3615 3490 onmes

2027 3535 2129 3573 una
2160 3522 2424 3577 charitate
2451 3525 2878 3593 constringitur?
2924 3524 3173 3579 Charitas
3198 3526 3364 3590 enim,
3389 3543 3507 3596 qua:
3535 3529 3614 3581 di-

2024 3612 2139 3666 visa
2195 3615 2349 3668 unire
2388 3616 2684 3677 consuevit,
2723 3634 2884 3670 imum
2936 3635 3031 3672 cor
3095 3618 3243 3673 Pauli
3303 3620 3465 3674 dividi
3518 3637 3614 3689 per

2025 3703 2191 3766 multa
2220 3705 2512 3774 compellit.
2544 3707 2695 3772 Quod
2729 3717 2908 3761 tamen
2940 3717 3088 3764 tanto
3115 3711 3391 3766 ardentius
3419 3712 3470 3765 in
3501 3713 3608 3765 Deo

2023 3793 2250 3863 colligit,
2297 3805 2502 3862 quanto
2535 3796 2696 3851 latius
2745 3813 2841 3866 per
2886 3809 3069 3853 sancta
3101 3801 3365 3854 desideria
3388 3805 3610 3872 spargit.

2023 3881 2376 3939 Prmdicando
2431 3887 2594 3956 igitur
2623 3888 2824 3944 Paulus
2852 3890 2965 3943 vult
3003 3891 3163 3944 simul
3193 3894 3372 3946 omnia
3404 3893 3604 3956 dicere,

2023 3979 2255 4032 amamlo
2288 3980 2403 4034 vult
2437 3981 2598 4034 simul
2633 3997 2823 4037 omnes
2865 3983 3085 4048 videre;
3122 3985 3248 4053 quia
3279 3995 3333 4039 et
3365 3985 3419 4038 in
3448 4000 3611 4039 carne

2021 4067 2389 4135 permanendo
2417 4068 2528 4121 vult
2551 4069 2802 4125 omnibus
2824 4070 3028 4138 vivere,
3061 4083 3114 4126 et
3144 4073 3210 4126 de
3226 4089 3388 4127 carae
3434 4084 3610 4128 trans-

2021 4157 2201 4209 eundo
2254 4173 2350 4224 per
2376 4158 2702 4212 sacriﬁcium
2741 4159 2860 4213 ﬁdei
2903 4160 3015 4212 vult
3053 4163 3304 4215 oumibns
3335 4163 3608 4232 prodesse.

2022 4246 2131 4302 Nec
2157 4250 2350 4302 mirum
2384 4249 2426 4304 si
2456 4250 2780 4319 praedicator
2810 4254 3058 4320 egregius
3088 4252 3139 4304 in
3169 4253 3406 4306 lralerna
3434 4255 3610 4308 chari-

2024 4346 2132 4392 tate
2161 4337 2455 4393 ferventius
2482 4348 2693 4404 aestuat,
2727 4341 2770 4394 si
2816 4356 2927 4410 pne
2949 4342 3160 4396 cunctis
3193 4343 3508 4397 mortalibus
3555 4347 3607 4398 in

2022 4445 2088 4483 eo
2135 4432 2288 4500 copia
2332 4446 2473 4485 verte
2520 4431 2824 4487 dilectionis
2864 4434 3140 4496 abundat;
3175 4452 3296 4488 cum
3328 4434 3446 4488 fons
3485 4436 3608 4489 vitae

1948 4501 1996 4558 Ῑ)
2022 4524 2112 4591 qui
2144 4536 2266 4576 eum
2297 4539 2393 4578 vas
2421 4523 2699 4578 electionis
2726 4526 2960 4596 appellat
2985 4527 3121 4598 (Act.
3156 4531 3254 4594 ix).
3295 4527 3347 4579 in
3376 4543 3498 4580 eum
3523 4563 3529 4571 -
3550 4543 3607 4582 se

2022 4616 2322 4670 decreverit
2343 4617 2681 4670 abundanter
2706 4616 2947 4680 inﬂuere,
2982 4633 3212 4688 eumque
3257 4622 3504 4690 dignatus
3537 4621 3606 4675 sit

2021 4718 2496 4763 sacramentorum
2572 4725 2792 4762 suorum
2843 4711 3056 4765 liuentis
3111 4712 3605 4782 incentparabiliter

2019 4799 2268 4869 irrigare.
2324 4799 2460 4854 llinc
2497 4808 2581 4853 est
2637 4801 2779 4868 quod
2833 4801 2944 4854 ait:
2999 4823 3016 4853 ι
3052 4803 3132 4856 Αιι
3174 4805 3602 4872 experimentum

2021 4892 2264 4961 quan-itis
2315 4893 2429 4962 ejus
2478 4893 2570 4962 qui
2625 4893 2676 4945 in
2717 4910 2800 4947 me
2848 4896 3085 4964 loquitur
3134 4896 3473 4953 Christus?»
3515 4899 3600 4968 (ll

2019 4981 2142 5036 Cor.
2173 4982 2320 5053 xm.)
2633 4990 2637 4994 '
3175 4983 3178 4994 '

2617 5077 2845 5134 CAPUT
2884 5079 2968 5133 ιιι.

2018 5187 2221 5242 Paulus
2247 5205 2357 5258 prce
2385 5190 2587 5242 ueteris
2616 5189 2854 5270 omnibus
2897 5190 3165 5261 privilegio
3195 5192 3496 5247 admirabili
3523 5204 3597 5248 cst

2655 5271 2952 5329 mstgmttts.

2087 5350 2199 5405 Hoc
2251 5352 2408 5419 plane
2457 5351 2704 5406 Salvator
2755 5353 2940 5406 mundi
2995 5352 3057 5406 Β.
3109 5351 3276 5408 Paulo
3335 5369 3432 5422 per
3480 5355 3595 5408 sin-

2013 5441 2214 5510 gularis
2241 5443 2426 5512 gratiae
2455 5444 2792 5513 privilegium
2837 5445 3088 5509 contulit,
3116 5446 3207 5514 qui
3264 5446 3390 5500 nulli
3447 5462 3594 5502 moro

2014 5533 2198 5587 talium
2239 5544 2361 5603 post
2421 5536 2811 5592 lucarmtionis
2858 5554 2970 5592 sua:
3027 5540 3340 5609 mysterium
3390 5555 3594 5609 puero-

2011 5623 2172 5693 gavit.
2203 5624 2337 5678 Nam
2365 5635 2645 5696 postquam
2674 5629 2828 5682 beata
2854 5629 2941 5683 illa
2970 5638 3135 5700 atque
3162 5631 3339 5684 divina
3363 5629 3601 5685 Redem-

2009 5715 2180 5786 ptoris
2207 5715 2516 5792 humanitas
2541 5719 2606 5774 ad
2635 5729 2874 5790 paterna:
2913 5721 3214 5792 maiestatis
3269 5732 3353 5778 est
3403 5731 3588 5780 evecta
