4074 6190
464 384 568 437 593

1236 376 1480 434 OPUSC.
1522 374 1739 431 λχχν.
1781 405 1849 415 —-—
1891 375 1980 430 DE
2017 374 2338 431 PICTURIS
2375 375 2668 431 PRINCiP.
2711 374 2957 431 APOST.

3630 376 3742 431 59i-

463 507 798 554 eonsessum,
827 500 886 545 ut
907 505 1010 544 non
1031 491 1144 559 jam
1177 490 1487 545 hominibus
1515 489 1870 560 corporaliter
1913 489 2050 542 inte-
2080 493 2125 548 Α
2156 505 2280 545 eum
2310 492 2707 559 quodammouo
2733 507 2910 544 minus
2938 497 3141 552 amant,
3167 497 3220 542 et
3249 489 3420 557 magis
3449 497 3734 549 amantur;

464 594 660 648 resset,
679 583 772 637 sed
795 581 916 638 caeli
941 582 1120 650 potius
1139 581 1431 636 virtutibus
1456 581 1794 651 praesideret,
1819 595 1926 634 non
1961 594 2058 649 per

465 679 804 748 magistrum,
818 676 914 730 sed
927 674 1236 744 specialiter
1250 691 1345 746 per
1360 688 1418 730 se
1435 676 1606 743 ipsum
1620 675 1697 730 sic
1711 675 1859 728 illurn
1875 673 2058 728 etﬁca-

465 771 603 824 t-iter
628 767 794 838 609
816 767 1022 828 docuit,
1047 767 1396 836 omniumque
1413 767 1517 822 sibi
1534 775 1805 836 gestorum
1832 780 2054 819 suorum

467 860 728 932 mysteria
761 858 1056 926 delegavit;
1087 866 1147 912 ιιι
1192 875 1298 913 ιιοιι
1327 858 1486 912 modo
1517 857 1906 928 praécessorum
1930 872 2056 911 suo-

469 966 587 1004 rum
618 948 929 1017 magisterio
946 947 1253 1004 nullatenus
1281 947 1569 1016 indigeret,
1598 947 1690 1003 sed
1715 963 1810 1002 eos
1837 948 2056 1016 insuper

465 1041 646 1094 omnis
679 1039 919 1094 caelestis
961 1039 1242 1106 sapientiae
1285 1038 1656 1108 profunditate
1701 1039 2050 1108 praecelleret.

471 1131 622 1187 Unde
649 1139 704 1184 et
739 1130 854 1198 ipse
885 1130 1091 1196 primus
1113 1130 1478 1198 apostolorum
1512 1130 1709 1184 Petrus
1735 1130 1852 1198 ejus
1883 1129 2058 1182 admi-

471 1233 620 1276 ratur
651 1221 992 1291 sapientiam,
1021 1221 1239 1276 dicens:
1279 1239 1296 1272 ι
1349 1223 1718 1276 Charissimus
1747 1221 1918 1274 frater
1960 1236 2056 1274 no-

470 1327 579 1368 ster
599 1313 820 1376 Paulus,
854 1313 1149 1368 secundum
1181 1314 1360 1366 datam
1395 1314 1494 1368 sibi
1535 1313 1854 1381 sapientiam
1915 1312 2050 1366 scri-

469 1407 577 1477 psit
605 1407 790 1471 vobis;
823 1406 966 1460 sicut
997 1416 1048 1460 et
1077 1406 1127 1458 in
1153 1406 1406 1459 omnibus
1429 1405 1694 1474 epistolis,
1750 1404 1975 1473 loquens
2002 1403 2053 1456 in

467 1496 548 1550 eis
573 1496 639 1549 de
659 1495 762 1558 his,
787 1496 841 1548 in
859 1495 1054 1563 quibus
1083 1503 1210 1548 sunt
1227 1498 1473 1565 quatiam
1496 1493 1728 1548 diilicilia
1756 1491 2054 1554 intellectu,

469 1603 588 1654 quae
615 1588 815 1642 indocti
869 1596 922 1640 et
953 1587 1237 1640 instabiles
1269 1589 1567 1654 depravant
1597 1586 1683 1657 (II
1711 1583 1858 1640 Petr.
1884 1586 1989 1652 ιιι).
2033 1605 2050 1636 ι

470 1677 622 1744 Quod
643 1677 898 1742 autemin
926 1677 1198 1732 discendis
1221 1676 1546 1746 evangelica:
1568 1676 1830 1731 doctrina:
1861 1684 2056 1744 myste-

471 1768 566 1820 riis
597 1783 702 1820 non
727 1767 1044 1836 magistrum
1071 1767 1370 1837 quemlibet
1415 1768 1710 1832 hominem,
1763 1767 1858 1820 sed
1891 1767 2055 1820 Deum

2152 584 2284 638 'dum
2308 593 2364 636 et
2395 599 2492 652 pro
2521 599 2584 638 eo
2619 581 2795 636 nullos
2827 581 3070 635 laborum
3101 581 3345 636 turbines
3373 581 3634 640 sentiunt.
3688 593 3741 634 et

2161 681 2337 726 tamen
2367 672 2567 726 intimae
2588 670 2974 725 familiaritatis
2995 669 3110 738 ejus
3133 670 3588 725 oblectationibus
3621 685 3740 738 per-

2157 763 2430 817 fruuntur.
2461 761 2576 816 Non
2607 777 2736 831 ergo
2761 762 2979 826 mirum,
3032 762 3078 815 si
3127 762 3185 814 Β.
3219 760 3410 814 Petrus
3446 761 3737 829 aliquando

2157 863 2368 924 partem
2434 853 2682 906 videatur
2736 862 2920 907 tenere
2987 852 3286 916 sinistram,
3335 852 3426 921 qui
3474 853 3638 922 610
3687 858 3740 905 ct

2157 947 2348 999 activa:
2403 945 2528 998 vitae
2582 945 2827 1000 continet
2876 961 2940 1000 ex
2963 945 3355 1016 scripturarum
3403 946 3728 1000 auctoritate

2163 1039 2413 1110 figuram.
2792 1109 2804 1110 ί
2839 1108 2953 1110 JH
2995 1109 3001 1110 γ
3205 1099 3214 1108 ,

2273 1103 2288 1118 ’
2779 1108 3004 1164 CAPUT
3033 1109 3119 1163 IV.

2229 1200 2338 1254 Cur
2367 1199 2427 1252 Β.
2471 1197 2673 1252 Paulus
2703 1203 2967 1270 propriam
3002 1219 3102 1254 non
3127 1201 3312 1254 habent
3340 1203 3663 1254 cathedram.

2230 1291 2406 1346 Unum
2437 1307 2563 1346 vero
2593 1292 2645 1345 in
2679 1292 2738 1343 Β.
2773 1291 2938 1370 Paulo
2967 1293 3180 1345 videtur
3259 1293 3558 1362 egregium,
3612 1291 3736 1359 quia

2158 1398 2276 1437 cum
2309 1397 2498 1435 omnes
2528 1379 2756 1449 apostoli
2784 1380 3058 1435 distributi
3089 1389 3354 1434 terrarum
3404 1381 3738 1450 regionibus,

2159 1475 2403 1541 proprias
2430 1473 2708 1526 obtineant
2729 1473 3048 1538 cathedras;
3087 1474 3205 1536 iste,
3235 1476 3358 1526 dum
3393 1473 3589 1526 nullam
3621 1487 3742 1540 spe-

2160 1565 2369 1618 cialiter
2401 1575 2600 1628 teueat,
2631 1565 2840 1618 videtur
2869 1565 3211 1633 aliquatenus
3235 1567 3598 1618 communiter
3626 1581 3742 1617 om-

2161 1657 2318 1710 nibus
2345 1657 2655 1725 pra-sidere.
2692 1655 2851 1726 (Vide
2881 1657 3078 1708 scholia
3109 1658 3177 1707 ad
3217 1655 3408 1708 calcem
3462 1655 3740 1724 opusculi.)

2161 1745 2326 1799 Plane
2373 1745 2497 1815 quia
2553 1746 2667 1814 ipse
2719 1755 2830 1799 toto
2881 1753 3148 1798 terrarum
3201 1745 3332 1797 urbe
3379 1744 3738 1796 universalem

469 1857 778 1924 Specialiter
807 1833 1057 1912 habuerit
1088 1833 1504 1928 praeceptorem,
1539 1867 1772 1914 testatur
1795 1858 1932 1927 ipse,
1961 1857 2050 1926 qui
2089 1847 2128 1902 Β
2164 1835 2405 1890 Γυθάθνίι
2431 1835 2754 1928 Εοειοδίδωι
2786 1836 3004 1928 dignm“
3030 1844 3130 1928 esi.
3160 1845 3216 1889 υῑ
3248 1835 3387 1928 είςυι
3409 1836 3468 1928 Ῑ¹ξ
3492 1833 3744 1887 ο¹¹¹¹¹ίδ¹¹ε

473 1949 528 2002 in
547 1948 820 2017 principio
850 1949 1100 2018 Epistolas
1131 1966 1244 2005 suae
1291 1950 1356 2003 ad
1395 1950 1614 2006 Galatas
1669 1951 1930 2020 loquitur,
1975 1949 2056 2002 di-

474 2054 635 2092 cens:
672 2056 690 2090 ι
719 2038 917 2092 Paulus
956 2040 1234 2110 apostolus
1253 2056 1361 2094 non
1401 2041 1468 2095 ab
1521 2041 1851 2104 hominibus,
1883 2053 2060 2108 neque

473 2147 569 2200 per
599 2133 904 2198 hominem;
955 2135 1049 2190 sed
1083 2151 1179 2204 per
1229 2135 1414 2190 Jesum
1459 2137 1738 2192 Christum
1781 2145 1835 2190 et
1889 2137 2058 2190 Deum

474 2220 712 2287 Patrem,
740 2223 832 2292 qui
883 2223 1167 2278 suscitavit
1230 2240 1352 2278 eum
1389 2242 1420 2280 a
1475 2227 1702 2280 mortuis
1738 2223 1880 2291 (Gal.
1937 2227 1999 2297 ι).
2037 2244 2056 2278 ι

473 2312 620 2368 Fons
645 2315 787 2368 enim
811 2324 1030 2369 teter-ore
1057 2316 1180 2370 vitae
1204 2316 1346 2370 velut
1389 2317 1686 2372 immensus
1742 2326 1954 2371 torrens
1983 2326 2062 2372 to-

479 2413 588 2456 tum
621 2419 678 2457 se
701 2403 857 2457 simul
891 2404 942 2457 in
973 2421 1068 2458 vas
1092 2420 1202 2460 suae
1237 2405 1517 2460 electionis
1561 2405 1850 2468 immersit,
1879 2406 1968 2474 qui
2001 2405 2054 2458 in

474 2503 701 2548 ca-tcros
746 2495 1020 2564 apostolos
1071 2511 1166 2565 per
1211 2497 1366 2566 longa
1411 2505 1708 2566 temporum
1759 2495 2060 2563 intervalla,

475 2597 552 2649 sa,
577 2583 756 2638 ieutite
784 2600 894 2638 sua:
923 2584 1122 2640 fluenta
1149 2586 1404 2656 profudit.
1431 2587 1496 2640 Et
1527 2587 1686 2656 paulo
1707 2597 1855 2654 post:
1900 2605 1918 2638 ι
1955 2587 2063 2640 Νο-

476 2679 589 2724 tum
655 2671 798 2726 enim
853 2673 1006 2728 vobis
1045 2673 1206 2740 facio,
1257 2675 1479 2740 fratres,
1523 2675 1871 2746 Evangelium
1920 2675 2060 2744 quod

477 2761 914 2830 evangelizattnn
941 2775 1026 2820 est
1057 2781 1086 2818 a
1114 2780 1223 2829 me,
1247 2766 1372 2834 quia
1407 2780 1512 2820 non
1539 2776 1622 2820 est
1643 2767 1938 2820 secundum
1963 2767 2060 2819 bo-

475 2853 711 2921 minem;
739 2871 914 2923 neque
947 2857 1092 2912 enim
1137 2871 1238 2926 ego
1282 2859 1350 2911 ab
1399 2857 1619 2912 homine
1669 2857 1854 2928 accepi
1909 2857 2060 2923 illud,

479 2958 654 3012 neque
690 2944 874 3010 didici,
926 2948 1018 3000 sed
1058 2963 1152 3015 per
1199 2947 1583 3002 revelationem
1624 2947 1839 3001 Domini
1887 2949 2060 3002 nostri

474 3032 602 3088 Jesu
635 3035 838 3090 Christi
871 3037 1079 3109 (Ibid.).
1115 3059 1134 3092 ι
1164 3040 1316 3105 Quod
1364 3055 1492 3110 ergo
1523 3040 1739 3094 Petrum
1797 3041 2056 3096 Dominus

475 3139 573 3193 per
600 3126 766 3180 multa
793 3139 1112 3197 argumenta
1157 3131 1336 3184 adhuc
1383 3129 1628 3185 mortalis
1669 3132 1910 3194 edocuit,
1959 3131 2062 3184 hoc

2163 1928 2284 1982 fidei
2317 1942 2502 1982 semen
2545 1927 2764 1995 sparsit,
2792 1927 2870 1980 sic
2897 1927 3061 1980 etiam
3091 1927 3144 1978 in
3175 1925 3426 1980 omnibus
3451 1923 3539 1992 jus
3565 1931 3745 1978 teneat

2161 2017 2520 2087 praesidentis.
2550 2015 2691 2070 Dicit
2723 2016 2867 2071 enim
2893 2017 2958 2070 ad
2989 2015 3333 2070 Corinthios:
3365 2037 3382 2065 ι
3413 2015 3601 2070 Gratia
3647 2015 3740 2068 Dei

2161 2126 2279 2164 sum
2311 2108 2360 2162 id
2389 2109 2531 2178 quod
2565 2125 2715 2173 sum;
2751 2117 2806 2162 et
2829 2109 3003 2178 gratia
3050 2110 3166 2178 ejus
3208 2109 3258 2161 in
3295 2124 3378 2163 me
3423 2123 3591 2161 vacua
3639 2123 3742 2159 non

2162 2201 2284 2266 fuit,
2311 2202 2404 2255 sed
2441 2201 2806 2255 abundantius
2858 2201 2962 2255 illis
3014 2201 3264 2254 omnibus
3313 2199 3588 2264 laboravi;
3639 2214 3744 2252 non

2161 2309 2259 2364 ego
2291 2303 2495 2358 autem,
2527 2296 2620 2348 sed
2647 2293 2819 2362 gratia
2847 2293 2938 2348 Dei
2971 2311 3180 2348 mecum
3215 2293 3264 2364 (1
3315 2292 3438 2347 Cor.
3469 2293 3577 2363 xv).
3611 2311 3630 2344 ι
3664 2291 3742 2344 Ad

2164 2386 2436 2440 Romanos
2463 2394 2676 2441 autem:
2716 2405 2733 2436 ι
2775 2385 2979 2449 Habeo,
3011 2387 3203 2455 inquit,
3232 2387 3456 2457 gloriam
3481 2385 3533 2439 in
3580 2385 3744 2438 Chri-

2163 2488 2247 2532 sto
2271 2477 2400 2532 Jesu
2420 2478 2485 2530 ad
2521 2477 2711 2542 Deum,
2739 2477 2790 2530 in
2821 2477 3128 2530 obedientia
3155 2479 3426 2546 gentium:
3481 2476 3647 2529 verbo
3687 2484 3744 2528 et

2165 2571 2338 2630 factis,
2372 2571 2424 2622 in
2450 2569 2651 2623 virtute
2682 2570 2986 2638 signorum,
3023 2579 3078 2624 et
3111 2569 3497 2640 prodigiorum,
3547 2568 3598 2620 in
3632 2568 3742 2620 vir-

2165 2667 2274 2712 tute
2311 2659 2548 2728 Spiritus
2575 2661 2782 2724 sancti;
2815 2661 2885 2714 ita
2919 2667 2980 2713 ut
3002 2661 3070 2714 ab
3099 2659 3436 2714 Hierusalem
3483 2673 3582 2728 per
3633 2659 3743 2712 cir-

2161 2749 2366 2803 cuitum
2421 2765 2591 2818 usque
2649 2750 2714 2803 ad
2761 2751 3031 2820 Illyricum
3086 2749 3398 2819 repleveriin
3455 2747 3742 2818 Evangelia

2163 2839 2386 2894 Christi.
2413 2838 2505 2893 Sic
2547 2847 2726 2892 autem
2759 2839 2862 2893 hoc
2890 2839 3174 2909 praedicari
3228 2836 3601 2906 Evangelium,
3639 2851 3744 2889 nou

2163 2932 2252 2986 ubi
2280 2931 2589 2986 nominatus
2619 2941 2704 2985 est
2738 2929 3008 3012 Christus,
3035 2946 3100 2984 ne
3126 2946 3287 2998 super
3339 2929 3572 2984 alienum
3627 2927 3743 2981 fitti-

2163 3024 2474 3078 damentum
2497 3023 2856 3084 :cdilicarem;
2897 3023 2989 3076 sed
3023 3023 3160 3076 sicut
3191 3023 3452 3090 scriptum
3476 3029 3586 3074 est:
3611 3019 3744 3085 Qui—

2167 3115 2266 3166 bus
2301 3130 2406 3168 non
2439 3122 2522 3168 est
2573 3113 2950 3167 annuntiatum
3005 3113 3072 3166 de
3109 3127 3194 3174 eo,
3251 3113 3539 3174 videbunt;
3571 3121 3625 3164 et
3656 3112 3745 3178 qui

475 3223 645 3268 totum
675 3193 893 3286 repent;
922 3217 1082 3273 beato
1114 3217 1281 3273 paulo
1312 3220 1640 3275 ροηειῑιιηυε
1664 3219 1775 3287 jam
1807 3221 1858 3274 in
1888 3220 2058 3289 gloria
2089 3193 2132 3254 Ο
2166 3223 2270 3260 ιιοιι
2293 3207 2597 3270 audierunt,
2631 3206 2932 3274 intelligent
2959 3205 3135 3275 (Rom.
3171 3221 3276 3268 xv;
3305 3206 3416 3258 lsa.
3469 3206 3586 3274 LII).
3617 3206 3742 3258 ihrc

475 3315 714 3375 paterna:
738 3309 1036 3378 majestatis
1062 3310 1328 3366 exhibuit.
1370 3315 1447 3366 Ac
1472 3314 1516 3366 si
1545 3313 1734 3368 doctor
1789 3313 2059 3383 quispiam

476 3395 604 3450 dum
642 3401 882 3468 privatus
907 3411 1010 3469 est,
1044 3404 1339 3474 discipulos
1365 3406 1575 3466 doceat,
1611 3415 1899 3474 postquam
1925 3418 2057 3458 vero

474 3490 546 3544 ad
583 3489 878 3546 obtinenda
933 3495 1130 3564 regalis
1183 3495 1394 3564 imperii
1459 3506 1674 3563 sceptra
1723 3494 2062 3560 conscendit,

476 3579 702 3632 remotis
717 3579 994 3638 clientium
1018 3583 1303 3644 clas-sibus,
1329 3599 1492 3637 unum
1523 3585 1664 3638 inter
1687 3583 1884 3638 inultos
1907 3598 2064 3654 egite-

478 3669 648 3738 ginin,
680 3684 838 3737 quem
862 3671 1092 3724 nobilius
1135 3673 1400 3734 instruat,
1420 3672 1598 3743 elegit.

555 3757 622 3812 Ut
651 3774 780 3826 ergo
803 3760 874 3814 ad
904 3761 958 3814 id
990 3763 1130 3816 unde
1158 3763 1325 3832 carpit
1375 3778 1556 3818 sermo
1615 3773 1889 3827 recurrat,
1939 3779 2061 3818 cum

479 3846 518 3900 Β
565 3849 760 3904 Petrus
783 3852 850 3904 ad
879 3853 1155 3907 dexteram
1181 3855 1416 3924 ponitur,
1447 3856 1714 3925 primatus
1737 3855 1872 3924 ejus,
1901 3873 2062 3926 quem

481 3939 624 3992 inter
655 3951 882 3996 cancros
907 3952 990 3997 est
1010 3929 1232 3998 sortitus
1254 3944 1549 4014 apostolos,
1578 3947 1896 4000 honoratur.
1929 3946 2062 4000 Cum

475 4045 608 4085 vero
641 4031 837 4086 Paulus
861 4035 1104 4102 ejusdem
1131 4037 1306 4092 dextri
1333 4037 1520 4092 lateris
1562 4047 1792 4106 occupat
1840 4027 2046 4103 locum,

480 4121 534 4176 in
566 4122 868 4190 Beniamin,
907 4125 1060 4194 cujus
1083 4135 1166 4180 est
1187 4128 1356 4192 tilius,
1387 4127 1614 4198 mystice
1645 4127 1828 4197 figurae
1859 4128 2066 4182 redolet

478 4227 897 4270 sacramentum.
915 4217 1232 4287 Quanquam
1247 4229 1302 4272 et
1323 4220 1426 4274 hoc
1443 4235 1547 4274 non
1563 4234 1593 4272 a
1611 4218 1870 4288 mysterio
1888 4227 2062 4283 vacet,

480 4305 620 4372 quod
645 4305 704 4358 Β.
741 4305 932 4361 Petrus
955 4307 1220 4362 Dominici
1249 4311 1438 4363 lateris
1466 4311 1738 4364 sinistram
1761 4319 1931 4363 tenet.
1963 4309 2066 4364 Per

453 4397 634 4453 ~iilunt
664 4401 930 4470 siquidem
962 4403 1138 4456 activa
1187 4404 1296 4456 vita
1351 4404 1616 4473 signatur.
1657 4403 1720 4456 Et
1753 4403 1894 4457 sicut
1931 4417 2063 4457 con-

480 4491 788 4558 templativa
813 4492 918 4545 vita
949 4508 1048 4559 per
1070 4494 1466 4558 dex‘eram,sic
1495 4493 1722 4548 actualis
1748 4493 2068 4561 exprimitur

2165 3307 2248 3352 est
2278 3298 2437 3368 igitur
2467 3313 2628 3350 causa
2653 3312 2752 3350 cur
2778 3295 2971 3349 Paulus
2995 3297 3190 3348 nullam
3224 3295 3532 3366 specialiter
3550 3296 3712 3349 cathe

2166 3390 2317 3442 drum
2348 3397 2550 3451 teneat,
2592 3387 2715 3455 quia
2745 3387 2788 3440 si
2830 3387 3089 3440 audemus
3119 3386 3346 3440 summis
3373 3387 3582 3439 minora
3615 3400 3741 3439 (ξαι-

2165 3479 2327 3544 ferre,
2355 3479 2420 3533 ad
2453 3479 2622 3534 instar
2648 3478 2875 3542 Christi,
2923 3477 3071 3532 salvo
3099 3485 3420 3532 caeteroruin
3475 3477 3743 3546 apostolo-

2165 3592 2284 3629 rum
2305 3574 2450 3645 jure,
2473 3574 2687 3629 videtur
2714 3573 2966 3627 onmibus
2993 3571 3248 3626 Ecclesiis
3287 3571 3597 3640 praesidere.

2235 3667 2404 3722 Porro
2440 3678 2620 3722 autem
2648 3678 2909 3738 quantum
2935 3669 3001 3721 ad
3035 3667 3308 3738 vulgarem
3355 3667 3593 3736 pertinet
3622 3682 3741 3720 seu-

2166 3777 2304 3823 sum,
2359 3760 2616 3829 quoniam
2667 3759 3049 3830 Hierosolymis
3099 3773 3288 3828 passus
3337 3768 3418 3812 est
3467 3758 3743 3820 Dominus,

2166 3850 2431 3903 lllli'v't'I'SiS
2457 3849 2707 3903 Eeclesiis
2733 3866 2838 3902 non
2863 3849 3124 3912 Romana,
3153 3847 3745 3918 stulliierosolymitana

2165 3943 2342 4013 potius
2373 3957 2604 4012 praeesse
2635 3943 2853 3996 deberet
2887 3941 3153 4005 Ecclesia;
3197 3949 3564 4006 verumtamen
3619 3955 3742 3992 cum

2165 4049 2228 4088 ex
2254 4033 2583 4087 auctoritate
2611 4048 2896 4095 canonum,
2931 4031 3174 4084 Romana
3227 4031 3470 4084 Ecclesia
3509 4030 3742 4098 primum

2167 4133 2347 4179 teneat
2381 4123 2580 4188 locum,
2629 4123 2989 4178 Alexandrina
3037 4123 3352 4187 secundum,
3409 4121 3744 4174 Antiochena

2167 4216 2408 4276 tertium,
2433 4215 3030 4283 Constantinopolitaua
3055 4223 3327 4282 quartmn,
3358 4211 3745 4282 Hierosolymi-

2169 4319 2288 4362 lana
2309 4308 2420 4376 jam
2457 4308 2744 4376 quintum:
2801 4315 3014 4360 constat
3069 4305 3348 4359 Dominum
3407 4303 3745 4356 Salvatorcm

2169 4415 2272 4451 non
2305 4396 2396 4450 titii
2431 4396 2652 4450 cuilibet
2680 4396 2952 4450 cathedra:
2979 4385 3194 4464 speciali
3223 4393 3344 4462 jure
3369 4409 3619 4464 praeesse,
3656 4411 3680 4446 s
3715 4393 3748 4445 d

2169 4487 2378 4541 cunctis
2437 4503 2599 4540 unum
2669 4497 2941 4554 pastorem
2995 4487 3370 4538 nniversaliter
3435 4485 3745 4553 praesidere.

477 4593 577 4647 per
606 4581 908 4636 sinistram.
935 4582 1086 4648 Quod
1111 4593 1290 4636 autem
1321 4599 1418 4652 per
1445 4583 1526 4648 3.,
1560 4585 1779 4638 Petrum
1821 4599 2059 4652 praesens
2094 4575 2140 4633 υ
2169 4575 2363 4645 Liquet
2413 4591 2541 4638 ergo
2589 4575 2949 4628 Ecclesiarum
2995 4577 3237 4628 ordinem
3265 4591 3385 4627 esse
3426 4575 3748 4644 dispositum

481 4672 611 4735 vita,
647 4673 750 4726 hoc
776 4682 860 4727 est
907 4675 1102 4735 activa,
1150 4675 1431 4742 ligaretur,
1458 4674 1510 4726 in
1541 4675 1643 4728 hoc
1675 4675 1943 4742 praecipue
1969 4673 2065 4726 de-

481 4777 840 4833 monstratur,
871 4769 1014 4837 quod
1069 4770 1212 4823 sicut
1258 4769 1565 4836 evangelica
1623 4767 2068 4837 frequentissime

481 4863 707 4910 tesuitur
731 4858 979 4922 historia,
1007 4867 1062 4912 et
1085 4859 1276 4912 Petrus
1307 4859 1590 4912 Domimnn
1645 4858 1764 4926 plus
1808 4857 2062 4912 omnibus

468 4947 863 5018 condiscipulis
916 4949 1107 5020 diligat
1160 4949 1338 5018 (Jaau.
1377 4952 1504 5018 xx);
1553 4957 1608 5004 et
1652 4949 1910 5001 Dominus
1955 4963 2060 5000 non

473 5036 666 5103 Petro,
718 5041 812 5094 sed
859 5039 1052 5094 Joanni
1103 5041 1282 5110 potius
1333 5041 1740 5110 pr.crogativatu
1809 5037 2062 5108 specialis

480 5132 703 5188 onmino
729 5134 1036 5188 dilectionis
1070 5135 1342 5202 impendat
1371 5133 1552 5202 (Joan.
1587 5130 1729 5202 xlii).
1761 5131 1864 5185 Per
1895 5130 2060 5184 Joan—

483 5237 608 5275 nem
638 5222 836 5292 quippe
861 5221 1304 5291 contemplativa,
1339 5237 1434 5290 per
1460 5221 1680 5275 Petrum
1717 5237 1870 5284 vero,
1923 5221 2066 5274 sicut

480 5315 686 5368 dictum
715 5323 822 5382 est,
845 5315 1021 5371 activa
1051 5315 1162 5368 vita
1189 5314 1456 5384 signatur.
1495 5313 1632 5380 Quia
1663 5313 1839 5366 sancti
1869 5326 2064 5367 omnes

485 5405 538 5458 in
563 5405 664 5458 hac
688 5405 798 5459 vita
822 5407 886 5458 ad
911 5405 1318 5460 similitudinem
1345 5401 1694 5464 Petri,Dcu.m
1710 5400 1828 5470 plus
1854 5407 2062 5462 amant,

482 5494 710 5562 etquasi
735 5497 912 5550 minus
942 5504 1228 5558 amantur;
1276 5493 1404 5545 dum
1457 5492 1622 5545 duras
1671 5499 1893 5560 propter
1941 5505 2062 5545 eum

481 5581 726 5640 laborum
759 5585 1034 5640 molestias
1053 5585 1366 5654 perferunt;
1420 5583 1630 5636 mortali
1671 5593 1848 5636 tamen
1888 5581 2064 5636 adhuc

486 5689 648 5728 Carne
668 5675 1006 5736 circumdati,
1039 5677 1102 5728 ad
1127 5674 1406 5744 amplexus
1431 5675 1546 5744 ejus
1576 5673 1914 5728 dulcedinem
1945 5688 2051 5726 non

483 5767 815 5834 perungunt.
846 5765 922 5819 llli
955 5781 1079 5819 vero
1109 5767 1196 5833 qui
1243 5766 1351 5832 jam
1402 5782 1524 5820 cum
1558 5765 1665 5819 Deo
1696 5773 1838 5828 sunt,
1875 5763 1926 5816 in
1961 5763 2062 5816 hoc

2165 4665 2314 4733 juxta
2341 4665 2679 4734 pdvilegium
2711 4664 2876 4726 Petri,
2909 4682 3015 4717 non
3069 4665 3365 4718 secundum
3402 4664 3750 4730 incompara—

2166 4753 2326 4807 bilem
2357 4753 2728 4807 excellentium
2755 4753 3152 4822 Redemptoris.
3186 4752 3321 4822 Quia
3368 4751 3510 4818 quod
3557 4767 3750 4804 omnes

2167 4841 2392 4910 apostoli
2424 4841 2577 4907 juxta
2607 4857 2918 4894 mensuram
2947 4857 3098 4898 suam
3122 4843 3368 4894 obtinent
3395 4857 3488 4910 per
3507 4840 3744 4909 gratiam

2169 4930 2344 4984 collati
2399 4930 2658 4992 muneris,
2711 4929 2812 4982 hoc
2841 4939 3008 4983 totum
3062 4929 3299 4997 possidet
3351 4929 3599 4984 Christus
3644 4943 3745 5002 per

2169 5021 2431 5076 naturalis
2479 5021 2762 5092 imperium
2806 5019 3128 5088 ,majestatis.
3176 5021 3476 5088 Quamdam
3517 5035 3670 5094 ergo,
3700 5019 3744 5073 si

2168 5115 2272 5171 dici
2307 5114 2493 5179 liceat,
2523 5130 2645 5168 cum
2675 5113 2892 5174 Christo
2915 5113 3326 5172 similitudinem
3351 5113 3550 5170 Paulus
3573 5121 3744 5173 tenet,

2168 5207 2292 5260 dum
2323 5223 2426 5260 non
2460 5205 2548 5262 uni
2577 5206 2839 5261 duntaxat
2875 5205 3158 5268 Ecclesiae,
3183 5205 3277 5260 sed
3306 5203 3556 5256 omnibus
3603 5219 3744 5272 pne-

2169 5301 2328 5358 sidct.
2363 5299 2483 5358 Non
2513 5301 2675 5372 igitur
2704 5301 2822 5357 sine
2845 5315 3007 5356 causa
3033 5297 3091 5350 Β.
3141 5299 3339 5352 Paulus
3380 5299 3628 5356 dextrum
3687 5297 3739 5351 in

2165 5391 2394 5462 picturis
2423 5392 2630 5445 obtinet
2657 5392 2818 5453 latus,
2848 5391 2974 5444 dum
3018 5391 3069 5442 id
3123 5403 3226 5441 non
3287 5387 3444 5441 modo
3494 5390 3750 5462 deposcat

2168 5481 2488 5553 propensior
2517 5480 2787 5534 fructuum
2813 5479 3079 5541 cumulus,
3109 5477 3746 5546 sedetliguraiis'intelli-

2172 5575 2366 5646 gentia:
2395 5583 2817 5629 sacramentum.
2871 5572 3061 5628 Cliscn
3099 5569 3276 5623 adhuc
3329 5570 3750 5640 animussuper

2173 5667 2275 5721 hoc
2307 5667 2540 5720 themate
2565 5664 2716 5732 plura
2748 5661 3113 5725 conscribere,
3139 5662 3232 5715 sed
3261 5661 3565 5717 litterarum
3595 5663 3735 5728 baju-

2173 5759 2277 5824 lus,
2309 5759 2400 5826 qui
2443 5756 2508 5810 ad
2547 5772 2639 5812 vos
2671 5771 2962 5826 properare
3001 5753 3240 5820 festinat,
3277 5755 3401 5810 dum
3433 5755 3608 5826 potius
3638 5752 3744 5806 vel-
