4074 6190
335 405 440 460 59ῖί

781 407 836 461 S.
883 407 1086 461 l’l-L’l‘lll
1129 406 1409 462 DAMIANI
1451 406 1598 462 OPP.
1647 407 2068 470 PARSTOMUS
2100 410 2231 470 ὅθι]
2271 413 2356 470 ill.
2395 441 2467 456 --
2503 414 2874 474 OPUSCULA
2917 417 3150 473 \‘AlllA.
3511 426 3616 482 506

335 523 411 574 let
443 520 644 585 volare,
699 539 859 590 quam
901 537 1142 585 currere,
1175 537 1280 576 non
1307 536 1393 574 me
1416 522 1680 590 permittit
1727 523 1919 579 saltem
1949 529 1993 586 Α
2024 527 2384 581 certissimum
2428 537 2537 591 est,
2592 529 2658 582 de
2703 541 2811 597 quo
2870 521 3093 600 Magnus
3143 532 3252 587 Leo
3310 534 3481 604 (epist.
3546 541 3616 593 ad

340 613 592 667 minimas
618 613 1059 667 adscribendum
1111 629 1291 667 moras
1342 614 1568 668 habere.
1619 614 1920 669 Clementia

335 704 510 769 \obis,
536 703 895 770 dilectissimi,
920 705 1100 760 divina
1125 706 1423 774 praecipiat,
1450 713 1508 758 ut
1532 720 1745 775 prome
1762 717 1922 764 orare

338 807 526 850 sancta
556 805 737 850 vestra
771 796 1084 851 lraternitas
1108 813 1215 852 non
1247 799 1495 851 desistat.

868 975 972 1052 61
986 983 1028 1050 l
1070 981 1380 1037 SCH‘OIJA.

395 1072 574 1151 .Plane
589 1075 712 1143 quia
735 1074 843 1143 ipse
868 1075 1121 1144 tl’aulus)
1147 1086 1254 1130 toto
1281 1088 1540 1132 terrarum
1565 1079 1685 1132 orbe
1713 1079 1919 1133 univer~

335 1163 498 1216 mlem
541 1163 781 1232 fundarit
831 1165 1145 1231 Ecclesium,
1200 1168 1414 1236 dignum
1457 1181 1555 1236 est,
1607 1181 1662 1223 ut
1701 1172 1834 1223 sicut
1869 1172 1923 1224 in

335 1249 574 1303 omnibus
610 1250 738 1318 ﬁdei
783 1267 953 1304 semen
999 1254 1208 1322 sparsiz,
1246 1255 1321 1307 sic
1369 1255 1526 1308 etiam
1567 1257 1620 1309 iu
1682 1257 1921 1310 omnibus

313 1342 419 1410 'jus
446 1351 615 1395 teneat
645 1344 994 1412 prresideutis.
1025 1343 1080 1398 In
1109 1346 1210 1399 hac
1242 1345 1479 1416 lipistola
1513 1347 1702 1401 beatus
1725 1347 1923 1402 Petrus

336 1429 626 1487 Damianus
652 1434 771 1502 plus
801 1435 967 1489 nimio
991 1437 1206 1491 videtur
1231 1439 1466 1494 tribuere
1489 1438 1685 1493 Paulo:
1707 1441 1919 1494 tametsi

334 1522 478 1576 enim
511 1539 635 1577 vera
664 1537 810 1588 sunt,
839 1542 958 1596 qua:
989 1526 1153 1581 ret'ert
1185 1529 1248 1582 de
1288 1529 1452 1599 ipsius
1477 1528 1719 1600 Apostoli
1762 1531 1921 1586 rebus

327 1614 522 1678 gestis,
556 1624 680 1668 sunt
721 1625 898 1669 tamen
932 1626 1089 1670 caute
1127 1617 1510 1688 intelligenda;
1544 1621 1799 1688 quoniam
1827 1625 1916 1674 to-

337 1707 440 1759 tius
469 1705 616 1760 orbis
643 1717 848 1776 pastor,
877 1717 931 1762 et
964 1710 1214 1779 princeps
1260 1710 1454 1766 Petrus
1499 1714 1763 1766 duntaxat
1810 1724 1915 1779 est,

331 1814 437 1851 non
475 1798 690 1854 Paulus.
721 1799 1081 1867 Quamobrem
1107 1819 1293 1858 verum
1322 1805 1538 1873 quidem
1561 1815 1642 1860 est
1661 1807 1910 1877 elogium,

2027 615 2210 669 Anast.
2243 616 2479 686 Thess}:
2515 635 2532 665 ι
2564 617 2709 673 Inter
2733 618 3072 675 beatissimos
3097 623 3394 693 apostolos,
3419 625 3612 695 inquit,

2027 706 2078 759 in
2109 707 2462 762 similitudine
2499 709 2742 775 honoris,
2772 710 2876 766 fuit
2903 715 3151 778 quaedam
3185 715 3441 770 discretio
3463 729 3616 788 pote-

2025 799 2216 864 statis;
2241 807 2294 853 et
2323 808 2446 852 com
2468 800 2716 854 omnium
2745 810 2844 870 par
2861 814 3006 858 esset
3035 805 3250 872 electio,
3283 808 3374 862 ttni
3432 818 3611 866 tamen

2025 891 2208 945 datum
2246 900 2350 956 est,
2383 901 2442 945 nt
2473 893 2686 948 caeteris
2711 895 3121 962 praemineret:
3170 899 3236 953 de
3273 916 3379 970 qua
3416 901 3612 968 forma,

2023 983 2396 1052 episcoporum
2449 999 2667 1054 quoque
2709 993 2792 1039 est
2832 994 2952 1039 orta
2987 987 3280 1044 diStinctio.
3313 1010 3333 1043 ι
3379 992 3614 1049 Sanctus

2021 1074 2260 1130 Joannes
2299 1075 2716 1146 Chrysostomus
2765 1079 2936 1143 (hom.
2993 1077 3066 1132 '87
3097 1080 3152 1132 in
3190 1079 3386 1151 loan.)
3421 1102 3434 1136 :
3474 1083 3612 1150 Quid

2026 1167 2240 1220 tandem
2269 1165 2393 1220 aliis
2441 1167 2676 1221 omissis.
2709 1168 2776 1222 de
2813 1168 2900 1222 his
2928 1170 3193 1224 dun-taxat
3230 1171 3445 1226 Petrum
3476 1175 3611 1228 alfa-

2026 1257 2148 1310 tur?
2195 1273 2258 1311 os
2308 1267 2426 1312 erat
2465 1259 2859 1326 apostolorum,
2905 1268 2961 1313 et
2999 1261 3276 1330 princeps,
3320 1273 3377 1318 et
3426 1275 3608 1322 vertex

2026 1351 2192 1419 ipsius
2220 1361 2420 1414 coetus;
2447 1360 2731 1421 propterea
2770 1361 2825 1405 et
2854 1351 3054 1406 Paulus
3080 1369 3202 1407 eum
3257 1357 3611 1424 prietervalios

2023 1441 2238 1495 visurus
2283 1435 2548 1496 ascendit.
2621 1442 2808 1510 Itaque
2859 1441 3176 1497 Damianum
3223 1444 3378 1512 juxta
3431 1449 3610 1516 magni

2021 1535 2264 1606 Gregorii
2296 1545 2532 1590 mentem
2572 1535 2931 1606 intelligemus
2958 1535 3150 1606 (Gneo.
3189 1537 3245 1590 in
3276 1536 3369 1592 lib.
3401 1533 3429 1590 1
3455 1537 3608 1609 Reg.,

2021 1643 2132 1697 cap.
2159 1626 2240 1697 4),
2273 1637 2330 1681 ιιι
2348 1625 2489 1696 quod
2512 1628 2707 1682 attinet
2733 1627 2798 1681 ad
2823 1627 3178 1698 apostolicum
3211 1645 3404 1684 munus
3429 1630 3607 1684 Evan-

2019 1718 2141 1786 gelii
2169 1716 2512 1786 prmdicaudi,
2547 1713 2711 1788 atque
2741 1725 2962 1786 peccata
2999 1718 3267 1782 solvendi,
3318 1735 3471 1788 teque
3491 1735 3610 1774 om-

2020 1824 2115 1864 nes
2147 1809 2440 1879 apostolos,
2470 1809 2666 1862 nedqu
2703 1807 2951 1874 Paulum,
2993 1809 3046 1863 in
3079 1810 3392 1864 universum
3444 1828 3606 1866 utun-

325 1890 468 1958 quod
511 1891 609 1961 ipsi
647 1892 890 1947 Ecclesia
925 1895 1129 1960 tribuit,
1166 1897 1290 1948 dum
1322 1897 1397 1950 ait
1431 1916 1441 1950 :
1487 1895 1806 1967 pnedicator
1859 1901 1909 1954 in
1945 1905 1986 1968 Β
2016 1901 2142 1954 dum
2184 1902 2378 1955 missos
2411 1917 2532 1956 esse
2561 1901 2954 1964 existimemus,
2981 1917 3102 1954 cum
3133 1902 3364 1971 quadam
3423 1911 3604 1959 tamen

329 1980 583 2035 universo
614 1983 847 2048 mundo;
882 2003 898 2033 ι
934 2000 1121 2038 verum
1152 1995 1236 2040 est
1276 1988 1418 2056 quod
1453 1990 1592 2042 idem
1648 1989 1907 2043 allirmat:

321 2063 598 2140 (lnstantia
629 2090 745 2128 mea
767 2075 1107 2146 quotidiana,
1130 2078 1434 2134 sollicitudo
1457 2081 1698 2134 omnium
1721 2082 1908 2136 Eccle-

320 2159 523 2214 siarnm
553 2161 639 2230 (ll
669 2159 794 2216 Cor.
821 2166 918 2234 XI).
943 2186 960 2217 ι
990 2166 1096 2222 Sed
1131 2177 1308 2224 tamen
1338 2169 1485 2224 illum
1513 2181 1719 2225 tantum
1743 2175 1912 2231 bono-

320 2269 451 2314 rem,
479 2268 637 2324 quem
660 2255 832 2324 prima
857 2257 1038 2325 specie
1058 2259 1353 2315 eardinalis
1390 2259 1682 2314 Damianus
1711 2271 1900 2316 sancto

316 2343 482 2400 Paulo
512 2343 706 2411 del’ert,
749 2357 939 2402 sancto
971 2349 1130 2405 Petro
1181 2354 1353 2420 magis
1387 2360 1688 2424 cungruere
1734 2351 1900 2424 612

2015 1991 2457 2045 subordinatioue
2487 1990 2654 2053 Petri,
2685 1990 2778 2061 qtti
2811 1992 2958 2060 gregi
2987 1990 3280 2045 universali
3313 1990 3602 2061 prwlectus

2013 2093 2118 2148 cst,
2164 2093 2228 2138 ut
2263 2084 2446 2138 multis
2503 2084 2661 2138 docet
2711 2093 2934 2138 sanctus
2987 2083 3291 2154 Cyprianus
3341 2085 3414 2140 de
3465 2084 3602 2143 unit.

2013 2174 2244 2237 Eccles.,
2287 2186 2342 2230 et
2378 2175 2536 2246 epist.
2569 2175 2640 2229 55
2665 2174 2737 2228 ad
2766 2173 3074 2229 Cornelium
3102 2178 3319 2244 papam.

2350 2289 2429 2346 Sit
2455 2307 2640 2344 nomen
2665 2288 2877 2343 Domini
2910 2289 3254 2344 benedictum.

325 2513 3573 2536 Μ

442 2637 799 2713 σηοω
887 2661 1743 2777 OPUSCULUM
1830 2648 2728 2774 TRICESIMUM
2817 2652 3449 2772 SEXTUM.

316 2875 418 2937 DE
465 2871 743 2937 DI‘VINA
808 2873 1427 2941 OMNIPO'I'ENTIA
1490 2881 1571 2942 IN
1616 2878 2190 2942 REPARATIONE
2233 2878 2721 2950 CORRUPTJE,
2765 2879 2868 2938 ET
2915 2875 3197 2937 FACTIS
3237 2873 3599 2937 thFECTlS

1175 3001 1206 3028 ο
1716 2979 2197 3041 REDDENDIS.

312 3143 707 3200 ARGUMENTU“.
733 3178 802 3185 —-
831 3147 905 3201 De
932 3142 1024 3201 Dei
1059 3144 1475 3214 omnipotentia,
1503 3147 1834 3208 mternitate,
1875 3145 2157 3202 inﬁnitate.
2201 3143 2566 3214 providentia,
2600 3142 2924 3213 cretei-isque
2967 3143 3270 3211 huiusmodi
3319 3144 3596 3199 altissimis

378 3215 886 3288 ()bSCtll‘lSSlmlSt'Illt‘.
946 3217 1366 3288 quaestionibus.
1425 3214 1734 3270 luculenter
1773 3227 1828 3271 et
1877 3217 2095 3288 cupiose
2143 3215 2362 3288 disserit
2400 3225 2590 3288 contra
2639 3231 2734 3270 eos
2773 3217 2866 3284 qui
2917 3215 3112 3288 divina:
3159 3215 3409 3288 polentae
3438 3216 3592 3284 quasi

384 3286 674 3357 εει-ιιιὶιιιιιιι
712 3285 1048 3342 constituere
1091 3287 1384 3357 audebant.
1418 3297 1727 3342 asserentes
1773 3285 1961 3342 Deum‘
1990 3286 2129 3340 iacta
2179 3285 2374 3339 inlecta
2424 3285 2646 3339 reddere
2697 3301 2802 3340 non
2847 3301 3021 3355 posse.
3053 3285 3203 3352 Quod
3253 3285 3444 3338 falsum
3475 3301 3594 3357 esse

380 3354 679 3429 verissimis
733 3360 1032 3413 rationibus
1079 3354 1564 3429 probatabemum
1617 3358 2051 3429 benevolentiam
2097 3365 2148 3410 et
2185 3371 2426 3429 antorem
2474 3371 2632 3429 suum
2677 3372 2807 3427 erga
2849 3354 3151 3411 Casiuense
3204 3355 3594 3410 monasterium

381 3426 660 3483 Desiderio
689 3430 871 3485 abbati
896 3426 1142 3499 pluribus
1169 3428 1448 3497 patefarit.
1476 3437 1530 3482 et
1557 3428 1704 3482 velut
1729 3429 1781 3482 in
1813 3429 2023 3498 pictura
2055 3438 2182 3481 ante
2207 3426 2399 3480 oculos
2425 3426 2597 3497 ponit.

378 3521 586 3575 homno
612 3520 901 3575 ῢεειοειιιο
939 3521 1251 3574 Casincnsis
1283 3521 1597 3576 monasterii
1645 3535 1897 3576 reveren-
1925 3525 1969 3586 C
2003 3537 2146 3584 mur,
2175 3519 2300 3590 quid
2329 3520 2474 3574 aliud
2515 3535 2681 3589 quam
2711 3521 2979 3575 monacho
3022 3530 3241 3585 nostro,
3268 3519 3359 3590 qui
3392 3519 3589 3574 latebat

308 3613 520 3666 tissimo
547 3619 766 3677 rectori,
811 3621 867 3668 et
917 3615 1171 3667 universo
1215 3623 1404 3668 sancto
1435 3614 1744 3672 conventui.
1790 3614 1895 3668 Pr:-

309 3721 446 3763 TRUS
488 3719 744 3775 peccator
791 3709 1087 3764 monachus
1135 3709 1284 3778 pacis
1327 3709 1571 3766 osculum
1603 3709 1654 3762 in
1688 3709 1892 3764 Spiritu

306 3807 516 3856 sancto.
759 3855 766 3858 _

817 3891 1044 3948 CAPUT
1082 3891 1371 3948 PRIMUM.

509 3974 662 4048 Querl
693 3982 834 4036 Deus
870 3984 1035 4036 multa
1067 3994 1231 4048 potest
1267 4001 1385 4054 quat
1416 3997 1520 4038 non
1556 3985 1682 4038 ruit.

371 4074 473 4142 Qui
504 4074 650 4130 solus
677 4077 743 4130 de
775 4077 965 4130 marini
991 4076 1184 4131 ﬂuctus
1214 4078 1461 4146 procellis
1485 4077 1733 4147 eripitur,
1763 4076 1889 4130 dum

300 4183 558 4237 aagenatn
589 4169 764 4223 adhuc
796 4170 940 4223 inter
984 4186 1147 4238 rupes
1197 4179 1252 4223 et
1298 4171 1566 4240 scopulos,
1608 4171 1750 4224 inter
1789 4171 1890 4224 mi-

304 4274 465 4314 naces
495 4268 658 4327 atque
690 4261 1111 4314 intttmesceutrs
1143 4262 1408 4314 undarum
1451 4261 1696 4316 cumulos
1748 4263 1890 4329 peri-

301 4349 476 4402 clitari
508 4349 836 4414 considerat,
868 4350 1195 4404 inhumanus
1236 4359 1339 4407 cst.
1392 4351 1437 4403 si
1481 4338 1785 4403 laborantes
1833 4351 1885 4402 in

300 4441 821 4496 tliscrimine'socios
867 4458 972 4495 non
1018 4442 1279 4509 deplorat.
1313 4441 1422 4509 Ego
1463 4441 1643 4509 itaque
1673 4442 1886 4508 episco-

299 4540 428 4599 patu
468 4531 712 4593 dimisso,
770 4547 855 4586 me
893 4531 1110 4600 quidem
1154 4531 1299 4584 velut
1347 4532 1526 4584 arenis
1580 4532 1884 4599 expositum

297 4622 539 4693 gaudeo;
589 4623 681 4677 sed
731 4633 780 4676 te
826 4624 998 4677 ventis
1047 4633 1208 4692 atque
1241 4622 1543 4677 turbinibus
1593 4623 1772 4681 atteri.
1821 4638 1884 4676 ac

299 4715 439 4768 inter
470 4713 679 4768 hiantes
726 4713 898 4785 pelagi
948 4715 1211 4769 ﬂuctuare
1261 4715 1569 4785 voragines,
1615 4731 1720 4768 non
1767 4716 1883 4770 siue

297 4808 534 4862 l'raterua
579 4809 957 4878 compassione
1004 4807 1234 4876 suspiro.
1285 4805 1463 4868 Errat,
1502 4816 1675 4875 pater,
1713 4816 1878 4870 errat,

2000 3613 2351 3677 intrinsecus,
2384 3614 2666 3681 repudium
2705 3613 2930 3667 damus?
2951 3612 3080 3667 Mox
3109 3613 3255 3668 enim
3283 3613 3351 3666 ad
3380 3625 3591 3668 summa

2003 3705 2271 3759 tendentis
2311 3705 2432 3758 vita:
2465 3713 2648 3758 status
2681 3706 2961 3764 evertitur.
2995 3706 3143 3775 rigor
3173 3712 3470 3758 enervatae
3502 3702 3585 3759 dio

2000 3795 2276 3864 sciplinae,
2319 3802 2481 3863 atque
2508 3795 2708 3849 silentii
2761 3807 2990 3848 censura
3043 3793 3386 3860 dissolvitur,
3419 3806 3475 3850 et
3520 3797 3588 3851 ad

1997 3888 2322 3944 clliuendum
2369 3891 2629 3960 quidquid
2669 3892 2834 3945 libido
2883 3893 3367 3963 suggesse-rit.ora
3402 3893 3587 3948 laxau-

2001 3995 2105 4034 tnr.
2140 3981 2290 4037 Unde
2321 3983 2604 4050 processit,
2653 3992 2709 4037 et
2750 3984 2890 4051 quod
2921 3999 3067 4037 nunc
3099 3983 3335 4038 occurrit
3379 3987 3582 4037 memo-

1997 4075 2091 4126 rim
2135 4093 2147 4127 :
2186 4083 2366 4128 utrum
2417 4073 2561 4129 Deus
2603 4076 2785 4144 possit
2838 4089 3096 4143 reparare
3148 4077 3411 4146 virginem
3467 4085 3586 4145 post

1995 4167 2229 4217 ruinam.
2266 4164 2398 4218 Nam
2447 4165 2573 4219 dum
2605 4165 2923 4234 aliquando,
2971 4175 3028 4220 ιιι
3065 4167 3378 4220 meminisse
3408 4176 3577 4236 potes,

1995 4267 2220 4325 uterque
2271 4257 2734 4311 discittttberemtts
2779 4257 2844 4310 ad
2901 4272 3143 4310 mensam
3171 4299 3185 4320 ,
3234 4257 3468 4327 illudque
3517 4256 3578 4310 Β.

1993 4345 2304 4415 Hieronymi
2355 4348 2848 4412 sermocit'tantibtts
2881 4348 3160 4402 deveniret
3204 4349 3255 4401 in
3303 4348 3576 4413 medium;

1994 4439 2284 4501 audenter,
2335 4439 2443 4500 ait,
2496 4438 2687 4506 loquor
2735 4454 2748 4493 :
2801 4455 2922 4492 cum
2975 4441 3152 4492 onmia
3194 4441 3363 4509 possit
3403 4441 3578 4506 Deus,

1991 4529 2261 4582 suscitare
2309 4530 2575 4599 virginem
2609 4546 2714 4584 non
2763 4539 2937 4600 potest
2988 4541 3107 4600 post
3161 4533 3392 4586 ruinam.
3429 4532 3579 4587 Valet

1978 4605 2205 4687 quidem
2254 4620 2486 4676 liberare
2539 4639 2566 4674 a
2615 4637 2795 4691 paena,
2848 4623 2941 4676 sed
2991 4639 3095 4675 non
3147 4624 3287 4677 valet
3318 4638 3579 4679 coronare

1979 4720 2320 4795 .corrup'tam.
2353 4713 2463 4782 Ego
2490 4713 2615 4766 licet
2646 4712 2892 4780 pavidus,
2925 4721 3130 4780 utpote,
3162 4714 3252 4780 qui
3299 4713 3576 4781 disputare

1987 4803 2054 4856 de
2079 4804 2210 4858 tanti
2237 4804 2337 4857 viri
2372 4804 2680 4858 testimonio
2711 4803 2868 4857 facile
2897 4819 3000 4856 non
3026 4804 3304 4868 auderem,
3333 4805 3572 4858 unanimi

295 4901 386 4968 qui
413 4901 632 4955 conlidit
665 4917 722 4954 se
773 4901 932 4956 simul
980 4911 1036 4955 et
1083 4901 1413 4964 monachum
1440 4917 1589 4962 esse,
1633 4911 1686 4955 et
1717 4901 1880 4955 curia:
1913 4887 1960 4946 ῧ
1988 4907 2164 4950 tamen
2199 4895 2372 4965 βειιτίν
2410 4895 2501 4950 libi
2537 4896 2818 4957 Vitio-“CCI.
2865 4895 2974 4948 diXl
3024 4905 3158 4965 Pure
3207 4897 3350 4964 quod
3406 4896 3570 4950 δεηεῆ

293 4993 587 5047 deservire.
617 4991 789 5059 Quatn
823 4991 961 5046 male
1008 5001 1304 5056 mercatur,
1355 4991 1444 5061 qui
1487 4993 1877 5046 monachorum

293 5083 571 5152 praesumit
601 5083 834 5138 claustra
867 5085 1140 5143 deserere,
1191 5091 1249 5136 ut
1291 5082 1474 5136 tuundi
1509 5082 1684 5135 valeat
1734 5083 1878 5136 mili-

298 5175 427 5228 tiam
454 5173 695 5242 bajulare
720 5172 921 5229 lUndis
947 5181 1136 5226 erutus
1165 5188 1329 5226 sanus
1354 5180 1437 5226 est.
1464 5173 1651 5242 piscis,
1683 5191 1786 5226 non
1823 5184 1879 5226 ut

289 5265 392 5318 sibi
421 5265 597 5333 vivat,
613 5265 704 5320 sed
729 5273 784 5318 ut
808 5265 943 5319 alios
968 5275 1178 5334 pascat.
1202 5262 1492 5328 Vocantur,
1519 5265 1874 5328 attrahimur;

288 5356 380 5408 sed
414 5367 471 5409 ut
494 5357 737 5415 vivamus
765 5357 906 5420 aliis,
936 5357 1230 5411 moriamur
1259 5358 1442 5422 nobis;
1473 5367 1620 5411 amat
1649 5368 1874 5411 venator

291 5463 544 5511 cervum,
575 5451 666 5504 sed
707 5460 766 5505 ut
799 5451 905 5506 sibi.
947 5451 1106 5506 faciat
1155 5451 1362 5513 cibum;
1412 5453 1751 5522 persequitur
1781 5467 1872 5506 ca-

295 5555 442 5607 pras,
490 5539 798 5610 lepusculos
830 5543 1154 5606 insectatur;
1191 5544 1320 5607 sed,
1357 5552 1416 5595 ut
1469 5543 1583 5612 ipse
1619 5543 1755 5596 bene
1785 5544 1880 5607 sit,

293 5629 380 5685 illa
412 5631 543 5684 nihil
569 5633 696 5686 sint.
719 5634 916 5690 Amant
944 5644 998 5688 et
1018 5635 1266 5690 homines
1285 5649 1399 5693 nos.
1430 5634 1522 5687 sed
1553 5647 1656 5687 non
1688 5633 1876 5700 nobis;

289 5722 507 5776 sibimet
534 5722 784 5792 diligunt,
819 5725 870 5777 in
899 5739 1030 5778 sitas
1057 5740 1154 5779 nos
1183 5736 1394 5779 vertere
1423 5723 1645 5778 delicias
1677 5739 1874 5778 concu-

295 5814 529 5891 piscnnt.
559 5815 705 5886 Quos
753 5816 1007 5870 nimirum
1039 5818 1163 5888 dum
1197 5817 1248 5871 itt
1296 5817 1562 5872 exteriora
1594 5816 1882 5888 prosequi-t

1985 4987 2132 5051 "tuo,
2163 4990 2402 5056 inquam,
2437 4989 2631 5051 fateor,
2660 5005 2931 5057 nunquam
2967 4989 3140 5057 potuit
3191 4991 3320 5044 mihi
3360 4989 3572 5058 placere

1983 5084 2268 5138 sententia.
2299 5082 2410 5136 Non
2443 5083 2586 5138 enim
2614 5099 2642 5134 a
2669 5099 2776 5152 quo
2805 5082 3035 5145 dicatur,
3069 5082 3162 5136 sed
3186 5083 3324 5150 quid
3355 5083 3570 5136 dicatur

1983 5175 2222 5227 attendo.
2255 5171 2424 5226 Nimis
2453 5173 2656 5228 scilicet
2703 5173 3042 5226 inhonestum
3083 5173 3312 5233 videtur,
3363 5182 3422 5226 ιιι
3468 5171 3566 5235 illi,

1981 5267 2072 5335 qui
2103 5265 2282 5321 omnia
2323 5274 2516 5335 potest,
2561 5265 2662 5318 nisi
2707 5265 2805 5319 sub
2835 5263 3044 5318 altioris
3089 5263 3455 5328 intelligentia:
3479 5275 3568 5316 sa-

1986 5367 2286 5422 cramento,
2335 5368 2444 5411 tam
2479 5357 2668 5412 leviter
2699 5356 3101 5426 itnpossibilitas
3123 5354 3453 5409 usui-ibatur.
3488 5354 3564 5408 Τιι

1984 5459 2164 5504 autem
2195 5449 2519 5505 econtrario
2565 5448 2891 5516 respondisti
2942 5470 2958 5502 ι
3003 5456 3178 5500 ratum
3216 5459 3372 5512 esse,
3423 5447 3563 5516 quod

1981 5539 2182 5594 dictum
2235 5550 2431 5606 est,-ct
2479 5542 2610 5594 satis
2658 5538 3064 5602 authenticum,
3117 5537 3284 5592 Deum
3317 5525 3566 5591 videlicet

1982 5647 2086 5687 non
2134 5648 2294 5702 posse
2339 5625 2601 5687 Suscitarc
2630 5632 2892 5701 virginem
2926 5640 3045 5701 post
3083 5645 3322 5685 ruinam.
3361 5630 3566 5685 Deinde

1933 5729 1936 5732 ’
1982 5725 2155 5794 longis
2194 5735 2356 5794 atque
2387 5723 2612 5794 prolixis
2655 5725 3213 5792 argumentationibus
3248 5723 3411 5778 tnnlta
3442 5740 3562 5794 pcr-

1981 5835 2224 5884 cnrrcns,
2260 5821 2324 5871 ad
2371 5819 2470 5872 hoc
2507 5817 2722 5873 tandem
2763 5818 3091 5876 definitionis
3123 5828 3226 5878 [tlte
3265 5817 3567 5872 clausulam
