4074 6190
423 356 516 410 597

1259 349 1504 406 OPUSC.
1549 351 1789 407 XXXVI.
1819 384 1887 393 -η
1926 353 2011 407 DE
2050 352 2275 407 DIV'INA
2319 351 2852 408 ΟΜΝΠὊΤΕΝΉᾹ.

3578 356 3692 412 5.18

416 465 736 542 perduxisti,
777 471 835 518 ut
861 464 1074 519 diceres
1105 482 1117 516 :
1150 462 1316 520 Deum
1350 481 1454 521 non
1483 467 1555 520 ob
1591 467 1734 520 aliud
1771 467 1871 522 hoc
1901 483 2006 520 non
2043 472 2088 530 Α
2119 475 2272 522 tenus
2300 465 2592 520 duliietatis
2637 464 2738 519 ista
2787 465 3072 536 suspensio
3111 465 3164 520 in
3187 464 3445 536 operibus
3477 467 3694 537 pietati:

417 576 592 631 posse,
626 557 729 612 nisi
773 556 900 624 quia
943 570 1048 609 non
1083 555 1216 608 vult.
1246 555 1324 608 Ad
1373 556 1517 625 quod
1565 570 1668 626 ego
1709 573 1721 609 :
1755 556 1810 610 Si
1846 556 2004 618 nihil,

416 655 662 720 inquam,
699 656 879 717 potest
921 645 1064 700 Deus
1109 661 1297 702 eorum
1320 687 1336 711 ,
1363 662 1486 716 qua:
1534 663 1638 700 non
1675 647 1787 700 vult
1820 666 1832 700 :
1876 647 2011 702 nihil

416 751 618 804 autem,
650 738 754 793 nisi
796 749 941 807 qnou
969 737 1100 802 vult,
1134 735 1294 804 facit;
1327 753 1458 808 ergo
1490 738 1626 796 nihil
1662 739 1883 793 omnino
1909 753 2012 808 po-

419 841 520 887 test
553 845 742 883 eorum
791 827 990 887 facere.
1040 843 1160 898 «lure
1209 843 1318 882 non
1366 828 1514 882 facit.
1553 828 1904 898 Consequens
1931 837 2015 884 est

419 925 620 992 itaque,
653 931 712 974 ut
738 918 908 974 libere
949 917 1250 984 fateamur,
1282 920 1452 974 Deum
1478 919 1642 974 hodie
1668 919 1874 974 idcirco
1907 935 2010 974 non

420 1013 623 1082 pluere,
657 1010 781 1080 quia
809 1025 918 1062 non
971 1016 1183 1078 potest;
1220 1008 1422 1062 idcirco
1464 1009 1740 1077 languidos
1771 1023 1875 1063 non
1903 1009 2011 1063 eri-

422 1118 569 1172 gere,
601 1101 729 1172 quia
778 1115 885 1154 non
932 1108 1137 1169 potest;
1171 1098 1290 1152 ideo
1333 1114 1442 1152 non
1472 1098 1721 1153 occidere
1766 1097 2014 1166 injustas,

423 1196 542 1250 ideo
569 1209 684 1248 .non
718 1207 781 1247 ex
817 1205 1004 1246 eorum
1049 1190 1492 1260 oppressionibus
1517 1189 1750 1244 liberare
1776 1199 2013 1244 sanctos.

425 1286 570 1350 Hrec,
603 1293 658 1337 et
680 1283 788 1336 alia
821 1281 988 1336 multa
1022 1281 1227 1336 idcirco
1254 1280 1398 1334 Deus
1426 1295 1534 1334 non
1567 1278 1719 1344 facit,
1747 1282 1870 1349 quia
1909 1296 2013 1333 non

424 1377 559 1438 vult,
602 1384 660 1429 et
699 1375 825 1444 quia
857 1388 964 1428 non
1011 1373 1158 1439 vult,
1189 1388 1294 1427 non
1326 1382 1538 1444 potest;
1573 1375 1819 1443 sequitur
1852 1371 2015 1444 615

423 1484 577 1539 ergo,
614 1477 674 1520 ut
721 1466 984 1535 quidquid
1025 1465 1166 1520 Deus
1212 1483 1315 1520 non
1369 1466 1520 1529 facit,
1574 1467 1751 1522 facere
1791 1468 2017 1522 omnino

426 1575 532 1614 non
581 1557 772 1627 possit.
813 1556 964 1624 Quod
1008 1556 1251 1626 profecto
1303 1565 1411 1609 tam
1454 1557 1670 1610 videtur
1701 1556 2014 1618 absurdum,

432 1660 652 1718 tamque
698 1647 1006 1711 ridiculum,
1053 1656 1111 1700 ut
1162 1663 1267 1701 non
1302 1649 1460 1702 modo
1500 1647 1856 1717 omnipotenti
1907 1646 2017 1700 Deo

429 1752 665 1812 nequeat
692 1741 923 1798 assertio
953 1742 1054 1796 ista
1082 1755 1411 1810 congruere,
1442 1739 1535 1794 sed
1569 1754 1638 1794 ne
1684 1739 1858 1809 fragili
1895 1740 2017 1808 qui-

2113 572 2209 612 vos
2251 556 2438 626 magis.
2487 571 2550 609 ac
2600 556 2769 624 magis
2798 571 3013 624 semper
3038 565 3312 620 exerceat,
3341 567 3397 611 et
3426 556 3497 611 ab
3521 559 3694 620 omni,

2111 649 2156 702 si
2197 664 2300 716 qua
2342 649 2513 717 possit
2558 649 2843 717 obrepere,
2892 648 3130 703 vanitate
3185 660 3515 718 compescat.
3581 647 3700 706 Scit

2112 753 2244 809 ergo
2273 739 2395 800 sibi.
2425 739 2568 808 quod
2594 739 2770 794 nescit
2804 739 3079 809 apostolis.
3107 741 3258 807 Quod
3281 741 3339 794 .in
3370 741 3477 795 hoc
3512 742 3698 812 procul
3723 786 3729 791 .

2114 830 2279 885 dubio
2309 831 2518 899 probat,
2548 847 2672 885 cum
2703 831 2940 894 Patrem,
2963 848 3085 886 cum
3112 848 3224 901 quo
3253 832 3505 888 videlicet
3531 849 3697 888 unum

2115 930 2217 988 est,
2247 921 2348 976 hoc
2376 936 2536 975 nosse
2566 922 2846 975 denuntiat
2878 938 2892 974 :
2934 940 2952 972 ι
3001 922 3115 992 Ego
3146 922 3315 986 enim,
3343 923 3439 988 ait,
3467 931 3523 978 et
3546 923 3708 979 Pater

2121 1029 2285 1068 unum
2323 1028 2514 1068 sumus
2545 1012 2730 1083 (Idan.
2774 1016 2853 1084 χ).
2901 1034 2918 1066 ι
2949 1014 3040 1069 Sic
3064 1015 3208 1069 enim
3240 1015 3396 1084 juxta
3440 1017 3587 1072 verbi
3620 1032 3710 1072 so-

2121 1124 2272 1172 num,
2304 1108 2500 1162 asserit
2542 1123 2601 1162 se
2644 1108 2800 1177 quasi
2849 1108 3080 1170 nescire,
3130 1109 3274 1178 quod
3317 1109 3510 1175 Pater;
3559 1109 3708 1164 sicut

2116 1199 2405 1270 aliquando
2458 1199 2796 1270 significatur
2843 1202 3242 1269 quodammodo
3301 1218 3406 1255 non
3464 1201 3699 1266 habere.

2117 1293 2260 1361 quod
2321 1291 2497 1345 Pater.
2565 1289 2716 1346 Unde
2765 1303 2845 1346 est
2892 1301 2945 1345 et
2998 1294 3139 1361 quod
3192 1294 3323 1347 dicit
3371 1293 3709 1362 Apostolus:

2127 1402 2146 1436 ι
2175 1382 2307 1439 Cum
2340 1383 2627 1438 tradiderit
2657 1383 3033 1453 rcgn-um'Deo,
3063 1395 3115 1438 et
3145 1385 3287 1439 Patri
3314 1384 3364 1456 (I
3390 1384 3512 1439 Cor.
3537 1387 3659 1456 xv);
3685 1407 3702 1436 ι

2121 1482 2378 1544 tanquam
2429 1489 2654 1543 regnum
2695 1475 2870 1529 donec
2917 1476 3033 1544 ipse
3085 1484 3367 1540 tenuerat,
3397 1473 3559 1530 Pater
3608 1492 3712 1547 non

2125 1564 2384 1627 habebat;
2427 1572 2481 1616 et
2511 1581 2633 1617 cum
2679 1563 2824 1618 Patri
2873 1565 3177 1628 tradiderit,
3209 1566 3322 1634 ipse
3357 1581 3464 1620 non
3492 1574 3714 1620 ‘teneat.

2121 1653 2254 1710 Cum
2287 1657 2499 1710 tradere
2530 1652 2753 1724 regnum
2781 1657 2888 1708 Deo
2919 1655 3090 1720 Patri,
3119 1657 3254 1709 nihil
3285 1656 3428 1711 aliud
3461 1658 3534 1712 sit
3554 1657 3712 1725 juxta

2123 1746 2368 1799 sobrimn
2420 1745 2788 1808 intellectum,
2825 1745 2926 1800 nisi
2973 1747 3267 1816 perducere
3315 1748 3603 1802 credentes
3650 1749 3715 1802 ad

430 1834 549 1885 dein
584 1829 790 1886 homini
821 1829 999 1884 valeat
1041 1830 1353 1884 convenire.
1397 1828 1560 1882 Multa
1601 1829 1866 1898 siquidem
1897 1835 2023 1882 sunt
2053 1855 2057 1900 ς

2148 1837 2600 1906 cntemplaudam
2653 1838 2889 1906 speciem
2943 1837 3038 1891 Dei
3101 1839 3295 1893 Patris.
3350 1840 3501 1894 Tunc
3554 1840 3722 1912 616

431 1936 550 1989 qum
580 1935 679 1975 nos
721 1935 831 1973 non
870 1917 1119 1979 facimus,
1157 1926 1212 1972 et
1255 1929 1436 1972 tamen
1483 1919 1663 1973 facere
1707 1933 2019 1988 possumus.

437 2014 493 2066 Si
527 2011 745 2083 quando
772 2019 954 2065 tamen
987 2009 1089 2063 tale
1117 2010 1243 2078 quid
1268 2011 1320 2063 in
1348 2009 1592 2080 mysticis
1621 2017 1678 2064 et
1721 2009 2026 2080 allegoricis

433 2107 714 2176 contingat
764 2119 861 2159 nos
911 2103 1149 2171 reperire
1194 2102 1507 2171 scripturis,
1543 2111 1704 2155 caute
1749 2102 1935 2170 potius
1971 2110 2028 2154 et

437 2203 748 2250 reverenter
776 2193 1152 2262 accipiendmn
1185 2199 1290 2255 est,
1318 2207 1479 2262 quam
1499 2192 1657 2261 juxta
1689 2191 1900 2245 litteras
1925 2205 2027 2244 au-

433 2290 620 2343 dacter
679 2297 734 2340 et
783 2286 950 2341 libere
988 2284 1392 2354 proferendum.
1440 2283 1532 2339 Sic
1577 2293 1660 2339 est
1707 2284 1856 2345 illud,
1887 2283 2028 2353 quod

438 2377 575 2430 Loth
607 2375 920 2446 properanti
947 2374 1116 2444 Segor
1142 2373 1211 2428 ab
1258 2374 1447 2442 angelo
1480 2374 1679 2428 dicitur
1710 2390 1724 2427 :
1763 2393 1780 2424 ι
1810 2372 2028 2428 Festina

438 2469 638 2537 igitur,
686 2467 892 2538 inquit,
926 2477 982 2522 et
1023 2465 1235 2521 salvare
1282 2467 1376 2530 ibi,
1406 2466 1532 2535 quia
1582 2482 1686 2520 non
1721 2473 1913 2534 potero
1949 2463 2031 2518 fa-

441 2574 567 2612 cere
601 2559 917 2628 quidquam,
947 2558 1117 2613 donec
1155 2557 1479 2628 ingrediaris
1510 2557 1634 2611 illuc
1665 2555 1820 2625 (Gen.
1846 2565 1980 2618 xm.
2010 2573 2029 2606 ι

444 2650 506 2703 lit
536 2664 550 2702 :
586 2667 604 2701 ι
654 2648 891 2703 Ρωιιίιει
927 2665 1014 2704 me
1058 2649 1251 2705 fecisse
1291 2649 1563 2704 hominem
1602 2647 1756 2719 (Gen.
1784 2647 1882 2715 vi).
1922 2667 1940 2698 ο
1973 2646 2038 2701 Ει

441 2741 567 2809 quia
599 2741 741 2794 Deus
775 2755 1088 2810 praecavens
1132 2739 1186 2794 in
1238 2738 1499 2805 futurum,
1534 2747 1708 2794 tactus
1751 2736 2038 2793 sitdolore

442 2833 624 2887 cordis
653 2833 1014 2896 intrinsecus,
1043 2842 1100 2887 et
1130 2832 1294 2887 multa
1327 2832 1377 2886 id
1408 2832 1643 2902 generis.
1685 2830 1742 2886 Si
1774 2831 1902 2900 quid
1934 2825 2064 2899 igi-i

445 2935 534 2978 tur
559 2923 664 2978 tale
686 2922 884 2978 divinis
917 2922 1127 2993 paginis
1159 2924 1430 2992 reperitur
1461 2923 1747 2984 insertum,
1777 2936 1884 2975 non
1917 2936 2038 2976 mox

446 3017 645 3087 passim
691 3015 906 3087 procaci
952 3031 1012 3070 ac
1053 3015 1434 3086 praesumptiva
1473 3013 1678 3084 vulgari
1724 3012 1899 3085 debet
1941 3028 2038 3066 au-

447 3111 635 3173 dacia,
676 3109 770 3165 sed
820 3109 922 3165 sub
965 3109 1208 3164 modesta
1253 3108 1418 3164 sobrii
1465 3106 1731 3162 sermonis
1764 3104 2042 3175 proferen-

2129 1933 2329 2001 quippe
2359 1930 2470 1984 Deo
2491 1929 2650 1984 Patri
2681 1946 2904 2000 regnum
2951 1947 2980 1984 a
3010 1930 3147 1984 Filio
3181 1932 3429 1995 traditur,
3459 1947 3581 1986 cum
3621 1946 3720 2000 per

2131 2022 2484 2076 mediatorcm
2535 2020 2632 2076 Dei
2680 2030 2734 2075 et
2775 2021 3054 2076 hominum
3107 2023 3158 2076 in
3207 2021 3713 2093 contetnplalionetr

2132 2116 2437 2171 divinitatis
2485 2126 2704 2171 aeternae
2752 2117 2989 2172 fidelium
3040 2117 3327 2172 multitudo
3363 2116 3706 2172 transfertur-

2134 2209 2185 2262 id
2217 2218 2319 2272 est,
2354 2219 2412 2264 ut
2437 2208 2546 2274 iam
2581 2209 2891 2264 necessaria
2933 2224 3038 2263 non
3076 2209 3144 2263 sit
3174 2209 3506 2279 dispensatio
3532 2207 3725 2263 simili-

2137 2299 2382 2352 tudinum
2416 2315 2512 2368 per
2539 2298 2780 2367 angelos,
2813 2306 2870 2352 et
2906 2299 3263 2368 principatus,
3308 2309 3364 2353 et
3411 2307 3725 2370 potestates,

2135 2397 2189 2440 et
2219 2387 2448 2441 virtutes
2480 2406 2492 2440 :
2519 2403 2587 2442 ex
2611 2403 2839 2457 quarum
2873 2402 3100 2456 persona
3152 2405 3254 2440 non
3284 2388 3728 2442 iuconvenienter

2138 2477 2456 2548 intelligitur
2481 2479 2584 2532 dici
2613 2477 2666 2532 in
2698 2477 2940 2532 Canticis
2972 2477 3309 2532 canticorum
3341 2479 3406 2531 ad
3432 2493 3684 2547 sponsam
3713 2496 3726 2532 :

2147 2589 2164 2621 ι
2205 2570 2604 2625 Similitudines
2632 2571 2752 2624 auri
2800 2569 3062 2624 faciemus
3111 2570 3204 2623 tibi
3254 2586 3375 2623 cum
3426 2570 3732 2626 distinctiu—

2139 2660 2297 2714 nibus
2334 2659 2550 2731 argenti
2597 2659 2772 2728 quoad
2820 2673 2989 2727 nsque
3024 2673 3114 2712 rex
3147 2658 3197 2712 in
3227 2657 3475 2711 accubitu
3506 2674 3604 2713 suo
3644 2669 3728 2714 est

2143 2749 2318 2821 (Cant.
2353 2750 2430 2820 t);
2463 2769 2486 2801 δ
2520 2749 2570 2804 id
2603 2758 2704 2815 est,
2733 2751 2910 2818 quoad
2941 2764 3111 2818 usque
3157 2748 3406 2803 Christus
3434 2751 3490 2804 in
3519 2760 3734 2805 secreto

2144 2856 2242 2894 suo
2286 2851 2388 2894 est.
2425 2840 2693 2907 Quoniam
2741 2841 2846 2894 vita
2898 2851 3079 2895 nostra
3130 2841 3445 2896 abscondita
3493 2850 3578 2896 est
3612 2859 3734 2897 cum

2143 2931 2362 2987 Christo
2403 2932 2460 2986 in
2490 2933 2604 2986 Deo
2633 2951 2645 2986 :
2682 2951 2698 2983 ι
2733 2931 2865 2986 Cum
2899 2931 3168 2995 Christus,
3201 2932 3392 3002 inquit,
3427 2937 3739 3002 apparuerit

2146 3023 2254 3074 vita
2307 3030 2512 3087 nostra,
2549 3032 2672 3075 tunc
2719 3031 2774 3076 et
2828 3037 2923 3076 vos
2965 3023 3298 3092 appareliitis
3344 3039 3466 3078 cum
3518 3026 3634 3094 ipso
3683 3027 3735 3080 in

2145 3111 2313 3182 gloria
2355 3109 2717 3180 (Colorem).
2744 3133 2760 3163 ›
2792 3112 2946 3180 Quod
2994 3125 3286 3183 antequam
3341 3117 3452 3182 fiat,
3489 3118 3736 3173 videmus

450 3206 575 3256 dum
608 3212 691 3256 est
721 3201 1036 3273 disciplina;
1081 3201 1204 3271 quia
1257 3216 1302 3254 ει
1351 3201 1452 3253 hoc
1488 3196 1806 3252 diffunditur
1841 3198 1894 3251 in
1926 3196 2039 3250 vul~
2067 3200 2112 3262 C
2143 3219 2284 3257 nunc
2311 3218 2406 3273 per
2422 3204 2698 3274 speculum
2721 3206 2773 3259 in
2798 3207 3101 3274 :enigmate.
3134 3207 3235 3263 hoc
3260 3217 3362 3270 est,
3398 3209 3448 3261 in
3481 3208 3732 3264 simila“-

452 3313 569 3364 gus,
601 3307 658 3349 ut
684 3295 826 3350 Dens
855 3297 904 3348 iu
937 3295 1140 3364 aliquo,
1165 3293 1308 3362 quod
1339 3290 1442 3345 dici
1468 3289 1620 3344 nefas
1645 3298 1744 3352 est,
1777 3290 2044 3358 impotens

454 3397 754 3449 11:33:“rtllllt‘,
791 3386 934 3440 illico
961 3385 1110 3454 plebs
1143 3383 1354 3436 indocta
1391 3381 1760 3445 confunditur,
1793 3389 1847 3434 et
1883 3379 2045 3434 Chri-

455 3478 629 3531 Stiana
669 3477 802 3532 fides
850 3491 956 3530 non
1007 3476 1122 3530 sine
1166 3489 1361 3545 magno
1393 3473 1698 3527 animarum
1736 3472 2050 3528 discrimine

455 3568 823 3637 perturbatur.

530 3661 625 3714 lllo
666 3659 822 3730 ptine
853 3659 1012 3715 modo
1052 3658 1253 3714 dicitur
1285 3657 1427 3711 Deus
1465 3671 1570 3711 non
1619 3670 1778 3726 posse
1823 3655 2050 3727 aliquid,

460 3766 568 3820 quo
597 3760 651 3806 et
681 3766 891 3805 nescu'e
925 3769 936 3803 :
964 3747 1216 3804 videlicet
1240 3747 1501 3818 quidquid
1537 3745 1736 3800 malum
1767 3755 1878 3810 est,
1911 3748 2056 3802 sicut

463 3859 571 3898 non
600 3852 781 3912 potest
812 3858 994 3914 agere,
1021 3842 1094 3896 ita
1127 3841 1297 3896 nescit
1321 3854 1502 3912 agere.
1531 3837 1648 3894 Non
1679 3840 1822 3894 enim
1853 3848 2052 3909 potest,

464 3944 560 3989 aut
583 3939 662 3990 sic
697 3935 914 3990 mentiri
938 3975 953 3999 ,
989 3935 1072 3989 vel
1122 3933 1398 4004 pejerare,
1431 3932 1514 3987 vel
1564 3930 1817 4000 injustum
1855 3931 2056 3999 aliquid

469 4027 671 4091 facere,
708 4041 1016 4096 quanquam
1059 4021 1155 4095 p‘cr
1184 4025 1500 4094 prophetam
1531 4022 1675 4076 dicat
1707 4040 1718 4074 :
1756 4039 1774 4072 ι
1811 4021 1922 4091 Ego
1953 4021 2059 4076 Do-

468 4120 646 4173 minus
694 4118 934 4172 formans
964 4117 1170 4175 lucem.
1206 4126 1482 4169 ct-creaus
1522 4113 1772 4166 tenebras
1808 4130 1820 4165 :
1855 4112 2060 4166 faciens

469 4223 680 4280 pacem,
726 4217 778 4262 et
814 4223 1006 4263 c-reans
1043 4206 1240 4261 malum
1276 4203 1431 4276 (Isui.
1463 4205 1605 4272 ην).
1638 4221 1658 4253 δ
1695 4201 1848 4268 Quod
1878 4209 2059 4254 autem

469 4300 600 4353 dicit
644 4299 695 4351 in
735 4297 1063 4363 Evangelii):
1097 4314 1116 4347 ι
1154 4295 1226 4349 De
1272 4295 1360 4348 die
1403 4302 1585 4346 autem
1639 4291 1761 4355 illo,
1798 4290 1881 4345 vel
1932 4292 2062 4346 hora

474 4403 635 4442 nemo
664 4386 967 4457 srilmcque
1014 4387 1188 4456 angeli
1237 4385 1290 4439 in
1327 4384 1490 4451 cmlo,
1525 4397 1706 4453 neque
1734 4383 1928 4443 Filius,
1962 4382 2063 4436 nisi

457 4466 637 4530 'l’ater
664 4477 880 4545 (.lIalt/t.
913 4491 1073 4536 xxrv;
1102 4475 1270 4528 Marc.
1299 4473 1454 4542 xui);
1491 4492 1509 4524 ι
1547 4473 1648 4527 hoc
1675 4472 1860 4542 procul
1902 4472 2065 4524 dubio

2149 3294 2398 3357 dinibus;
2427 3303 2556 3348 tunc
2584 3303 2764 3349 autem
2795 3296 2930 3350 facie
2967 3296 3032 3349 ad
3065 3296 3256 3350 faciem
3284 3299 3300 3366 (
3328 3296 3352 3350 1
3403 3295 3528 3354 Cor.
3573 3300 3738 3372 xire).

2150 3382 2278 3438 Hmc
2313 3384 2455 3437 enim
2485 3384 2640 3437 nobis
2671 3385 3060 3453 contemplatio
3093 3387 3427 3456 promittitur
3462 3388 3738 3450 actiomtm

2149 3473 2392 3527 omnium
2445 3474 2590 3533 fluis.
2640 3484 2801 3543 atque
2839 3485 3040 3529 interna
3095 3477 3351 3545 perfectio
3381 3479 3738 3550 gaudiorum.

2159 3581 2175 3612 ι
2206 3561 2326 3616 Filii
2374 3563 2516 3616 enim
2566 3563 2657 3617 Dei
2690 3579 2895 3628 sumus,
2944 3575 3000 3618 ct
3043 3567 3278 3622 nondum
3315 3570 3565 3639 apparuit
3596 3571 3741 3641 quod

2153 3655 2377 3708 erimus.
2433 3654 2648 3709 Scimus
2693 3655 2992 3725 quiacum
3043 3661 3376 3728 apparuerit,
3427 3663 3638 3719 similes
3690 3664 3742 3719 ei

2153 3745 2394 3807 erimus;
2427 3745 2682 3814 quoniam
2716 3745 3016 3800 videbimus
3031 3762 3162 3802 eum
3193 3749 3352 3804 sicuti
3383 3762 3465 3804 est
3499 3751 3551 3819 (l
3577 3751 3740 3806 Jo-m.

2165 3830 2268 3890 ut),
2305 3843 2322 3878 ι
2358 3823 2515 3890 Quod
2565 3826 2708 3878 enim
2768 3822 2908 3878 dixit
2951 3821 3158 3882 famulo
3185 3837 3288 3878 suo
3331 3822 3545 3895 Moysi:
3575 3843 3595 3876 ι
3634 3824 3748 3891 Ego

2161 3933 2304 3980 sum,
2334 3921 2425 3988 qui
2454 3933 2577 3970 sum
2603 3915 2801 3985 (Exod.
2834 3917 2939 3987 ιιι).
2978 3933 2998 3967 ι
3031 3916 3094 3968 Et
3124 3933 3137 3968 :
3166 3934 3182 3967 ι
3221 3915 3380 3970 Dices
3409 3917 3592 3985 itaque
3618 3918 3744 3972 filiis

2163 4010 2324 4065 Israel
2354 4026 2369 4066 ;
2399 4011 2501 4077 Qui
2534 4018 2640 4072 est,
2673 4006 2823 4063 misit
2853 4024 2937 4062 me
2962 4007 3028 4060 ad
3062 4023 3197 4061 vos:
3231 4025 3250 4058 ι
3283 4008 3385 4061 hoc
3407 4011 3747 4076 contempla-

2163 4103 2363 4165 bmiur,
2393 4119 2517 4156 cum
2547 4101 2852 4156 videbimus
2886 4114 3014 4153 eum
3038 4099 3091 4152 in
3122 4110 3412 4153 retentum.
3439 4100 3516 4153 ita
3542 4115 3748 4170 quippe

2164 4197 2241 4248 ait
2271 4212 2287 4251 ι
2319 4215 2337 4247 ι
2360 4196 2487 4251 ι-ιεο
2510 4203 2593 4249 est
2618 4189 2800 4253 autem
2831 4195 2938 4246 vita
2965 4199 3187 4250 aeterna,
3222 4200 3282 4243 ut
3309 4201 3655 4260 cognoscant
3697 4201 3748 4245 te

2167 4307 2332 4346 utmm
2350 4307 2536 4344 vermu
2567 4289 2757 4351 Deum,
2773 4300 2824 4343 et
2841 4303 3005 4358 quem
3036 4288 3233 4341 misisti
3259 4286 3444 4342 Jesum
3461 4285 3748 4342 Christum

2167 4385 2353 4452 (Joau.
2388 4387 2542 4452 xv“).
2579 4402 2596 4434 ι
2640 4384 2742 4437 hoc
2785 4383 2896 4446 tiet,
2939 4396 3064 4433 cum
3104 4389 3313 4434 venerit
3352 4376 3643 4454 Dominus,
3695 4392 3752 4447 et

2164 4478 2557 4542 illuminaverit
2595 4476 2918 4532 abscmtdita
2968 4475 3322 4531 tenebrarum
3359 4471 3573 4545 (1Com
3611 4473 3744 4547 iv),

471 4565 879 4636 intelligemlurn
915 4576 1019 4628 est,
1048 4566 1202 4635 quod
1235 4563 1531 4633 discipulus
1563 4563 1666 4616 hoc
1697 4561 2068 4616 tantummodo
2099 4575 2145 4634 υ
2173 4582 2295 4620 cum
2351 4565 2588 4618 tenebrae
2640 4562 2986 4615 mortalitatis
3064 4561 3222 4631 hujus
3285 4560 3758 4630 cor-rttptimiisijtte

474 4661 722 4721 nesciat,
768 4659 860 4728 qui
913 4658 1015 4712 sibi
1073 4657 1146 4710 nil
1197 4672 1418 4726 prorsus
1463 4657 1693 4726 ignorat.
1738 4657 1874 4709 (him
1921 4654 2068 4708 enim

473 4749 654 4814 Jesus,
684 4751 917 4804 \‘erhum
950 4748 1199 4802 videlicet
1228 4747 1427 4810 Patris,
1452 4756 1692 4815 tempora
1726 4755 1918 4800 cuncta
1943 4759 2070 4808 con;

476 4842 696 4907 diderit,
726 4841 905 4894 omnia
939 4840 1206 4908 siquidem
1237 4855 1330 4908 per
1353 4837 1528 4905 ipsum
1560 4836 1699 4890 facta
1731 4845 1860 4890 sunt
1886 4832 2069 4904 (Joan.

479 4939 552 4997 t);
588 4948 690 5000 qua
729 4930 1139 5000 consequentia,
1169 4930 1258 4999 qui
1295 4938 1463 4982 totum
1493 4928 1662 4989 novit,
1689 4927 1828 4980 diem
1856 4925 2067 4996 judicii,

481 5033 690 5092 partem
741 5022 990 5076 videlicet
1039 5021 1340 5092 temporis,
1393 5017 1696 5089 ignoravit?
1747 5016 1853 5071 Sed
1905 5030 2070 5085 super

478 5117 668 5168 eodem
719 5113 1003 5167 Salvatore
1049 5113 1241 5167 scribit
1287 5111 1574 5179 Apostolus
1602 5126 1620 5163 :
1660 5126 1677 5158 ι
1710 5107 1764 5161 lu
1799 5122 1904 5176 quo
1945 5114 2071 5160 sunt

478 5220 673 5260 omnes
717 5205 956 5258 thesauri
1026 5203 1306 5273 sapientia:
1375 5211 1429 5256 et
1477 5200 1718 5254 scicntia:
1770 5195 2068 5254 absconditi

481 5294 712 5364 (Coloss.
757 5299 844 5366 tt).
877 5316 894 5348 ι
923 5296 1036 5353 Cur
1062 5306 1242 5350 autem
1290 5294 1615 5356 absconditi,
1646 5293 1748 5346 nisi
1788 5290 1913 5364 quia
1965 5305 2069 5342 nou

486 5390 664 5457 palam
712 5391 967 5444 omnibus
1007 5387 1319 5444 manifestis‘
1366 5386 1498 5441 Nam
1548 5387 1614 5441 de
1660 5383 1850 5442 eodem
1886 5382 2073 5454 judicii

475 5483 574 5537 die
619 5492 739 5552 post
786 5482 1263 5537 Resurrectionem
1297 5495 1484 5535 rursus
1527 5494 1557 5533 a
1599 5475 1879 5545 discipulis
1907 5473 2084 5542 inqui-

486 5574 650 5641 situs,
683 5574 760 5628 ait
790 5588 806 5627 :
845 5593 864 5624 ι
895 5571 1008 5626 Non
1045 5581 1129 5626 est
1170 5581 1408 5627 vestrmn
1458 5582 1618 5626 nosse
1669 5578 1910 5636 tempora
1933 5607 1946 5630 ,
1996 5563 2078 5618 vel

462 5675 762 5721 :lnomenta
782 5705 795 5730 ,
832 5673 952 5734 qua:
982 5663 1144 5718 Pater
1174 5664 1351 5732 posuit
1398 5662 1453 5716 in
1501 5678 1594 5716 sua
1645 5667 1909 5729 potestate
1938 5658 2076 5726 (Act.

488 5764 552 5824 ι).
590 5777 604 5809 ι
635 5758 709 5812 Ac
736 5759 778 5812 si
811 5759 952 5813 dicat
983 5773 996 5810 ε
1028 5754 1141 5812 Non
1178 5755 1326 5813 vobis
1359 5757 1459 5812 hoc
1487 5755 1703 5824 expedit
1731 5769 1916 5816 nosse,
1950 5767 2081 5820 qua-

2177 4656 2513 4717 transicrint.
2547 4653 2698 4707 Tunc
2749 4653 2853 4705 erit
2904 4665 3062 4704 mane
3111 4661 3388 4711 nostrum,
3437 4653 3504 4704 de
3551 4665 3660 4720 quo
3705 4650 3758 4703 in

2156 4747 2383 4814 (psalmo
2412 4743 2610 4797 dicitur
2637 4760 2648 4795 :
2685 4761 2702 4790 ι
2741 4741 2896 4794 Matre
2925 4741 3114 4794 astabo
3145 4739 3261 4811 tibi,
3289 4749 3342 4793 et
3365 4741 3557 4799 videbo
3587 4739 3761 4812 (Psal.

2177 4845 2252 4899 ν).
2288 4855 2303 4884 ι
2341 4834 2412 4887 De
2452 4834 2551 4885 hac
2574 4829 3024 4897 contemplatione
3049 4828 3364 4897 intelligitur
3390 4829 3612 4892 dictum,
3639 4844 3761 4882 cum

2175 4923 2457 4978 tradiderit
2488 4936 2708 4989 regnum
2738 4920 2848 4974 Deo
2870 4928 2925 4973 et
2955 4918 3098 4985 Patri
3141 4917 3192 4989 (Ι
3243 4917 3368 4992 Cor.
3404 4920 3529 4988 xv),
3579 4919 3629 4973 id
3657 4929 3765 4982 est,

2181 5029 2304 5068 cum
2351 5009 2667 5081 perduterit
2701 5008 2899 5078 justus.
2941 5008 2992 5062 in
3023 5008 3219 5077 quibus
3253 5025 3396 5063 nunc
3437 5024 3499 5061 ex
3539 5008 3642 5061 lide
3691 5008 3771 5061 vi-

2177 5109 2428 5164 ventibus
2476 5115 2663 5175 regnat
2714 5104 2982 5158 mediator
3036 5103 3124 5157 Dei
3155 5113 3235 5162 ,ει
3279 5101 3558 5158 hominum
3611 5102 3771 5153 homo

2180 5202 2428 5256 Christus
2475 5196 2634 5252 Jesus
2681 5196 2748 5248 ad
2795 5194 3306 5262 contemplationem
3353 5192 3446 5244 Dei
3485 5189 3669 5248 Patris
3715 5191 3762 5256 (I

2184 5291 2321 5346 Tim.
2354 5292 2438 5359 ιι).
2470 5287 2634 5341 Multa
2662 5286 2892 5354 denique
2919 5285 3044 5338 talia
3084 5285 3423 5354 reperiuntur
3453 5285 3504 5336 in
3547 5293 3769 5337 sentcn-

2183 5379 2752 5452 tiis'Scripturarum,
2785 5390 2904 5444 qua:
2950 5375 2993 5427 si
3029 5371 3184 5440 juxta
3231 5373 3531 5427 litterarum
3577 5388 3771 5442 super-

2184 5472 2366 5527 ficiem
2395 5468 2635 5530 contenti
2663 5479 2852 5518 sumus
2891 5465 3156 5532 accipere,
3187 5479 3290 5526 no_n
3323 5463 3478 5518 nobis
3523 5472 3774 5532 poterunt

2181 5567 2370 5620 alumen
2419 5545 2662 5615 veritatis
2711 5555 3010 5615 infundere,
3058 5554 3152 5608 sed
3202 5553 3546 5610 tenebrarum
3597 5555 3776 5627 potius

2189 5657 2475 5726 caliginem
2523 5649 2813 5723 parturire.
2866 5645 2978 5700 Hoc
3019 5661 3150 5716 ergo
3179 5647 3326 5716 quod
3357 5647 3576 5712 dicitur,
3609 5645 3776 5702 Deum

2190 5767 2294 5805 non
2328 5763 2488 5819 posse
2529 5742 2724 5798 malum
2758 5737 2972 5816 aliquod
3005 5738 3086 5792 vel
3129 5739 3368 5803 nescire;
3403 5754 3507 5806 non
3540 5735 3777 5803 referet:-
