4048 6190
409 328 516 386 599

856 329 914 385 S.
956 328 1157 384 PETlll
1201 327 1478 383 DAMIANI
1514 326 1665 384 OPI‘.
1710 324 1947 383 TOMUS
1989 318 2121 377 SEU
2166 319 2344 376 PARS
2380 312 2946 377 l!I.—-OPUSCULA
2990 312 3217 375 VARIA.

3579 303 3680 377 600

410 441 535 494 dum
561 447 645 493 est
691 437 758 492 ad
793 439 1175 508 ignorantiam,
1205 439 1289 493 vel
1337 439 1823 508 impossibilitatem
1846 477 1862 503 ,
1894 437 1987 490 sed
2018 444 2066 497 Α
2097 447 2188 498 re;
2217 431 2333 487 sive
2361 433 2603 486 dictante
2629 433 2882 502 :equitate
2899 430 3146 500 iustitiae,
3173 442 3230 487 ut
3252 434 3395 502 quod
3426 443 3680 504 tanquam

407 529 475 583 ad
533 527 826 584 voluntatis
874 537 1150 598 perpetuae
1201 529 1602 584 rectitudinem.
1656 529 1789 596 Quia
1843 530 1988 584 enim

408 615 605 672 malum
636 632 742 672 non
769 617 903 677 vult.
938 614 1084 673 recte
1125 619 1343 682 dicitur,
1375 620 1500 688 quia
1540 635 1716 690 neque
1747 623 1867 684 scit,
1897 637 1991 676 ne-

407 725 512 778 que
538 719 712 778 potest
753 710 969 780 aliquod
1007 711 1225 769 malum.
1257 714 1523 768 (Seuerum
1565 714 1825 785 quidquid
1852 714 1989 780 vult,

407 800 777 855 indubitanter
803 810 858 856 et
883 809 1084 872 potest,
1117 813 1350 859 testante
1373 804 1653 875 Scriptura
1684 823 1698 859 :
1731 824 1753 859 ι
1784 805 1862 860 Tu
1890 821 1990 860 au-

407 905 514 946 tem
543 893 854 950 dominator
895 896 1114 953 virtutis
1158 914 1280 952 cum
1331 898 1720 968 tranquillitate
1756 898 1987 967 judicas,

407 993 458 1038 et
487 1000 610 1039 cum
632 1001 823 1055 magna
847 989 1150 1043 reverentia
1183 989 1424 1058 disponis
1450 1005 1547 1044 nos
1573 1004 1585 1042 :
1616 990 1816 1044 Subest
1845 990 1989 1043 enim

405 1075 524 1141 tibi,
557 1091 677 1130 cum
705 1076 962 1144 volueris,
989 1095 1149 1149 posse
1174 1079 1322 1150 (Sap.
1350 1083 1472 1151 zu).
1505 1102 1522 1132 ι

1037 1191 1265 1248 CAPUT
1309 1191 1369 1247 il.

477 1291 631 1358 Quod
676 1292 914 1347 voluntas
963 1294 1061 1349 Dei
1091 1297 1327 1377 omnibus
1359 1297 1509 1350 rebus
1550 1313 1710 1352 causa
1751 1307 1827 1350 est
1865 1307 1922 1351 ut

1077 1377 1324 1420 existant.

475 1450 738 1508 Voluntas
777 1454 974 1524 quippe
1017 1454 1110 1508 Dei
1155 1456 1398 1510 omnium
1431 1473 1636 1522 rerum,
1670 1459 1783 1513 sive
1810 1457 1994 1513 visibi—

403 1543 558 1609 lium,
583 1545 700 1600 'sive
747 1547 1096 1601 invisibilium
1141 1562 1302 1602 causa
1329 1557 1432 1625 est,
1476 1557 1535 1602 ut
1561 1550 1827 1614 existant;
1859 1550 1993 1606 adeo

404 1645 463 1689 ut
489 1637 704 1691 condita
744 1653 992 1708 qumque,
1035 1649 1321 1710 antequam
1352 1641 1418 1695 ad
1445 1640 1738 1696 formarum
1770 1655 1991 1698 suarum

406 1728 651 1784 visibiles
698 1732 1054 1799 procederent
1100 1733 1332 1802 species,
1377 1731 1490 1800 jam
1534 1735 1805 1789 veraciter
1832 1745 1995 1805 atque

2092 522 2197 576 vile
2216 521 2345 592 quid
2372 536 2469 593 per
2491 523 2672 579 carnis
2700 521 3066 576 blandimenta
3099 521 3350 593 proiecit,
3379 522 3431 577 id
3469 523 3678 577 instan-

2093 627 2216 667 rare
2241 613 2403 668 etiam
2429 629 2528 683 per
2551 613 2888 682 pmuitentize
2915 613 3150 668 lamenta
3181 601 3285 669 non
3312 615 3485 683 possit
3511 633 3524 669 :
3567 615 3682 672 sive

2091 712 2258 767 certe,
2293 712 2352 757 ut
2374 706 2499 758 dum
2540 704 2590 757 in
2621 719 2680 760 se
2721 705 2891 759 ruina:
2917 720 3028 759 sua:
3058 706 3212 776 signa
3243 721 3527 774 superesse
3555 722 3681 761 con-

2091 794 2314 858 siderat,
2349 795 2655 850 acrioribus
2688 795 3136 853 alllictionissute
3181 799 3434 854 remediis
3483 801 3710 862 iudesi—,

2090 895 2284 941 neuter
2312 886 2546 941 insistat.
2592 886 2721 943 Sive
2752 888 2916 958 igitur
2962 888 3076 953 his,
3107 889 3221 943 sive
3249 889 3372 945 aliis
3429 906 3679 962 superna:

2091 977 2444 1046 providentia:
2481 979 2682 1043 causis,
2708 981 2773 1033 ad
2808 980 3174 1049 integritatem
3223 982 3510 1051 pristinam
3567 984 3679 1038 vio-

2091 1067 2200 1121 lata
2230 1067 2384 1139 virgo
2416 1084 2524 1123 non
2569 1069 2795 1124 redeat:
2830 1086 3174 1139 nequaquam
3209 1080 3388 1126 tamen
3430 1073 3679 1144 omnipo-

2092 1168 2215 1212 tens
2239 1159 2380 1214 Deus
2410 1161 2672 1215 dicendus
2700 1171 2784 1216 est
2824 1161 2927 1216 hoc
2977 1178 3083 1216 non
3137 1177 3314 1231 posse,
3360 1165 3454 1218 sed
3499 1167 3680 1233 potius

2092 1249 2355 1312 nolle,.ut
2383 1260 2635 1305 servetur
2673 1251 2958 1305 arbitrium
3010 1253 3336 1322 tequissimte
3388 1253 3672 1318 voluntati,

2093 1353 2199 1393 non
2232 1347 2410 1394 autem
2454 1341 2777 1405 ascribatur,
2811 1341 2956 1410 quod
3002 1341 3162 1404 ahsit,
3199 1342 3514 1412 impotentia
3561 1358 3680 1398 ma-

2087 1429 2296 1499 jestati.
2325 1431 2478 1497 Quod
2511 1431 2654 1486 enim
2701 1432 2905 1486 malum
2951 1441 3056 1497 cst,
3112 1449 3216 1487 non
3265 1443 3442 1502 potest
3497 1433 3680 1490 facere

2096 1521 2255 1583 Deus.
2286 1522 2410 1590 quia
2439 1537 2538 1576 nec
2567 1531 2746 1591 potest
2773 1523 2937 1576 etiam
2973 1521 3143 1588 velle;
3181 1523 3322 1592 quod
3364 1533 3541 1578 tamen
3582 1538 3682 1580 ne-

2092 1627 2366 1684 quaquam
2401 1606 2744 1669 rel'erenilum
2791 1623 2876 1669 est
2924 1616 2990 1669 ad
3039 1615 3549 1684 impossibilitalem,
3581 1618 3677 1674 sed

2093 1704 2160 1757 ad
2191 1703 2489 1757 naturalem
2522 1704 2701 1773 potius
2717 1703 3018 1759 clementia:
3045 1705 3332 1774 singularis
3358 1707 3675 1762 bonitatem.

401 1795 764 1874 essentialit'er
817 1822 1064 1878 viverent
1130 1795 1180 1878 in
1244 1795 1326 1879 sui
1378 1795 1597 1894 iopiﬁcis
1658 1795 1935 1882 voluntate
1973 1843 1988 1882 :
2024 1808 2067 1866 Β
2095 1795 2248 1894 0⁸9⁸1
2273 1810 2400 1894 ver?
2436 1795 2637 1850 bonum
2669 1805 2782 1894 95"
2813 1795 2951 1850 vene
2977 1806 3174 1894 p°_lest’
3216 1795 3504 1894 e_"_fac_e"_3'
3535 1808 3680 1894 tam'

405 1930 425 1960 c
458 1911 612 1977 Quod
648 1912 850 1967 factum
897 1925 998 1979 est,
1049 1915 1123 1969 ait
1168 1914 1434 1981 Joannes,
1486 1917 1539 1971 in
1586 1918 1702 1988 ipso
1734 1919 1842 1973 vita
1873 1928 1990 1973 erat

399 1999 581 2065 (Joan.
613 2000 672 2071 l).
710 2020 729 2053 ›
757 2002 822 2056 Et
862 2003 1002 2058 idem
1049 2004 1102 2058 in
1149 2005 1506 2077 Apocalypsi,
1538 2007 1726 2077 viginti
1759 2018 1993 2078 quatuor

402 2088 644 2144 seniores
668 2091 871 2146 dixisse
897 2100 1126 2146 testatur
1156 2111 1168 2148 :
1201 2113 1218 2144 ι
1259 2096 1463 2164 Dignus
1487 2111 1565 2156 es.
1592 2097 1817 2150 Domine
1850 2097 1990 2151 Deus

399 2187 608 2244 uoster,
637 2186 883 2251 accipere
910 2183 1073 2253 617
1107 2183 1354 2254 gloriam,
1392 2193 1446 2239 et
1489 2186 1768 2246 honorem.
1803 2195 1857 2240 et
1883 2186 1992 2240 vir-

401 2283 609 2336 tutem;
650 2275 776 2343 quia
811 2284 866 2328 tu
898 2277 1095 2329 creasti
1127 2277 1339 2340 omnia,
1381 2285 1435 2331 et
1482 2286 1702 2347 propter
1743 2278 1991 2333 volunta-

403 2373 514 2418 tem
541 2372 688 2420 tuam
733 2374 909 2430 erant,
942 2375 998 2419 et
1038 2377 1220 2421 creata
1269 2376 1394 2421 sunt
1422 2367 1735 2437 (Apoc.tv).
1771 2387 1788 2419 ι
1832 2368 1990 2424 Prius

400 2453 638 2521 dicitur,
667 2455 794 2524 quia
848 2465 1040 2521 erant,
1090 2467 1144 2510 et
1179 2457 1518 2525 postmodum
1571 2456 1737 2512 fuisse
1781 2469 1985 2514 creata.

401 2545 537 2614 Quia
567 2561 688 2616 quae
732 2545 867 2601 foris
895 2561 1149 2616 expressa
1181 2558 1305 2602 sunt
1335 2563 1431 2618 per
1466 2549 1831 2603 conditionem
1861 2565 1988 2619 0pc-

399 2640 498 2704 ris,
525 2638 636 2707 jam
662 2641 805 2694 intus
835 2649 992 2694 erant
1033 2643 1084 2694 in
1115 2641 1449 2711 providentia
1501 2651 1555 2695 et
1581 2641 1808 2696 consilio
1840 2641 1986 2697 Con-

403 2731 616 2785 ditoris.
649 2729 818 2784 Porro
846 2741 1026 2784 autem
1078 2731 1220 2785 sicut
1262 2731 1509 2784 voluntas
1543 2731 1636 2786 Dei
1685 2745 1848 2786 causa
1879 2739 1984 2794 est,

401 2831 461 2875 ut
492 2837 614 2890 qua:
641 2821 876 2875 nondum
909 2830 1035 2876 sunt
1065 2822 1280 2875 condita
1303 2863 1318 2884 ,
1346 2821 1682 2890 originaliter
1710 2823 1868 2887 liant;
1913 2822 1985 2876 ita

399 2911 755 2966 nihilominus
795 2910 980 2966 eﬂicax
1011 2926 1171 2966 causa
1203 2920 1285 2966 cst
1305 2953 1318 2977 ,
1348 2920 1406 2966 ut
1431 2928 1551 2980 quae
1599 2921 1726 2966 sunt
1754 2912 1982 2982 perdita,

399 3002 468 3055 ad
498 3011 674 3056 status
711 3003 792 3056 sui
836 3002 1080 3056 ordinem
1110 3002 1351 3057 redeant.
1383 3020 1400 3052 ι
1445 3002 1692 3072 Nunquid
1722 3003 1866 3056 enim
1893 3018 1986 3054 vo-

399 3093 624 3148 luntatis
667 3109 802 3148 mea:
849 3102 932 3148 est.
978 3107 1123 3147 mors
1168 3093 1336 3162 impii,
1379 3093 1511 3147 dicit
1554 3093 1849 3146 Dominus?
1875 3092 1979 3146 Sed

401 3185 523 3239 volo
550 3193 608 3238 ut
634 3194 984 3240 convertatur
1009 3193 1064 3238 ct
1086 3185 1230 3238 vivat
1255 3183 1469 3249 (Ezecli.
1500 3184 1676 3255 xmt).
1707 3205 1724 3235 ο

471 3275 541 3332 Ut
569 3289 700 3347 ergo
742 3277 808 3330 ad
841 3275 916 3340 id,
952 3276 1095 3344 quod
1138 3274 1474 3345 prmlibatnm
1523 3284 1626 3336 cst,
1661 3289 1843 3328 sermo
1897 3289 1982 3328 rc-

396 3374 606 3432 currat,
626 3365 754 3435 quid
796 3364 1114 3436 prarjudicat
1161 3364 1270 3419 Deo
1315 3365 1575 3419 suscitare
1617 3378 1776 3434 posse
1826 3364 1987 3435 virgi-

397 3472 534 3532 nem‘
575 3465 710 3527 post
752 3455 1001 3509 ruinam?
1056 3454 1308 3525 Nunquid
1363 3455 1565 3509 ideirco
1617 3470 1722 3510 non
1785 3463 1984 3523 potest,

399 3551 524 3619 quia
555 3564 662 3603 non
694 3549 840 3613 vult;
873 3557 926 3602 et
953 3548 1158 3602 idcirco
1190 3563 1295 3601 non
1321 3548 1456 3611 vult,
1488 3548 1611 3616 quia
1644 3547 1842 3601 malum
1863 3554 1981 3612 est;

396 3642 544 3695 sicut
566 3640 769 3695 dictum
799 3637 905 3703 est,
951 3630 1188 3702 mentiri,
1232 3647 1285 3692 et
1311 3636 1582 3708 pcjerare,
1631 3647 1684 3691 ct
1727 3637 1983 3707 iniustum

395 3730 528 3800 quid
561 3731 763 3797 facere,
793 3730 956 3784 Deum
984 3745 1084 3784 nec
1112 3729 1266 3791 velle,
1313 3744 1410 3784 ucc
1440 3730 1639 3798 posse?
1667 3729 1774 3783 Sed
1819 3727 1984 3792 absit,

397 3832 460 3875 ut
488 3820 686 3875 malum
714 3821 785 3874 sit
812 3818 880 3874 de
904 3819 1127 3884 violata,
1175 3819 1437 3890 virginem
1485 3818 1637 3884 fieri;
1696 3819 1805 3872 imo
1844 3819 1983 3872 sicut

401 3913 602 3966 malum
637 3920 722 3966 est
750 3911 1016 3981 virginem
1046 3910 1258 3974 violari,
1303 3911 1373 3981 ita
1404 3909 1657 3964 violalam
1708 3909 1884 3964 redire
1929 3909 1982 3962 iu

398 4001 661 4072 virginem
690 3999 878 4070 procul
910 4001 1071 4054 dubio
1098 4001 1298 4054 bonum
1345 4007 1512 4063 esset,
1551 3999 1595 4052 si
1633 3999 1828 4052 divinze
1871 3998 1982 4052 dis-

397 4092 687 4159 positionis
732 4092 867 4147 ordo
907 4091 1276 4156 concederct,"
1312 4105 1365 4144 v.
1413 4106 1464 4159 g.
1528 4090 1800 4144 hominem
1863 4097 1985 4160 post

395 4179 608 4248 lapsum
656 4181 848 4234 mortis
904 4180 1088 4235 subire
1131 4179 1455 4243 vindictam;
1515 4178 1642 4234 licet
1683 4179 1832 4246 justo
1891 4179 1982 4232 Dei

396 4271 602 4338 judicio
633 4271 833 4324 malum
881 4270 998 4324 fuit.
1055 4270 1280 4326 Mortem
1321 4273 1466 4325 enim
1514 4271 1656 4324 Deus
1693 4287 1798 4325 non
1857 4271 1986 4325 fecit

401 4366 558 4434 (Sup.
593 4370 654 4434 ι),
684 4381 803 4419 cum
833 4365 947 4434 ipse
979 4366 1159 4435 potius
1189 4365 1261 4419 sit
1291 4381 1434 4418 mors
1463 4364 1655 4418 mortis
1697 4364 1862 4433 (sicut
1889 4379 1986 4432 per

399 4461 594 4514 Oscam
636 4461 953 4530 prophe'am
1012 4460 1183 4514 dicit:
1220 4480 1237 4511 ι
1277 4460 1382 4512 Ero
1415 4475 1560 4513 mors
1595 4468 1712 4525 tua,
1753 4474 1787 4513 ο
1837 4472 1984 4513 mors

2093 1887 2193 1941 etsi
2242 1887 2477 1956 quodam
2522 1887 2747 1942 cautelae
2793 1903 2923 1952 suae,
2973 1887 3056 1940 vel
3100 1888 3426 1958 provisionis
3457 1888 3676 1953 intuitu,

2094 1979 2339 2046 quedam
2371 1979 2536 2044 bona,
2561 1987 2655 2032 aut
2685 1992 2807 2032 raro
2834 1977 3020 2043 faciat,
3049 1989 3142 2034 aut
3185 1995 3457 2050 nunquam
3489 1979 3675 2036 faciat.

2091 2067 2344 2137 Alioquin
2373 2077 2585 2136 poterat
2609 2069 2710 2122 dici
2739 2077 2862 2122 aute
2886 2069 3184 2125 Salvatoris
3210 2071 3520 2137 adventum,
3553 2073 3678 2142 quia

2094 2160 2236 2214 Deus
2264 2175 2452 2215 creare
2479 2176 2584 2214 non
2629 2171 2812 2230 posset
2854 2176 2920 2215 cx
2972 2170 3127 2215 utero
3171 2163 3411 2232 Virginis
3461 2163 3677 2218 Filium.

2092 2247 2381 2312 Nimirum,
2424 2249 2564 2318 quod
2609 2266 2885 2319 nunquam
2920 2250 3143 2314 fecerat,
3198 2253 3292 2305 sed
3349 2267 3416 2307 ne
3460 2253 3676 2321 quidem

2093 2341 2193 2394 nisi
2235 2341 2400 2395 semel
2427 2342 2669 2397 facturus
2697 2353 2836 2397 erat.
2879 2343 3188 2400 Tameuetsi
3233 2362 3506 2416 nunquam
3537 2347 3678 2402 face-

2093 2445 2198 2498 ret,
2231 2444 2287 2489 et
2327 2435 2484 2497 velle,
2532 2445 2588 2490 et
2625 2436 2806 2491 facere
2857 2446 3091 2506 poterat,
3123 2438 3290 2508 618
3317 2439 3444 2508 quia
3475 2441 3672 2494 bonum

2090 2536 2226 2580 erat.
2281 2525 2553 2596 Virginem
2583 2528 2764 2596 itaque
2807 2528 3074 2584 suscitare
3119 2539 3240 2598 post
3272 2530 3507 2594 ruinam,
3538 2545 3670 2600 quo-

2091 2621 2252 2676 modo
2285 2635 2389 2674 non
2421 2621 2591 2689 possit
2643 2621 2817 2679 Deus.
2864 2637 2985 2675 cum
3036 2621 3222 2690 procul
3271 2623 3437 2678 dubio
3492 2633 3549 2678 et
3588 2623 3677 2679 ille

2089 2713 2431 2780 omnipotens
2454 2712 2557 2774 sit,
2593 2721 2647 2766 et
2676 2713 2776 2767 hoc
2807 2713 3006 2767 bonum
3040 2713 3150 2766 sit?

2703 2825 2930 2882 CAPUT
2969 2827 3054 2881 Ill.

2091 2915 2244 2982 Quod
2271 2917 2463 2986 absque
2492 2916 2654 2970 dubio
2681 2916 2819 2971 Deus
2859 2927 2972 2984 post
2993 2917 3210 2997 'Iopsum
3245 2935 3490 2987 reparare
3517 2920 3676 2990 virgi-

2722 3003 2837 3040 nem
2863 2997 3045 3055 passu.

2159 3077 2432 3148 Virginem
2462 3093 2595 3134 sane
2634 3079 2889 3133 suscitari
2935 3087 3058 3148 post
3088 3077 3292 3148 lapsum
3347 3079 3555 3134 duobus
3594 3081 3679 3136 in-

2015 3167 2058 3225 C
2093 3169 2348 3241 telligitur
2375 3172 2548 3225 modis
2580 3189 2593 3225 :
2626 3179 2720 3224 aut
2743 3172 2950 3226 scilicet
2976 3171 3129 3239 juxta
3161 3172 3474 3226 meritorum
3507 3173 3678 3242 pleni-

2093 3264 2358 3325 tudinem.
2388 3273 2478 3318 aut
2521 3265 2675 3334 juxta
2723 3265 2904 3318 carnis
2936 3264 3322 3334 integritatem.
3372 3263 3664 3321 Videamus

2092 3357 2272 3424 itaque
2317 3372 2384 3410 an
2435 3364 2724 3425 utrumque
2771 3356 2947 3410 valeat
2995 3356 3155 3410 Deus.
3208 3354 3369 3409 Juxta
3420 3356 3674 3411 meritum

2090 3463 2321 3516 namque
2343 3448 2552 3517 plebem
2569 3448 2802 3501 ﬁdelium
2826 3448 3088 3517 virginem
3112 3446 3343 3516 appellat
3365 3447 3676 3516 Apostolus,

2088 3555 2208 3593 cum
2233 3539 2530 3593 Corinthiis
2559 3539 2690 3593 dicit
2718 3556 2731 3591 :
2775 3557 2792 3589 ι
2829 3538 3096 3608 Despondi
3120 3539 3261 3592 enim
3294 3555 3388 3592 vos
3417 3539 3508 3593 uni
3532 3539 3672 3602 viro,

2086 3631 2352 3701 virginem
2396 3644 2602 3684 castam
2635 3629 2894 3684 exhibere
2942 3630 3162 3684 Christo
3207 3628 3293 3698 (11
3344 3629 3465 3684 (ἔον.
3499 3631 3596 3700 ιι).
3649 3651 3668 3683 ι

2086 3719 2273 3790 Neque
2307 3721 2449 3774 enim
2483 3721 2533 3774 in
2563 3719 2653 3774 illo
2705 3719 2797 3774 Dei
2831 3720 3027 3790 populo
3070 3720 3406 3774 solummodo
3434 3717 3675 3791 virgines

2087 3824 2266 3876 erant,
2295 3814 2389 3868 sed
2418 3813 2599 3868 multa:
2626 3813 2889 3884 conjugiis
2912 3814 3161 3884 obligatte
3182 3855 3196 3877 ,
3226 3815 3306 3869 vel
3359 3825 3478 3885 post
3511 3817 3673 3886 virgi-

2087 3906 2274 3959 nitatis
2329 3906 2672 3976 dispendium
2730 3906 3087 3960 continentes.
3142 3906 3208 3960 Et
3265 3906 3526 3961 Dominus
3577 3923 3675 3978 per

2085 3998 2405 4066 prophetam
2459 4011 2472 4048 :
2530 4016 2550 4047 ‹
2610 3995 2665 4050 Si
2727 3997 2829 4061 vir,
2886 3997 3084 4066 inquit,
3131 3997 3398 4051 dimiserit
3449 4013 3671 4052 uxorem

2086 4105 2260 4151 suam,
2283 4097 2337 4142 et
2380 4088 2467 4142 illa
2503 4089 2759 4143 recedens
2803 4087 3018 4142 duxerit
3051 4089 3222 4141 virum
3255 4088 3505 4155 alterum,
3537 4105 3673 4142 nuu-

2085 4180 2214 4249 quid
2245 4189 2548 4233 revertetur
2580 4179 2645 4231 ad
2677 4193 2795 4232 eam
2831 4178 3007 4232 ultra?
3052 4178 3302 4248 Nunquid
3336 4196 3438 4232 non
3483 4191 3674 4234 conta-

2086 4271 2289 4324 minata
2338 4279 2391 4323 et
2415 4269 2613 4339 polluta
2660 4269 2946 4322 vocabitur
2987 4268 3214 4322 mulier?
3248 4269 3326 4322 Tu
3358 4279 3536 4322 autem
3566 4270 3675 4322 for-

2087 4361 2263 4416 nicata
2291 4375 2350 4414 es
2377 4376 2498 4413 cum
2543 4359 2875 4413 amatoribus
2903 4358 3116 4424 multis;
3171 4368 3352 4412 tamen
3396 4370 3672 4414 revertere

2085 4451 2152 4504 ad
2206 4465 2315 4514 me,
2362 4450 2494 4504 dicit
2527 4449 2789 4502 Dominus
2824 4447 2955 4517 (λεν.
3006 4439 3108 4516 ιιι).
3162 4468 3180 4500 ι
3223 4448 3484 4504 Reversio
3513 4449 3672 4520 plane

375 4552 553 4624 γοερά
581 4551 892 4618 xut;ICor.
920 4551 1063 4625 xv]).
1083 4552 1237 4607 )Jam
1262 4567 1388 4606 vero
1411 4551 1601 4606 saltem
1625 4560 1748 4623 post
1778 4552 1986 4606 redem-
2015 4541 2060 4598 Ι)
2089 4543 2188 4597 ista
2237 4542 2301 4596 ad
2354 4541 2665 4604 Dominum,
2710 4551 2970 4610 quantum
3004 4540 3070 4595 ad
3099 4540 3414 4610 qualitatem
3449 4542 3672 4595 merito-

395 4646 596 4715 ptionis
647 4655 846 4701 nostra:
904 4646 1243 4717 mysterium,
1302 4645 1572 4700 hominem
1619 4643 1979 4698 immortalem

397 4738 516 4794 tieri
547 4747 693 4793 certe
723 4739 922 4793 bonum
946 4746 1111 4803 esset,
1151 4737 1194 4792 si
1226 4737 1552 4792 sententiam
1597 4735 1763 4791 semel
1800 4735 1976 4805 prola-

395 4841 505 4884 tam
535 4830 819 4886 clemcntia
850 4831 1029 4884 divina
1071 4828 1409 4883 dissolveret.
1456 4826 1638 4897 Neque
1682 4827 1826 4880 enim
1877 4827 1978 4881 hoc

390 4922 738 4990 omnipotens
784 4921 928 4976 Deus
958 4920 1181 4985 idcirco,
1237 4919 1320 4973 vel
1373 4918 1534 4984 nolle,
1569 4918 1649 4972 vel
1695 4932 1853 4987 posse
1898 4917 1976 4970 di-

390 5013 597 5067 cendus
623 5022 727 5075 est,
769 5011 892 5080 quia
920 5010 1119 5065 malum
1141 5019 1244 5076 est,
1269 5010 1542 5063 hominem
1575 4997 1823 5062 videlicet
1859 5006 1974 5060 ﬁeri

391 5102 790 5167 immortalem;
827 5100 920 5154 sed
946 5099 1097 5168 justo
1144 5115 1244 5153 suo
1281 5097 1507 5170 judicio,
1539 5107 1844 5168 uostrreque
1887 5112 1976 5151 sa-

390 5195 519 5248 lutis
545 5205 858 5265 augmento,
893 5193 1036 5262 quod
1061 5194 1176 5263 ipse
1204 5193 1382 5257 novit,
1417 5201 1623 5247 tantum
1653 5194 1719 5246 de
1742 5191 1976 5245 vindicta

389 5287 658 5355 redempti
690 5286 927 5340 hominis
951 5285 1119 5340 voluit
1147 5300 1452 5355 superesse.
1493 5284 1605 5339 Hoc
1632 5285 1812 5351 itaque
1863 5298 1976 5337 mo-

389 5378 460 5431 do
503 5377 702 5432 malum
732 5387 816 5433 est
843 5386 963 5448 post
1010 5387 1254 5449 stuprum
1305 5379 1568 5449 virginem
1613 5391 1738 5431 esse
1789 5391 1979 5430 eorru-

389 5479 570 5540 ptam;
603 5472 801 5526 bonum
833 5481 1009 5526 autem
1039 5482 1181 5527 esset
1225 5472 1266 5527 si
1328 5469 1654 5542 virginitatis
1703 5469 1845 5524 Deus
1896 5469 1972 5523 si-

391 5559 676 5626 gnaculum
713 5561 764 5614 in
800 5576 862 5614 ea
890 5560 1236 5617 reformaret.
1271 5561 1377 5616 Sed
1402 5561 1532 5617 licet
1555 5562 1698 5616 Deus
1728 5561 1832 5614 hoc
1854 5560 1974 5615 nul-

392 5651 605 5703 latenus
628 5649 814 5712 faciat,
860 5653 974 5706 sive
1025 5661 1081 5705 ut
1121 5653 1383 5721 virginem
1435 5660 1657 5714 terreat,
1709 5662 1974 5720 quatenus

393 5752 644 5798 "creatur
678 5746 924 5799 amittere
951 5745 1089 5812 quod
1113 5744 1452 5811 postmodum
1499 5752 1726 5812 ncqucat
1758 5759 1972 5814 rcpara~

2090 4653 2208 4690 rum
2241 4633 2512 4704 pertinet,
2543 4634 2645 4688 hoc
2675 4642 2780 4699 est,
2812 4633 2878 4687 de
2913 4642 3165 4704 corrupta
3206 4635 3471 4704 integram
3528 4633 3668 4698 ﬁeri,

2089 4729 2154 4781 de
2184 4726 2473 4796 prostituta
2500 4725 2764 4796 virginem
2813 4725 3075 4793 reparari.
3129 4723 3241 4779 Cur
3286 4740 3476 4778 rursus
3527 4725 3707 4779 idem.

2085 4835 2315 4890 sponsus
2346 4817 2634 4889 loquitur:
2684 4835 2700 4868 ι
2756 4817 2820 4870 Εῑ
2865 4817 3107 4870 omnium
3159 4827 3506 4886 peccatorum
3558 4826 3673 4870 tuo-

2087 4927 2204 4965 rum
2231 4908 2345 4979 jam
2379 4926 2588 4965 memor
2617 4925 2723 4964 non
2754 4925 2848 4964 ero
2880 4907 3014 4978 (Jer.
3064 4909 3239 4981 χχχι).
3283 4929 3300 4961 ι
3337 4909 3392 4964 lu
3437 4909 3670 4964 carnalis

2083 5003 2350 5073 siquidem
2382 5001 2672 5072 sponsione
2697 5001 3014 5070 complexus
3065 5002 3202 5064 viri,
3232 5001 3510 5070 corruptio
3553 5016 3670 5054 car-

2081 5096 2188 5158 nis,
2232 5094 2404 5149 I‘oedus
2434 5094 2655 5160 amoris,
2702 5092 3041 5162 dispendium
3081 5092 3380 5157 castitatis,
3407 5093 3668 5162 virginem

2082 5202 2139 5240 se
2172 5186 2488 5256 plerumque
2536 5184 2787 5238 thalamis
2827 5183 3162 5252 nuptialibus
3189 5185 3374 5248 tradit,
3408 5189 3527 5254 dure
3557 5183 3670 5254 pol-

2081 5279 2189 5332 luta
2240 5277 2463 5332 recedit.
2533 5275 2960 5343 Econtra,cui
2995 5276 3233 5331 cmlestis
3283 5291 3514 5346 sponsus
3572 5276 3670 5330 ad-

2081 5371 2321 5432 hzcscrit,
2373 5369 2619 5440 protinus
2667 5366 2838 5422 abluit
2884 5367 3126 5422 maculas
3179 5367 3553 5437 turpitudinis,
3615 5375 3668 5420 et

2084 5466 2151 5520 ad
2215 5464 2401 5518 liorem
2460 5469 2682 5518 revocat
2739 5461 3186 5517 redolentissima:
3239 5460 3527 5515 castitatis.
3596 5459 3671 5513 De

2083 5557 2386 5631 prostibqu
2418 5555 2708 5626 virginem,
2741 5555 2807 5609 de
2834 5555 3180 5624 corruptione
3226 5553 3400 5608 reddit
3445 5549 3669 5620 integri-

2086 5660 2274 5705 tatem.

2159 5740 2307 5796 Unde
2363 5748 2479 5802 cst,
2550 5736 2692 5807 quod
2742 5746 3030 5806 pleresque
3081 5735 3329 5791 novimus
3385 5735 3662 5802 utriusque
