4048 6190
347 353 452 432 om
1192 351 1433 410 orusc.
1479 353 1715 409 xxxvu.
1759 385 1825 394 -
1869 355 1953 408 DE

2053 356 2218 412 Nan
2262 355 2794 412 OMNli‘OTENTlA.
2998 429 3001 432 ἱ
3515 354 3614 407 609

356 487 522 527 sexus
546 470 798 525 homines
837 480 957 540 post
994 471 1386 529 abominabiles
1427 474 1716 545 voluptatis
1760 474 2014 537 illece-A
2043 476 2187 528 vium
2241 475 2392 546 (Cen.
2443 476 2562 540 vn).
2594 472 2924 542 Pentapolim
2968 486 3065 540 per
3117 471 3253 542 ignis
3311 455 3620 527 incendium

352 563 498 633 bras,
548 561 615 614 ad
649 570 851 615 tantam
898 561 1163 632 religiosae
1207 563 1333 616 vitae
1359 565 1673 632 pervenisse
1725 563 1938 617 mundi-

352 656 511 720 tiam,
542 663 730 708 utnon
784 653 942 712 modo
970 664 1154 710 castos
1194 665 1357 725 atque
1397 657 1622 726 pudicos
1667 657 1938 727 quoslibet

357 745 408 796 in
432 743 721 796 sanctitate
751 743 1152 817 praecederent;
1184 745 1277 798 sed
1305 752 1361 798 et
1397 760 1502 798 non
1543 745 1936 799 contemnenda

357 833 644 889 multarum
672 833 940 901 virginum
967 835 1159 889 merita
1189 847 1530 905 superarent.
1575 835 1782 902 Quibus
1830 853 1936 893 non

353 921 460 990 jam
511 923 626 976 sola
675 924 873 991 prioris
932 925 1111 978 meriti
1166 940 1418 981 mensura
1467 927 1802 994 rependitur,
1845 927 1938 982 sed

358 1017 544 1085 procul
571 1018 738 1072 dubio
771 1034 894 1073 cum
921 1020 1243 1075 remissione
1269 1033 1454 1076 reatus
1478 1023 1641 1077 etiam
1693 1024 1940 1079 cumulus

357 1108 718 1179 superaddita:
770 1111 1036 1164 mercedis
1078 1121 1324 1182 augetur.
1379 1112 1518 1166 Ecce
1545 1113 1852 1182 probatum,
1881 1123 1942 1169 ut

358 1201 572 1266 opinor,
620 1210 723 1262 est,
761 1199 914 1269 juxta
949 1200 1200 1254 meritum
1251 1217 1409 1269 posse
1455 1202 1622 1256 Deum
1675 1205 1942 1259 suscitare

365 1290 622 1359 virginem
648 1300 769 1360 post
795 1291 1004 1344 ruinam
1028 1310 1040 1343 ε
1060 1290 1214 1358 juxta
1235 1308 1452 1348 carnem
1482 1309 1610 1348 vero
1633 1294 1755 1363 quis
1777 1296 1938 1348 etiam

363 1392 574 1432 vesana:
604 1379 802 1433 mentis
832 1381 1111 1434 addubitet
1141 1397 1264 1435 eum
1311 1383 1581 1448 videlicet,
1629 1385 1720 1454 qui
1779 1386 1943 1456 erigit

362 1467 545 1530 elisos,
576 1467 738 1521 solvit
757 1469 1092 1538 compeditos
1122 1468 1294 1540 (Psul.
1324 1473 1482 1542 CXLV)
1503 1513 1517 1538 ,
1545 1474 1636 1542 qui
1670 1484 1942 1543 postremo

362 1569 516 1612 curat
563 1575 778 1615 omnem
832 1560 1144 1632 languorem
1203 1575 1258 1618 et
1304 1579 1520 1618 onmem
1571 1565 1940 1620 infirmitatem

364 1651 713 1721 (.11αιιΙι.ιγ),
749 1654 1047 1708 clausulam
1101 1671 1206 1710 non
1258 1672 1417 1726 posse
1465 1673 1722 1729 reparare
1777 1660 1944 1729 virgi-

364 1743 554 1796 neam?
583 1744 874 1799 Enimvero
900 1747 989 1816 qui
1039 1762 1235 1816 corpus
1287 1749 1459 1816 ipsum
1507 1750 1572 1803 de
1624 1749 1943 1805 tenuissimo

2040 568 2196 636 (Gen.
2223 570 2358 638 xix),
2382 569 2578 637 quibus
2609 567 2862 621 nimirum
2890 566 2969 618 sic
3008 565 3232 619 abstulit
3261 580 3404 629 esse,
3435 575 3488 618 et
3533 567 3617 618 fu-

2039 669 2220 715 turum
2269 676 2430 723 esse,
2479 669 2539 713 ut
2588 674 2925 728 nequaquam
2985 657 3272 710 abstulerit
3318 666 3372 711 et
3431 657 3617 710 fuisse.

2039 747 2358 816 Quanquam
2389 748 2433 802 si
2477 746 2542 801 ad
2590 760 2878 815 pravorum
2933 743 3209 796 hominum
3262 742 3475 804 merita,
3529 743 3622 810 qui

2041 837 2354 909 tuncldeleti
2383 845 2524 895 sunt,
2551 836 2780 889 solerter
2809 833 3088 902 inspicias,
3125 832 3379 901 quoniam
3411 830 3621 884 vanita-

2041 935 2122 982 tes
2146 938 2195 982 et
2222 927 2403 981 inania
2428 926 2619 980 sectati
2652 933 2802 986 sunt,
2829 933 2890 976 ut
2916 938 3020 976 non
3045 923 3276 982 adesse,
3311 921 3403 974 sed
3432 921 3500 973 ad
3538 921 3621 973 ni-

2039 1019 2207 1074 hilum
2240 1019 2550 1079 tenderent,
2582 1032 2675 1070 eos
2711 1015 2905 1072 merito
2955 1029 3059 1067 non
3113 1013 3277 1066 fuisse
3337 1012 3622 1066 decernas.

2041 1109 2178 1165 Hinc
2202 1121 2307 1173 est,
2336 1110 2480 1180 quod
2507 1124 2602 1163 eos
2640 1109 2690 1160 in
2745 1105 3032 1160 afﬂictione
3079 1104 3300 1172 spiritus
3339 1102 3620 1171 conqueri,

2041 1203 2327 1273 Scriptura
2355 1211 2623 1256 testatur:
2681 1221 2698 1251 ι
2753 1199 3037 1266 Exiguum,
3076 1196 3346 1264 inquiunt,
3399 1203 3454 1246 et
3501 1209 3622 1247 cum

2042 1294 2200 1348 taedio
2225 1304 2310 1348 est
2341 1303 2552 1360 tempus
2586 1291 2708 1344 vita:
2738 1299 2956 1353 nostrae,
2975 1298 3028 1341 et
3051 1303 3153 1340 non
3177 1296 3260 1340 est
3285 1285 3622 1354 refrigerium

2041 1387 2093 1441 in
2125 1386 2229 1439 fine
2250 1385 2507 1446 hominis,
2543 1394 2596 1436 et
2619 1399 2724 1436 non
2753 1391 2838 1436 est
2864 1381 2954 1450 qui
2987 1381 3202 1450 agnitus
3253 1379 3324 1434 sit
3370 1393 3625 1432 reversus

2042 1477 2111 1532 ab
2133 1478 2356 1541 inferis;
2390 1478 2517 1546 quia
2549 1492 2615 1529 ex
2661 1475 2832 1528 nihilo
2877 1473 2987 1527 uati
3020 1489 3226 1532 sumus,
3264 1481 3317 1525 et
3349 1479 3469 1541 post
3511 1470 3628 1522 haec

2043 1571 2248 1626 erimus
2278 1569 2431 1639 quasi
2460 1584 2564 1622 non
2595 1565 2875 1620 fuerimus.
2919 1563 3160 1627 Erimus,
3193 1562 3462 1631 inquiunt.
3511 1568 3627 1614 tan-

2041 1678 2206 1734 quam
2228 1662 2272 1716 si
2303 1677 2408 1714 nen
2435 1659 2731 1721 fuerimus;
2764 1655 2889 1726 quia
2920 1663 2975 1709 et
3020 1667 3162 1706 nunc
3218 1651 3434 1720 quando
3481 1649 3624 1701 vide-

2043 1754 2243 1808 bantur
2296 1767 2441 1813 esse,
2473 1749 2539 1803 ad
2590 1748 2813 1801 nihilum
2845 1745 3026 1814 potius
3057 1741 3422 1813 pertinebant,
3467 1753 3628 1808 quam

361 1834 585 1887 seminis
619 1834 824 1904 liquore
869 1838 1162 1908 compegit,
1192 1840 1243 1892 in
1299 1839 1550 1894 humana:
1591 1841 1781 1896 formae
1823 1857 1945 1911 spe-
1977 1839 2018 1897 Β
2048 1848 2114 1902 ad
2145 1861 2333 1902 verum
2371 1860 2494 1898 esse
2522 1841 2669 1913 (Sap.
2706 1839 2788 1906 ιι).
2817 1839 2953 1908 Ego,
2978 1837 3072 1900 ait,
3102 1851 3220 1888 smn
3252 1833 3340 1900 qui
3375 1847 3532 1895 smn;
3577 1837 3630 1883 et

361 1923 499 1978 ciem
533 1940 630 1992 per
683 1927 829 1980 varia
862 1927 1228 1984 membrorum
1284 1930 1615 1986 lineamenta
1668 1934 1944 1997 distinxit,

362 2013 430 2066 ad
456 2028 723 2068 summam
777 2018 1006 2070 necdum
1062 2019 1386 2074 existentem
1440 2021 1684 2076 condidit
1731 2031 1948 2076 creatu-

364 2117 503 2167 ram,
535 2105 854 2159 existentem
873 2106 986 2173 jam
1036 2124 1141 2162 non
1188 2111 1387 2179 poterit
1426 2127 1754 2181 recuperare
1794 2113 1950 2166 vitia-

367 2194 515 2246 tam?
543 2194 739 2248 Fateor
760 2197 939 2265 plane,
971 2196 1166 2261 fateor,
1201 2199 1516 2269 nullumque
1558 2203 1755 2256 timens
1782 2203 1950 2255 cavil-

365 2285 573 2341 latorim
599 2290 962 2343 contentionis
1003 2290 1316 2360 obloquium
1364 2301 1678 2347 constanter
1705 2292 1945 2358 affirmo;

364 2375 490 2444 quia
519 2377 660 2431 valet
701 2381 1044 2449 omnipotens
1076 2381 1216 2435 Deus
1265 2382 1620 2438 multinubam
1655 2384 1950 2452 quamlibet

365 2469 632 2539 virginem
662 2471 917 2531 reddere,
946 2471 1474 2542 incorruptionisque
1523 2475 1862 2543 signaculum
1894 2475 1946 2530 iu

368 2561 482 2629 ipsa
505 2560 622 2628 ejus
648 2577 834 2622 carne.
859 2564 1002 2617 sicut
1028 2580 1092 2618 ex
1125 2574 1372 2619 materno
1397 2581 1616 2635 egressa
1647 2575 1734 2621 cst
1771 2576 1945 2630 utero,

372 2669 642 2720 reparare.
669 2655 835 2725 619
861 2655 983 2710 l-hrc
1013 2665 1195 2711 autem
1218 2657 1350 2722 dixi,
1377 2673 1483 2712 non
1511 2667 1570 2712 ut
1594 2658 1657 2712 Β.
1687 2658 1952 2730 Hierony-

371 2761 476 2805 mo.
511 2747 601 2815 qui
635 2749 723 2816 pio
761 2749 943 2801 studio
981 2748 1192 2803 locutus
1243 2759 1347 2815 est,
1380 2750 1697 2816 detraham;
1745 2753 1840 2807 sed
1892 2762 1951 2806 ιιι

366 2850 498 2900 eos,
559 2837 649 2904 qui
705 2852 770 2890 ex
833 2839 1122 2892 verborum
1183 2839 1324 2893 illius
1390 2841 1716 2904 occasione,
1780 2842 1947 2896 Deum

370 2936 627 2979 astrnunt
689 2927 1074 2996 impotentem,
1139 2928 1338 2984 invicta
1406 2929 1527 2985 fidei
1589 2931 1801 2986 ratione
1865 2946 1952 2987 re-

370 3017 573 3071 l'cllam.

978 3109 1206 3166 CAPUT
1243 3109 1330 3165 IV.

373 3221 644 3286 Quomodo
683 3225 842 3294 possit
893 3224 1028 3292 ﬁeri,
1070 3239 1124 3280 ιιι
1166 3229 1305 3295 quod
1353 3227 1549 3297 factum
1585 3238 1684 3294 est,
1731 3245 1835 3283 non
1881 3230 1948 3284 sit

1055 3297 1275 3365 factum.

441 3386 523 3440 Ad
555 3387 680 3440 illud
725 3398 1021 3457 postremo,
1053 3390 1196 3460 quod
1238 3390 1290 3444 in
1329 3391 1432 3444 hac
1462 3391 1774 3461 disputandi
1827 3407 1946 3444 ma-

373 3479 509 3530 teria
543 3478 723 3546 plures
772 3478 1064 3545 objiciunt,
1094 3480 1195 3534 sub
1249 3482 1555 3535 sanctitatis
1605 3491 1708 3535 tua:
1746 3481 1951 3549 judicio

375 3573 532 3625 video
564 3575 1019 3642 respondendum.
1047 3575 1210 3630 Aiunt
1249 3575 1392 3628 enim
1425 3593 1441 3630 :
1485 3575 1540 3629 Si
1573 3575 1736 3640 Deus,
1769 3585 1827 3629 ut
1869 3590 1953 3629 as-

373 3666 535 3728 seris,
568 3666 619 3718 in
664 3666 918 3720 onmibus
963 3668 1306 3734 omnipotens
1356 3677 1459 3729 est.
1493 3668 1732 3736 nunquid
1775 3675 1954 3737 potest

375 3755 475 3809 hoc
505 3771 687 3824 agere,
718 3768 777 3810 ut
810 3773 929 3825 qua:
979 3757 1122 3812 facta
1148 3766 1309 3820 sunt,
1353 3757 1493 3812 facta
1553 3773 1660 3813 non
1717 3757 1954 3814 fuerint?

372 3846 562 3902 Potest
591 3859 741 3903 certe
781 3849 924 3903 facta
949 3865 1180 3920 qumque
1221 3851 1534 3915 destruere,
1580 3861 1639 3904 ut
1684 3852 1796 3920 jam
1847 3868 1953 3906 non
1990 3896 1995 3901 .

373 3939 513 4002 sint;
543 3941 636 3994 sed
664 3942 834 3996 videri
866 3959 970 3997 non
1006 3953 1208 4013 potest,
1240 3959 1346 4012 quo
1392 3955 1549 4014 pacto
1578 3946 1749 4014 possit
1779 3944 1955 4000 effice-

377 4050 456 4095 re,
474 4047 666 4102 utqua!
689 4035 826 4089 facta
851 4045 996 4097 sunt,
1016 4035 1153 4090 facta
1180 4053 1284 4090 non
1314 4037 1533 4091 fuerint.
1554 4037 1739 4092 Potest
1758 4040 1957 4108 quippe

377 4128 517 4191 ﬁeri,
544 4137 604 4181 ut
632 4130 848 4191 amodo,
877 4139 933 4183 et
963 4130 1219 4199 deinceps
1245 4131 1416 4184 Roma
1466 4145 1572 4183 non
1605 4131 1710 4193 sit;
1763 4132 1854 4184 sed
1897 4140 1960 4184 ut

376 4219 677 4287 antiquitus
711 4235 818 4274 non
847 4220 1010 4274 fuerit
1045 4222 1286 4281 condita,
1317 4219 1590 4289 quomodo
1617 4220 1788 4288 possit
1817 4220 1956 4283 fieri,

379 4311 525 4365 nulla
552 4312 694 4381 capit
727 4313 930 4381 opinio.
968 4313 1273 4382 lnspirante
1321 4314 1428 4367 Deo
1452 4328 1812 4382 responsurus
1839 4330 1956 4367 smn

375 4404 442 4455 ad
473 4403 589 4456 haec
614 4417 628 4456 :
656 4403 708 4456 iu
740 4404 932 4473 primis
961 4415 1268 4458 exactorem
1303 4420 1478 4458 meum
1511 4405 1689 4457 verbis
1712 4403 1958 4458 Salamo-

379 4495 464 4548 nis
494 4496 894 4549 admonendum
921 4496 1102 4560 video,
1133 4497 1328 4565 quibus
1353 4497 1428 4550 ait
1459 4492 1533 4550 εἰ
1574 4495 1774 4562 Majora
1810 4506 1861 4551 te
1891 4509 1958 4550 ne

377 4587 684 4656 qtnesieris,
698 4597 752 4640 et
765 4587 958 4641 altiora
979 4597 1029 4641 te
1049 4601 1118 4642 ne
1134 4595 1407 4642 scrutatus
1423 4587 1590 4642 fueris
1604 4585 1793 4656 (Eccli.
1812 4586 1918 4657 ιιι).
1934 4606 1951 4636 ι

377 4677 587 4732 Deinde
617 4679 928 4742 dicendum,
959 4679 1083 4748 quia
1112 4677 1256 4747 quod
1287 4677 1428 4732 Deus
1451 4678 1600 4743 facit,
1623 4678 1822 4748 aliquid
1845 4687 1959 4732 est:

377 4769 525 4839 quod
563 4769 712 4824 Deus
743 4785 849 4826 non
883 4770 1034 4836 facit,
1069 4771 1205 4825 nihil
1238 4779 1358 4825 est:
1392 4789 1411 4820 ι
1447 4769 1638 4824 Omnia
1669 4769 1814 4824 enim
1868 4784 1964 4838 per

355 4862 560 4928 -ipsum
604 4861 745 4915 facta
793 4871 956 4926 sunt,
1009 4871 1064 4916 et
1121 4864 1238 4939 sine
1290 4864 1406 4930 ipso
1455 4862 1652 4916 factum
1703 4869 1786 4915 est
1831 4861 1964 4915 nihil

381 4953 569 5023 (Joan.
609 4956 671 5024 l).
716 4973 736 5006 ι
787 4955 864 5010 De
903 4971 1012 5026 quo
1067 4957 1328 5010 nimirum
1373 4955 1498 5009 alibi
1529 4955 1792 5024 scriptum
1821 4962 1905 5009 est
1946 4967 1960 5006 :

385 5063 405 5096 ι
438 5044 539 5111 Qui
567 5044 695 5100 fecit
720 5063 839 5116 quae
862 5046 1040 5101 futura
1065 5057 1191 5102 sunt
1220 5047 1416 5110 (Eche.
1441 5045 1544 5116 ιιι).
1585 5063 1604 5095 ι
1643 5044 1803 5099 Juxta
1827 5045 1968 5113 quod

381 5136 583 5190 etillud
616 5155 628 5190 :
664 5155 682 5186 ι
718 5137 818 5202 Qui
850 5138 981 5191 vivit
1010 5139 1061 5193 in
1084 5135 1786 5203 aeternum,creavitomnia
1811 5133 1968 5190 simul

397 5227 591 5298 (Eccli.
619 5229 818 5299 xvm):
859 5249 878 5282 ι
916 5230 981 5284 Et
1010 5231 1304 5300 Apostolus
1339 5247 1352 5282 :
1389 5247 1406 5280 ι
1443 5228 1545 5296 Qui
1596 5228 1746 5292 fecit,
1774 5227 1969 5295 inquit,

386 5335 449 5375 ea
480 5336 600 5391 quae
629 5337 732 5376 non
761 5332 889 5376 sunt
939 5321 1118 5392 (Rom.
1180 5324 1281 5391 iv).
1343 5340 1361 5374 ι
1403 5320 1596 5376 Omnia
1643 5318 1802 5399 plane
1859 5319 1972 5372 haec

393 5412 702 5468 tesﬁmonia
757 5413 1167 5485 Scripturarum
1239 5419 1506 5468 testantur
1562 5409 1729 5465 Deum
1780 5409 1973 5464 fecisse

391 5503 535 5572 quod
563 5518 668 5556 non
699 5511 848 5568 erat;
877 5518 983 5558 non
1025 5503 1363 5558 destruxisse
1413 5502 1558 5570 quod
1609 5509 1760 5564 erat;
1792 5498 1977 5554 condio

395 5594 538 5649 disse
570 5596 773 5661 futura,
807 5611 914 5649 non
967 5595 1269 5650 abolevisse
1311 5593 1607 5665 praeterita.
1657 5593 1975 5660 Quanquam

395 5699 450 5741 et
476 5704 617 5757 saepe
647 5688 856 5758 legatur
913 5689 1053 5743 Deus
1079 5688 1280 5757 aliquid
1328 5687 1631 5749 evertisse,
1683 5684 1742 5738 ιιι
1786 5682 1979 5737 melius

400 5780 598 5849 aliquid
633 5790 989 5850 procuraret;
1023 5779 1161 5835 sicut
1211 5779 1467 5833 mundum
1497 5793 1592 5849 per
1630 5792 1780 5846 aqute
1844 5773 1978 5829 dilu-

2049 1938 2166 1992 luec
2195 1938 2341 1992 dices
2380 1936 2501 1989 filiis
2555 1931 2718 1986 Israel
2753 1949 2765 1984 :
2817 1929 2917 1995 Qui
2963 1937 3067 1992 est,
3116 1925 3260 1978 misit
3313 1938 3399 1977 me
3429 1924 3494 1976 ad
3537 1936 3632 1972 vos

2051 2031 2250 2097 (Exod.
2281 2029 2388 2098 ιιι).
2425 2047 2443 2079 ι
2472 2026 2572 2093 Qui
2601 2025 2746 2078 enim
2771 2023 2836 2075 ab
2865 2020 2976 2084 illo,
2999 2019 3089 2088 qui
3122 2032 3249 2071 vere
3268 2026 3373 2078 est,
3409 2014 3631 2076 recedit.

2052 2137 2273 2177 necesse
2300 2127 2467 2176 est'ut
2497 2134 2601 2172 non
2631 2117 2731 2181 sit;
2761 2116 2886 2184 quia
2912 2115 2978 2166 ad
3010 2111 3236 2166 nihilum
3264 2109 3456 2164 tendit.
3499 2107 3632 2162 Hinc

2048 2225 2153 2288 est,
2211 2214 2354 2284 quod
2401 2213 2597 2266 iterum
2647 2219 2927 2278 gementes
2977 2205 3208 2259 dicunt:
3262 2221 3281 2253 ι
3323 2202 3633 2256 Exstinctus

2049 2306 2188 2361 cinis
2240 2305 2348 2358 erit
2381 2317 2579 2371 corpus
2631 2308 2898 2360 nostrum,
2933 2305 2985 2351 et
3023 2296 3247 2364 spiritus
3297 2293 3632 2347 diffundetur-

2051 2407 2305 2466 tanquain
2333 2394 2511 2448 mollis
2545 2407 2671 2454 aer;
2725 2388 2952 2443 transiet
2981 2389 3089 2440 vita
3137 2394 3322 2438 nostra
3379 2393 3632 2451 tanquam

2051 2488 2278 2558 vestigia
2313 2485 2491 2548 nubis,
2517 2493 2569 2537 et
2603 2482 2741 2536 sicut
2764 2479 2954 2533 nebula
2979 2476 3304 2531 dissolvetur
3325 2490 3444 2543 quae
3483 2472 3634 2541 fuga-

2051 2590 2103 2634 ta
2151 2591 2232 2633 est
2265 2593 2294 2630 a
2344 2576 2496 2630 radio
2538 2573 2700 2634 solis;
2751 2585 2946 2625 nomen
3008 2577 3254 2622 nostrum
3304 2563 3633 2620 oblivionem

2052 2672 2306 2742 accipiet,
2348 2679 2402 2726 et
2453 2667 2731 2738 pertenuis
2779 2665 2984 2718 umbra:
3039 2659 3303 2715 transitus
3355 2667 3440 2712 est
3499 2663 3636 2708 tem-

2053 2781 2153 2836 pus
2175 2772 2420 2818 nostrum
2449 2759 2692 2830 (διηλιι).
2731 2778 2748 2810 ι
2785 2756 2935 2812 Unde
2963 2763 3020 2809 et
3056 2752 3319 2822 propheta
3370 2766 3384 2801 :
3437 2766 3457 2801 ι
3507 2746 3636 2803 Οιιι-

2056 2873 2173 2920 nes,
2203 2854 2401 2924 inquit,
2427 2860 2618 2920 gentes
2643 2849 2798 2919 quasi
2835 2862 2942 2902 non
2974 2846 3105 2909 sint,
3147 2844 3228 2898 sic
3275 2851 3396 2896 sunt
3453 2854 3633 2893 coram

2053 2966 2120 3004 eo
2153 2967 2165 3002 :
2198 2956 2251 3003 et
2292 2947 2447 3015 quasi
2495 2943 2724 2998 nihilum
2770 2950 2825 2996 et
2880 2941 3042 2994 inane
3090 2945 3354 3008 reputataa
3414 2944 3544 2989 sunt
3587 2932 3638 2985 ei

2055 3040 2190 3111 (Isa.
2215 3039 2327 3106 ιιι).
2370 3057 2387 3086 ι

2125 3128 2291 3200 620
2328 3127 2393 3180 Ει
2425 3123 2684 3180 Salomon
2715 3121 2794 3174 ait
2839 3138 2851 3174 :
2895 3137 2914 3169 ι
2973 3120 3256 3187 Tanquam
3302 3121 3638 3168 momentum

1979 3201 2024 3263 (ἶ
2057 3230 2297 3284 statera»,
2327 3216 2405 3270 sic
2433 3224 2562 3269 ante
2602 3222 2655 3266 te
2683 3221 2765 3266 est
2793 3208 2942 3263 orbis
2982 3218 3274 3266 terrarum,
3295 3211 3348 3256 et
3384 3213 3639 3268 tanquam

2053 3320 2199 3383 gutta
2221 3308 2362 3364 roris
2390 3304 2693 3361 antelucaui
2727 3301 2880 3370 (ειη).
2912 3302 3009 3368 ιι).
3050 3319 3067 3350 ι
3113 3297 3177 3350 Et
3210 3297 3504 3348 innumera
3554 3301 3635 3346 ta-

2054 3404 2122 3459 lia
2146 3399 2494 3470 reperiuntur
2525 3397 2578 3450 in
2606 3393 2926 3462 Scripturis,
2956 3391 3153 3459 quibus
3179 3387 3328 3456 impii
3368 3384 3634 3448 homines,

2054 3468 2524 3544 antteuuissimis.
2557 3489 2652 3536 aut
2695 3478 2970 3532 vilissimis
3016 3481 3404 3544 comparentur
3454 3468 3638 3530 rebus,

2054 3589 2149 3634 aut
2178 3577 2312 3632 nihil
2341 3591 2463 3631 esse
2506 3575 2779 3633 dicantur,
2812 3569 2976 3624 etiam
3024 3576 3170 3627 tunc,
3222 3579 3343 3619 cum
3394 3571 3642 3634 potentes

2054 3670 2472 3729 csse-videntur.
2514 3664 2671 3720 Unde
2699 3671 2756 3716 et
2786 3661 2950 3714 David
2996 3677 3008 3712 :
3061 3689 3077 3710 δ
3122 3657 3260 3717 Vidi,
3293 3655 3488 3722 inquit,
3538 3654 3638 3707 im-

2055 3763 2200 3832 pium
2227 3755 2686 3827 superexaltatum
2742 3760 2796 3806 et
2828 3750 3096 3805 clevatum
3129 3747 3270 3800 sicut
3313 3748 3506 3799 cedrus
3546 3743 3641 3796 Li-

2055 3829 2214 3915 bani;
2249 3857 2304 3903 et
2333 3845 2588 3903 transivi.
2622 3853 2677 3897 et
2717 3857 2846 3896 ecce
2876 3856 2981 3893 non
3032 3847 3150 3892 erat
3199 3832 3371 3905 (Psal.
3395 3829 3597 3897 XXXVI).
3621 3852 3638 3884 ι

2058 3943 2210 3996 Tunc
2237 3939 2380 3994 enim
2405 3947 2461 3992 et
2485 3951 2606 3990 eum
2652 3933 2852 3988 divitiis
2898 3931 3286 3988 intumescunt,
3314 3935 3367 3977 et
3405 3939 3528 3977 eum
3587 3937 3645 3974 se

2056 4050 2220 4104 super
2249 4032 2388 4086 alios
2408 4036 2726 4097 arroganter
2753 4021 3036 4082 extollunt,
3073 4033 3197 4072 eum
3227 4015 3460 4082 denique
3505 4010 3646 4064 infe-

2061 4125 2235 4178 riores
2263 4137 2359 4192 per
2405 4116 2703 4190 tyrannidis
2747 4112 3054 4166 violentiam
3092 4106 3438 4176 opprimunt;
3491 4111 3643 4163 lttttt‘,

2060 4216 2301 4284 inquam,
2328 4227 2393 4266 eo
2419 4209 2602 4264 verius
2630 4205 2762 4260 nihil
2787 4211 2936 4268 sunt,
2964 4217 3072 4270 quo
3097 4199 3164 4253 ab
3190 4213 3277 4260 eo,
3324 4195 3416 4266 qui
3439 4208 3565 4248 vere
3591 4201 3642 4246 et

2060 4321 2269 4362 summe
2300 4312 2402 4366 est,
2438 4297 2626 4370 procul
2646 4305 2795 4351 sunt.

2682 4404 2909 4463 CAPUT
2960 4404 3024 4458 ν.

2062 4510 2139 4565 De
2167 4509 2362 4580 futuris
2399 4501 2810 4580 contingentibus
2859 4495 3290 4580 eti-philosophia:
3331 4509 3429 4546 usu
3479 4491 3536 4545 in
3564 4507 3645 4544 sa-

2549 4566 2651 4626 cris
2696 4566 3160 4634 disputationibus.

2136 4668 2242 4723 Sed
2295 4666 2424 4736 quid
2458 4663 2560 4718 sibi
2616 4660 2802 4714 volunt
2855 4657 2976 4711 vani
3031 4655 3256 4723 quilibet
3308 4651 3558 4705 homines
3597 4661 3653 4704 et

2065 4761 2314 4832 sacrilegi
2350 4756 2986 4828 dogmatisimluctores,
3023 4749 3113 4818 qui
3165 4748 3291 4800 dum
3337 4744 3460 4799 aliis
3505 4759 3652 4811 qna-.-

2065 4854 2300 4908 stionum
2329 4864 2552 4903 suarum
2581 4843 2881 4899 tendicnlas
2903 4848 3142 4902 struunt,
3171 4839 3312 4906 quod
3344 4837 3395 4890 in
3423 4850 3518 4888 eas
3549 4833 3649 4902 ipsi

2067 4955 2193 5000 ante
2222 4941 2530 5013 praecipites
2571 4944 2851 5000 corruant,
2901 4950 3006 4988 non
3053 4931 3370 4994 attendunt;
3427 4937 3480 4980 et
3524 4925 3650 4978 dtur

2073 5033 2395 5104 simpliciter
2423 5026 2795 5100 gradientibus
2817 5023 3071 5081 scandala
3109 5021 3314 5076 frivolae
3358 5016 3657 5085 inquisitis»

2075 5125 2162 5180 nis
2195 5121 2482 5191 objiciunt,
2506 5120 2604 5190 ipsi
2633 5119 2812 5189 potius
2841 5117 2893 5171 in
2929 5115 3160 5181 lapidem
3204 5108 3517 5165 offensionis
3555 5107 3655 5159 im-

2075 5216 2322 5286 pingunt.
2354 5212 2626 5281 Nunquid,
2662 5209 2933 5278 inquiunt,
2962 5213 3141 5275 potest
3169 5205 3310 5258 Deus
3332 5201 3431 5255 hoc
3473 5213 3656 5268 agere,

2076 5322 2136 5364 ut
2173 5317 2460 5378 postquam
2496 5303 2661 5359 semel
2690 5302 2891 5371 aliquid
2929 5299 3131 5353 factum
3155 5307 3240 5350 est
3268 5335 3283 5360 ,
3315 5294 3517 5348 factum
3549 5305 3656 5346 non

2078 5400 2274 5456 fuerit?
2301 5408 2558 5468 tanquam
2601 5395 2646 5448 si
2681 5390 3084 5463 impossibilitas
3123 5387 3224 5440 ista
3272 5400 3377 5439 non
3411 5382 3540 5437 solis
3575 5381 3657 5434 vi-

2080 5497 2273 5549 deatur
2301 5491 2590 5563 provenire
2619 5486 2932 5558 pneteritis,
2966 5492 3020 5536 et
3049 5497 3152 5536 non
3195 5481 3248 5534 in
3299 5476 3662 5548 przescntibus

2080 5589 2332 5643 similiter
2357 5584 2664 5641 inveniatur
2687 5576 3039 5648 temporibus,
3089 5583 3146 5630 et
3189 5571 3408 5626 futuris.
3441 5569 3574 5623 Nam
3604 5577 3662 5628 et

2080 5680 2342 5752 quidquid
2381 5694 2524 5732 nuiic
2549 5683 2652 5739 est,
2683 5673 2921 5743 quandiu
2950 5679 3055 5734 est,
3086 5683 3192 5722 non
3241 5681 3362 5722 esse
3412 5662 3658 5734 impossi-

2084 5775 2187 5831 bile
2213 5781 2294 5828 est
2343 5770 2493 5836 item,
2536 5769 2675 5836 quod
2705 5767 2962 5820 futurum
3007 5771 3113 5828 cst,
3139 5776 3242 5817 non
3274 5760 3512 5812 futurum
3543 5765 3666 5806 esse
