4074 6190
407 429 513 483 ϐτῇ

408 536 742 607 impossibile
789 545 877 589 est
925 551 938 586 :

408 628 659 682 videlicet
682 625 968 695 mqualiter
993 632 1221 692 possunt
1251 622 1494 682 evenire.
1519 630 1575 674 et
1605 635 1709 674 non
1737 618 1986 673 evenire:

413 719 557 771 sicut
580 724 690 778 est,
722 732 807 768 me
836 715 996 768 hodie
1023 714 1292 781 equitare,
1319 721 1375 767 et
1403 724 1508 765 non
1532 710 1813 778 equitare;
1857 710 1989 762 anti-

409 819 533 862 cum
565 808 765 866 videre,
796 806 878 858 vel
904 821 1007 858 non
1036 805 1253 866 videre;
1285 804 1486 871 pluere.
1519 801 1600 854 vel
1623 817 1806 855 aerem
1843 814 1991 852 sere-

411 913 538 951 num
569 912 708 951 esse.
738 896 870 962 Quae
899 896 1124 958 scilicet,
1157 908 1209 950 et
1237 895 1322 948 his
1369 894 1564 946 similia
1608 893 1765 961 hujus
1809 890 1988 945 saeculi

410 988 682 1057 sapientes
739 995 1139 1041 consueverunt
1198 985 1264 1037 ad
1315 983 1631 1037 utrumlibet
1690 981 1988 1052 appellare;

405 1081 536 1149 quia
571 1081 745 1134 solent
768 1095 918 1148 mque
948 1087 1002 1134 et
1049 1079 1380 1146 contingere,
1411 1086 1465 1130 et
1506 1092 1612 1130 non
1653 1075 1988 1144 contingere.

405 1169 520 1226 Sed
551 1172 664 1227 her
693 1169 756 1224 ad
781 1169 1091 1223 utrumlibet
1123 1168 1295 1237 magis
1335 1167 1588 1220 dicuntur
1609 1167 1767 1235 juxta
1814 1164 1992 1216 varia-

409 1261 576 1316 bilem
606 1269 855 1314 naturam
902 1274 1106 1323 rerum,
1139 1274 1301 1326 quam
1341 1256 1494 1324 juxta
1541 1255 1988 1323 consequentiam

411 1351 728 1404 dictionum.
761 1349 1066 1403 Secundum
1100 1346 1398 1402 naturalem
1441 1359 1675 1412 namque
1709 1342 1870 1395 varia:
1915 1340 1993 1392 vi-

411 1441 744 1496 cissitudinis
790 1442 1035 1494 ordnem
1085 1447 1262 1507 potest
1310 1437 1446 1498 fieri,
1497 1445 1555 1488 ut
1603 1435 1762 1488 hodie
1810 1433 1986 1500 plnat;

410 1543 589 1603 potest
608 1543 666 1585 et
689 1532 832 1590 ﬁeri,
864 1542 918 1584 ut
948 1547 1052 1585 non
1082 1533 1249 1600 p‘uat;
1289 1529 1392 1583 Sed
1446 1538 1703 1598 quantum
1750 1527 1815 1583 al
1865 1541 1992 1578 con-

414 1620 752 1690 sequentiam
803 1619 1139 1680 disserendi,
1187 1620 1230 1671 si
1289 1618 1524 1670 futurum
1577 1627 1660 1669 est
1707 1625 1765 1668 ut
1824 1615 1990 1684 piunt,

412 1729 635 1768 necesse
663 1725 746 1768 est
767 1715 986 1768 omnino
1020 1719 1077 1767 ut
1121 1714 1302 1783 pluat;
1358 1729 1421 1766 ac
1480 1729 1574 1781 per
1627 1713 1729 1766 hoc
1771 1725 1994 1779 prorsus

413 1805 744 1874 impossibile
796 1814 878 1859 est
931 1815 988 1858 ut
1035 1821 1140 1858 non
1193 1805 1356 1874 pluat.
1414 1805 1565 1870 Quod
1613 1819 1741 1871 ergo
1793 1803 1994 1857 dicitur

873 424 928 478 S.
961 422 1166 479 PETRI
1202 418 1485 476 DAMIANI
1520 418 1670 474 OPP.
1705 418 1941 474 TOMUS
1983 415 2113 473 SEU
2141 418 2320 472 PARS
2355 418 2438 473 Ill.
2467 443 2541 458 -ι
2565 407 2928 476 ΟΡυὸίὶῐῖΙιΑ
2955 421 3182 476 VARIA.

996 547 1320 606 quanquam
1349 529 1606 584 nonnulla
1657 537 1817 592 sunt,
1871 540 1987 595 quae
2013 531 2200 588 Anon
2228 539 2386 593 sunt...
2419 531 2598 583 futura
2637 541 2764 584 sint.
2814 532 2890 586 De
2927 521 3031 600 qua
3081 533 3335 588 nimirum
3383 540 3685 604 quaestione

3581 426 3681 483 6M

2100 628 2310 673 veteres
2359 619 2662 674 liberalium
2712 621 2909 674 artium
2965 623 3322 688 discussores,
3361 641 3470 680 non
3525 629 3684 684 modo

2091 709 2344 778 “gentiles,
2373 709 2466 763 sed
2496 718 2550 762 et
2579 711 2698 763 lidei
2729 711 3054 766 Christiana
3098 713 3390 783 participes
3422 717 3688 785 prolixius

2099 807 2504 863 tractaverunt;
2555 798 2648 853 sed
2689 813 2848 852 nemo
2890 800 3102 853 illorum
3150 804 3201 853 in
3232 804 3370 856 hanc
3409 819 3575 858 ausus
3604 817 3688 861 est

2099 886 2353 955 prosilire
2395 887 2691 950 vesaniam,
2738 897 2798 941 ut
2849 887 2958 942 Deo
2994 900 3177 944 notam
3231 893 3687 960 impossibilitatis

2101 979 2416 1040 ascriberet,
2449 991 2504 1031 et
2531 979 2830 1048 praesertim
2861 981 2904 1032 si
2933 979 3273 1036 Christianus
3301 981 3418 1045 fuit,
3451 986 3517 1038 de
3548 986 3687 1040 illius

2096 1069 2486 1137 ontnipotentia
2537 1070 2850 1133 dubitaret;
2909 1069 3003 1124 sed
3056 1073 3129 1125 ita
3179 1073 3246 1127 de
3290 1077 3683 1144 consequentia

2101 1160 2440 1214 necessitatis
2489 1159 2574 1214 vel
2606 1160 3056 1229 impossibilitatis
3095 1162 3253 1229 juxta
3287 1180 3479 1218 miram
3517 1167 3686 1224 solius

2099 1252 2234 1305 artis
2259 1251 2606 1320 disputavere
2637 1253 2911 1316 virtutem,
2944 1263 3004 1306 ut
3039 1255 3240 1308 nullam
3289 1255 3341 1309 in
3390 1257 3474 1310 his
3501 1257 3688 1312 conﬂi-

2102 1343 2278 1398 ctibus
2301 1343 2395 1398 Dei
2422 1344 2665 1398 facerent
2692 1345 3039 1399 mentionem.
3070 1346 3162 1400 Isti
3193 1357 3394 1412 autem,
3420 1351 3513 1417 qui
3545 1351 3685 1403 anti-

2102 1449 2262 1501 quam
2291 1434 2646 1501 quzestiouem
2675 1434 2888 1487 noviter
2911 1434 3164 1500 alferunt,
3212 1438 3338 1490 dum
3376 1438 3565 1492 altiora
3597 1453 3688 1506 ge-

2080 1524 2270 1577 stiunt
2305 1539 2486 1590 nosse,
2514 1539 2676 1593 quam
2707 1524 2949 1594 capiunt,
2983 1526 3164 1594 potius
3195 1530 3364 1581 aciem
3397 1543 3506 1597 sua:
3537 1544 3686 1582 mcu-

2105 1615 2173 1668 tis
2204 1615 2540 1679 obtundunt;
2574 1617 2699 1685 quia
2733 1617 2906 1686 ipsum
2939 1617 3074 1673 lucis
3106 1631 3384 1674 numerem
3411 1620 3685 1676 olTendere

2104 1723 2209 1760 non
2253 1717 2567 1776 pavescant.
2619 1707 2746 1762 Haec
2798 1709 2959 1780 igitur
3011 1712 3260 1778 quzestio,
3292 1714 3547 1782 quoniam
3579 1731 3684 1768 non

2103 1795 2170 1849 ad
2218 1797 2610 1850 discutiendam
2656 1798 2958 1868 majestatis
3001 1801 3198 1856 divina:
3237 1802 3554 1871 potentiam,
3591 1805 3686 1859 sed

411 1896 477 1948 de
511 1896 802 1964 prmteritis
855 1897 954 1948 hoc
1001 1897 1349 1965 consequitur
1404 1895 1752 1949 nihilominus
1797 1895 1864 1948 de
1915 1908 1992 1946 re-
2025 1881 2065 1940 Β
2089 1887 2272 1955 potius
2309 1887 2375 1939 ad
2417 1887 2554 1956 artis
2599 1888 2897 1944 dialecticae
2937 1892 3200 1959 probatur
3239 1894 3512 1962 pertinere
3548 1895 3691 1964 peri-

409 1986 511 2039 bus
551 1988 910 2054 praesentibus
956 1996 1010 2040 et
1065 1987 1262 2040 futuris
1308 2005 1320 2040 :
1399 1988 1694 2048 nimirum,
1744 1996 1800 2040 ut
1853 1986 1993 2041 sicut

409 2089 570 2128 omne
599 2077 742 2144 quod
776 2075 896 2139 fuit,
932 2069 1097 2130 fuisse
1147 2093 1366 2132 necesse
1419 2089 1501 2130 est
1527 2117 1542 2140 ,
1582 2078 1690 2140 ita,
1739 2086 1794 2130 et
1833 2092 1995 2131 omne

407 2166 551 2234 quod
581 2177 665 2221 est
691 2208 706 2231 ,
737 2169 976 2237 quandiu
1015 2178 1130 2233 est,
1162 2185 1384 2224 necesse
1425 2170 1496 2222 sit
1533 2183 1655 2223 esse
1689 2187 1701 2222 :
1733 2177 1787 2222 et
1833 2182 1995 2223 omne

407 2257 552 2324 quod
581 2257 821 2310 futurum
852 2269 954 2319 est,
988 2273 1209 2313 necesse
1251 2259 1322 2312 sit
1349 2259 1591 2312 futurum
1632 2274 1770 2312 esse.
1821 2259 1994 2324 Atque

413 2345 534 2397 ideo
557 2355 818 2414 quantum
848 2348 914 2399 ad
945 2348 1191 2400 ordinem
1227 2347 1548 2408 disserendi,
1582 2348 1842 2418 quidquid
1868 2349 1992 2411 fuit,

409 2436 743 2504 impossibile
781 2440 983 2493 sitnon
1014 2439 1212 2504 fuisse;
1258 2450 1314 2494 ct
1340 2441 1602 2510 quidquid
1639 2451 1745 2504 est,
1790 2442 1993 2510 impos-

408 2530 564 2586 s‘i‘hile
587 2531 658 2587 sit
680 2547 786 2586 non
817 2545 970 2601 esse;
1001 2544 1054 2592 et
1100 2531 1360 2603 quidquid
1389 2534 1627 2589 futurum
1658 2545 1762 2600 est,
1795 2536 1996 2605 impos-

406 2618 562 2675 sibile
591 2621 662 2675 sit
703 2621 946 2677 futurum
995 2635 1100 2678 non
1149 2638 1290 2679 esse.
1333 2624 1524 2678 Videat
1563 2639 1694 2694 ergo
1744 2625 1995 2696 imperite

397 2711 838 2780 sapientium,et
884 2729 1023 2766 vana
1080 2713 1442 2782 ίιιιαειτξηιίιιιῐι
1489 2728 1632 2768 mera
1681 2716 1990 2780 temeritas;

405 2799 535 2867 quia
564 2801 609 2854 si
639 2801 757 2854 haec
791 2815 912 2868 quae
937 2802 1004 2854 ad
1033 2809 1208 2856 artem
1255 2801 1526 2870 pertinent
1559 2802 1858 2858 disserendi
1883 2843 1896 2865 ,
1926 2803 1992 2857 ad

405 2889 576 2941 Deum
615 2889 860 2958 praviter
903 2887 1174 2953 referant;
1238 2889 1350 2959 jam
1379 2906 1484 2944 non
1515 2900 1721 2944 tantum
1770 2892 1821 2944 in
1855 2909 1997 2961 prie-

406 2979 602 3043 teritis,
664 2979 758 3033 sed
789 2979 842 3031 in
880 2981 1238 3049 praesentibus
1269 2995 1333 3036 ac
1375 2980 1595 3045 futuris,
1649 2998 1772 3035 eum
1815 2983 1990 3051 impo-

407 3080 607 3124 tentem
656 3070 891 3139 penitus,
939 3079 994 3123 et
1034 3071 1327 3124 invalidum
1379 3071 1631 3125 reddant.
1683 3071 1786 3138 Qui
1827 3074 1995 3127 nimi-

388 3168 559 3224 rum,
590 3161 717 3230 quia
768 3163 1002 3216 necdum
1042 3162 1348 3217 didicerunt
1381 3163 1649 3218 elementa
1679 3167 1990 3232 verborum,

403 3254 563 3324 32.1
593 3265 690 3322 per
717 3253 980 3308 obscuras
1009 3261 1453 3322 argumentorum
1482 3267 1703 3309 suorum
1734 3256 1995 3326 caligines
2022 3235 2067 3296 (ἶ

404 3345 662 3399 amittunt
705 3345 867 3399 clarae
916 3344 1039 3400 fidei
1081 3345 1532 3413 fundamentum;
1582 3355 1636 3400 et
1683 3346 1999 3417 ignorantes

404 3437 600 3503 adhuc,
639 3438 782 3506 quod
818 3453 846 3491 a
881 3438 1063 3507 pueris
1096 3446 1361 3492 tractatur
1404 3438 1457 3492 in
1498 3438 1723 3501 scholis,
1753 3440 1997 3507 querelae

405 3542 519 3582 sine
607 3527 911 3582 calumnias
995 3528 1195 3582 divinis
1265 3529 1519 3598 ingerunt
1618 3532 1995 3586 sacramentis.

406 3617 475 3671 Et
512 3618 639 3686 quia
685 3619 828 3672 inter
863 3619 1164 3672 rudimenta
1216 3619 1536 3673 discentium
1582 3620 1665 3674 vel
1709 3621 1847 3676 artis
1893 3623 1998 3676 bu-

409 3724 584 3763 mante
629 3705 828 3763 nullam
883 3710 1290 3778 apprehendere
1337 3710 1611 3779 peritiam,
1665 3712 1999 3766 curiositatis

399 3814 518 3852 sua!
546 3799 729 3852 nubilo
767 3800 1097 3868 perturbant
1123 3799 1382 3868 puritatis
1424 3800 1806 3855 ecclesiasticm
1833 3802 1997 3857 disci-

404 3891 631 3960 plinam.
652 3887 788 3945 illaec
811 3891 968 3960 plane
993 3907 1113 3961 qua:
1144 3905 1208 3944 ex
1237 3891 1672 3956 dialecticorum,
1701 3893 1784 3946 vel
1809 3893 1999 3948 rheto-

406 3997 526 4036 rum
552 3983 822 4052 prodeunt
850 3985 1202 4053 argumentis,
1233 4000 1337 4040 non
1366 3984 1527 4040 facile
1557 3986 1756 4040 divina:
1783 3986 1999 4042 virtutis

403 4084 533 4130 sunt
558 4077 788 4144 aptanda
825 4078 1131 4147 mysteriis;
1164 4087 1219 4131 et
1241 4093 1360 4146 qua:
1393 4079 1460 4132 ad
1489 4079 1593 4133 hoc
1625 4079 1996 4143 inventasunt,

405 4178 466 4220 ut
515 4167 569 4221 in
619 4168 1054 4238 syllogismorum
1110 4169 1471 4224 instrumenta
1534 4171 1862 4240 proficiant,
1913 4170 1998 4223 vel

405 4257 677 4311 clausulas
704 4259 1026 4321 dictionum,
1056 4260 1216 4322 absit,
1249 4271 1308 4314 ut
1334 4262 1508 4315 sacris
1557 4263 1763 4330 legibus
1791 4278 1848 4316 se
1874 4279 2000 4331 per-
2043 4305 2048 4310 .

407 4348 662 4402 tinaciter
691 4349 930 4426 inferant
962 4358 1016 4403 et
1051 4351 1249 4404 divina:
1277 4353 1464 4406 virtuti
1495 4353 1858 4408 conclusionis
1889 4369 2000 4407 sua:

412 4440 767 4494 necessitates
813 4450 1105 4509 opponant.
1155 4441 1285 4505 Qua:
1337 4452 1514 4495 tamen
1565 4443 1698 4494 artis
1753 4443 2000 4497 immane:

409 4530 629 4597 peritia,
663 4531 708 4585 si
735 4532 954 4600 quando
987 4533 1284 4586 tractandis
1319 4534 1492 4587 sacris
1521 4533 1750 4602 eloquiis
1772 4536 1997 4590 adhibe-

2099 1979 2259 2042 tiam;
2289 1986 2348 2032 et
2379 1993 2482 2033 non
2516 1977 2583 2031 ad
2613 1979 2892 2057 virtutem,
2924 1980 3006 2032 vel
3039 1982 3320 2036 materiam
3353 1999 3556 2046 rerum,
3593 1984 3688 2039 sed

2097 2071 2161 2123 ad
2190 2071 2405 2124 modum
2455 2079 2509 2125 et
2534 2072 2781 2126 ordinem
2807 2074 3141 2138 disserendi;
3165 2083 3221 2128 et
3244 2076 3687 2144 consequentiam

2054 2198 2064 2208 ,
2096 2161 2412 2225 verborum,
2463 2178 2569 2215 non
2604 2151 2767 2215 habet
2797 2163 2972 2216 locum
3007 2164 3058 2216 in
3090 2164 3345 2219 Ecclesiae
3376 2177 3686 2220 sacramen-

2077 2252 2188 2315 tis,
2218 2269 2339 2323 qua.
2372 2269 2398 2304 a
2435 2254 2617 2322 parvis
2664 2253 3005 2308 scholaribus
3033 2255 3327 2309 ventilatur
3375 2255 3426 2308 in
3465 2255 3686 2310 scholis.

2097 2343 2212 2397 Non
2244 2347 2388 2397 cnitn
2419 2345 2487 2397 ad
2515 2343 2638 2399 fidei
2670 2343 2931 2414 regulam,
2960 2345 3042 2399 vel
3076 2361 3286 2399 morum
3318 2347 3552 2416 pertinet
3586 2345 3679 2400 bo-

2097 2444 2404 2498 nestatem;
2443 2433 2536 2487 sed
2583 2433 2651 2488 ad
2701 2434 2949 2502 loquendi
2999 2435 3236 2504 copiam,
3287 2436 3688 2502 verborumque

2095 2525 2351 2578 nitorem.
2385 2524 2748 2590 Quamobrem
2787 2524 3022 2578 suﬂiciat
3059 2526 3214 2579 nobis
3248 2525 3397 2580 brevi
3429 2541 3686 2594 compen-

2079 2615 2187 2669 dio
2235 2615 2394 2669 fidem
2448 2616 2761 2679 defendere,
2809 2633 2972 2686 quam
3025 2627 3302 2680 tenemus;
3355 2619 3692 2674 sapientibus

2101 2697 2287 2742 autem
2328 2690 2488 2754 hujus
2533 2693 2743 2756 saeculi,
2775 2709 2897 2764 qtne
2943 2709 3038 2748 sua
3078 2704 3229 2762 sunt,
3269 2695 3535 2752 cedimus.
3578 2699 3685 2750 Ila-

2101 2778 2290 2844 bcant,
2326 2783 2418 2850 qui
2457 2783 2936 2848 volunt,,lttteram
2968 2778 3332 2852 occidendam,
3384 2791 3686 2844 dummodo

2099 2887 2200 2944 per
2243 2874 2334 2928 Dei
2379 2876 2810 2932 misericordiam
2853 2881 3141 2949 spiritusa
3189 2883 3345 2938 nobis
3403 2883 3687 2937 viviticans

2101 2984 2209 3023 non
2250 2969 2469 3024 recedat
2494 2968 2580 3038 (II
2618 2968 2743 3026 Cor.
2778 2973 2885 3042 tn).

2609 3093 2772 3164 322
2811 3091 3041 3162 CAPUT
3088 3091 3174 3147 vn.

2102 3179 2255 3245 Quod
2282 3181 2422 3236 Deus
2453 3182 2592 3234 intra
2617 3183 2910 3249 prwsentite
2939 3197 3050 3235 sua:
3078 3183 3270 3241 sinum,
3307 3184 3481 3237 omnia
3509 3184 3690 3247 simul,

2447 3262 2494 3305 et
2527 3262 2781 3319 tempora,
2811 3263 2856 3305 et
2881 3251 2995 3304 loca
3027 3253 3332 3307 concludat.

2169 3341 2394 3396 Constat
2457 3342 2638 3410 itaque
2687 3342 2852 3396 Deum
2902 3339 3330 3413 omnipotentem
3383 3346 3461 3399 sic
3504 3345 3688 3399 omnia

2099 3434 2292 3488 secula
2345 3435 2398 3488 in
2425 3444 2642 3489 aeternre
2687 3434 2965 3504 sapientia:
3011 3437 3428 3491 siue-thesauro
3473 3439 3693 3492 conclu-

2094 3525 2248 3590 dere,
2277 3534 2338 3579 ut
2363 3541 2462 3581 nec
2488 3527 2554 3580 ad
2579 3541 2639 3581 se
2661 3527 2793 3595 quid
2819 3528 3097 3588 accedere,
3129 3542 3227 3580 nec
3257 3543 3287 3581 a
3315 3543 3374 3582 se
3393 3528 3693 3598 quidquam

2099 3632 2198 3687 per
2223 3627 2532 3687 temporum
2561 3628 2834 3672 inoinenta
2867 3617 3048 3676 valeat
3082 3619 3336 3673 transire.
3379 3617 3437 3673 In
3467 3617 3554 3672 illa
3586 3619 3694 3688 igi-

2101 3718 2190 3764 tur
2249 3708 2502 3764 ineffabili
2560 3725 2672 3763 suze
2720 3708 3021 3778 majestatis
3074 3725 3203 3765 arce
3249 3711 3565 3780 persistens,
3613 3711 3695 3766 sic

2099 3802 2282 3856 omnia
2320 3803 2371 3856 in
2402 3802 2703 3871 przesentiae
2743 3817 2856 3856 suae
2898 3803 3190 3858 constituta
3229 3814 3544 3872 conspectu,
3583 3817 3692 3858 uno

2101 3907 2166 3946 ac
2193 3891 2424 3962 simplici
2473 3891 2871 3962 contemplatur
2925 3893 3144 3957 intuitu,
3177 3899 3238 3948 ut
3277 3894 3377 3948 sibi
3413 3909 3690 3963 nunquam

2101 3985 2317 4055 penitus
2358 3985 2442 4040 vel
2476 3985 2753 4054 praeterita
2805 3994 3102 4047 transeant,
3149 3985 3231 4041 vel
3279 3984 3455 4039 futura
3503 3999 3690 4039 succe-

2101 4077 2251 4131 dant.
2282 4076 2379 4132 Cui
2407 4077 2532 4130 dtnn
2570 4089 2784 4145 semper
2817 4091 2938 4130 esse
2967 4085 3128 4144 atque
3167 4075 3306 4131 idem
3338 4090 3460 4129 esse
3487 4085 3570 4128 est
3597 4090 3693 4144 per

2101 4169 2496 4232 mternitatem;
2531 4168 2660 4221 dum
2696 4183 2883 4231 omne,
2912 4166 3056 4236 quod
3097 4165 3316 4228 labitur,
3347 4166 3692 4220 circumscrio

2101 4259 2200 4323 bit,
2233 4259 2375 4312 intra
2425 4259 2777 4328 semetipsum
2829 4259 3074 4313 omnium
3120 4272 3312 4311 cursus
3363 4268 3690 4326 temporum,

2100 4350 2320 4403 claudit.
2352 4350 2417 4403 Et
2441 4349 2580 4404 sicut
2609 4350 2749 4403 intra
2781 4365 2838 4403 se
2865 4350 2986 4403 sine
3013 4349 3242 4402 transitu
3272 4348 3488 4403 cohibet
3509 4349 3690 4401 omnia

2095 4449 2366 4510 tempora,
2417 4441 2491 4493 ita
2536 4440 2890 4495 nihilominus
2931 4441 3072 4494 intra
3105 4455 3164 4494 se
3200 4439 3320 4492 sine
3354 4439 3544 4508 spatiis
3574 4439 3693 4492 uni-

2103 4550 2259 4589 versa
2289 4535 2531 4590 continet
2563 4534 2699 4588 loca.
2737 4533 2872 4588 llinc
2901 4545 2984 4588 est
3013 4533 3172 4602 plane
3196 4532 3339 4602 quod
3369 4533 3445 4584 ait
3470 4549 3484 4584 :
3514 4550 3532 4580 ι
3568 4530 3692 4586 (Σω-

406 4634 516 4686 tur,
563 4637 668 4676 non
720 4623 880 4678 debet
922 4623 1010 4693 jus
1064 4625 1359 4697 magisterii
1407 4627 1625 4680 sibimet
1683 4636 2000 4696 arroganter
2029 4606 2076 4665 Ῑ)
2105 4625 2214 4679 lum
2237 4635 2291 4679 et
2317 4634 2516 4680 terram
2545 4639 2645 4694 ego
2674 4623 2873 4694 impleo
2900 4621 3253 4694 (Jer.nttt).t
3273 4622 3410 4676 Hinc
3435 4630 3521 4675 est
3540 4623 3684 4690 quod

389 4713 678 4782 surripere;
719 4715 810 4768 sed
840 4714 988 4769 velut
1015 4715 1209 4768 ancilla
1247 4715 1477 4770 dominae
1503 4715 1736 4785 quodam
1769 4714 1993 4768 famula-

392 4813 495 4859 tus
532 4804 795 4874 obsequio
836 4806 1166 4870 subservire,
1199 4819 1266 4860 ne
1293 4807 1336 4860 si
1371 4807 1647 4876 praecedit,
1677 4791 1999 4873 oberret,et

405 4896 535 4948 dum
579 4897 912 4950 exteriorum
943 4898 1232 4952 verborum
1266 4899 1512 4967 sequitur
1555 4898 1994 4966 consequentias,

406 4988 614 5041 intima:
641 4988 860 5042 virtutis
889 4989 1066 5043 lumen
1120 5001 1174 5042 et
1206 5000 1412 5044 rectum
1445 4990 1690 5044 veritatis
1719 4992 1995 5045 tramitem

365 5092 391 5146 ’ί
405 5079 616 5147 perdat.
647 5077 782 5144 Quis
809 5079 954 5132 enim
999 5079 1284 5134 manifeste
1321 5097 1422 5134 non
1451 5082 1654 5145 videat,
1677 5081 1803 5151 quia
1833 5085 1877 5136 si
1907 5099 1999 5135 ar-

369 5169 902 5238 ;gnmentationibus
938 5169 1076 5234 istis,
1108 5180 1166 5224 ut
1189 5185 1309 5226 sese
1331 5171 1464 5225 ordo
1487 5174 1777 5227 verborum
1810 5173 1992 5234 habet,

405 5261 540 5316 fides
579 5261 889 5325 adhibetur,
933 5261 1112 5315 divina
1143 5263 1315 5316 virtus
1359 5265 1409 5316 in
1444 5272 1744 5333 temporum
1773 5264 1996 5333 quibus-

369 5387 374 5391 -
403 5368 510 5420 que
540 5354 832 5408 momentis
857 5354 1126 5422 impotens
1153 5357 1504 5410 ostendatur?
1540 5355 1673 5409 Nam
1695 5355 1848 5424 juxta
1892 5356 1992 5410 fri-

377 5444 541 5497 «volae
561 5445 876 5513 quaestionis
901 5445 1232 5515 obloquium,
1254 5463 1358 5513 non
1387 5448 1792 5517 prmvaletDeus
1810 5464 1992 5518 agere,

405 5545 464 5588 ut
489 5536 572 5591 vel
598 5537 798 5592 dudum
826 5553 946 5607 quin
979 5540 1115 5592 facta
1149 5550 1296 5604 sunt,
1329 5540 1468 5594 facta
1510 5558 1616 5595 non
1651 5524 1878 5607 fuerint;
1911 5545 1993 5597 vel

2103 4717 2382 4787 Sapientia
2434 4716 2578 4770 illius
2625 4715 2757 4771 dicit
2786 4733 2800 4772 :
2834 4734 2849 4765 ε
2877 4715 3088 4786 Cyrum
3137 4713 3258 4768 cmli
3303 4712 3530 4766 cireuivi
3561 4710 3690 4765 sola

2101 4809 2292 4879 (Eccli.
2329 4809 2499 4878 xxiv).
2531 4825 2554 4860 ι»
2584 4809 2657 4862 De
2685 4818 2788 4877 Qua
2820 4817 2876 4861 et
2901 4806 3158 4861 Salomon
3204 4804 3318 4859 ait:
3349 4822 3367 4854 ι
3396 4802 3531 4870 Quia
3562 4817 3686 4856 eum

2101 4903 2172 4958 sit
2203 4917 2330 4963 una,
2364 4901 2544 4955 omnia
2593 4909 2791 4969 potest,
2821 4907 2879 4953 et
2905 4911 3229 4967 permanens
3271 4897 3322 4950 in
3359 4909 3437 4958 se,
3473 4894 3691 4947 innovat

2102 4994 2282 5048 omnia
2313 4993 2468 5062 (Sap.
2501 4993 2618 5053 vn).
2658 5011 2675 5042 ι
2723 4991 2789 5044 Et
2824 4991 2964 5044 idem
2995 4989 3160 5042 alibi:
3217 5005 3239 5038 ι
3287 4987 3353 5051 Si
3393 4985 3588 5040 malum
3636 4994 3691 5037 et

2104 5087 2225 5141 caeli
2259 5085 2520 5140 coalornm
2551 5093 2602 5137 te
2623 5097 2823 5152 capere
2855 5097 2960 5134 non
2998 5088 3261 5150 possunt:
3288 5087 3492 5148 quanto
3518 5074 3692 5144 magis

2103 5178 2293 5230 domus
2346 5175 2483 5238 haec,
2530 5189 2690 5243 quam
2735 5171 2998 5226 :edilicavi
3041 5170 3172 5225 tibi!
3210 5189 3228 5220 ι
3258 5167 3341 5237 (ΙΙ
3371 5165 3554 5220 Paral.
3589 5167 3689 5234 vt.)

2103 5270 2180 5324 De
2209 5267 2364 5337 cujus
2392 5268 2556 5328 etiam
2591 5265 2799 5336 Spiritu
2834 5263 3094 5334 scriptum
3125 5273 3244 5317 est:
3275 5280 3294 5310 ι
3324 5258 3560 5329 Spiritus
3588 5257 3690 5310 Do-

2100 5359 2235 5413 mini
2266 5357 2492 5427 replevit
2520 5358 2709 5412 orbem
2742 5364 3034 5414 terrarum,
3065 5362 3120 5406 et
3150 5353 3252 5406 hoc
3279 5350 3422 5420 quod
3449 5347 3706 5414 continet

2101 5453 2284 5506 omnia
2328 5449 2478 5521 (Sep.
2522 5450 2584 5520 ι).
2628 5470 2643 5500 ι
2698 5449 2774 5502 De
2823 5462 2930 5515 quo
2978 5461 3166 5500 rursus
3215 5444 3452 5498 dicitur:
3504 5458 3524 5490 ι
3554 5439 3690 5507 Quia

2097 5545 2337 5597 omnium
2365 5551 2448 5597 est
2485 5541 2703 5606 artifex,
2751 5554 2969 5593 omnem
3008 5539 3170 5592 habet
3201 5536 3479 5595 virtutem,
3508 5530 3689 5586 omnia

363 5642 434 5678 --.c
464 5627 700 5693 diverso,
730 5645 850 5698 quae
890 5629 1032 5684 facta
1080 5647 1185 5684 non
1229 5640 1374 5694 sunt,
1427 5631 1567 5685 facta
1621 5632 1854 5698 fuerint;
1911 5635 1990 5689 vel

378 5738 434 5793 .q
465 5739 526 5776 ἰε
559 5739 707 5778 nime
747 5733 905 5788 sunt,
947 5723 1194 5794 quandiu'
1239 5737 1383 5790 sunt,
1431 5745 1534 5781 non
1575 5729 1713 5791 sint;
1764 5731 1846 5785 vel
1873 5748 1994 5802 qua:

375 5821 583 5870 statura
611 5829 755 5876 Sunt.
787 5819 960 5871 futura
994 5835 1096 5871 non
1122 5821 1256 5881 sint;
1285 5819 1370 5874 vel
1393 5836 1420 5872 e
1443 5832 1784 5888 ronlrarqutc
1813 5824 1992 5878 l'ulura

2095 5634 2434 5706 prospiciens
2463 5632 2617 5702 (Sep.
2649 5633 2766 5699 vn).
2803 5651 2820 5682 ι
2873 5631 2939 5683 Et
2966 5629 3224 5684 Dominus
3251 5642 3347 5697 per
3371 5624 3689 5696 prophetam

2097 5727 2256 5779 dicit:
2289 5724 2525 5779 «Cutlum
2554 5723 2682 5778 mihi
2712 5723 2868 5777 sedes
2885 5731 2987 5784 est,
3016 5730 3157 5775 terra
3185 5729 3364 5774 autem
3392 5714 3688 5772 scabellum

2095 5819 2290 5889 pedum
2339 5833 2583 5874 meorum
2636 5815 2772 5885 (Ira.
2819 5815 2985 5882 Lm).
3021 5835 3036 5865 ›
3110 5813 3452 5880 Rursumque
3503 5807 3567 5860 dc
3607 5819 3678 5858 eo
3771 5876 3774 5879 _
