4048 6190
373 415 481 469 605

1235 429 1480 487 OPUSC.
1523 434 1775 489 XXXVI.
1816 463 1882 474 --
1926 436 2011 489 DE
2049 437 2275 491 DlV'lNA
2310 435 2854 498 OMNIPBTENTIA.

3537 445 3644 503 606

318 557 330 566 -
361 527 635 597 scriptum
669 540 794 588 est:
829 551 847 584 t
879 533 1087 591 Cotlqu
1137 545 1364 598 metitur
1406 547 1607 615 palmo,
1644 558 1696 601 et
1741 563 1956 602 onmem
1987 556 2032 608 Α
2066 555 2278 604 theatro
2304 555 2534 615 residet,
2571 570 2676 606 non
2723 560 2885 608 simul
2917 555 3103 610 omnia
3152 557 3322 623 videt;
3349 544 3490 629 quia
3521 577 3642 615 cunt

359 629 561 675 terram
592 625 792 691 pugillo
821 631 1096 685 concludit
1406 638 1547 705 (Isu.
1604 643 1716 708 χι).
1754 661 1772 694 ι
1819 644 1946 697 Secti

353 711 573 780 quippe,
625 715 710 768 cui
757 721 1029 786 prarsidet,
1084 723 1311 779 interior
1359 729 1412 782 et
1460 732 1709 799 superior
1743 745 1946 790 manet.

2056 641 2288 695 intendit
2309 644 2482 697 aciem
2509 653 2636 698 ante
2661 660 2741 709 se,
2767 661 2871 700 non
2903 647 3048 700 videt
3075 658 3194 717 post
3221 663 3307 713 se;
3340 652 3430 719 qui
3461 661 3643 708 autem

2055 748 2160 786 non
2199 734 2258 787 in
2299 735 2537 798 theatro,
2587 736 2680 789 sed
2723 752 2886 805 super
2937 737 3206 792 theatrum
3250 740 3520 795 excelsior
3548 757 3639 796 su-
3725 739 3729 744 ”

355 801 490 856 Nam
523 819 621 874 per
651 806 704 860 id
730 809 928 863 caelum
957 813 1136 882 palmo
1160 818 1408 875 metiens.
1450 832 1503 875 et
1533 830 1733 877 terram
1767 821 1971 896 pugillo
2052 825 2372 893 pereminet,
2414 827 2581 880 totius
2607 801 2846 895 undique
2888 827 3198 882 interiorem
3239 829 3433 883 theatri
3465 831 3639 886 ambi-

349 896 707 966 ooncludens,
746 905 1054 959 ostenditur
1075 909 1216 974 quod
1261 911 1374 980 ipse
1413 914 1484 967 sit
1523 915 1948 988 circumquaque

351 987 568 1042 Cunctis
590 991 772 1053 rebus,
789 1007 925 1060 quas
947 997 1169 1057 creavit,
1186 1001 1450 1055 exterior.
1474 1000 1533 1056 ld
1551 1021 1785 1074 namque
1805 987 1946 1076 quod

353 1077 581 1133 interius
634 1084 1000 1150 concluditur,
1034 1104 1061 1139 a
1095 1091 1453 1148 coneludente
1489 1093 1727 1152 exterius
1764 1102 1944 1155 couti-

349 1178 530 1222 netur.
565 1170 670 1225 Per
696 1176 877 1229 sedem
909 1192 1058 1245 ergo,
1098 1181 1182 1233 cui
1218 1184 1488 1250 praesidet.
1523 1203 1642 1242 esse
1690 1189 1941 1256 interius,

347 1269 401 1312 et
429 1277 594 1328 supra
624 1269 1009 1332 perpenditur;
1050 1287 1148 1340 per
1172 1273 1426 1345 pugilium
1451 1293 1607 1344 vero,
1632 1296 1739 1350 quo
1766 1285 1941 1337 conti-

349 1360 464 1412 net,
492 1368 614 1407 esse
645 1357 905 1422 exterius,
960 1362 1258 1432 subterque
1305 1368 1571 1438 signatur.
1624 1372 1759 1440 Quia
1795 1376 1939 1429 enim

348 1442 466 1509 ipse
491 1455 678 1499 manet
716 1447 857 1500 intra
889 1453 1093 1515 omnia,
1127 1455 1241 1524 ipse
1271 1470 1423 1512 extra
1456 1463 1658 1527 omnia,
1706 1465 1818 1535 ipse
1844 1481 1940 1519 su-

341 1546 443 1600 per
483 1536 688 1599 omnia,
740 1538 854 1607 ipse
905 1543 1042 1597 infra
1081 1547 1284 1611 omnia,
1329 1560 1382 1605 et
1438 1556 1688 1622 superior
1730 1570 1812 1612 est
1841 1576 1939 1628 per

342 1624 665 1688 potentiam,
714 1636 769 1680 ct
819 1629 1044 1685 inferior
1089 1645 1171 1688 est
1222 1652 1319 1706 per
1366 1624 1937 1709 sustentationem—et

338 1713 580 1766 exterior
611 1731 705 1783 per
736 1720 1180 1788 magnitudinem,
1211 1736 1264 1779 et
1291 1729 1520 1786 interior
1543 1748 1638 1801 per
1662 1736 1935 1792 subtilita-

340 1809 472 1854 tem.
536 1801 634 1857 Uhi
688 1820 818 1877 ergo
858 1809 930 1862 sit
950 1811 1152 1881 aliquid
1196 1817 1401 1887 absque
1431 1836 1529 1886 eo,
1561 1825 1652 1893 qui
1683 1841 1804 1879 cum
1836 1843 1934 1896 per

2053 923 2164 967 tum
2217 929 2325 967 uno
2373 914 2786 983 comprehendit
2849 925 3110 985 aspectu;
3175 918 3250 972 ita
3296 919 3641 988 omnipotens

2051 1005 2216 1067 Deus,
2240 1005 2367 1072 quia
2397 1007 2669 1067 omnibus,
2703 1013 2826 1074 qua:
2854 1006 3162 1071 volvuntur,
3200 1008 3627 1078 incomparabili-

2050 1105 2134 1150 ter
2159 1098 2549 1166 supereminet,
2581 1099 2764 1152 omnia
2795 1098 2958 1152 simul
3003 1099 3116 1154 suis
3143 1099 3383 1167 suhjeeta
3414 1116 3642 1171 conspe-

2046 1189 2225 1244 ctihns
2270 1192 2690 1260 praesentialiter
2737 1192 2903 1246 videt.
2943 1191 3026 1252 Et,
3069 1201 3128 1245 ut
3163 1193 3306 1261 quod
3347 1193 3637 1263 loquimur,

2045 1294 2152 1332 non
2187 1281 2347 1334 modo
2375 1281 2533 1334 vivax
2564 1281 2837 1351 ingenium
2863 1282 3063 1351 capiat,
3096 1283 3189 1337 sed
3213 1292 3268 1336 et
3291 1283 3450 1350 deses
3473 1283 3636 1351 quili-

2044 1372 2135 1422 bet
2163 1368 2320 1424 facile
2349 1373 2792 1441 comprehendat,
2824 1373 2996 1440 major
3017 1375 3173 1428 nobis
3198 1375 3436 1428 varietas
3468 1384 3552 1428 est
3583 1375 3637 1429 in

2043 1462 2146 1515 hoc
2186 1473 2291 1516 tam
2324 1464 2648 1516 brevissimo
2693 1464 2949 1532 temporis
2980 1473 3198 1534 puncto,
3261 1481 3370 1534 quo
3401 1466 3635 1520 dicimus

2041 1550 2262 1616 CtBlllm,
2331 1569 2493 1621 quam
2563 1545 2809 1608 Deo'sit
2872 1554 3031 1607 simul
3095 1555 3361 1624 inspicere
3424 1553 3635 1608 inﬁnita

2040 1641 2281 1694 omnium
2327 1644 2500 1712 spatia
2547 1643 2890 1696 saeculorum.
2945 1642 3079 1696 Nam
3117 1659 3241 1697 cum
3272 1642 3432 1710 hujus
3468 1643 3634 1711 parti-

2037 1730 2172 1786 cula:
2199 1731 2372 1800 prima
2399 1733 2598 1785 dicitur
2625 1733 2852 1803 syllaba,
2880 1743 3122 1787 remanet
3153 1733 3329 1787 adhuc
3359 1734 3630 1799 secunda;

2036 1833 2240 1878 etcum
2279 1824 2517 1878 secunda
2551 1833 2730 1885 sonat,
2753 1825 2866 1894 jam
2912 1825 3084 1892 prima
3113 1824 3449 1893 pertransiit.
3488 1823 3633 1879 Dens

338 1892 535 1948 molem
559 1899 803 1966 corporis
841 1915 1108 1971 nusquam
1139 1917 1242 1970 est,
1275 1925 1372 1978 per
1399 1911 1927 1988 incircumsCriptam
1962 1889 2007 1949 Β
2035 1925 2213 1970 autem
2241 1932 2349 1970 uno
2402 1927 2566 1986 atque
2597 1915 2850 1971 ineﬂ‘abili
2879 1931 2988 1972 suae
3011 1917 3490 1986 contemplationis
3520 1916 3629 1972 ictu

334 1983 695 2040 Substantiaru
740 2006 1006 2062 nusquam
1035 1997 1220 2052 deest?
1265 2000 1338 2057 De
1368 2018 1476 2072 quo
1503 2007 1580 2060 ait
1603 1983 1926 2078 Apostolus:

339 2089 363 2126 σ
388 2073 526 2142 Quia
560 2079 613 2131 in
647 2080 764 2150 ipso
793 2094 1043 2139 constant
1070 2090 1276 2145 omnia.
1317 2112 1334 2144 ι
1371 2093 1436 2148 Εῑ
1467 2073 1695 2155 rursus:
1726 2120 1744 2151 ‹
1783 2102 1930 2169 Quo-

330 2165 476 2218 niam
515 2183 581 2221 ex
620 2169 754 2236 ipso,
787 2183 840 2226 et
869 2191 966 2244 per
1010 2178 1214 2246 ipsum,
1233 2191 1288 2235 et
1337 2185 1388 2238 in
1423 2186 1540 2254 ipso
1564 2199 1692 2244 sunt
1743 2195 1926 2248 omnia

328 2255 558 2330 (Colon.
593 2265 656 2330 ι).
692 2283 709 2314 ι
773 2265 866 2318 Est
907 2269 1076 2331 enim,
1107 2283 1166 2325 ut
1197 2273 1268 2326 ita
1301 2274 1560 2344 dixerim,
1614 2280 1764 2336 locus
1812 2283 1928 2338 illo-

325 2351 482 2414 calis,
530 2356 622 2422 qui
676 2356 755 2410 sic
794 2358 844 2441 in
881 2375 939 2412 se.
987 2364 1229 2418 continet
1277 2369 1458 2423 omnia
1510 2370 1661 2435 loca,
1719 2383 1778 2427 ut
1818 2391 1923 2429 non

327 2451 616 2496 moveatur
650 2445 765 2514 ipse
803 2463 899 2516 per
943 2449 1060 2505 loca
1089 2469 1101 2504 :
1129 2463 1182 2507 et
1223 2471 1344 2509 cum
1387 2460 1568 2513 omnia
1614 2462 1773 2515 simul
1819 2465 1924 2518 im-

324 2524 494 2604 pleat,
544 2549 648 2590 non
681 2554 776 2606 per
824 2552 1007 2610 partes
1052 2545 1133 2598 sui
1167 2559 1395 2618 occupat
1439 2561 1622 2620 partes
1671 2555 1794 2619 loci,
1831 2560 1922 2613 sed

326 2634 471 2680 totus
506 2628 705 2697 uhiquc
743 2641 849 2694 est,
888 2649 992 2688 nec
1035 2651 1133 2704 per
1183 2639 1446 2710 ampliora
1491 2642 1614 2698 loca
1657 2645 1917 2709 diffusior,

323 2732 424 2772 nec
449 2734 545 2788 per
572 2725 885 2791 angustiora
933 2731 1288 2797 contractior,
1324 2750 1424 2789 nec
1457 2736 1628 2792 altior
1657 2738 1710 2793 in
1744 2743 1919 2798 excel-

321 2810 424 2874 sis,
475 2826 574 2868 nec
621 2814 742 2883 plus
787 2817 1098 2876 humiliatus
1145 2823 1198 2877 in
1238 2825 1459 2890 inlimis,
1502 2847 1608 2884 non
1661 2833 1832 2902 major
1864 2838 1915 2892 in

322 2903 564 2971 magnis,
582 2920 685 2981 non
721 2907 899 2962 minor
939 2911 990 2963 iu
1027 2912 1294 2978 minimis;
1333 2919 1430 2972 ‘sed
1461 2935 1621 2985 unus,
1649 2925 1917 2997 idemque

319 2990 551 3061 simplex
584 3003 638 3048 et
670 2999 896 3065 :eqnalis
923 3001 1145 3071 ubique,
1174 3005 1317 3059 nulla
1353 3007 1598 3079 indigens
1646 2990 1910 3082 creatura.

319 3081 413 3135 sed
457 3099 523 3137 eo
571 3085 778 3155 indiget
822 3093 1002 3146 omnis
1048 3091 1320 3151 creatura.
1368 3097 1501 3155 Nam
1529 3113 1591 3158 'et
1622 3116 1912 3179 antequam

318 3172 553 3228 virtutes
592 3177 864 3248 angelicas
922 3183 1253 3240 condidisset
1325 3203 1616 3262 antequam
1701 3172 1912 3270 tempus

313 3262 478 3364 62-3
515 3272 814 3338 temporale
862 3274 1062 3344 aliquid
1111 3279 1440 3349 exstitisset,
1469 3286 1688 3356 plenas,
1740 3262 1906 3364 atque

225 3407 236 3413 ,
313 3357 586 3454 perfectas
649 3361 1074 3422 immortalitatis
1141 3371 1356 3428 divitias
1404 3386 1458 3431 et
1512 3379 1697 3450 gloria:
1742 3357 1958 3454 possi-~

311 3445 498 3538 debat.
541 3449 624 3503 Ad
679 3455 974 3510 creandum
1023 3459 1208 3528 igitur,
1273 3466 1415 3533 quod
1453 3445 1569 3524 non
1613 3445 1757 3538 erat:
1796 3488 1911 3531 non

311 3534 624 3595 solitudinis
653 3555 775 3596 eum
797 3585 811 3607 ,
841 3546 922 3599 vel
953 3547 1181 3618 aliCujus
1231 3553 1426 3624 inopiae
1466 3534 1766 3618 necessitas
1812 3566 1913 3619 im-

310 3624 469 3691 pulit,
522 3629 618 3683 sed
667 3629 776 3683 sola
832 3636 1063 3702 preprhe
1115 3638 1416 3697 clementia!
1467 3645 1682 3705 bonitas
1713 3667 1912 3721 provo-

306 3715 471 3769 cavit.
505 3715 616 3772 Nec
657 3721 975 3778 beatitudini
1013 3723 1128 3793 ejus
1159 3745 1342 3786 rerum
1381 3737 1622 3794 conditio
1657 3715 1911 3801 conferre

305 3806 538 3883 aliquid;
570 3814 765 3881 potuit,
815 3832 936 3872 cum
983 3819 1054 3874 ita
1095 3838 1191 3892 per
1229 3839 1305 3888 se,
1347 3829 1485 3882 et'in
1522 3848 1580 3887 se
1614 3835 1684 3888 sit
1719 3838 1911 3905 plenus

303 3905 471 3966 atque
499 3903 799 3970 perfectus;
843 3919 900 3960 ut
929 3925 1028 3964 nec
1068 3915 1335 3970 existente
1370 3930 1645 3984 creatura.
1678 3903 1780 3979 sibi
1811 3928 1910 3980 ali-

301 3990 435 4059 quid
494 3995 737 4059 accedat,
791 4014 889 4052 uec
938 4016 998 4054 ea
1050 4015 1311 4070 pereunte
1357 4009 1603 4067 decedat.
1665 4016 1905 4072 «Omnia

298 4083 574 4150 siquidem
607 4085 830 4144 ﬂumina
879 4093 1083 4148 intrant
1116 4096 1170 4149 in
1202 4110 1372 4165 mare,
1407 4112 1462 4156 et
1491 4113 1648 4160 mare
1677 4125 1783 4162 non
1819 4125 1903 4164 re-

296 4173 506 4227 dundat
537 4175 735 4249 (Eccle.
768 4180 829 4249 ι).
872 4179 900 4232 ι’

914 4273 1146 4332 CAPUT
1184 4279 1294 4335 γη.

358 4372 435 4427 De
464 4375 558 4430 Dei
587 4379 849 4449 simplici,
877 4396 936 4468 et.
960 4403 1087 4469 uno,
1118 4392 1375 4469 distinctu
1400 4405 1575 4452 tamen
1606 4404 1840 4456 omnium

665 4467 838 4506 rerum
861 4466 1102 4522 scicntia,
1126 4471 1176 4514 et
1193 4466 1536 4528 providentia.

374 4533 467 4588 Est
499 4535 657 4605 plane
686 4541 796 4596 Deo
827 4545 968 4599 sicut
1003 4560 1334 4607 coaeternum
1376 4560 1558 4613 omnia
1603 4579 1783 4631 posse,
1819 4567 1898 4620 sic

292 4631 352 4676 ct
383 4629 564 4681 omnia
595 4645 774 4696 nosse,
795 4635 1046 4707 idemque
1067 4657 1284 4712 semper
1303 4647 1565 4703 existere.
1597 4629 1652 4705 lu
1678 4653 1768 4708 illo
1798 4656 1897 4710 ita-

291 4727 403 4810 que
433 4730 648 4771 summo
678 4720 863 4776 rerum
895 4729 1116 4781 cardine
1148 4741 1466 4788 naturarum
1504 4741 1746 4796 omnium
1769 4743 1894 4810 jura

289 4801 650 4875 dispensans,
681 4813 758 4866 sic
795 4818 975 4869 omnia
1005 4821 1276 4890 tempora,
1311 4828 1584 4892 praeterita
1620 4801 1887 4898 videlicet,

291 4900 583 4964 pnrsentia
625 4913 678 4956 et
725 4903 930 4973 futura,
982 4910 1119 4964 intra
1169 4928 1280 4966 sua:
1323 4918 1648 4982 provisiouis
1688 4936 1888 4976 arcana

247 4995 266 5006 '
290 4990 696 5058 complectitur,
729 5005 787 5049 ut
819 5014 919 5052 nec
950 5017 1146 5055 novum
1179 5004 1387 5075 aliquid
1423 5009 1526 5062 sibi
1557 5013 1770 5079 penitus
1800 5030 1889 5070 ac-

287 5081 486 5147 cedat;
519 5101 618 5140 nec
648 5087 848 5158 aliquid
880 5093 948 5147 ab
979 5111 1046 5148 eo
1074 5111 1168 5164 per
1191 5113 1384 5154 cursus
1433 5113 1703 5158 momenta
1737 5123 1889 5162 recc-

287 5172 418 5236 tlat;
450 5175 544 5227 sed
585 5192 684 5232 nec
709 5180 940 5236 diversis
975 5185 1252 5243 obtutibus
1299 5192 1510 5247 diversa
1554 5197 1883 5264 considerat,

286 5271 353 5314 ut
380 5279 501 5317 cum
533 5267 762 5324 intendit
789 5276 1102 5342 prattcritis,
1137 5290 1294 5335 vacet
1327 5299 1355 5335 a
1385 5287 1761 5354 prmseutibus,
1803 5292 1887 5344 vel

285 5351 520 5421 futuris;
560 5361 642 5413 vel
671 5377 860 5419 rursus
891 5383 1015 5421 cum
1055 5373 1369 5438 praesentia,
1409 5377 1523 5430 sive
1550 5377 1729 5433 futura
1757 5396 1886 5435 con-

281 5441 520 5509 siderat,
547 5449 737 5506 oculos
761 5469 791 5505 a
823 5459 1181 5522 pnesentibus
1215 5473 1454 5528 avertat;
1495 5467 1588 5521 sed
1614 5484 1722 5523 uno
1745 5471 1882 5524 dun-

285 5544 441 5589 taxat
491 5554 554 5594 ac
583 5541 812 5613 simplici
844 5550 1280 5615 pragsen’tissima:
1315 5555 1616 5624 majestatis
1656 5560 1874 5627 intuitu,

279 5627 450 5683 simul
481 5635 662 5688 omnia
695 5641 1130 5708 comprehendit.
1180 5643 1363 5717 Neque
1387 5651 1490 5704 hoc
1519 5652 1762 5717 confuse,
1793 5663 1876 5709 at-

277 5735 397 5791 que
442 5723 790 5798 iuexplicate,
831 5733 925 5814 sed
963 5737 1147 5791 omnia
1184 5739 1472 5801 discernit,
1525 5753 1688 5813 atque
1720 5746 1873 5816 juxta

277 5817 676 5885 proprietatem
715 5838 868 5879 suam
897 5841 1123 5898 qumque.
1169 5831 1466 5904 distinguit.
1503 5835 1663 5892 l‘lane
1693 5841 1782 5908 qui
1823 5840 1873 5894 iu

2043 2007 2202 2061 simul
2247 2008 2428 2061 omnia
2473 2007 2758 2076 censpicit,
2804 2016 2859 2061 et
2885 2007 3270 2077 conspicientlo
3323 2007 3628 2078 distinguit.

2031 2098 2225 2154 Omnia
2275 2099 2667 2154 circumdando
2708 2108 2978 2169 penetrat,
3037 2111 3090 2152 et
3143 2099 3479 2169 penetrando
3521 2099 3632 2153 cir-

2029 2191 2270 2243 cumdat.
2335 2189 2476 2245 Hinc
2528 2201 2653 2255 est,
2720 2191 2864 2260 quod
2923 2189 3118 2244 Petrus
3177 2189 3252 2242 ait
3317 2188 3624 2258 apostolus:

2036 2303 2053 2335 ι
2084 2285 2263 2339 Unum
2304 2285 2408 2340 hoe
2440 2302 2545 2341 non
2579 2285 2744 2340 lateat
2785 2301 2902 2349 vos,
2930 2285 3260 2351 charissimi,
3309 2285 3439 2355 quia
3487 2300 3628 2338 unus

2028 2377 2144 2432 dies
2200 2378 2338 2446 apud
2385 2377 2578 2438 Deum,
2626 2379 2768 2431 sicut
2813 2378 2960 2432 mille
3007 2377 3169 2441 anui,
3203 2387 3257 2432 et
3287 2377 3432 2432 mille
3472 2376 3624 2439 anni,

2027 2468 2167 2520 sicut
2195 2467 2310 2520 dies
2353 2482 2491 2520 unus
2539 2466 2623 2536 (II
2650 2461 2972 2533 Pc‘t'r.‘m).~n
3002 2468 3067 2521 Et
3105 2467 3230 2536 quia
3284 2466 3622 2520 millenarius

2027 2574 2283 2612 mmet-us
2313 2559 2587 2628 perfectus
2617 2569 2723 2623 est,
2751 2561 2901 2614 mille
2944 2576 3117 2614 annos
3152 2561 3331 2629 posuit
3376 2574 3476 2628 pro
3506 2559 3621 2611 lon-

2023 2649 2286 2718 gitudine,
2333 2658 2387 2702 ct
2433 2650 2743 2718 prolixitate
2792 2650 3036 2704 omnium
3083 2650 3428 2705 saeculorum.
3465 2647 3622 2704 Unde

2023 2751 2074 2795 et
2124 2741 2462 2795 Psalmista:
2512 2761 2530 2792 ι
2581 2741 2742 2803 Mille,
2798 2742 3009 2810 inquit,
3065 2742 3192 2796 anni
3249 2751 3373 2795 ante
3434 2739 3621 2796 oculos

2023 2841 2164 2896 tuos,
2215 2842 2472 2901 tanquam
2511 2833 2629 2902 dies
2663 2834 2942 2897 hes'tema,
2989 2850 3109 2902 qua:
3134 2833 3402 2903 ,prteteriit
3443 2829 3616 2903 (Ptol.

2021 2925 2279 2996 Lxxxtx);
2312 2945 2332 2977 ι
2377 2927 2503 2995 quia
2527 2927 2790 2996 quidquid
2821 2933 2850 2980 a
2882 2927 3038 2981 nobis
3059 2924 3301 2980 futurum
3327 2934 3608 2996 exspecta-

2022 3029 2128 3081 tur,
2162 3016 2274 3085 jam
2297 3019 2414 3072 Deo
2442 3033 2540 3088 per
2570 3019 2753 3072 omnia
2809 3027 3020 3082 notum,
3072 3018 3228 3088 quasi
3280 3017 3616 3086 prmteritunt

2017 3120 2138 3162 esse.
2161 3108 2493 3162 decernitur.
2543 3108 2636 3162 Est
2688 3109 2861 3171 enim,
2908 3110 3053 3164 sicut
3101 3109 3216 3179 ipse
3243 3110 3310 3163 de
3353 3125 3412 3164 se
3449 3109 3612 3164 dicit:

2027 3217 2044 3250 ι
2096 3197 2267 3270 Alpha
2312 3204 2367 3254 et
2417 3199 2650 3269 Omega,
2699 3200 2921 3254 initium
2966 3211 3021 3254 et
3068 3201 3192 3254 linis
3242 3200 3425 3270 (Apoc.
3471 3201 3532 3271 I).
3590 3219 3610 3251 ι

2021 3290 2088 3344 Ει
2138 3297 2234 3360 per
2281 3291 2598 3360 prophetam
2647 3310 2660 3345 :
2697 3310 2715 3342 ι
2766 3294 2904 3346 Ante
2949 3308 3035 3347 me
3077 3308 3184 3347 non
3229 3301 3314 3347 est
3345 3292 3615 3348 formatus

2022 3380 2206 3446 Deus,
2255 3379 2426 3451 624
2473 3390 2528 3433 et
2571 3390 2692 3450 post
2739 3397 2827 3434 me
2875 3394 2979 3434 non
3027 3383 3134 3435 erit
3183 3380 3320 3444 (ha.
3371 3382 3547 3452 xutt).
3585 3402 3603 3435 ο

2017 3473 2172 3527 Enim
2199 3488 2351 3537 vero,
2383 3473 2510 3542 quia
2551 3474 2605 3526 in
2645 3487 2900 3542 supremo
2944 3487 3128 3528 rerum
3172 3475 3376 3529 vertice
3424 3472 3612 3529 ineffa-

2014 3564 2200 3619 biliter
2247 3566 2681 3632 supereminens,
2715 3566 2872 3636 quasi
2919 3568 3152 3636 quodam
3227 3565 3610 3636 profunditatis

2014 3665 2070 3710 et
2107 3656 2298 3710 aeterni
2332 3656 2541 3711 consilii
2571 3657 2652 3710 sui
2689 3657 2895 3713 circulo
2927 3673 3032 3713 non
3065 3658 3226 3713 modo
3249 3668 3444 3713 cuneta
3473 3668 3609 3714 tem-

2013 3761 2206 3814 porum
2243 3746 2444 3814 spatia,
2476 3747 2570 3800 sed
2602 3755 2658 3802 et
2687 3747 2835 3813 loca,
2864 3757 2920 3802 et
2946 3749 3230 3805 universas
3260 3749 3610 3818 amplectitur

2012 3847 2327 3898 creaturas,
2357 3846 2413 3890 ct
2440 3837 2555 3890 hmo
2590 3838 2912 3892 omnia-uno
2959 3839 3446 3908 contemplationis
3470 3837 3603 3902 ictu,

2011 3941 2074 3979 ac
2105 3927 2334 3996 simplici
2363 3941 2581 3996 semper
2617 3927 2863 3996 aspectat
2901 3930 3136 3993 iutuittt;
3172 3947 3280 3984 non
3332 3931 3604 3984 immerito

2009 4019 2157 4073 solus
2184 4029 2398 4089 potens,
2436 4020 2583 4075 solus
2610 4031 2869 4080 mternns.
2900 4022 3048 4076 solus
3078 4023 3280 4076 dicitur
3325 4023 3603 4075 immorta-

2009 4111 2092 4166 lis.
2143 4109 2296 4166 Unde
2345 4121 2399 4165 et
2428 4112 2757 4180 Apostolus:
2788 4133 2806 4163 ι
2841 4112 2995 4181 Regi,
3052 4113 3252 4182 inquit,
3279 4112 3598 4167 smculorum
3644 4150 3648 4154 -

2009 4202 2300 4256 immortali
2348 4213 2403 4256 et
2451 4203 2734 4268 invisibili,
2781 4204 2882 4259 soli
2911 4204 3020 4259 Deo
3049 4205 3224 4258 honor
3272 4213 3328 4258 et
3351 4203 3597 4274 gloria.(l

2009 4293 2143 4347 Tim.
2180 4295 2242 4362 ι).
2278 4314 2295 4346 ι
2349 4295 2414 4348 Et
2442 4295 2620 4350 idem:
2673 4317 2689 4346 ι
2724 4297 2948 4362 Beatus,
2979 4305 3034 4350 et
3072 4297 3224 4350 solus
3267 4305 3458 4365 potens
3483 4295 3598 4349 Rex

2003 4391 2293 4456 regum.,'et
2327 4388 2584 4442 Dominus
2629 4388 3051 4451 dominantium,
3098 4389 3190 4458 qui
3241 4389 3393 4443 solus
3435 4388 3599 4442 habet

2004 4477 2471 4533 immortalitatem
2498 4519 2514 4543 ,
2561 4488 2615 4532 et
2659 4479 2832 4534 lucem
2881 4481 3088 4534 habitat
3139 4479 3594 4541 inaccessibilem,

1930 4609 1974 4664 ο
2002 4583 2164 4635 quem
2210 4585 2372 4623 nemo
2418 4570 2698 4623 hominum
2733 4569 2888 4632 vidit,
2924 4585 3024 4624 nec
3055 4569 3237 4625 videre
3286 4579 3463 4638 potest
3507 4569 3523 4636 (
3567 4566 3594 4621 1

2007 4657 2138 4710 Tim.
2163 4659 2266 4727 vt);
2307 4680 2325 4709 ι
2359 4676 2492 4712 nam
2526 4669 2578 4712 et
2609 4660 2847 4729 angelica
2880 4660 3075 4722 virtus,
3101 4660 3230 4714 licet
3258 4670 3452 4728 potens
3491 4661 3586 4721 sit.

2001 4763 2106 4800 non
2142 4758 2318 4802 tamen
2349 4764 2377 4801 a
2407 4765 2489 4812 sc,
2514 4750 2608 4803 sed
2637 4751 2704 4802 ab
2729 4749 2819 4802 illo
2845 4760 2932 4802 est
2957 4766 2971 4801 :
3002 4749 3125 4802 licet
3151 4749 3471 4802 immortalis
3495 4749 3586 4812 sit,

1998 4854 2266 4905 sumitque
2312 4837 2530 4892 beatum
2564 4838 2749 4891 vivere
2793 4837 2937 4891 nullo
2965 4853 3189 4906 prorsus
3214 4836 3322 4896 line
3370 4836 3593 4891 concha.

1996 4928 2117 4991 dat;
2173 4937 2350 4980 tamen
2397 4928 2525 4997 quia
2574 4936 2627 4980 et
2679 4929 2796 4981 loca
2839 4934 3049 4991 mutat,
3088 4937 3151 4980 et
3184 4937 3448 4995 tempora,
3479 4942 3586 4980 non

1993 5029 2262 5072 comterna
2293 5034 2392 5071 suo
2423 5018 2649 5072 dicenda
2683 5026 2765 5072 est
2789 5018 3058 5082 Creatori,
3109 5019 3237 5087 quia
3266 5017 3599 5071 naturaliter—

1993 5122 2157 5180 atque
2193 5111 2559 5164 essentialiter
2585 5120 2669 5164 est
2705 5112 2816 5181 ipsa
2847 5111 3106 5180 potentia.
3152 5113 3262 5181 ipsa
3309 5111 3587 5187 immorta-

1991 5202 2134 5263 litas,
2193 5204 2305 5273 ipsa
2355 5205 2652 5258 aeternitas.
2693 5205 2847 5260 Unde
2878 5215 2932 5260 et
2969 5205 3220 5274 Moyses:
3252 5223 3271 5256 ι
3305 5205 3600 5268 Dominus,

1989 5292 2185 5361 inquit,
2217 5295 2464 5362 regnabit
2511 5295 2563 5348 in
2593 5304 2880 5361 attentum,
2911 5305 2966 5348 et
2999 5296 3141 5349 ultra
3174 5294 3374 5365 (Exod.
3403 5296 3520 5363 xv).
3558 5313 3594 5344 r

1988 5384 2124 5438 Nam
2175 5395 2228 5440 et
2277 5387 2524 5456 angelica
2571 5389 2852 5443 beatitudo
2894 5389 3050 5458 juxta
3097 5388 3425 5444 conditionis
3471 5403 3585 5442 sum

1990 5477 2208 5530 modum
2269 5493 2374 5533 non
2427 5479 2699 5534 immerito
2747 5479 2959 5533 videtur
3007 5489 3230 5544 aaterna,
3282 5494 3404 5550 qua
3449 5479 3590 5533 nulli

1983 5584 2212 5637 prorsus
2249 5571 2492 5625 termino
2523 5573 2783 5639 probatur
2831 5573 3089 5626 obnoxia.
3124 5573 3191 5627 Et
3219 5572 3416 5628 merito
3443 5572 3578 5627 dici-

1985 5670 2089 5724 tur,
2122 5662 2247 5731 quia
2282 5662 2333 5716 in
2361 5673 2625 5718 :eteruum
2658 5665 2810 5728 vivit,
2851 5666 2979 5735 quia
3013 5667 3171 5722 beate
3211 5667 3398 5721 vivere
3438 5681 3581 5720 nun-

1982 5767 2146 5820 quam
2187 5753 2406 5808 desinit.
2445 5753 2554 5808 Sed
2601 5755 2690 5808 ille
2718 5770 2827 5808 non
2868 5756 3040 5810 solum
3078 5756 3130 5811 in
3163 5765 3451 5820 arternnm,
3480 5755 3583 5810 sed

1987 5846 2037 5899 in
2066 5849 2347 5900 :eteruum’
2374 5855 2580 5916 regnat,
2611 5857 2664 5902 et
2694 5848 2856 5913 ultra,
2887 5850 2993 5921 qui
3014 5859 3208 5906 cuneta
3253 5850 3574 5907 stimulorum
