4074 6190
442 408 546 462 607

889 410 948 465 S.
989 407 1189 463 PETRI
1229 407 1514 463 DAMIANI
1551 403 1702 462 OPP.
1740 403 1976 462 TOMUS
2015 405 2146 461 SEU
2189 405 2488 462 PARS-HI.
2517 438 2582 445 -—
2622 404 2983 461 OPUSCUIA
3025 402 3256 458 VARIA.

3605 407 3722 468 608;

442 524 710 577 volumina
750 496 898 577 intra
936 523 1263 591 provisionis
1301 537 1411 576 suae
1445 521 1687 576 continet
1724 521 1902 574 sinum
1925 536 1938 571 :
1963 527 2018 572 et
2047 521 2093 578 A
2123 518 2416 574 immobilia
2471 535 2685 588 semper
2736 519 3014 573 assistunt.
3069 518 3134 571 Et
3189 519 3520 573 tantumdem
3571 533 3658 576 est
3691 541 3706 578 :

441 631 548 668 non
597 625 851 684 tanquam
898 616 1205 683 praeterita,
1250 614 1332 668 vel
1382 613 1587 677 futura,
1625 614 1719 668 sed
1751 622 1807 666 ut
1833 628 2021 667 revera

438 705 748 773 praesentia,
775 720 980 773 suoque
1006 704 1246 772 subjecta
1278 704 1612 772 conspectui,
1665 704 2024 773 perspicacis-

438 793 578 846 simo
620 795 1030 862 comprehendit
1072 795 1297 859 intuitu;
1331 796 1422 862 qui
1451 810 1562 849 sua:
1591 795 1810 849 ditionis
1853 795 2023 865 impe-
2075 842 2087 850 .

436 882 520 935 rio
568 883 706 951 regit
755 885 977 947 omnia,
1033 885 1188 953 cujus
1231 884 1441 952 legibus
1489 884 1867 953 obtemperant
1911 888 2023 941 nni-

435 987 616 1036 versa,
650 975 741 1042 qui
775 989 964 1029 omnes
1009 985 1288 1029 creaturas
1332 976 1397 1028 ad
1449 985 1636 1028 nutum
1675 976 1755 1029 sui
1785 976 2023 1045 disponit

435 1062 682 1129 arbitrii;
721 1065 972 1119 omnibus
999 1065 1214 1118 vivendi
1248 1067 1580 1129 moderatur,
1614 1077 1777 1135 atque
1825 1078 2018 1137 tempe-

435 1161 523 1204 rat
551 1153 814 1214 ordinem,
845 1155 1088 1206 omnium
1124 1155 1330 1208 formas
1360 1157 1664 1226 distinguit,
1695 1174 1760 1212 ac
1789 1161 2018 1227 species,

431 1243 713 1305 omnibus,
745 1254 902 1312 prout
935 1245 1066 1308 vnlt,
1099 1262 1365 1316 congruas
1397 1249 1590 1302 virium
1623 1251 1809 1304 tribuit
1857 1252 2024 1305 lacul-

434 1341 604 1399 tates;
634 1350 662 1387 a
689 1351 816 1404 quo,
845 1347 901 1391 et
930 1355 1023 1406 per
1050 1355 1208 1406 quem
1241 1353 1325 1395 est
1352 1343 1612 1412 quidquid
1638 1357 1739 1410 est,
1771 1347 1888 1399 sine
1915 1363 2021 1416 quo

429 1427 692 1498 quidquid
719 1440 800 1484 est
828 1432 1014 1500 procul
1047 1433 1208 1485 dubio
1239 1433 1370 1487 nihil
1397 1446 1500 1490 cst.

751 1523 758 1530 ’
1023 1523 1252 1579 CAPUT
1299 1525 1423 1580 Vill.

955 1611 1029 1665 De
1052 1613 1146 1666 Dei
1176 1616 1486 1670 aeternitate.

500 1698 864 1769 Omnipotenti
905 1703 1086 1774 itaque
1127 1709 1235 1762 Deo
1285 1725 1389 1762 non
1432 1720 1514 1764 est
1551 1711 1667 1766 heri
1694 1753 1708 1778 ,
1743 1715 1825 1769 vel
1871 1733 2018 1783 cras,

426 1791 522 1843 sed
554 1791 710 1846 hodie
738 1796 1142 1863 sempiternmn,
1181 1801 1267 1854 cui
1301 1802 1432 1855 nihil
1466 1804 1669 1869 deﬂuit,
1702 1809 1834 1861 nihil
1862 1827 2016 1864 acce-

2128 626 2148 658 σ
2200 609 2474 664 Dederunt
2524 610 2575 662 in
2629 625 2810 663 escam
2862 623 3034 661 meam
3082 609 3151 662 fel
3212 607 3384 679 (Psal.
3429 614 3640 676 vaIII).
3689 637 3705 666 ι

2121 710 2381 767 quantum
2403 711 2451 755 et
2479 701 2718 766 dabunt;
2746 709 2799 754 et
2835 701 2974 754 idem
3005 710 3089 754 est
3116 719 3128 753 :
3166 718 3185 750 ι
3223 700 3497 756 Fuderunt
3521 721 3711 762 manus

2123 805 2274 842 meas
2301 801 2353 843 et
2393 793 2556 860 pedes
2588 807 2738 846 meos
2768 789 2940 862 (Psal.
2973 792 3108 859 va),
3154 810 3171 842 ι
3198 791 3342 858 quod
3371 792 3594 848 l'odient.

2191 883 2309 937 Jam
2343 885 2523 953 itaque
2554 885 2770 938 veniant
2804 898 3152 952 supervacua:
3181 885 3495 952 quaestionis
3523 896 3711 941 aucto—

2123 986 2231 1031 res.
2265 973 2371 1026 imo
2398 975 2488 1041 qui
2531 989 2912 1042 perversorum
2952 974 3265 1043 dogmatum
3318 976 3563 1031 nituntur
3591 994 3712 1036 esse

2121 1063 2378 1129 cultores,
2408 1075 2464 1118 et
2501 1065 2719 1120 dicant:
2750 1063 3000 1133 Nunquid
3050 1074 3229 1134 potest
3274 1065 3416 1120 Deus
3441 1084 3622 1136 agere,
3654 1079 3712 1124 nt

2121 1169 2240 1220 qum
2268 1152 2404 1206 facta
2437 1164 2566 1208 sunt
2598 1153 2740 1208 facta
2773 1170 2878 1208 non
2911 1153 3141 1207 fuerint?
3171 1155 3378 1220 Quibus
3411 1172 3510 1224 ego
3537 1157 3710 1226 prima

2124 1241 2299 1297 fronte
2326 1244 2643 1312 respondeo,
2679 1244 2804 1310 quia
2843 1245 2945 1296 hoc
2979 1259 3082 1296 non
3118 1253 3222 1308 est,
3253 1244 3376 1312 quia
3399 1245 3592 1300 divina:
3619 1248 3711 1299 bo-

2124 1334 2308 1388 nitatis
2336 1345 2421 1388 est
2462 1337 2527 1389 de
2561 1335 2731 1389 nihilo
2776 1336 2979 1404 aliquid
3024 1352 3207 1406 agere.
3258 1353 3363 1390 non
3411 1338 3478 1391 de
3530 1341 3712 1409 aliquo

2121 1425 2298 1493 potius
2327 1424 2458 1478 nihil
2479 1424 2724 1490 ellicere;
2758 1442 2879 1479 cum
2907 1426 3090 1494 utique
3111 1427 3368 1496 scriptum
3392 1427 3462 1481 sit
3491 1445 3503 1480 :
3537 1448 3554 1480 ι
3583 1429 3712 1484 Om-

2123 1516 2208 1567 nia
2250 1529 2344 1582 per
2373 1515 2545 1583 ipsum
2579 1513 2718 1570 facta
2765 1525 2911 1576 sunt,
2961 1525 3015 1570 et
3065 1517 3184 1569 sine
3215 1517 3344 1586 ipso
3390 1517 3587 1573 factum
3628 1531 3713 1574 est

2121 1605 2252 1659 nihil
2281 1606 2461 1677 (Joan.
2505 1609 2564 1674 I).
2602 1627 2622 1660 ι
2668 1608 2778 1676 Ego
2825 1609 3053 1678 probare
3103 1608 3222 1661 volo
3273 1609 3414 1676 quod
3454 1610 3595 1665 Deus
3645 1613 3711 1664 de.

2120 1695 2290 1748 nihilo
2321 1694 2481 1749 faciat
2515 1697 2750 1766 aliquid;
2805 1707 2858 1751 ιιι
2905 1697 3192 1752 ostendere
3239 1699 3432 1753 niteris
3473 1701 3616 1769 quod
3647 1704 3710 1755 de

2119 1789 2302 1860 aliquo
2351 1789 2510 1844 faciat
2553 1790 2704 1844 nihil.
2753 1790 2859 1844 Sed
2901 1789 3037 1859 jam,
3085 1807 3288 1860 quaeso,
3326 1801 3518 1847 cuncta
3551 1793 3709 1848 simul

429 1879 538 1943 dit;
575 1880 660 1933 cui
695 1883 824 1936 nihil
854 1893 936 1938 est
961 1887 1195 1948 varium,
1227 1888 1358 1942 nihil
1400 1908 1428 1944 a
1467 1909 1525 1947 se
1551 1893 1848 1953 diversum.
1883 1901 2008 1954 lllml

2120 1899 2308 1939 emove
2348 1901 2360 1936 :
2397 1899 2588 1939 omnes
2651 1885 2891 1954 pestiferi
2963 1884 3238 1954 languoris
3303 1887 3558 1942 humores
3608 1889 3708 1942 διώ

430 1970 588 2022 hodie
618 1973 894 2028 aeternitas
927 1984 1010 2029 est
1040 1977 1519 2046 incommutabilis,
1553 1984 1896 2053 imlefectiva,
1928 1992 2012 2045 in-

424 2062 783 2139 accessibilis,
819 2066 903 2119 cui
933 2067 1180 2122 videlicet
1217 2070 1349 2124 nihil
1386 2072 1530 2138 addi,
1569 2076 1704 2130 nihil
1739 2079 1880 2135 valet
1911 2083 2010 2137 im-

429 2152 595 2236 minui
625 2173 638 2206 ι
665 2163 719 2208 et
747 2157 927 2209 omnia
955 2173 1074 2227 qua:
1102 2161 1240 2228 apud
1271 2177 1370 2216 nos
1394 2163 1656 2220 elabendo
1679 2169 2008 2235 discurrunt.

420 2250 514 2294 aut
559 2257 656 2310 per
702 2253 1003 2314 temporum
1055 2251 1459 2309 vicissitudines
1506 2271 1565 2311 se
1605 2261 1837 2324 variant,
1871 2265 2011 2332 apud

425 2331 576 2387 illum
606 2334 764 2388 hodie
790 2347 938 2392 stant
987 2349 1040 2393 et
1070 2341 1422 2399 immobiliter
1445 2361 1809 2416 perseverant.
1841 2331 2012 2412 lnillo

423 2425 636 2479 Scilicet
665 2426 826 2481 hodie
850 2429 966 2484 dies
995 2432 1082 2487 ille
1112 2435 1291 2490 adhuc
1337 2437 1629 2495 immobilis
1663 2454 1767 2508 est,
1822 2447 1873 2499 in
1903 2465 2011 2517 quo

427 2516 660 2571 mundus
704 2519 808 2572 istc
851 2523 1083 2590 sumpsit
1114 2526 1412 2594 originem;
1454 2528 1505 2581 in
1553 2531 1797 2599 illojam,
1831 2545 1884 2588 et
1923 2516 2010 2592 ille

421 2607 778 2666 nihilominus
822 2623 925 2680 est,
954 2631 1063 2684 quo
1087 2619 1417 2688 judieandus
1461 2635 1542 2677 est
1575 2640 1670 2691 per
1699 2623 1887 2682 interni
1923 2628 2010 2695 ju-

416 2699 547 2754 dieii
592 2706 922 2772 aequitatem.
976 2708 1160 2778 Neque
1204 2713 1348 2764 enim
1375 2717 1380 2722 “
1406 2715 1457 2767 in
1492 2730 1610 2768 eam
1662 2717 1858 2786 lucem,
1890 2737 2010 2790 quae

397 2793 542 2847 Isine
589 2811 834 2862 accessu,
885 2815 970 2863 ea,
1020 2816 1141 2870 qua:
1171 2802 1356 2872 elegit,
1403 2813 1458 2858 et
1487 2806 1754 2862 illustrat:
1797 2821 1848 2865 et
1893 2814 2009 2867 sine

426 2896 644 2936 recessu
673 2899 756 2948 ea,
790 2901 910 2954 qua:
951 2892 1172 2959 respuit,
1206 2890 1432 2956 deserit,
1465 2894 1707 2952 defectus
1738 2902 2010 2956 mutabili-

422 2974 549 3027 tatis
580 2977 757 3040 venit;
811 2979 936 3047 quia
975 2980 1028 3034 in
1065 2983 1357 3053 semetipso
1390 3001 1713 3055 permanens
1747 2991 2006 3048 immuta-

422 3065 561 3121 bilis.
597 3069 872 3122 mutabilia
911 3081 1107 3128 cuncta
1137 3074 1390 3144 disponit.
1428 3078 1627 3147 Sicque
1663 3082 1715 3135 in
1743 3097 1800 3136 se
1829 3095 2007 3140 trans-

421 3155 606 3210 euntia
654 3159 937 3226 condidit,
999 3172 1058 3217 ut
1110 3165 1250 3234 apud
1300 3181 1361 3220 se
1406 3182 1528 3236 qua:
1585 3171 1802 3226 Condita
1855 3183 2004 3242 sunt,

2115 1974 2276 2027 unius
2330 1975 2618 2028 conamine
2674 1982 2964 2029 excreatus
3016 1975 3252 2040 ellimde,
3305 1987 3363 2030 ut
3425 1978 3703 2048 multiplici

2115 2065 2304 2119 morbo
2341 2065 2503 2119 unius
2531 2063 2757 2118 antidoti
2783 2066 3018 2120 suliiciat
3048 2067 3241 2121 haustu
3264 2083 3572 2132 occurrere,
3606 2086 3707 2123 nec

2115 2156 2180 2208 ad
2206 2156 2545 2211 curationem
2574 2157 2648 2211 tui
2703 2157 2947 2226 pluribus
2976 2160 3363 2228 compellamnr
3409 2162 3708 2216 confectio.

2113 2264 2241 2302 num
2296 2249 2582 2319 generibus
2638 2251 2902 2321 indigere.
2955 2252 3068 2322 Age
3119 2269 3268 2324 ergo,
3323 2257 3430 2317 die.
3481 2273 3702 2322 quaeso:

2112 2341 2299 2396 Potest
2348 2342 2526 2398 facere
2575 2344 2714 2398 Deus
2744 2345 2808 2398 de
2857 2346 3164 2413 przeteritis,
3209 2356 3269 2400 nt
3309 2349 3454 2416 quo-.l
3491 2347 3702 2403 factum

2111 2441 2196 2486 est
2223 2448 2327 2486 non
2376 2432 2534 2487 fuerit
2578 2434 2781 2488 factum
2809 2452 2824 2498 ;
2853 2438 2934 2488 vel
2986 2436 3050 2488 de
3085 2437 3361 2503 pt‘msenli,
3385 2439 3529 2508 quod
3559 2456 3705 2495 nunc

2112 2531 2215 2581 est.
2242 2522 2479 2589 qnandiu
2519 2532 2620 2596 est,
2654 2532 2712 2576 ut
2756 2540 2860 2576 non
2907 2525 3008 2589 sit;
3044 2526 3126 2577 vel
3186 2535 3245 2578 ut
3293 2528 3515 2582 omnino
3559 2531 3704 2599 quod

2096 2609 2352 2663 'l‘utnrnm
2395 2620 2495 2672 est,
2544 2621 2602 2665 ut
2650 2611 2891 2666 futurum
2945 2630 3050 2667 non
3101 2615 3330 2680 sit;,vc|
3368 2634 3554 2673 rursus
3589 2618 3706 2676 hinc

2111 2701 2293 2755 omnia
2321 2716 2415 2770 per
2442 2703 2817 2756 contrarium?
2845 2704 2973 2770 anr.
3002 2707 3157 2761 nobis
3183 2707 3426 2776 profecto
3447 2726 3703 2766 exsecra—

2113 2789 2242 2843 tioni
2271 2791 2450 2860 potius
2477 2791 2729 2846 videntur
2764 2809 2884 2848 esse
2920 2795 3175 2848 tradenda
3209 2813 3368 2866 quam
3419 2799 3577 2867 style.
3609 2800 3706 2855 Dic

2111 2880 2268 2943 mihi,
2305 2892 2536 2936 versuta:
2583 2883 2899 2951 quaestionis
2937 2883 3199 2951 objector,
3231 2889 3408 2942 credis
3452 2889 3613 2942 etiam
3646 2899 3702 2943 ιιι

2110 2971 2232 3039 quia
2279 2971 2538 3040 quidquid
2589 2972 2730 3027 Deus
2777 2973 2907 3027 facit
2962 2975 3160 3028 bonum
3211 2985 3316 3036 est,
3361 2985 3522 3046 atque
3566 2981 3703 3032 adeo

2111 3061 2314 3130 aliquid
2339 3072 2441 3129 est,
2475 3075 2529 3116 et
2557 3064 2815 3133 quidquid
2846 3065 2934 3117 ille
2961 3081 3065 3120 non
3096 3065 3222 3119 facit
3251 3067 3383 3120 nihil
3412 3070 3523 3122 est?
3552 3069 3698 3122 Audi

2113 3149 2452 3221 Scripturam
2484 3170 2496 3206 :
2535 3171 2553 3204 I
2595 3154 2760 3219 Vidit,
2802 3154 2998 3223 inquit,
3030 3155 3171 3209 Deus
3193 3166 3386 3211 cuncta
3413 3174 3534 3227 qua:
3561 3157 3704 3211 fece-

424 3252 658 3305 επιηείη
696 3268 1040 3324 nequaquam
1083 3261 1309 3327 possim.
1353 3261 1463 3317 Nec
1507 3274 1718 3334 tempus
1759 3268 1905 3326 imus
1953 3241 2005 3326 ἰή
2035 3262 2080 3320 C
2113 3249 2214 3334 rat,
2255 3251 2308 3334 et
2336 3250 2494 3296 erant
2528 3243 2683 3296 valde
2714 3242 2852 3334 bona
2896 3241 3045 3334 (Gen.
3078 3252 3137 3314 I).
3181 3264 3196 3294 ι
3228 3246 3284 3298 ISI
3317 3245 3484 3299 illud:
3519 3267 3537 3297 ι
3571 3248 3703 3301 Sine

421 3351 712 3409 conspectu
761 3343 878 3411 ejus
921 3346 1146 3414 defluit,
1198 3351 1342 3421 quod
1391 3356 1531 3423 apud
1583 3373 1682 3413 nos
1733 3359 1862 3416 foris
1909 3379 2007 3432 per

416 3431 582 3502 625
609 3434 879 3490 exteriora
922 3441 1178 3496 decurrit.
1227 3443 1380 3499 Unde
1422 3446 1480 3499 lit
1516 3457 1572 3501 ut
1616 3449 1666 3503 in
1702 3431 2006 3510 aeternitate

417 3520 538 3587 ejus
567 3523 744 3576 omnia
784 3525 886 3578 lixa
918 3523 1290 3595 perIiianeant,
1343 3550 1462 3603 quae.
1504 3553 1607 3592 non
1664 3541 1766 3593 lixa
1800 3544 2007 3598 extrin-

419 3623 578 3663 secus
625 3614 946 3670 saeculorum
991 3620 1258 3676 volumina
1309 3624 1678 3683 indesinenter
1724 3644 1999 3691 emanant.

418 3696 530 3752 Deo
555 3700 754 3770 quippe
790 3705 906 3759 dies
937 3723 1042 3761 una
1072 3718 1154 3763 est
1200 3713 1477 3769 aeternitas
1521 3732 1640 3784 sua,
1665 3735 1827 3788 quam
1857 3725 2004 3780 vide-

413 3791 543 3845 licet
572 3792 733 3859 diem,
772 3812 871 3852 nec
907 3797 1012 3853 line
1042 3800 1239 3866 claudi,
1279 3817 1380 3857 nec
1420 3804 1574 3861 initio
1623 3810 1764 3866 videt
1805 3815 2000 3883 aperiri

414 3877 698 3938 Psalmista
727 3926 742 3950 ,
787 3903 909 3941 cum
967 3889 1144 3944 dicit:
1185 3912 1202 3943 ι
1255 3892 1444 3949 Melior
1488 3907 1573 3953 est
1623 3899 1738 3955 dies
1788 3877 1894 3957 una
1947 3905 2000 3959 in

411 3972 570 4027 atriis
603 3977 707 4031 tuis
735 3992 898 4048 super
934 3981 1097 4034 millia
1127 3983 1998 4065 (Psal.Lxxxm).iQuidestergo,

410 4067 557 4134 quod
586 4069 674 4124 ille
699 4087 804 4125 non
828 4073 1004 4128 valeat
1048 4075 1116 4130 de
1161 4068 1445 4144 prmteri'tis
1471 4085 1722 4139 omnibus
1750 4088 1830 4140 vel
1861 4086 2004 4142 lutu-

414 4159 512 4221 ris,
545 4160 635 4227 qni
661 4161 910 4217 videlicet
937 4167 1117 4219 omnia
1160 4167 1320 4233 facta,
1350 4172 1432 4224 vel
1472 4173 1714 4228 facienda
1746 4178 1864 4232 sine
1896 4180 2002 4234 ullo

417 4252 648 4306 transitu
664 4255 864 4324 deligit,
880 4267 934 4310 et.
954 4259 1143 4312 statuit
1167 4260 1219 4312 in
1233 4277 1344 4314 suae
1366 4266 1648 4332 prmsentia
1675 4268 2002 4335 majestatis?

408 4341 512 4396 Cui
537 4345 779 4413 profecto
791 4357 844 4402 et
866 4349 994 4405 iilud
1018 4361 1230 4420 tempus
1246 4355 1656 4412 iutransibiliter
1671 4360 1999 4430 adest,quod

408 4449 479 4486 ea
498 4450 617 4503 qua:
649 4436 785 4491 facta
814 4450 938 4493 sunt
961 4445 1338 4506 antecessit,et
1360 4447 1488 4500 illml
1510 4465 1616 4516 quo
1637 4462 1828 4505 cuncta
1851 4454 2002 4512 deina-

415 4540 543 4595 ceps
565 4526 743 4583 futura
773 4533 1067 4588 concludit.
1093 4535 1228 4592 Hinc
1247 4548 1332 4592 est
1358 4540 1502 4594 enim
1527 4543 1669 4611 quod
1696 4544 1748 4596 in
1772 4545 1856 4599 his
1879 4562 2002 4615 qnte

2111 3333 2229 3403 ipso
2259 3332 2464 3388 laetum
2497 3341 2580 3387 est
2615 3333 2748 3387 nihil
2781 3331 2962 3402 (Joan.
2996 3333 3057 3404 I).
3101 3354 3120 3385 ›
3166 3334 3270 3388 Sed
3303 3336 3427 3405 quia
3466 3336 3569 3392 hoc
3602 3353 3702 3391 :Ie-

2109 3439 2236 3494 gare
2279 3440 2382 3479 non
2427 3436 2602 3493 potes,
2656 3425 2945 3490 assentior,
2979 3425 3182 3495 inquis.
3233 3425 3310 3479 Tu
3348 3427 3529 3496 itaque
3570 3427 3698 3483 dum

2107 3516 2306 3585 quaeris
2365 3530 2526 3569 unam
2574 3516 2929 3585 eamdemque
2981 3533 3092 3571 rem
3138 3527 3193 3572 et
3247 3518 3429 3582 fuisse,
3482 3529 3536 3572 et
3591 3535 3697 3573 non

2107 3601 2302 3668 fuisse;
2337 3621 2480 3670 esse,
2509 3615 2565 3660 et
2593 3622 2698 3660 non
2729 3596 2880 3671 esse;
2915 3607 3154 3660 futuram
3194 3623 3334 3672 esse,
3374 3619 3428 3662 et
3462 3609 3697 3663 futuram

2108 3713 2212 3751 non
2241 3714 2394 3763 esse;
2428 3698 2618 3752 niteris
2646 3697 2889 3768 profecto
2920 3715 3146 3772 qumque
3170 3699 3310 3753 facta
3343 3702 3420 3753 vel
3449 3700 3696 3754 facienda

2103 3790 2268 3860 626
2305 3788 2660 3852 confundere.
2685 3800 2738 3845 et
2763 3791 2906 3863 inter
2951 3807 3071 3846 esse
3108 3802 3163 3846 et
3199 3808 3304 3846 non
3349 3809 3471 3848 esse
3501 3802 3694 3846 nutan-

2106 3880 2180 3933 tia
2232 3880 2628 3934 demnnstrare.
2691 3881 2844 3947 Quod
2894 3892 3042 3936 certe
3095 3899 3277 3936 rerum
3335 3894 3528 3937 natura
3589 3900 3694 3937 non

2104 3970 2290 4025 habet.
2318 3970 2461 4025 Nihil
2488 3972 2632 4026 enim
2685 3973 2847 4026 simul
2895 3983 3072 4043 potest
3115 3989 3235 4028 esse
3284 3987 3339 4028 et
3391 3991 3495 4029 non
3543 3992 3692 4040 esse;

2103 4063 2196 4116 sed
2221 4063 2364 4132 quod
2385 4064 2440 4116 in
2472 4077 2650 4116 rerum
2688 4071 2880 4116 natura
2911 4073 3135 4126 nonest,
3167 4063 3537 4133 proculdubio
3563 4066 3694 4119 nihil

2102 4160 2206 4206 est.
2237 4151 2446 4218 Quaeris
2466 4166 2593 4221 ergo
2614 4167 2642 4204 a
2663 4152 2793 4215 Deo.
2817 4151 2984 4206 durus
3005 4162 3247 4214 exactor.
3280 4163 3339 4206 ut
3366 4154 3528 4208 faciat
3552 4157 3693 4223 quod

2102 4259 2260 4298 somn
2290 4253 2526 4309 nonest,
2558 4245 2660 4299 hoc
2708 4253 2793 4299 est
2837 4244 2990 4298 nihil.
3043 4245 3147 4300 Sed
3193 4263 3323 4300 ecce
3359 4248 3691 4317 evangelista

2102 4346 2289 4389 eontra
2343 4344 2393 4388 te
2424 4345 2564 4398 stat,
2612 4335 2835 4390 dicens:
2871 4335 3008 4400 Quia
3057 4339 3170 4390 sine
3217 4339 3327 4408 ipso
3374 4343 3570 4406 factum
3617 4351 3694 4393 est

2104 4423 2278 4486 nihil;
2308 4423 2449 4477 Deus
2475 4425 2652 4479 adhuc
2685 4441 2792 4479 non
2829 4425 3016 4480 didicit
3061 4427 3238 4482 facere
3276 4428 3426 4481 nihil.
3461 4429 3537 4481 Tu
3566 4444 3691 4482 eum

2103 4497 2340 4578 doceret
2374 4515 2605 4584 prazcipe
2659 4525 2714 4568 ut
2767 4517 2860 4570 tibi
2908 4515 3075 4571 faciat
3116 4517 3268 4571 nihil.
3319 4519 3507 4572 Adhuc
3543 4529 3689 4588 peto,

415 4618 731 4686 prophetico
779 4623 970 4693 spiritu
1019 4627 1160 4681 dicta
1217 4637 1344 4683 sunt
1387 4630 1441 4684 in
1496 4605 1810 4701 scripturis,
1857 4605 2000 4705 szi'pe
2031 4615 2078 4673 Ῐ)
2105 4605 2480 4705 τεῖεθθῃξίωξξ
2515 4605 2960 4705 Ο¹Ὃῶ⁵’,ί¹ῗωδξ)’
2996 4616 3051 4661 et
3095 4608 3236 4676 (“md
3286 4607 3554 4705 ΡΫ⁰Ρ¹¹¹ἶ¹³
3591 4625 3688 4662 ca"

417 4711 763 4776 reperiuntur
787 4717 1058 4784 praeterita
1088 4733 1185 4788 pro
1225 4720 1420 4775 futuris
1445 4723 1592 4791 poni,
1616 4734 1670 4778 et
1701 4725 1856 4796 longe
1882 4741 2005 4797 post

413 4804 620 4869 agenda
654 4805 794 4860 velut
819 4806 931 4873 jam
983 4819 1255 4866 transacta
1293 4814 1526 4867 narrari.
1570 4815 1718 4871 Unde
1747 4827 1830 4870 est
1857 4820 2000 4887 quod

413 4906 676 4960 passurus
727 4911 824 4964 per
871 4902 1185 4971 prophetam
1239 4905 1498 4960 Dominus
1543 4906 1620 4960 ait
1658 4927 1671 4962 :
1717 4926 1735 4959 ι
1793 4908 2002 4979 Corpus

411 4999 595 5039 meum
625 4987 745 5042 dedi
774 4993 1218 5059 percutientibus,
1261 5005 1316 5050 et
1355 5013 1522 5066 genas
1565 5014 1712 5053 meas
1750 5000 1997 5054 vellenti-

408 5075 544 5142 bus,
579 5077 772 5133 facient
811 5099 983 5137 meam
1026 5101 1130 5139 non
1167 5087 1337 5141 averti
1389 5087 1457 5142 ab
1509 5089 1909 5161 increpantibus
1941 5102 2000 5146 et

410 5174 836 5241 conspnentibus
878 5176 931 5228 in
975 5191 1060 5230 me
1088 5177 1222 5248 (lea.
1273 5179 1349 5250 ι).
1382 5200 1400 5233 ι
1432 5179 1858 5236 Resurreeturns
1901 5200 1997 5236 au-

411 5271 543 5316 tem:
568 5262 894 5318 tltesurrexi
911 5263 1998 5339 etadhncsumtecnm(f’ral.cxxxwIt).o

410 5351 488 5408 De
509 5369 809 5410 ascensum
832 5371 1050 5427 quoque
1063 5369 1228 5428 atque
1242 5359 1478 5430 Spiritus
1491 5362 1666 5415 sancti
1695 5361 1839 5416 dona
1871 5364 2002 5417 Inis-

409 5462 542 5502 euro
578 5447 811 5502 diciturv
833 5465 852 5500 ι
882 5449 1268 5507 Ascendensin
1290 5453 1487 5517 altum,
1521 5455 1792 5523 captivam
1846 5456 2003 5512 duxit

411 5538 810 5606 captivnatem,
847 5542 996 5597 dedit
1024 5545 1162 5598 dona
1200 5545 1513 5600 hominibus
1537 5547 1715 5617 (Prol.
1745 5547 1940 5618 van),
1973 5566 1994 5600 ι

401 5631 540 5700 quia
609 5633 865 5687 videlicet
923 5636 975 5688 in
1032 5639 1207 5692 oculis
1267 5639 1415 5692 illius
1483 5639 1795 5708 sapientize.
1856 5644 2001 5698 unde

402 5729 512 5770 tnta
548 5717 858 5783 manabant,
885 5720 1066 5773 omnia
1117 5729 1358 5789 tempora
1407 5722 1566 5776 simul
1596 5732 1763 5788 stant,
1809 5724 1989 5781 futura

398 5821 570 5880 atque
615 5811 913 5882 praeterita,
967 5822 1023 5868 ut
1078 5829 1262 5868 revera
1312 5817 1618 5883 pnesentia,
1661 5817 1778 5871 'llsa
1829 5827 1990 5872 atoue

2105 4697 2204 4761 nit,
2235 4697 2322 4752 cui
2355 4698 2560 4754 scilicet
2589 4699 2772 4753 omnia
2798 4699 3201 4769 Scriptnrarmn
3231 4702 3536 4755 testimonia
3559 4718 3689 4758 con-

2103 4791 2324 4844 einunt:
2359 4808 2382 4842 ί
2422 4790 2635 4855 Omnia,
2677 4791 2869 4860 inquit,
2897 4807 3021 4861 quae
3050 4792 3215 4844 voluit
3261 4793 3541 4859 Dominus,
3563 4791 3697 4849 fecit

2101 4883 2155 4938 in
2187 4882 2326 4936 cmlo
2359 4883 2494 4936 etin
2535 4893 2696 4944 terra.
2732 4883 2784 4936 in
2809 4884 2944 4936 mari
2976 4893 3030 4936 et
3061 4883 3110 4936 in
3134 4883 3384 4936 omnibus
3401 4883 3642 4954 abyssis?
3663 4904 3686 4937 ο
3727 4939 3740 4946 ,

2102 4971 2281 5043 (Psal.
2331 4973 2575 5042 cxxxw.)
2632 4972 2740 5026 Sed
2788 4973 2890 5027 hoc
2932 4975 3095 5026 etiam
3151 4990 3182 5026 a
3253 4985 3304 5027 te
3347 4974 3533 5045 negari
3579 4991 3689 5030 non

2100 5077 2261 5132 posse
2291 5061 2634 5117 manifestum
2665 5071 2766 5117 est.

2171 5175 2306 5229 Cum
2333 5161 2464 5246 ergo
2492 5177 2634 5230 Dens
2655 5177 2836 5230 omnia
2860 5178 3049 5246 possit,
3074 5195 3171 5232 cur
3199 5179 3487 5234 addubitas
3517 5180 3690 5234 Deum

2099 5265 2202 5320 hoc
2233 5282 2340 5320 non
2369 5281 2548 5334 posse,
2577 5276 2632 5319 III
2659 5267 2859 5336 aliquid
2889 5269 3047 5323 simul
3079 5272 3149 5324 sit
3177 5282 3230 5324 et
3255 5287 3361 5324 non
3387 5272 3479 5336 sit,
3508 5272 3552 5325 si
3584 5272 3694 5327 hoc

2101 5355 2214 5410 lieri
2245 5357 2442 5412 bonum
2483 5357 2602 5412 est?
2638 5357 2808 5413 Porro
2855 5361 2898 5412 si
2946 5360 3135 5415 inutile
3161 5370 3262 5425 est,
3295 5377 3381 5416 res
3412 5364 3693 5432 quaslibet

2098 5448 2240 5502 inter
2268 5465 2387 5504 esse
2433 5458 2488 5504 et
2517 5465 2622 5505 non
2671 5468 2792 5506 esse
2831 5453 3117 5520 confundi,
3166 5453 3306 5507 Dens
3349 5466 3530 5509 autem
3579 5471 3688 5509 non

2097 5539 2328 5602 inutilia,
2383 5541 2478 5594 sed
2511 5540 2657 5594 bona
2705 5543 2883 5596 omnia
2935 5542 3091 5609 fecit;
3133 5545 3242 5600 imo
3271 5545 3315 5598 si
3348 5545 3546 5599 malum
3577 5557 3688 5609 est,

2098 5645 2160 5684 ac
2185 5647 2280 5699 per
2314 5632 2417 5686 hoc
2451 5632 2583 5686 nihil
2612 5642 2716 5687 est.
2761 5633 2875 5686 lloc
2923 5633 3065 5690 Deus
3113 5636 3334 5690 omnino
3378 5652 3486 5690 non
3518 5636 3685 5689 facit.:

2100 5742 2117 5774 ι
2156 5723 2290 5788 Quia
2340 5721 2456 5776 sine
2485 5723 2601 5792 ipso
2645 5723 2846 5777 factum
2893 5734 2974 5778 est
3027 5726 3162 5780 nihil
3193 5725 3374 5797 (Joun.
3417 5731 3477 5794 ι).
3514 5746 3536 5778 ι
3571 5725 3690 5779 Huc.

2095 5815 2323 5880 accedit,
2357 5815 2480 5884 quia
2514 5816 2757 5872 voluntas
2798 5818 2992 5872 sunnni
3019 5809 3095 5874 ct.
3119 5819 3502 5888 mnuipolentis
3531 5818 3687 5888 opiﬁ-
