4074 6190
344 321 474 383 ’ϐηθ

1213 329 1456 389 OPUSC.
1500 334 1738 390 XXXVI.
1779 367 1845 375 ——
1888 335 1975 390 DF.
2015 334 2249 391 DIVINA
2289 333 2828 437 OMNIE’OTENTIA.

3549 360 3656 416 6l0

367 441 446 492 cis
485 449 594 492 tam
637 441 824 496 ellicax
855 457 1020 500 causa
1058 454 1142 502 cst
1175 448 1428 502 omnibus
1473 449 1634 503 rebus
1676 449 1968 512 exislcndi,
1999 462 2044 519 Α
2073 462 2235 518 quam
2269 457 2337 504 ad
2364 441 2608 517 extrema
2639 458 2963 520 .ueveniunt.
3019 468 3144 515 tunc
3173 462 3306 518 nihil
3350 467 3515 536 fiant,
3562 476 3658 530 sed

368 528 451 582 vel
479 547 584 584 non
615 532 906 598 cxistendi,
933 545 990 586 ut
1021 536 1163 603 quod
1210 535 1299 590 ille
1344 539 1460 593 vult
1487 555 1626 606 esse,
1663 558 1768 594 non
1797 542 1966 610 possit

368 639 472 675 non
501 639 644 686 esse,
679 633 732 677 et
763 627 906 693 quod
955 643 1059 680 non
1104 630 1215 681 vult
1261 645 1401 692 esse,
1454 648 1560 685 non
1609 633 1784 686 valeat
1824 649 1964 687 esse.

366 711 552 766 Virtus
570 715 770 784 quippe
797 716 890 770 Dei
926 715 1054 770 fecit
1087 729 1144 772 ut
1173 723 1314 789 quod
1359 723 1640 778 constituit
1667 731 1811 790 esse,
1851 723 1962 792 jam

363 819 470 857 non
522 807 697 859 valeat
751 822 858 862 non
907 805 1106 874 fuisse;
1162 820 1217 864 et
1261 811 1403 879 quod
1448 813 1731 867 constituit
1775 812 1963 880 fuisse,

339 899 600 966 quandiu
632 909 736 964 est,
769 916 874 954 non
899 902 1079 955 valeat
1109 918 1213 957 non
1242 919 1397 968 esse;
1429 914 1483 959 et
1508 907 1651 974 quod
1682 907 1964 961 constituit

362 1003 484 1043 esse
530 987 792 1052 futurum,
834 990 948 1058 jam
1000 1009 1106 1047 non
1150 994 1328 1048 valeat
1371 994 1613 1049 futurtun
1661 1011 1766 1050 non
1818 1012 1959 1052 esse.

369 1077 521 1134 Unde
559 1096 690 1150 ergo
720 1081 812 1136 Dei
862 1082 1032 1137 virtus
1083 1085 1358 1152 potentior
1400 1095 1454 1140 et
1498 1087 1798 1142 mirabilior
1843 1104 1963 1144 esse

343 1149 732 1239 perpenditur,
783 1171 908 1227 inde
947 1189 976 1226 a
1020 1176 1185 1230 stulte
1219 1177 1556 1247 sapientibus
1594 1178 1645 1232 in
1677 1196 1776 1234 suo
1805 1196 1962 1250 posse

363 1262 596 1316 invalida
640 1261 963 1329 judicctur?
1019 1265 1110 1321 Sic
1141 1268 1283 1322 enim
1325 1270 1583 1338 quidquid
1606 1280 1711 1337 est,
1746 1271 1813 1325 ab
1843 1273 1960 1342 ipso

361 1363 466 1407 est.
514 1354 632 1425 lpsc
687 1355 850 1409 rebus
899 1357 1039 1411 hanc
1091 1360 1196 1411 vim
1253 1360 1559 1414 cxistentia:
1599 1362 1848 1428 contulit,
1901 1375 1960 1418 ut

366 1455 650 1512 postquam
710 1445 879 1500 semel
945 1449 1295 1513 exstiterint,
1352 1466 1458 1504 non
1520 1453 1795 1506 exstitisse
1850 1471 1956 1508 non

364 1535 599 1604 possint.

976 1631 1206 1688 CAPUT
1243 1635 1335 1690 IX.

433 1735 587 1805 Quod
617 1739 758 1792 mala
793 1741 1015 1796 dicenda
1061 1756 1182 1822 sunt
1215 1748 1388 1815 potius
1433 1765 1534 1802 non
1573 1767 1688 1804 esse
1723 1770 1880 1822 quant

1038 1818 1278 1870 existere.

429 1897 567 1953 Mala
612 1911 791 1956 autem
833 1904 1122 1972 quaelibet,
1175 1909 1315 1962 sicut
1358 1919 1485 1964 sunt
1536 1912 1852 1982 iniquitates
1902 1925 1958 1972 et

357 1996 584 2059 scelera,
617 2001 781 2054 etiam
824 2018 946 2057 cum
975 2006 1390 2080 videntnresse,
1433 2026 1536 2063 non
1577 2021 1738 2076 sunt,
1771 2015 1896 2082 quia
1924 2030 1956 2069 a

357 2087 469 2141 Deo
493 2103 598 2142 non
623 2101 772 2155 sunt,
801 2107 865 2147 ac
889 2105 1181 2162 propterea
1199 2097 1333 2151 nihil
1361 2109 1520 2164 sunt;
1551 2101 1686 2169 quia
1708 2101 1958 2158 videlicet

358 2179 501 2236 Deus
553 2185 778 2239 omnino
825 2203 933 2241 ιιοιι
968 2188 1116 2253 fecit,
1167 2191 1285 2246 sine
1313 2207 1420 2262 quo
1457 2194 1659 2250 factum
1700 2206 1783 2252 cst
1820 2197 1956 2252 nihil

357 2270 543 2343 (Joan.
575 2276 636 2344 ι).
669 2277 1010 2348 Quapropter
1044 2283 1089 2336 si
1141 2283 1268 2353 quid
1321 2286 1446 2340 boni
1499 2287 1698 2343 factum
1751 2300 1836 2344 est
1885 2292 1954 2347 ab

357 2363 688 2432 hominibus,
718 2373 946 2438 perdere
977 2389 1134 2429 suum
1164 2391 1287 2432 esse
1333 2390 1388 2432 et
1417 2378 1588 2436 fuisse
1615 2399 1720 2437 non
1751 2393 1950 2453 potest,

353 2455 480 2525 quia
510 2475 646 2526 opus
672 2460 762 2516 Dei
788 2473 888 2525 est,
918 2466 1132 2520 etiamsi
1169 2483 1265 2537 per
1308 2469 1555 2526 homines
1600 2471 1802 2528 factum
1848 2485 1950 2531 est.

356 2546 510 2603 Unde
535 2553 792 2620 propheta
837 2557 1016 2610 dicit:
1056 2577 1074 2608 ι
1115 2559 1312 2614 Omnia
1358 2563 1502 2616 enim
1553 2579 1718 2633 opera
1767 2576 1953 2622 nostra

354 2653 608 2710 operatus
655 2661 714 2698 es
767 2647 818 2700 in
871 2649 1027 2704 nobis
1073 2650 1212 2720 (lsa.
1278 2655 1452 2724 XXVI).
1485 2674 1504 2706 ι
1534 2657 1727 2711 Omnia
1755 2659 1953 2728 quippe

354 2729 494 2784 bona
535 2743 588 2786 et
640 2734 731 2788 Dei
782 2747 910 2792 sunt
950 2749 1004 2793 et
1047 2751 1254 2808 nostra,
1287 2746 1543 2812 quoniam
1577 2747 1668 2802 ille
1695 2760 1955 2819 operatur

355 2818 410 2874 in
436 2823 611 2888 nobis,
639 2826 729 2894 qui
753 2826 1004 2884 effectum
1032 2834 1221 2889 tribuit
1242 2840 1526 2905 operandi.
1556 2840 1624 2894 Et
1653 2818 1908 2900 Salomon
1934 2864 1948 2899 :

362 2929 381 2960 ι
413 2911 467 2966 In
503 2930 662 2969 manu
690 2918 850 2984 illius,
886 2920 1080 2992 inquit,
1108 2935 1162 2978 et
1191 2942 1312 2990 nos,
1345 2939 1397 2982 et
1439 2945 1720 2988 sermones
1751 2936 1949 3002 nostri,

354 3014 408 3058 et
436 3011 616 3062 omnis
645 3013 931 3080 Sapientia,
971 3026 1023 3069 et
1051 3032 1274 3087 operum
1309 3023 1561 3087 scientia,
1588 3034 1639 3079 et
1665 3027 1949 3096 disciplina

354 3098 509 3169 (Sap.
543 3103 658 3160 vn).
706 3125 722 3154 ι
759 3104 812 3158 lu
843 3107 933 3160 illo
961 3111 1148 3174 etiam,
1182 3111 1323 3166 sicut
1352 3115 1428 3166 ait
1466 3115 1777 3184 Apostolus,
1810 3135 1828 3167 ι
1868 3120 1948 3172 vi-

357 3190 551 3256 vimus,
605 3210 886 3250 movemur
933 3207 987 3252 ct
1035 3215 1224 3255 sumus
1279 3204 1414 3273 (Act.
1470 3207 1624 3276 xm).
1665 3227 1684 3259 ι
1719 3209 1870 3273 Quod
1900 3210 1944 3263 si

353 3281 553 3336 malum
587 3283 786 3340 factum
838 3298 943 3353 est,
978 3291 1143 3345 etiam
1187 3303 1311 3348 tunc
1352 3296 1482 3350 nihil
1513 3307 1652 3363 erat,
1681 3313 1800 3354 cum
1829 3317 1949 3356 esse

353 3371 656 3430 videbatur.
690 3377 825 3432 Hinc
853 3390 938 3433 est
964 3388 1106 3450 quod
1140 3384 1285 3452 ipsos
1316 3387 1537 3441 malitia:
1562 3404 1628 3442 ac
1656 3391 1947 3458 pravitatis

354 3473 605 3520 auctores
632 3469 773 3536 apud
825 3471 1028 3526 inferos
1074 3475 1334 3543 conqueri
1361 3476 1642 3546 Scriptura
1676 3488 1904 3534 testatur
1933 3500 1946 3535 :

357 3552 724 3623 Transierunt,
781 3561 1054 3630 inquiunt,
1097 3569 1273 3619 omnia
1299 3567 1398 3619 illa
1437 3577 1687 3639 tanquam
1739 3573 1947 3637 umbra,

351 3657 398 3699 et
423 3658 675 3719 tanquam
729 3655 942 3708 nuntius
977 3672 1324 3726 prwcnrrens,
1378 3669 1424 3712 et
1479 3670 1732 3731 tanquam
1779 3665 1948 3736 tiaris,

351 3754 468 3807 qua:
495 3743 798 3810 pertransiit
836 3747 1176 3813 ﬂuctuantem
1214 3765 1429 3818 aquam,
1459 3752 1612 3820 cujus
1661 3770 1779 3806 cum
1834 3771 1952 3822 per-

351 3833 620 3885 transierit
665 3836 933 3904 vestigium
979 3855 1082 3891 non
1111 3849 1184 3892 est
1215 3841 1446 3894 invenire
1485 3857 1648 3912 neque
1677 3844 1840 3913 627
1866 3862 1951 3898 se-

351 3919 532 3974 mitam
555 3925 751 3979 carina:
771 3924 914 3979 illius
938 3927 990 3979 in
1012 3929 1258 3996 fluctibus
1282 3931 1437 4000 (δαν.
1468 3931 1544 3999 v).
1573 3932 1777 3987 Semita
1802 3950 1955 3988 nam-

351 4025 456 4076 que
484 4011 818 4068 inlluctibus
857 4015 999 4070 facta
1049 4033 1172 4072 mox
1216 4018 1418 4074 deficit.
1469 4020 1621 4075 Unde
1653 4038 1844 4077 rursus
1872 4024 1953 4077 di-

351 4109 479 4152 cunt
505 4117 518 4152 :
549 4119 565 4151 ι
604 4103 712 4155 Aut
740 4112 996 4173 tanquam
1043 4107 1160 4160 avis
1207 4123 1328 4176 quze
1355 4110 1652 4164 transvolat
1702 4111 1754 4164 in
1800 4126 1950 4178 aere,

353 4206 458 4244 non
501 4193 668 4246 ullum
722 4195 999 4250 invenitur
1037 4199 1250 4253 itineris
1293 4199 1436 4255 illius
1487 4211 1886 4271 argumentum.
1926 4221 1946 4257 ι

351 4279 591 4338 Tertium
616 4301 829 4354 quoque
859 4305 964 4341 non
989 4289 1252 4345 dissimile
1278 4291 1364 4345 his
1391 4308 1582 4347 rursus
1608 4295 1898 4362 apponitur
1925 4311 1940 4348 :

354 4393 373 4424 ι
405 4375 512 4429 Aut
545 4388 796 4447 tanquam
830 4381 1026 4450 sagitta
1059 4383 1256 4437 emissa
1290 4383 1343 4437 in
1382 4384 1560 4439 locum
1591 4386 1947 4451 destinatum,

2070 548 2198 594 ιιιιιε
2227 542 2414 609 procul
2440 543 2603 598 dubio
2637 556 2764 600 sunt
2800 549 2954 613 nihil,
2991 566 3115 606 cum
3143 554 3398 612 videntur
3427 561 3654 632 aliquid.

2067 627 2209 682 Nihil
2255 633 2394 700 apud
2425 633 2790 689 testimonium
2839 640 3106 706 veritatis,
3142 643 3343 713 aliquid
3376 649 3428 702 in
3463 627 3654 708 umbra

2065 719 2334 791 ealiginis.
2383 723 2575 780 Adhuc
2622 725 2868 782 fortassis
2904 731 3225 798 epulabatur
3264 737 3350 792 ille
3377 741 3658 810 splendide

2066 809 2219 880 (Luc.
2248 811 2381 882 xvi),
2415 813 2738 870 fulciebatur
2766 821 2953 876 cuneis
2982 822 3416 894 obsequentium,
3444 836 3652 902 ambie-

2065 901 2225 956 batur
2250 905 2558 974 agminibus
2600 908 2946 974 bellatorum,
2979 929 3138 982 quem
3165 919 3423 985 propheta
3458 915 3656 991 super-

2064 992 2359 1048 exaltatum
2390 1005 2445 1048 et
2474 997 2740 1052 elevatum
2773 1000 2906 1054 vidit
2939 999 3114 1072 (Jsal.
3138 1007 3324 1078 xxxvr)
3363 1027 3376 1062 :
3425 1018 3476 1064 et
3524 1029 3649 1068 mox

2063 1086 2131 1138 ad
2163 1088 2574 1158 contemplanda
2617 1107 2827 1169 summa
2880 1097 3276 1164 pet-transiens,
3324 1117 3484 1171 quem
3532 1121 3653 1160 ma-

2063 1191 2226 1244 gnum
2256 1177 2459 1248 aliquid
2497 1180 2641 1235 forte
2688 1184 3022 1251 crediderat,
3063 1188 3196 1242 nihil
3233 1205 3354 1246 esse
3382 1198 3651 1264 c0gnovit.

2061 1263 2198 1318 llinc
2227 1277 2310 1321 est
2347 1270 2490 1323 enim
2515 1273 2656 1339 quod
2699 1274 2959 1342 scriptum
3006 1286 3127 1330 est:
3163 1297 3180 1328 ι
3211 1263 3476 1345 Quoniam
3525 1302 3652 1355 spes

2063 1354 2210 1422 impii
2249 1364 2504 1426 tanquam
2553 1359 2748 1430 lanugo
2797 1372 2900 1426 est,
2932 1380 3049 1432 qua:
3074 1382 3103 1419 a
3133 1379 3293 1424 vento
3341 1354 3573 1429 tollitur;
3598 1387 3656 1430 et

2063 1451 2322 1514 tanquam
2351 1462 2540 1516 spuma
2563 1452 2803 1519 gracilis,
2829 1470 2951 1523 qua:
2976 1472 3004 1509 a
3028 1459 3262 1526 procella
3291 1461 3649 1534 dispergitur;

2059 1542 2114 1587 et
2145 1545 2398 1606 tauquam
2435 1538 2638 1605 fumus,
2684 1543 2830 1610 quia
2864 1554 3025 1600 vento
3047 1547 3412 1619 dill'ususest;
3443 1566 3497 1608 et
3528 1565 3650 1610 tau-

2058 1639 2221 1693 quam
2270 1630 2530 1683 memoria
2596 1632 2825 1702 hospitis
2887 1636 3044 1690 unius
3104 1639 3210 1693 diei
3274 1649 3654 1711 praetereuntis

2060 1713 2214 1786 (Sap.
2258 1721 2335 1788 v).
2388 1739 2407 1772 ›
2456 1720 2588 1775 Nam
2634 1724 2726 1793 qui
2785 1733 2862 1779 tot
2912 1739 3414 1787 inornentanearum
3469 1751 3650 1790 rerum

1982 1807 2028 1866 Β
2055 1806 2301 1875 exempla
2331 1811 2622 1880 congessit,
2657 1829 2762 1868 non
2811 1825 2920 1869 tam
2969 1817 3073 1873 vile
3117 1821 3248 1889 quid
3282 1837 3407 1877 esse
3433 1840 3652 1881 onmem

2058 1898 2412 1966 reproborum
2441 1902 2690 1971 gloriam,
2719 1921 2880 1974 quam
2912 1907 3045 1962 nihil
3073 1925 3193 1966 esse
3221 1912 3477 1983 signavit.
3509 1916 3648 1973 Mala

2057 2007 2187 2062 ergo
2209 1994 2375 2048 etiam
2406 2010 2528 2050 cum
2559 1997 2812 2054 videntur
2857 2015 2994 2064 esse,
3024 2017 3130 2057 non
3177 2013 3333 2069 sunt;
3377 2017 3434 2061 et
3477 2008 3546 2063 ab
3585 2027 3654 2064 eo

2056 2081 2149 2148 qui
2177 2097 2303 2138 vere
2330 2093 2384 2138 et
2411 2100 2623 2141 summe
2671 2099 2753 2143 est
2793 2091 2981 2158 procul
3011 2102 3157 2147 sunt.
3189 2093 3338 2149 Bona
3364 2106 3566 2162 autem,
3597 2101 3650 2154 id

2058 2179 2142 2224 est
2171 2185 2234 2225 ea
2262 2189 2381 2242 quae
2412 2175 2588 2230 bonus
2609 2177 2806 2232 artifex
2846 2181 3111 2244 condidit,
3139 2199 3258 2251 qua:
3298 2194 3356 2238 ut
3402 2180 3454 2239 tu
3495 2190 3647 2257 quis-
3724 2243 3729 2248 .

2055 2263 2179 2330 quis
2201 2278 2281 2327 es,
2310 2268 2533 2335 quieris,
2571 2284 2692 2325 esse
2719 2271 2879 2325 simul
2899 2285 2952 2326 et
2975 2289 3080 2328 non
3102 2290 3225 2331 esse
3254 2293 3359 2332 non
3391 2292 3646 2348 possunt,

2055 2357 2180 2424 quia
2205 2357 2474 2424 inferum
2503 2374 2719 2430 natura,
2749 2380 2911 2432 quam
2941 2368 3280 2424 rationabilis
3308 2372 3505 2426 artifex
3528 2390 3647 2429 esse

2047 2449 2361 2513 constituit,
2392 2450 2675 2508 alteruitas
2727 2455 2827 2508 ista
2877 2473 2981 2510 non
3012 2457 3220 2513 invenit
3262 2461 3460 2516 locum.
3513 2464 3646 2530 Quia

2057 2539 2202 2593 enim
2230 2543 2371 2595 inter
2395 2557 2516 2598 esse
2554 2554 2609 2598 et
2651 2560 2756 2598 non
2784 2561 2905 2601 esse
2943 2547 3202 2608 confundi
3231 2552 3428 2606 malum
3457 2564 3561 2619 est,
3586 2573 3650 2610 ac

1955 2650 1974 2661 ί
2053 2631 2233 2698 potius
2259 2631 2391 2684 nihil
2432 2642 2538 2695 est,
2582 2636 2785 2690 idcirco
2819 2651 2850 2690 a
2883 2637 3022 2692 bono
3043 2637 3321 2707 Creatore,
3368 2645 3458 2712 qui
3506 2647 3648 2701 bona

2051 2721 2234 2773 omnia
2267 2720 2418 2786 fecit,
2450 2722 2778 2779 alternitatis
2806 2726 2908 2780 ista
2937 2727 3185 2784 confusio
3229 2731 3373 2786 facta
3402 2750 3508 2790 non
3540 2747 3644 2790 est.

2052 2807 2111 2862 ln
2143 2809 2301 2864 malis
2318 2823 2498 2866 autem
2524 2823 2700 2883 potest
2740 2825 3012 2885 utcunque
3042 2819 3210 2876 videri
3238 2822 3352 2877 inec
3374 2825 3650 2880 confusio-

2054 2906 2139 2960 nis
2171 2906 2474 2972 alternitas,
2499 2925 2620 2980 qua:
2641 2921 2790 2966 certe
2817 2913 3068 2968 videntur
3096 2930 3238 2978 esse,
3270 2925 3325 2970 et
3367 2933 3471 2973 nou
3499 2932 3646 2986 sunt,

2051 3006 2216 3067 atque
2242 2999 2364 3054 ideo
2387 3002 2544 3069 quasi
2575 3014 2722 3067 sunt,
2750 3014 2806 3058 et
2840 3019 2946 3059 non
2979 3015 3126 3060 sunt.
3163 3006 3302 3062 Sunt
3337 3012 3551 3078 quidem
3592 3013 3647 3068 in

2052 3087 2338 3157 superficie
2373 3089 2592 3156 coloris,
2627 3107 2730 3164 non
2779 3103 2957 3148 autem
3008 3096 3062 3150 in
3104 3095 3311 3164 judicio
3352 3103 3641 3158 veritatis:

2051 3196 2360 3250 quanquam
2381 3184 2580 3253 etipsis
2596 3184 2752 3241 tualis
2777 3203 2880 3240 non
2909 3190 3343 3256 possumnshanc
3364 3193 3647 3249 diversitao

2054 3283 2160 3326 tem
2193 3283 2382 3328 exacte
2431 3283 2728 3331 concedere
2756 3318 2770 3340 ,
2819 3287 2876 3331 ut
2905 3279 3066 3332 simul
3114 3282 3224 3335 sint
3264 3292 3320 3336 et
3367 3300 3473 3338 non
3517 3288 3648 3350 sint,

2049 3363 2172 3434 quia
2203 3365 2455 3418 videntur
2479 3381 2618 3429 esse,
2649 3367 2741 3421 sed
2786 3384 2891 3422 non
2922 3379 3069 3433 sunt,
3092 3381 3257 3440 atque
3299 3373 3420 3428 ideo
3466 3378 3648 3432 verius

2052 3457 2303 3512 dicuntur
2347 3472 2561 3528 semper
2598 3476 2704 3515 non
2742 3476 2882 3525 esse,
2933 3478 3095 3530 quam
3124 3474 3334 3520 esse'et
3362 3483 3468 3521 non
3505 3483 3647 3526 esse.

2681 3554 2910 3610 CAPUT
2952 3556 3018 3610 Χ.

2055 3650 2208 3716 Quod
2231 3653 2406 3705 omnia
2441 3651 2580 3708 Dens
2605 3663 2789 3721 potest,
2838 3655 2944 3708 sive
2969 3656 3132 3724 [aciat
3181 3657 3284 3712 sive
3330 3677 3430 3713 non
3458 3663 3648 3737 faciat.

2124 3740 2466 3796 Manifestum
2507 3753 2591 3796 est
2631 3743 2794 3814 igitur
2837 3745 3204 3801 alternitatem
3233 3749 3416 3815 istam,
3450 3754 3514 3808 de
3539 3769 3646 3824 qua

2055 3832 2343 3897 quzeritur,
2371 3832 2598 3895 scilicet,
2639 3842 2819 3887 utrmn
2852 3836 3024 3904 possit
3049 3837 3218 3906 628
3244 3839 3444 3918 aliquid
3480 3841 3648 3898 fuisse

2053 3921 2212 3973 simul
2239 3929 2294 3974 et
2329 3939 2434 3974 non
2463 3921 2660 3986 fuisse;
2689 3931 2827 3987 esse,
2859 3932 3033 3978 etnon
3055 3939 3205 3990 esse;
3240 3927 3477 3984 futurum
3502 3947 3646 3999 esse,

2053 4018 2107 4061 et
2163 4009 2400 4063 futurum
2435 4025 2540 4063 non
2576 4026 2697 4065 esse
2728 4051 2744 4074 ,
2787 4012 2997 4066 naturis
3047 4014 3399 4069 existentium
3462 4035 3644 4075 rerum

2055 4101 2198 4155 nulla
2229 4117 2386 4170 posse
2426 4103 2634 4158 ratione
2663 4119 2996 4173 congruere;
3041 4106 3108 4159 ad
3137 4105 3280 4160 solas
3307 4117 3488 4163 autem
3524 4125 3646 4166 ver-

2055 4195 2247 4249 borum
2291 4210 2520 4263 pngnas,
2581 4211 2702 4264 quae
2730 4196 2797 4250 de
2831 4196 3132 4252 disserendi
3182 4213 3247 4252 ac
3285 4201 3645 4257 ratiocinandi

2055 4284 2186 4338 fiunt
2222 4275 2630 4354 coitseqnentiis
2658 4286 2950 4356 pertinere.
3008 4287 3374 4354 Quamobrem
3432 4293 3648 4349 indutii-

2057 4377 2204 4430 tabili
2237 4377 2342 4432 fide
2362 4378 2688 4431 credendum
2712 4385 2797 4431 est
2821 4417 2838 4442 ,
2881 4377 3049 4442 Deum
3093 4380 3275 4434 omnia
3312 4396 3491 4449 posse,
3530 4386 3646 4440 sive

347 4466 554 4522 divisus
581 4484 676 4522 aer
709 4472 968 4526 continuo
1009 4474 1059 4527 in
1091 4489 1150 4528 se
1180 4475 1424 4530 reclusus
1447 4486 1551 4543 est,
1578 4486 1632 4531 et
1661 4477 1946 4547 ignoratur

2054 4465 2238 4527 faciat,
2269 4467 2383 4520 sive
2413 4482 2515 4520 non
2548 4466 2732 4521 faciat.
2758 4465 2892 4522 Nam
2919 4470 3075 4538 quod,
3092 4470 3292 4524 malum
3315 4481 3418 4535 est,
3466 4478 3645 4544 potius

349 4560 614 4613 transitus
663 4561 804 4616 illius
846 4561 1056 4635 (Ibid.).
1097 4584 1114 4615 ι
1148 4564 1444 4637 Vestigium
1492 4577 1640 4622 certe
1683 4571 1858 4632 navis,
1891 4578 1946 4621 et

348 4652 485 4714 avis,
516 4661 569 4704 et
601 4653 812 4721 sagitta:
841 4656 1101 4709 transitus
1129 4671 1250 4710 mox
1291 4657 1446 4723 fiunt,
1479 4658 1622 4714 illico
1654 4659 1945 4713 recludun~

351 4749 465 4803 tur;
521 4742 603 4796 sic
654 4744 881 4811 quilibet
935 4746 1125 4814 iniqui,
1165 4763 1290 4801 mox
1328 4759 1388 4801 ut
1433 4749 1715 4818 incipiunt,
1747 4757 1943 4818 przesto

349 4831 631 4887 deficiunt.
671 4835 822 4890 Unde
857 4838 1183 4908 sulijungunt
1215 4855 1227 4892 :
1267 4858 1286 4890 ι
1319 4839 1410 4895 Sic
1439 4849 1494 4895 et
1529 4857 1626 4895 nos
1664 4844 1775 4897 nati
1808 4857 1941 4896 con-

355 4922 507 4976 tinuo
541 4925 840 4982 desivimus
887 4945 1034 4994 esse;
1072 4950 1090 4982 ι
1116 4932 1225 4985 imo
1267 4932 1384 5000 ipso
1417 4942 1691 4986 momento
1721 4948 1829 5002 quo
1866 4933 1945 4987 vi-

353 5016 554 5069 dentur
601 5031 746 5080 esse,
799 5033 906 5072 non
956 5030 1102 5084 sunt,
1158 5023 1282 5090 quia
1330 5021 1396 5074 ab
1437 5021 1527 5076 illo
1556 5023 1644 5090 qui
1685 5037 1814 5077 vere
1861 5031 1944 5077 est

350 5103 512 5174 longe
562 5116 709 5160 sunt.
769 5107 887 5172 Quo
937 5121 1124 5163 contra
1187 5113 1253 5164 de
1317 5112 1435 5165 viro
1483 5111 1629 5179 justo
1682 5114 1878 5166 dicitur
1927 5131 1940 5166 :

356 5211 377 5243 ι
422 5195 841 5253 Consummatus
884 5199 937 5253 in
971 5201 1140 5262 brevi,
1193 5201 1427 5271 explevit
1477 5213 1713 5272 tempora
1752 5204 1942 5268 multa,

349 5287 476 5354 quia
524 5286 720 5356 placita
757 5301 915 5344 erant
944 5291 1173 5346 Domino
1203 5310 1366 5363 opera
1408 5294 1552 5349 illius
1598 5295 1749 5367 (Sap.
1783 5300 1878 5366 tv).
1919 5315 1937 5348 ι

351 5375 427 5430 De
481 5378 585 5432 illis
643 5392 822 5434 autem
867 5399 881 5435 :

353 5477 439 5520 tur
465 5467 638 5539 ('Psal.
661 5475 862 5540 LXXII).
899 5493 916 5523 ι
949 5472 1066 5527 Νοιι
1107 5476 1203 5541 ait,
1229 5488 1512 5545 postquam
1558 5477 1768 5532 allevati
1798 5489 1943 5545 sunt,

350 5561 466 5622 sed,
494 5562 622 5614 dum
646 5562 1035 5627 allevarentur,
1076 5567 1201 5636 quia
1229 5583 1324 5637 per
1357 5569 1460 5622 hoc
1489 5569 1824 5633 inanescunt,
1851 5586 1948 5639 per

350 5655 492 5720 quod
540 5655 942 5724 intumescunt;
996 5648 1456 5727 indecorrnunt,
1501 5662 1640 5716 unde
1689 5663 1948 5718 sublimes

354 5742 508 5798 (iurat.
536 5744 652 5799 Non
685 5748 874 5817 itaque
923 5750 1026 5805 hoc
1066 5751 1416 5808 asserendnm
1466 5763 1568 5817 est,
1620 5753 1761 5811 quod
1808 5761 1950 5809 uost-

934 5401 952 5433 ι
1008 5383 1259 5450 Dejecisti
1318 5400 1413 5439 eos
1460 5387 1587 5440 dum
1645 5387 1946 5442 allevaren-
1999 5447 2012 5458 ,

2051 4560 2212 4614 debet
2233 4559 2339 4614 dici
2371 4560 2524 4623 nihil,
2554 4575 2716 4628 quam
2741 4559 2965 4629 aliquid,
2993 4573 3157 4630 atque
3188 4563 3308 4617 ideo
3335 4565 3470 4618 nihil
3501 4581 3643 4635 prae-

2041 4648 2271 4717 judicat,
2302 4652 2345 4704 si
2370 4650 2614 4704 dicamus
2649 4652 2816 4704 Deum
2865 4652 3046 4705 omnia
3095 4667 3273 4720 posse,
3331 4654 3458 4709 licet
3502 4659 3643 4713 mala

2049 4741 2226 4793 omnia
2254 4756 2358 4794 non
2383 4741 2590 4809 possit;
2619 4757 2742 4796 cum
2771 4741 2911 4795 mala
2959 4757 3064 4795 non
3105 4743 3245 4796 intra
3292 4746 3498 4810 omnia,
3548 4750 3645 4804 sed

2047 4841 2200 4884 extra
2236 4831 2418 4884 omnia
2461 4831 2641 4898 pciins
2693 4832 2927 4884 debeant
2979 4833 3300 4901 supputaria
3345 4833 3481 4890 Hinc
3535 4849 3640 4904 est,

2048 4923 2198 4992 quod
2227 4938 2368 4992 saepe
2403 4924 2580 4978 divina
2611 4924 2786 4977 virtus
2809 4932 3050 4978 armatos
3075 4922 3482 4979 dialecticorum
3533 4931 3644 4999 syl-

2053 5013 2327 5083 logismos,
2354 5027 2650 5081 eormnqne
2683 5014 2953 5069 versutias
2975 5015 3233 5080 destruit;
3273 5025 3331 5070 et
3351 5032 3472 5086 qua:
3495 5020 3638 5088 apud

2054 5119 2148 5157 ros
2186 5105 2490 5159 necessaria
2533 5102 2645 5169 jam
2698 5111 2861 5175 atque
2909 5105 3239 5160 inevitabilia
3283 5107 3640 5176 jndicantur.

2052 5195 2291 5248 omnium
2321 5194 2764 5264 philosoiihornm
2797 5207 3113 5265 argumenta
3144 5194 3446 5255 confundit.
3500 5200 3641 5264 Audi

2052 5286 2420 5357 syllogismum
2453 5305 2464 5339 :
2499 5286 2552 5338 Si
2595 5287 2796 5357 lignum
2831 5289 3005 5352 ardet,
3039 5289 3280 5357 profecto
3307 5290 3512 5355 uritur;
3544 5295 3640 5348 sed

2053 5379 2238 5442 ardet.
2270 5393 2400 5447 ergo
2428 5387 2483 5432 et
2513 5379 2708 5433 uritur.
2743 5377 2848 5432 Sed
2881 5393 3008 5433 ecce
3031 5380 3242 5449 Moyses
3272 5380 3416 5434 videt
3448 5382 3642 5437 rubum

2055 5474 2271 5537 ardere,
2315 5483 2370 5527 et
2410 5490 2514 5528 non
2556 5472 2798 5528 comburi
2831 5470 3028 5543 (Exod.
3061 5474 3166 5540 ιιι).
3195 5471 3417 5542 ίιῖυνειιε
3438 5512 3454 5537 ,
3502 5473 3547 5528 si
3579 5475 3644 5528 li-

2055 5581 2217 5634 gnum
2269 5565 2553 5634 prmcisum
2603 5573 2726 5630 cst,
2773 5578 2878 5617 non
2935 5563 3246 5627 fructificat,
3297 5563 3390 5617 sed
3447 5566 3644 5633 praci-

2053 5672 2174 5713 sum
2227 5667 2357 5722 est,
2425 5674 2554 5728 ergo
2601 5673 2706 5711 non
2763 5655 3079 5711 fructiﬁcat.
3144 5656 3250 5711 Sed
3307 5671 3435 5713 ecce
3487 5659 3640 5729 virga

2055 5748 2236 5804 Aaron
2263 5748 2322 5807 in
2351 5747 2721 5814 tabernaculo,
2755 5756 2943 5803 contra
2973 5755 3184 5805 naturae
3211 5748 3461 5805 ordinem
3489 5763 3646 5820 repe-
