4074 6190
417 349 516 406 «ιιι

899 341 958 400 s.
999 336 1204 399 PETRI
1247 338 1528 396 DAMIAM
1565 338 1714 395 ore.
1757 333 1992 393 TOMUS
2019 335 2149 390 seu
2182 337 2358 394 rans
2399 337 2483 393 ιιι.
2526 365 2595 375 -
2629 305 2991 389 oruscum
3036 324 3265 382 vanu.

3593 309 3698 386 eti

419 461 886 532 ritur'amigdalas
959 457 1249 529 protulisse
1299 453 1491 525 (Num.
1551 457 1708 519 χιιι).
1763 450 2016 520 Alioquin
2047 460 2090 512 Α
2123 453 2270 507 fonte
2295 453 2444 506 rivus
2477 460 2713 504 arescat.
2745 448 2826 500 Ad
2879 443 3261 499 al'lirmandom
3292 457 3529 511 namque
3559 443 3703 513 quod

414 558 546 628 quid
576 565 657 610 est
687 563 764 607 tot
789 555 840 605 in
873 549 1110 619 IEgypto
1135 545 1402 600 Pharaoni
1435 543 1726 615 magnalia,
1773 557 1837 595 ac
1860 542 2010 607 signa

431 647 785 718 portendere;
818 641 1050 694 tiliornm
1081 637 1246 690 Israel
1302 647 1550 690 catervas
1598 633 1864 702 Egyptiis
1915 646 2010 698 pe—

421 738 724 798 reuntibus,
739 731 1076 802 pcrdivisum
1097 744 1246 782 mare
1261 726 1554 781 transferre
1569 723 2009 794 (Exod-.vtt,x1v-),

417 830 718 901 largissima
743 826 940 878 fluenta
963 837 1027 877 ex
1052 821 1188 873 aridi
1203 820 1316 873 saxi
1345 833 1478 886 rupe
1497 817 1796 886 producere
1811 811 2004 884 (Exod.

415 900 549 982 xvu;
563 915 920 981 Psalmxxvu)
931 909 1383 975 ,etJer-ichontina
1398 907 1597 960 manna
1611 920 1716 958 non
1729 904 1896 957 armis
1907 900 2013 955 fre-

399 1005 710 1069 mentibus,
734 1005 826 1058 sed
858 1003 1000 1056 tubis
1027 999 1408 1069 elangeutibus
1433 1039 1447 1062 ,
1479 995 1782 1066 dissipare?
1827 993 2012 1064 (Josue

413 1095 516 1166 rt.)
571 1094 872 1155 Postremo,
905 1090 1050 1159 quod
1093 1092 1144 1142 in
1200 1099 1478 1157 stttporem
1505 1086 1748 1139 omnium
1789 1083 2014 1138 sarculo-

393 1203 567 1250 .rum,
630 1185 800 1240 solem
842 1184 894 1236 in
925 1181 1065 1236 coelo
1089 1180 1158 1234 ad
1220 1179 1506 1247 imperium
1533 1175 1700 1230 Josue
1730 1189 1829 1244 per
1852 1173 2012 1226 unius

418 1278 524 1331 diei
561 1277 796 1346 spatium
845 1276 1036 1328 sistere
1068 1272 1204 1341 (λοι.
1266 1273 1350 1337 x);
1406 1285 1500 1338 per
1547 1269 1835 1322 Ezechiam
1883 1281 2013 1319 vero

415 1370 604 1422 decem
635 1366 700 1419 ad
751 1364 1020 1418 orientem
1062 1361 1218 1415 lineis
1256 1375 1515 1413 revocare
1558 1357 1662 1429 (IV
1700 1356 1830 1424 Reg.
1899 1369 1966 1408 xx
1997 1396 2010 1418 ,

415 1455 536 1509 ha.
555 1453 973 1522 xxxviii);circa
1000 1460 1112 1504 tres
1138 1463 1334 1516 pueros
1359 1447 1586 1502 furentis
1616 1445 2013 1500 incendiiviues

416 1545 786 1612 exstinguere,
815 1544 958 1593 circa
1008 1539 1283 1592 Danielem
1330 1551 1466 1589 vero
1507 1543 1763 1589 cruentos
1797 1535 2010 1587 leonum

421 1637 615 1696 rictus,
671 1642 727 1687 et
781 1631 1079 1684 rabidaora
1133 1628 1447 1684 refrenare?
1531 1626 1703 1696 (Dan.
1778 1641 1860 1688 Ill,
1906 1625 2011 1694 vi.)

416 1725 578 1792 Quid,
609 1725 851 1791 inquam,
881 1723 996 1774 haec
1022 1720 1204 1771 omnia
1239 1727 1388 1780 sunt,
1415 1717 1519 1770 nisi
1542 1705 1734 1770 frivola
1788 1716 2009 1784 sapien-

2117 545 2256 598 Deus
2281 552 2512 613 nequeat
2545 542 2806 611 virginem
2840 551 3098 605 reparare
3125 545 3240 604 post
3267 534 3500 604 lapsum,
3536 536 3696 604 quasi

2114 646 2513 704 consequenter
2539 631 2805 700 adjiciunt
2839 647 2850 683 :
2887 627 3147 696 Nunquid
3192 626 3294 680 hoc
3341 635 3521 694 potest
3561 625 3705 681 Deus

2114 743 2301 797 agerc,
2347 737 2406 780 ut
2433 727 2575 806 quod
2605 725 2807 779 factum
2846 732 2932 777 est
2955 737 3060 774 non
3091 719 3294 772 fuerit?
3321 719 3606 788 Tanquam
3653 720 3700 774 si

2114 818 2278 871 semel
2310 827 2522 871 constet
2547 827 2603 870 u-t
2629 818 2672 869 si
2718 816 2879 868 fuerit
2923 814 3075 882 virgo
3125 819 3405 878 corrupta,
3448 811 3560 878 jam
3609 826 3705 866 ne-

2089 918 2278 977 queat
2320 907 2436 962 fieri
2471 917 2530 961 ut
2554 923 2741 960 rursus
2772 906 2842 959 sit
2875 905 3106 972 integra.
3153 901 3315 966 Quod-
3355 911 3504 955 certe
3535 915 3708 970 quan-

2089 1006 2228 1051 tum
2255 999 2321 1052 ad
2353 1007 2602 1051 naturam
2657 1011 2842 1049 verum
2873 1003 2978 1057 est,
3024 1001 3238 1060 statque
3268 993 3572 1058 sententia;
3622 991 3702 1045 fa-

2113 1099 2266 1145 ctum
2292 1105 2507 1159 quoque
2537 1088 2738 1157 aliquid
2773 1086 2959 1150 fuisse,
3001 1093 3054 1138 et
3102 1085 3301 1139 factum
3351 1099 3457 1138 non
3513 1085 3702 1149 fuisse,

2115 1199 2279 1236 unum
2313 1183 2566 1251 idemque
2591 1180 2821 1234 inveniri
2847 1195 2950 1232 non
2982 1175 3480 1246 potesl.Contraria
3506 1178 3707 1247 quippe

2117 1276 2348 1329 invicem
2388 1284 2531 1336 sunt,
2590 1275 2725 1327 adeo
2757 1272 2888 1325 utsi
2921 1286 3094 1324 unum
3141 1270 3230 1331 sit,
3293 1269 3523 1323 alterum
3583 1284 3706 1324 esse

2117 1383 2221 1419 non
2245 1367 2434 1436 possit.
2467 1365 2598 1418 Nam
2621 1364 2762 1434 quod
2791 1362 2891 1416 fuit
2937 1378 3042 1415 non
3078 1369 3252 1431 potest
3278 1377 3404 1416 vere
3431 1361 3536 1416 dici
3567 1361 3693 1430 quia

2116 1473 2221 1512 non
2247 1457 2381 1518 fuit;
2438 1467 2492 1510 et
2515 1472 2545 1511 e
2568 1457 2809 1520 diverso,
2850 1453 2994 1522 quod
3025 1469 3132 1507 non
3157 1452 3281 1518 fuit,
3310 1469 3416 1506 non
3446 1463 3596 1506 recte
3623 1453 3708 1506 di-

2117 1549 2261 1602 citur
2290 1549 2418 1616 quia
2473 1547 2760 1614 fuit.'Qua:
2809 1545 2955 1600 enim
3001 1545 3276 1599 contraria
3329 1555 3454 1598 sunt
3494 1544 3545 1597 in
3594 1559 3704 1597 uno

2096 1641 2417 1708 eodemque
2437 1638 2684 1707 subjecto
2712 1652 3016 1707 congruere
3043 1642 3335 1705 nequeunt.
3386 1636 3511 1689 llatc
3540 1651 3704 1704 porro

2120 1731 2527 1800 impossibilitas
2605 1739 2752 1785 recte
2786 1729 3006 1798 quidem
3053 1727 3271 1790 dicitur,
3313 1727 3357 1780 si
3402 1727 3468 1779 ad
3499 1735 3707 1780 naturae

419 1830 531 1870 tum
561 1814 723 1880 hujus
749 1812 931 1872 tmtndi
961 1826 1118 1865 sensa
1158 1807 1515 1870 confundere,
1564 1816 1618 1864 et
1665 1819 1858 1861 contra
1912 1823 2008 1859 na-

2118 1823 2388 1878 rcferatnr
2416 1823 2653 1891 inopiam
2688 1839 2700 1873 :
2757 1820 2899 1873 absit
2921 1827 3127 1881 autem,
3159 1827 3217 1870 ut
3249 1818 3315 1871 ad
3366 1817 3704 1886 majestatcm

419 1918 552 1961 tura:
577 1904 1028 1960 consuetudinem
1053 1901 1248 1954 divina:
1273 1901 1490 1957 virtutis
1521 1899 1748 1968 gloriam
1800 1907 1998 1951 morta-

416 2000 562 2053 libus.
584 1996 858 2050 revelare?
886 1992 1120 2046 Veniant
1145 1992 1437 2056 dialectici,
1462 1995 1580 2045 sive
1601 1992 1800 2060 potius,
1825 1999 1883 2044 ut
1911 2004 2010 2058 pu-

415 2096 621 2151 tantur,
649 2085 908 2149 lneretici,
949 2084 1048 2154 ipsi
1080 2084 1315 2138 viderint
1345 2099 1366 2148 ;»
1404 2084 1623 2137 veniant
1659 2123 1672 2146 ,
1744 2083 1969 2151 inquam
1991 2122 2006 2146 ,

417 2181 577 2240 verba
614 2178 966 2241 trutinantes,
1005 2176 1336 2245 quaestiones
1381 2191 1513 2229 suasi
1548 2174 1737 2229 buccis
1785 2190 2010 2230 concre-

415 2270 674 2340 pantibus
729 2267 1080 2332 ventilantes,
1130 2274 1521 2336 prominentes,
1559 2277 1918 2330 assumentes,
1956 2275 2010 2320 et

417 2372 477 2416 ut
502 2360 609 2416 illis
641 2361 856 2427 videtur
894 2360 1226 2414 inevitabilia
1249 2359 1657 2424 concludentes,
1693 2373 1757 2412 ac
1789 2360 2005 2414 dicant:

411 2454 457 2508 si
488 2453 720 2522 peperit,
741 2451 1190 2506 concubuit:sed
1229 2452 1456 2520 peperit,
1500 2465 1640 2521 ergo
1685 2450 2002 2505 concubuit.

411 2542 666 2614 Nunquid
691 2544 793 2598 hoc
813 2552 940 2597 ante
965 2542 1356 2612 redemptionis
1386 2544 1642 2596 humana:
1688 2543 2007 2612 mysterium

413 2652 520 2690 non
559 2637 846 2690 videbatur
871 2636 1304 2706 inexpugnabilis
1329 2637 1544 2690 roboris
1588 2638 2011 2706 argumentum?

413 2729 482 2783 Et
513 2729 730 2798 quidem
769 2739 986 2796 poterat
1028 2729 1188 2792 Dens,
1251 2739 1308 2781 et
1359 2728 1529 2781 fetare
1570 2729 1836 2797 virginem
1886 2739 2011 2784 ante

417 2821 652 2883 ruinam,
691 2829 746 2873 et
769 2833 1021 2887 reparare
1044 2820 1304 2888 virginem
1349 2828 1469 2887 post
1497 2821 1732 2874 ruinam.
1785 2820 2006 2876 Utrum-

419 2927 525 2980 que
559 2911 767 2965 scilicet
789 2912 997 2964 bonuut
1028 2920 1170 2975 erat,
1212 2911 1306 2964 sed
1336 2912 1461 2965 licet
1492 2920 1722 2965 eatenus
1749 2921 2008 2966 neutrmn

419 3002 653 3062 fecerat,
694 3011 991 3068 utrumque-
1035 3011 1213 3054 tamen
1268 3016 1434 3070 posse
1483 3001 1663 3056 facere
1708 3003 2010 3058 credendus

419 3101 558 3167 erat.
587 3091 653 3144 Et
672 3099 821 3144 certe
845 3091 1144 3145 mirabilius
1174 3101 1279 3152 est,
1315 3100 1370 3145 et
1399 3091 1559 3146 valde
1605 3093 2005 3162 ptmcellentius

409 3182 1084 3250 virginemincorruptatn
1132 3195 1355 3235 manere
1380 3190 1504 3251 post
1548 3192 1785 3251 partum,
1845 3197 2006 3250 quam
2037 3172 2080 3235 C

405 3285 728 3343 corruptam
759 3274 830 3327 ad
849 3273 1113 3341 virginale
1139 3273 1304 3326 decus
1346 3274 1522 3327 redire
1575 3281 1696 3343 post
1741 3273 1950 3343 lapsum
1986 3290 2001 3338 ;

417 3367 545 3434 quia
573 3375 630 3419 et
657 3363 831 3433 majus
852 3375 954 3429 est,
983 3363 1276 3432 quemlibet
1300 3363 1501 3417 clausis
1537 3363 1720 3433 januis
1773 3365 2004 3434 ingredi,

399 3473 584 3527 .qnam
605 3471 720 3519 eas,
748 3466 869 3523 quin
889 3455 1182 3524 patuerint,
1203 3454 1401 3523 januas
1430 3454 1628 3511 claudi.
1660 3454 1715 3508 Si
1748 3470 1878 3525 ergo
1912 3470 2008 3507 na-

418 3560 503 3603 tus
524 3565 591 3603 ex
613 3547 835 3616 Virgine
883 3546 1216 3614 Redemptor
1259 3555 1447 3599 noster
1492 3545 1627 3616 (Ira.
1674 3547 2002 3611 vn;Matth.

416 3656 468 3703 ις
496 3637 720 3706 Luem),
750 3637 892 3706 quod
929 3636 1101 3705 majus
1131 3644 1233 3700 est,
1261 3645 1315 3690 et
1339 3637 1497 3704 longe
1519 3638 1885 3706 prtestantius,
1923 3637 2004 3692 fe-

411 3729 519 3790 cit;
553 3726 699 3795 quod
719 3726 895 3780 minus
937 3733 1043 3788 est,
1069 3733 1382 3794 corruptam
1427 3726 1727 3794 quamlibet
1769 3725 2008 3779 redinte-

417 3839 584 3895 grare
617 3839 722 3876 non
752 3821 986 3891 poterit!
1040 3820 1223 3876 Potuit
1255 3821 1398 3876 Deus
1424 3822 1588 3876 homo
1609 3836 1688 3876 ex
1727 3831 1882 3875 utero
1903 3820 2007 3873 vir-

414 3914 604 3986 ginali,
630 3912 777 3968 salva
832 3912 1187 3981 virginitate,
1242 3912 1572 3986 procedere;
1638 3927 1743 3966 non
1808 3912 2007 3979 poterit

417 4008 630 4061 violata:
663 4006 992 4076 virginitatis
1021 4005 1357 4074 dispendium
1380 4003 1671 4071 reparare?
1721 4001 2004 4068 Quomodo

399 4113 542 4164 ergo
574 4105 908 4150 restauratur
934 4094 1224 4156 homicida,
1256 4102 1312 4146 ut
1333 4102 1454 4161 post
1487 4092 1704 4161 dignam
1729 4091 2001 4158 pamiten-

417 4188 546 4241 tiam
569 4185 681 4254 jam
710 4201 819 4239 non
851 4185 924 4237 sit
949 4183 1256 4238 hornicida?
1279 4182 1560 4247 Quomodo
1594 4179 1697 4243 fur,
1731 4181 2003 4249 quomodo

415 4279 701 4349 periurus?
722 4277 994 4346 qnoruodo
1020 4275 1238 4344 raptor?
1265 4274 1537 4342 quomodo
1565 4273 1816 4328 omnium
1856 4281 2003 4326 certe

413 4369 890 4442 629criminum
934 4367 1008 4420 rei
1057 4376 1340 4434 postquam
1395 4380 1452 4418 se
1509 4364 1781 4418 veraciter
1835 4365 2004 4419 curri-

415 4467 568 4528 guut,
589 4456 702 4525 jam
734 4472 839 4509 non
865 4465 1010 4518 sunt,
1033 4456 1123 4524 qui
1154 4454 1405 4507 fuerunt?
1438 4452 1586 4508 Unde
1607 4453 1865 4522 scriptum
1895 4463 1998 4508 est:

424 4550 577 4604 Verte
599 4550 808 4618 impios,
836 4559 881 4602 et
913 4563 1018 4600 non
1041 4556 1214 4601 erunt.
1267 4545 1373 4600 Sed
1415 4545 1550 4600 dicis
1580 4563 1593 4598 :
1624 4546 1826 4600 Fateor
1858 4587 1872 4611 ,
1923 4547 2003 4599 in-
2032 4531 2081 4589 Ῑ)

417 4655 604 4709 quam,
635 4639 761 4708 quia
783 4647 1040 4706 corrupta
1067 4637 1321 4706 quaelibet
1348 4646 1470 4706 post
1495 4637 1870 4706 paenitentiam
1885 4635 2001 4706 jam

417 4746 524 4786 non
547 4741 632 4784 est
658 4745 779 4798 quae
809 4728 932 4792 fuit,
989 4737 1048 4780 ut
1077 4727 1330 4782 videlicet
1383 4727 1764 4781 fornicationis
1813 4728 2004 4780 subeat

418 4831 596 4878 notam
623 4839 635 4874 :
666 4830 1036 4876 verumtamen
1060 4819 1132 4873 ad
1157 4819 1402 4874 veritatis
1441 4820 1555 4889 jam
1609 4835 1714 4874 non
1771 4819 2000 4873 reverti-

415 4927 504 4969 tur
533 4915 785 4985 gloriam.
845 4915 912 4969 Et
949 4930 1052 4985 ego
1083 4931 1113 4968 e
1141 4924 1330 4968 contra
1383 4915 1685 4984 respondeo
1732 4916 1858 4985 quia
1907 4915 1997 4984 qui

413 5006 590 5076 potuit
608 5022 674 5062 ex
703 5015 954 5060 materno
979 5015 1136 5060 utero
1164 5006 1326 5060 illaesa
1341 5007 1651 5076 virginitate
1681 5007 1996 5075 procedere,

418 5096 564 5151 valet
596 5097 783 5160 etiam,
817 5097 862 5151 si
904 5096 1038 5160 vult,
1094 5096 1147 5150 in
1172 5097 1369 5150 violata
1404 5097 1646 5166 qualibet
1673 5097 1998 5167 virginitatis

411 5188 750 5261 signaculum
786 5185 1104 5242 reformare.

1035 5278 1263 5334 CAPUT
1293 5278 1384 5333 XI.

449 5368 605 5436 Quod
631 5378 840 5424 natura:
862 5371 1105 5424 conditor
1124 5379 1328 5423 natura:
1355 5371 1419 5423 sit
1442 5372 1601 5426 etiam
1625 5372 1952 5424 iittmutator.

402 5492 415 5504 -
484 5460 830 5532 Proponatut‘
855 5463 1035 5517 adhuc
1075 5463 1466 5532 superstitiosa:
1495 5463 1811 5532 quaestionis
1836 5465 1992 5521 oblo-

404 5549 600 5620 quium
630 5568 644 5604 :
672 5551 921 5607 videatur
941 5553 1126 5616 etiam,
1143 5567 1210 5607 ex
1231 5568 1336 5621 qua
1357 5554 1430 5607 sit
1448 5553 1632 5608 radice
1649 5555 1994 5625 productum,

409 5653 680 5712 quatenus
721 5661 791 5698 ne
836 5645 1100 5715 praecipiti
1154 5655 1308 5715 raptu
1355 5646 1551 5703 uberes
1604 5648 1828 5703 sincera:
1873 5649 1996 5704 ιιάεί

403 5742 596 5808 iunges
639 5735 858 5800 obruat,
912 5739 1004 5793 sed
1060 5738 1214 5792 hiatu
1271 5749 1432 5794 teme
1486 5742 1680 5810 dignus
1717 5756 1838 5797 cum
1881 5744 1997 5813 ipso

2115 1915 2184 1968 sit
2212 1913 2531 1982 applicanda
2559 1912 2820 1965 divinam.
2849 1910 2951 1976 Qui
2998 1909 3142 1964 enim
3176 1916 3385 1962 natura:
3413 1908 3559 1961 dedit
3585 1909 3702 1961 ori-

2113 2008 2316 2074 ginem,
2339 2004 2520 2068 facile,
2554 2019 2677 2058 cum
2711 2003 2843 2067 vult,
2873 2012 3082 2056 natura:
3129 2001 3270 2056 tollit-
3298 2002 3700 2056 necessitatem.

2115 2097 2251 2150 Nam
2280 2097 2372 2166 qui
2407 2095 2575 2150 rebus
2604 2095 2858 2164 praesidet
2887 2094 3150 2156 conditis,
3183 2091 3394 2162 legibus
3438 2105 3544 2145 non
3574 2091 3706 2146 sub-

2109 2188 2256 2257 jacet
2294 2187 2597 2242 conditoris
2627 2202 2640 2238 ι
2674 2193 2726 2240 ει
2757 2185 2847 2255 qui
2882 2193 3135 2238 naturam
3175 2182 3440 2245 condidit,
3476 2191 3701 2235 natura-

2116 2281 2223 2334 lem
2270 2279 2520 2334 ordinem
2553 2279 2618 2333 ad
2651 2293 2764 2333 sum
2804 2277 3096 2332 deditionis
3148 2275 3438 2329 arbitrium
3487 2275 3699 2329 vertit:

2113 2371 2426 2442 quicunque
2453 2381 2635 2425 creata
2663 2369 2920 2439 quaelibet
2941 2367 3236 2422 dominanti
3255 2376 3463 2420 natura:
3480 2365 3702 2421 subesse

2096 2461 2421 2526 constituit,
2453 2476 2565 2515 sum
2611 2460 2997 2514 dominationis
3038 2459 3265 2527 imperio
3300 2467 3508 2511 natura:
3546 2456 3702 2513 obse-

2112 2553 2335 2623 quentis
2356 2552 2720 2610 obedientiam
2751 2549 3071 2606 reservavit.
3120 2549 3498 2603 Consideranti
3541 2548 3702 2617 plane

2112 2643 2322 2712 liquido
2369 2651 2518 2712 patet
2574 2642 2832 2710 quoniam
2887 2639 2955 2693 ab
3008 2639 3124 2709 ipso
3194 2640 3378 2692 mundi
3430 2639 3703 2693 nascentis

2113 2733 2344 2788 exordio
2369 2747 2551 2786 rerum
2577 2730 2828 2786 conditor
2871 2730 2923 2783 in
2963 2729 3090 2798 quid
3140 2728 3309 2781 voluit
3339 2739 3547 2780 naturae
3570 2726 3696 2796 jura

2114 2825 2366 2887 mutavit,
2420 2824 2528 2878 imo
2551 2823 2724 2892 ipsam
2766 2831 3036 2885 naturam,
3077 2832 3140 2875 ut
3171 2822 3242 2874 ita
3274 2821 3523 2882 dixerim,
3554 2835 3694 2890 quo-

2111 2916 2400 2970 dammodo
2444 2923 2631 2969 contra
2671 2923 2919 2968 naturam
2961 2913 3206 2967 mutavit.
3259 2911 3511 2981 Nunquid
3541 2913 3688 2966 enim

2113 3021 2218 3060 non
2250 3014 2440 3060 contra
2483 3014 2736 3058 naturam
2793 3014 2880 3056 est
2930 3003 3190 3055 mundum
3216 3017 3280 3055 ex
3329 3001 3498 3054 nihilo
3529 3000 3646 3054 fieri
3677 3017 3696 3055 :

2125 3097 2264 3151 unde
2295 3105 2350 3149 et
2379 3111 2406 3148 a
2435 3093 2772 3162 philosophis
2801 3093 3002 3147 dicitur
3059 3092 3270 3162 (Amsr.
3301 3107 3316 3144 ι
3354 3091 3513 3161 Phys.
3560 3101 3694 3145 text.

2112 3185 2202 3254 56)
2243 3202 2256 3237 :
2289 3203 2306 3234 ε
2352 3183 2488 3249 Quia
2525 3183 2658 3239 nihil
2693 3198 2760 3237 ex
2809 3182 2977 3236 nihilo
3005 3183 3098 3246 lit;
3150 3203 3168 3232 ι
3203 3181 3457 3234 animalia
3489 3196 3593 3234 non
3627 3197 3697 3236 ex

2113 3274 2457 3338 animalibus,
2491 3275 2588 3329 sed
2612 3288 2686 3330 ex.
2723 3272 2935 3330 stolidis
2962 3273 3268 3337 elementis,
3302 3271 3697 3339 solojnssiouis

2113 3365 2344 3435 imperio
2364 3365 2584 3428 creari;
2621 3363 2981 3419 dormientem
3008 3363 3285 3417 hominem
3323 3372 3530 3416 costam
3575 3377 3699 3430 per-

2111 3457 2260 3519 dere,
2290 3468 2389 3509 nec
2421 3455 2643 3516 dolere;
2677 3453 2743 3506 de
2770 3451 2893 3507 solo
2917 3452 3032 3506 viro
3064 3453 3318 3507 lemiuam
3346 3455 3464 3506 sine
3497 3451 3698 3504 femina

2111 3545 2248 3608 ﬁeri,
2277 3555 2330 3598 et
2357 3545 2409 3598 in
2435 3560 2542 3598 una
2578 3553 2723 3598 costa
2754 3543 2941 3596 omnia
2972 3541 3207 3596 hominis
3231 3540 3474 3597 membra
3499 3540 3695 3595 distin-

2111 3638 2233 3706 gui;
2291 3647 2479 3691 mutuo
2532 3651 2590 3691 se
2630 3636 2800 3694 nudos
2855 3636 3120 3704 aspicere,
3160 3643 3216 3689 et
3257 3650 3364 3688 non
3397 3634 3556 3688 modo
3585 3647 3695 3687 non

2109 3731 2453 3790 erubescere,
2491 3727 2587 3782 sed
2609 3727 2898 3796 nequidem
2927 3742 3085 3781 nosse
3111 3724 3265 3796 (Gen.
3318 3726 3414 3796 tt);
3441 3735 3496 3779 et
3525 3724 3691 3780 multa

2110 3819 2215 3873 alia
2240 3834 2362 3888 quae
2383 3819 2636 3888 persequi
2663 3819 2882 3886 longum
2912 3827 3015 3872 est.
3057 3817 3195 3883 Quid
3226 3833 3357 3888 ergo
3390 3819 3584 3870 mirum
3609 3827 3694 3870 est

2112 3911 2158 3966 si
2187 3912 2232 3965 is
2259 3910 2352 3979 qui
2373 3920 2581 3964 natura:
2607 3911 2778 3980 legem
2811 3910 2958 3964 dedit
2982 3920 3036 3964 et
3059 3912 3330 3974 ordinem,
3368 3925 3532 3980 super
3549 3925 3694 3962 cam-

2110 4002 2236 4058 dem
2285 4010 2537 4055 naturam
2592 4001 2674 4056 sui
2735 4010 2901 4055 nutus.
2936 4008 3190 4054 exerceat
3243 4000 3526 4063 ditionem,
3557 4009 3615 4052 ut
3641 3999 3694 4056 ei

2109 4103 2318 4149 natura:
2342 4092 2639 4148 necessitas
2671 4107 2775 4147 non
2812 4091 3029 4145 rebellis
3066 4091 3318 4154 obsistat,
3349 4091 3392 4144 si
3421 4086 3536 4156 ejus
3565 4089 3693 4144 Sub-

2107 4193 2280 4240 strata
2303 4183 2533 4252 legibus,
2565 4182 2720 4238 velut.
2744 4181 2941 4237 ancilla
2992 4182 3298 4235 deserviat?
3339 4181 3458 4250 Ipsa
3495 4179 3697 4249 quippe

2109 4292 2289 4331 rerum
2317 4287 2516 4330 natura
2544 4277 2707 4330 habet
2742 4286 2993 4331 naturam
3021 4275 3186 4346 630
3218 4291 3402 4339 suam,
3448 4273 3541 4327 Dei
3587 4272 3696 4327 sci-

2107 4368 2230 4422 licet
2265 4367 2624 4431 voluntatem,
2653 4375 2711 4420 ut
2735 4366 3032 4420 sicutillius
3055 4367 3204 4433 leges
3231 4365 3487 4434 quaelibet
3509 4373 3695 4418 creata

2108 4468 2455 4522 conservant,
2485 4459 2564 4513 sic
2597 4458 2683 4512 illa
2715 4475 2838 4512 cum
2859 4457 3080 4526 jubetur
3117 4458 3198 4511 sui
3230 4456 3369 4525 juris
3390 4457 3578 4519 oblita,
3607 4455 3694 4509 di-

2110 4551 2250 4606 vinae
2291 4550 2553 4604 voluntati
2591 4561 2907 4604 reverenter
2939 4542 3178 4604 obediat.
3212 4548 3350 4614 Quid
3387 4556 3472 4602 est
3521 4547 3692 4608 enim,

2111 4643 2380 4710 hodieque
2409 4642 2556 4710 quod
2599 4643 2900 4707 cernimus,
2945 4643 3205 4710 quoniam
3251 4640 3608 4694 Salamandra
3636 4638 3696 4692 in

2109 4731 2324 4802 ignibus
2351 4732 2501 4798 vivit,
2531 4741 2587 4786 et
2611 4747 2719 4786 non
2759 4733 2923 4787 modo.
2946 4733 3221 4787 lzesiouem
3257 4731 3543 4786 adustione
3582 4746 3693 4784 non

2109 4823 2336 4893 patitur,
2369 4823 2462 4877 sed
2517 4831 2774 4892 tanquam
2811 4823 3070 4878 fmucutis
3116 4824 3336 4892 insuper
3373 4822 3696 4892 vegetatur?

2103 4915 2336 4982 Quidam
2359 4930 2574 4984 quoque
2604 4915 2886 4969 vermiculi
2911 4917 2966 4969 in
3000 4915 3420 4970 ferventissimis
3440 4914 3596 4982 aquis
3633 4923 3693 4965 et

2105 5014 2403 5060 nascuntur
2423 5016 2477 5060 et
2500 5007 2704 5060 vivunt.
2722 5005 2863 5072 Quid
2884 5015 2968 5059 est
2992 5008 3136 5076 quod
3163 5007 3318 5077 palea
3347 5016 3455 5059 tam
3497 5004 3691 5074 frigida

2106 5109 2214 5164 est,
2238 5107 2298 5153 ut
2317 5101 2544 5154 obrutas
2581 5098 2886 5153 diutissime
2923 5099 3082 5153 nives
3119 5107 3332 5162 servet;
3384 5097 3585 5162 calida,
3635 5106 3694 5160 ut

2108 5206 2265 5260 poma
2295 5189 2547 5260 qutelibet
2576 5188 2773 5244 acerba
2796 5190 3217 5256 maturet?Quid
3247 5198 3353 5253 est,
3379 5189 3692 5260 quodignis

2105 5297 2226 5336 cum
2256 5282 2370 5348 ipse
2391 5282 2462 5335 sit
2487 5281 2721 5346 lucidus,
2753 5279 3010 5350 quaelibet
3031 5283 3073 5337 si
3104 5282 3308 5337 fuerint
3337 5281 3404 5335 ab
3435 5296 3500 5336 eo
3536 5281 3688 5334 adu-

2030 5433 2044 5444 ,
2103 5386 2208 5441 sta,
2237 5376 2590 5446 nigrescunt;
2622 5385 2678 5429 et
2701 5390 2824 5430 cum
2856 5375 2974 5446 ipse
3002 5377 3364 5446 resplendeat,
3415 5373 3688 5446 quidquid

2098 5477 2155 5524 et
2173 5467 2343 5521 ambit
2370 5475 2425 5519 et
2446 5465 2659 5531 lambit,
2680 5464 3082 5534 pulcherrimus
3106 5464 3416 5520 decolorat?
3451 5461 3678 5518 Verum-

2101 5568 2283 5612 tamen
2307 5557 2512 5626 lapides
2536 5555 2660 5627 igne
2685 5559 2953 5616 candente
2985 5559 3243 5634 percocti,
3292 5567 3348 5612 ct
3393 5558 3496 5628 ipsi
3548 5565 3683 5611 sunt

2101 5651 2351 5716 candidi;
2403 5660 2460 5704 et
2483 5650 2738 5721 quamvis
2772 5652 2860 5707 ille
2890 5654 3062 5721 magis
3099 5654 3310 5714 rubeat,
3345 5651 3418 5705 illi
3456 5649 3691 5704 flammis

2103 5742 2419 5806 albescunt;
2458 5741 2561 5796 luci
2585 5750 2763 5796 tamen
2795 5745 3048 5810 congruit
3087 5744 3292 5809 album,
3328 5742 3569 5798 tenebris
3601 5742 3683 5795 ni-
