4074 6190
387 303 492 358 615
945 323 980 336 κ

1210 295 1460 354 OPUSC.
1506 295 1763 364 XXXVI,
1787 327 1858 337 -—
1897 295 1983 351 DE
2022 293 2254 352 DlVlNA
2293 293 2695 354 ΟΜΝΙΡΟΤΕΝ
2715 295 2833 354 HA.

3567 306 3674 368 6M

383 427 561 488 gruin.
603 409 850 478 Cumque
882 406 1022 478 ignis
1061 406 1113 460 in
1165 406 1330 478 lignis
1364 407 1577 474 ardeat,
1633 407 1837 476 lapides
1878 421 1970 460 co-
2005 414 2052 470 Α
2085 407 2216 462 utin
2247 408 2460 462 caneris
2487 411 2861 464 accenduntur
2893 412 3214 468 exstinclze?
3243 413 3374 482 Quis
3413 414 3466 474 in
3507 417 3669 492 3158).-

382 513 534 574 quat,
566 501 872 556 contrarios
903 500 1065 554 habet
1092 499 1146 553 in
1174 515 1282 554 non
1307 499 1594 554 contrariis
1643 501 1804 553 rebus
1842 496 1974 552 eil‘c-

381 605 520 662 ctus.
546 592 700 646 Licet
724 590 868 644 enim
901 590 1012 644 sint
1034 589 1264 660 lapides,
1297 597 1352 642 et
1393 589 1542 657 ligna
1581 588 1819 642 diversa.
1849 605 1974 640 con-

381 694 489 738 stat
523 694 708 738 tamen
732 699 840 737 non
877 697 1000 736 esse
1032 681 1327 744 contraria,
1365 682 1508 736 sicttt
1557 681 1739 734 allmm
1789 681 1845 734 et
1889 680 1968 732 ni-

380 794 560 850 grum,
599 790 830 846 quorum
856 775 907 828 in
936 774 1205 838 lapidibus
1230 789 1423 837 mium,
1463 773 1514 828 in
1543 772 1700 842 iignis
1751 770 1974 825 exhibet

379 873 631 926 alterum.
664 868 785 922 Illos
805 866 951 920 enim
973 863 1258 929 clarilicat,
1289 866 1404 919 haec
1447 862 1696 928 oll‘uscat,
1727 863 1854 916 dum
1916 863 1970 915 in

381 965 487 1019 iliis
530 963 756 1018 omnino
801 960 1075 1022 deficeret,
1132 959 1234 1012 nisi
1297 958 1350 1012 in
1417 958 1539 1012 istis
1590 959 1810 1011 viveret.
1863 956 1972 1011 Cur

378 1057 544 1109 ctiam
576 1055 627 1106 in
652 1050 979 1106 carbonibus
1004 1058 1150 1103 tanta
1195 1048 1503 1112 infirmitas,
1557 1057 1613 1099 ut
1651 1048 1763 1100 ictu
1806 1045 1969 1099 levis-

378 1145 517 1210 simo
567 1142 909 1208 frangantur,
943 1153 1132 1208 pressu
1167 1137 1424 1190 facillimo
1475 1145 1860 1201 conterantur;
1913 1143 1969 1188 et

381 1241 529 1288 tanta
561 1231 814 1294 tirmitas,
842 1238 901 1282 ut
930 1227 1078 1281 nullo
1102 1228 1328 1281 humore
1351 1234 1788 1298 corrumpantur,
1817 1222 1966 1279 nulla

376 1339 600 1395 prorsus
624 1331 780 1376 relate
809 1321 1115 1383 vincantur,
1137 1333 1308 1388 usque
1331 1318 1488 1381 adeo,
1511 1326 1569 1370 ut
1593 1331 1686 1372 eos
1714 1317 1966 1370 subster-

379 1429 506 1468 nere
539 1413 772 1476 soleant,
809 1412 900 1476 qui
932 1409 1134 1464 limites
1165 1411 1357 1480 ligunt,
1390 1421 1658 1478 quatenus
1689 1408 1965 1476 litigant-es

376 1520 564 1558 eorum
595 1503 909 1556 ostensione
939 1500 1282 1561 convincam,
1337 1500 1383 1556 si
1433 1499 1523 1566 qui
1579 1508 1702 1566 post
1755 1511 1964 1553 annosa

376 1613 439 1649 ac
471 1595 729 1648 diuturna
761 1601 1064 1662 temporum
1097 1589 1369 1644 curricula
1402 1589 1573 1644 fixum
1619 1589 1851 1658 lapidem
1903 1587 1966 1640 li-

378 1689 562 1741 mitem
592 1702 698 1739 non
727 1700 848 1738 esse
876 1682 1242 1738 contendant?
1269 1683 1400 1748 Quis
1427 1683 1572 1735 enim
1603 1697 1697 1737 eos
1733 1680 1968 1737 iufossos

2076 507 2167 567 pto
2190 498 2496 566 hujusmodi
2518 498 2677 554 ticum
2699 502 3002 567 constituit,
3029 501 3184 572 cujus
3211 504 3440 576 lignum,
3467 524 3588 564 cum
3615 512 3670 568 in

2075 589 2271 644 ﬂuenta
2306 592 2616 662 projicitur,
2646 609 2749 646 non
2799 595 2865 646 ad
2897 595 3162 662 lignorum
3217 601 3670 657 consuetudinem

2076 683 2252 752 potius
2285 694 2488 747 enatct,
2521 684 2612 739 sed
2643 687 2694 738 in
2727 685 2988 754 profunda
3045 699 3355 760 mergatur;
3405 693 3662 764 quodque

2074 785 2158 828 est
2189 775 2516 838 mirabilius,
2542 787 2828 848 postquam
2861 779 2912 831 in
2959 795 3065 834 uno
3115 781 3404 851 aliquando
3449 801 3663 856 manse-

2076 868 2165 930 rit,
2236 868 2363 923 inde
2414 869 2478 921 ad
2561 885 2716 938 aqua:
2771 872 3110 940 superﬁciem
3165 891 3351 930 rursus
3398 880 3652 946 emergit,

2071 957 2290 1026 quando
2312 958 2519 1012 scilicet
2543 959 2904 1014 madefaétum
2934 961 3181 1016 humoris
3204 965 3443 1032 pondere
3475 967 3660 1024 debuit

2072 1051 2439 1119 pragravari?
2478 1052 2616 1118 Quid
2648 1063 2731 1106 cst
2770 1056 2989 1122 quodin
3031 1057 3180 1111 arvis
3209 1057 3458 1113 Sodoma:
3490 1075 3652 1129 poma

2072 1138 2381 1208 gignuntur,
2409 1157 2529 1211 qua:
2559 1144 2624 1196 aii
2648 1146 2980 1200 maturitatis
2996 1147 3212 1215 quidem
3230 1151 3466 1218 speciem
3485 1169 3654 1222 usque

2071 1243 2154 1296 per
2169 1230 2423 1296 veniunt;
2456 1231 2548 1284 sed
2577 1248 2781 1297 morsu,
2805 1249 3064 1301 pressuve
3089 1245 3313 1304 tentata,
3344 1239 3395 1292 in
3426 1239 3654 1306 fumum,

2070 1323 2152 1375 vel
2184 1323 2420 1376 favillam
2446 1325 2594 1379 corio
2622 1324 2921 1390 fatiscente,
2938 1332 3306 1384 evanescunt?
3326 1330 3464 1398 Quid
3488 1337 3655 1388 etiam

2070 1413 2296 1481 quod'in
2339 1413 2694 1485 Cappadocia:
2727 1417 2925 1470 tinibus
2961 1433 3113 1486 equae
3151 1430 3421 1478 cit-vento
3467 1424 3646 1477 conci-

2069 1502 2249 1570 piunt,
2297 1502 2569 1572 iidemque
2597 1503 2740 1558 fetus
2780 1506 2997 1559 nonnisi
3029 1509 3097 1560 ad
3148 1508 3436 1563 triennium
3484 1527 3654 1580 usque

2069 1594 2296 1649 vivunt?
2336 1593 2485 1650 lInde
2521 1597 2562 1649 Τ
2570 1596 2716 1649 hilon
2743 1597 2904 1651 ludia:
2934 1599 3132 1664 insula,
3171 1599 3478 1666 huiusmodi
3508 1604 3654 1658 vires

2071 1685 2256 1749 habet,
2297 1695 2357 1740 ut
2383 1701 2574 1742 omnes
2597 1690 2648 1741 in
2672 1702 2737 1744 ea
2767 1690 2900 1742 rami
2938 1692 3196 1745 arborum
3243 1710 3516 1763 nunquam
3559 1713 3655 1754 nu-

375 1779 612 1834 humidte
637 1780 826 1842 fovete,
857 1779 946 1833 ubi
1003 1777 1142 1848 ligna
1194 1786 1594 1847 putrescerent,
1629 1777 1820 1831 tandiu
1865 1777 1962 1830 du-
1994 1778 2040 1838 Β
2067 1777 2260 1831 dentur
2287 1778 2520 1849 tegmine
2552 1777 2842 1838 foliorum?
2901 1779 3053 1836 Unde
3079 1793 3131 1838 et
3167 1793 3308 1837 terra
3368 1785 3457 1838 illa
3505 1790 3660 1844 oeci»

381 1888 506 1926 rare
539 1869 1024 1940 incorruptibiliter
1054 1879 1256 1939 posset,
1290 1869 1392 1924 nisi
1421 1884 1602 1922 rerum
1639 1868 1724 1923 ille
1770 1884 1962 1924 corru-

375 1972 497 2031 ptor
519 1961 658 2031 ignis
679 1960 921 2016 efﬁceret
933 1959 956 2013 ?
968 1959 1098 2015 Calx
1116 1974 1331 2030 quoque
1346 1967 1670 2028 conceptum
1689 1959 1868 2030 ignem
1885 1968 1964 2012 at-

374 2068 477 2123 que
491 2053 726 2122 sopitum
745 2051 823 2106 sic
833 2050 1197 2106 occultissime
1211 2060 1413 2113 servat,
1436 2060 1494 2105 ut
1511 2066 1670 2105 nemo
1699 2050 1965 2120 tangendo

375 2146 596 2208 sentiat,
622 2147 715 2200 sed
743 2162 866 2200 cum
894 2145 1280 2216 exstinguitur,
1332 2155 1460 2199 tunc
1515 2147 1852 2210 accenditur,
1910 2153 1965 2199 et

374 2240 649 2292 sentitur:
680 2247 737 2292 ut
769 2238 914 2292 enim
960 2237 1079 2291 calx
1138 2237 1243 2291 vim
1292 2237 1494 2294 occulti
1518 2237 1658 2307 ignis
1703 2236 1960 2308 expellat,

374 2348 512 2404 aqua
544 2331 923 2402 perfunditur;
953 2339 1008 2384 et
1033 2344 1157 2383 cmn
1189 2337 1315 2383 ante
1346 2328 1540 2398 frigida
1567 2329 1654 2389 sit,
1688 2327 1816 2383 inde
1853 2327 1960 2384 fer-

374 2423 564 2484 vescit,
611 2421 754 2474 unde
783 2420 1050 2476 ferventia
1098 2429 1298 2474 cuncta
1327 2418 1649 2490 frigescunt.
1671 2419 1740 2472 At
1780 2418 1824 2473 si
1856 2435 1962 2474 non

372 2533 536 2588 aqua,
563 2517 656 2572 scd
709 2515 910 2580 oleum,
943 2516 1088 2587 quod
1121 2515 1309 2585 utique
1346 2513 1518 2571 fomes
1547 2523 1631 2570 est
1662 2515 1822 2584 ignis,
1866 2515 1962 2570 ad—

374 2610 622 2673 hibetur,
654 2607 802 2662 nulla
828 2607 947 2677 ejus
981 2607 1251 2663 inlusione
1279 2607 1430 2662 calor
1458 2607 1542 2662 vel
1573 2608 1836 2663 minimus
1874 2622 1967 2662 ex-

373 2700 598 2754 citatur.

446 2791 584 2857 Quid
616 2807 744 2863 ergo
775 2791 996 2859 mirum,
1028 2791 1071 2848 si
1107 2790 1459 2861 omnipotens
1485 2792 1626 2846 Deus
1656 2792 1710 2846 in
1748 2793 1963 2862 magnis

376 2899 604 2952 magnus
630 2883 963 2946 ostenditur,
989 2898 1112 2940 cum
1154 2882 1320 2936 etiam
1344 2882 1395 2935 in
1420 2881 1661 2937 minimis
1689 2890 1855 2951 atque
1868 2897 1964 2936 ex-

375 2975 568 3028 tremis
608 2973 912 3043 quibusque
946 2974 1110 3028 rebus
1159 2982 1267 3027 tam
1317 2972 1644 3030 mirabiliter
1667 2974 1965 3042 operetur?

374 3067 511 3134 Quid
551 3065 696 3118 cnim
730 3063 889 3118 vilius
919 3063 1055 3134 pelle
1093 3063 1339 3118 colubri?
1369 3063 1413 3117 si
1465 3072 1648 3117 tamen
1693 3063 1814 3118 oleo
1855 3063 1960 3117 fer-

289 3203 296 3209 ,
373 3166 629 3211 vescente
649 3156 988 3224 decoquitur,
1016 3155 1152 3209 mire
1181 3170 1275 3224 per
1299 3170 1419 3208 eam
1441 3154 1597 3208 dolor
1627 3155 1840 3207 aurium
1863 3155 1963 3208 mi-
1989 3135 2035 3196 Ο

377 3249 600 3318 ligatur.
629 3247 768 3316 Quid
795 3247 1020 3300 inferius
1045 3246 1271 3300 cimice?
1303 3245 1359 3300 Si
1415 3246 1742 3315 sanguisuga
1796 3244 1965 3300 fanci-

382 3339 485 3393 bus
513 3338 753 3402 hat-serit,
801 3336 946 3389 fumo
977 3334 1094 3403 ejus
1122 3346 1369 3405 excepto,
1423 3336 1608 3391 statim
1657 3336 1956 3400 evomitur;

379 3431 550 3486 urina:
580 3446 795 3500 quoque
822 3428 1112 3483 difficultas
1160 3428 1320 3498 hujus
1359 3429 1701 3498 appositione
1729 3428 1962 3483 laxatur.

371 3524 510 3590 Quid
540 3524 606 3578 de
642 3522 926 3575 adamante
954 3519 1204 3580 referam,
1232 3520 1322 3591 qui
1360 3537 1464 3574 non
1493 3522 1639 3585 igne,
1684 3533 1790 3572 non
1819 3519 1964 3574 ferro

373 3615 657 3677 dividitur,
684 3613 900 3687 ullaque
927 3612 1029 3666 alia
1060 3613 1133 3675 vi,
1169 3612 1270 3665 nisi
1306 3612 1570 3666 duntaxat
1599 3612 1812 3668 hircino
1841 3627 1968 3666 san-

374 3706 539 3779 guine
585 3720 688 3756 non
720 3702 972 3758 secatur?
1014 3701 1154 3768 Quid
1186 3710 1266 3754 est
1299 3702 1442 3770 quod
1490 3712 1797 3770 magnetem
1828 3701 1963 3769 lapi-

375 3798 497 3851 dem
550 3795 850 3850 mirabilem
889 3793 1017 3848 ferri
1067 3793 1196 3846 facit
1227 3808 1346 3846 esse
1389 3792 1701 3860 raptorem?
1730 3792 1833 3858 Qui
1885 3801 1961 3846 ta-

377 3903 498 3942 men
528 3888 571 3940 si
605 3884 1000 3953 adamasjuxta
1033 3884 1275 3953 ponitur,
1301 3900 1406 3937 non
1435 3883 1726 3952 ruodojam
1756 3883 1960 3936 ferrum

375 3979 684 4032 nullatenus
715 3978 874 4047 rapit,
907 3978 999 4030 sed
1031 3984 1080 4028 et
1108 3975 1151 4028 si
1178 3973 1289 4042 jam
1319 3983 1592 4042 rapuerat,
1620 3981 1676 4027 ut
1698 3974 1747 4026 ei
1771 3988 1967 4042 appro-

375 4070 738 4140 pinquaverit,
767 4083 889 4120 mox
929 4066 1185 4128 remittit;
1214 4074 1471 4134 tanquam
1495 4065 1540 4116 si
1573 4064 1708 4133 lapis
1731 4063 1837 4132 lapi
1859 4080 1962 4118 rem

381 4161 590 4223 timeat,
621 4168 676 4212 et
703 4156 847 4210 velut
875 4167 1002 4210 ante
1033 4164 1385 4225 conspectum
1438 4153 1664 4222 majoris
1712 4156 1964 4224 potentia

374 4250 518 4304 vires
551 4246 796 4318 proprias
826 4246 1039 4316 perdat.
1092 4245 1200 4298 Nec
1251 4243 1378 4298 latet
1409 4244 1664 4298 asheston
1715 4244 1965 4298 Arcadia:

373 4341 606 4413 lapidem
641 4351 927 4411 propterea
960 4338 1040 4392 sic
1080 4337 1281 4401 vocari,
1304 4337 1447 4406 quod
1492 4352 1756 4391 accensus
1784 4336 1952 4392 semel

374 4435 480 4502 jam
509 4450 613 4487 non
640 4442 820 4501 posset
848 4431 1007 4502 631
1036 4431 1331 4500 exstingui.
1366 4429 1580 4502 Pyrites
1608 4431 1772 4484 etiam
1801 4429 1960 4498 lapis,

2063 1868 2185 1922 duis
2216 1871 2464 1940 partibus
2502 1870 2645 1926 hanc
2669 1866 2963 1928 consecuta
3003 1885 3086 1928 cst
3127 1876 3471 1946 dignitatem,
3495 1888 3554 1936 ut
3583 1896 3652 1936 ex

2064 1961 2320 2017 arborum
2345 1962 2512 2016 ramis
2539 1961 2786 2019 volucres
2817 1967 3102 2035 prodeant,
3158 1977 3214 2022 et
3267 1969 3333 2022 ad
3366 1985 3650 2039 pomorum

2065 2051 2477 2108 similitudinem
2500 2055 2726 2109 animati
2762 2065 2925 2124 atque
2949 2059 3170 2125 pennati
3223 2057 3434 2114 fructus
3465 2079 3648 2118 erum-

2063 2141 2232 2210 pant?
2264 2140 2416 2198 Sicut
2445 2144 2590 2198 enim
2619 2142 2880 2210 referunt,
2908 2146 3001 2214 qui
3048 2163 3107 2202 se
3129 2128 3328 2204 vidisse
3361 2159 3647 2218 testantur,

2063 2231 2324 2300 paulatim
2371 2233 2562 2288 incidit
2598 2235 2890 2305 peiululum
2915 2237 3044 2305 quid
3069 2253 3134 2292 ex
3168 2253 3322 2294 ramo
3365 2243 3646 2312 suspendi,

2065 2321 2257 2376 deinde
2281 2323 2334 2376 in
2373 2324 2668 2393 imaginem
2714 2326 2951 2380 volucris
2979 2328 3325 2397 speciemque
3371 2329 3594 2386 formari
3629 2350 3644 2387 :

2067 2422 2340 2482 postremo
2367 2416 2904 2486 quantulumcunque
2934 2418 3292 2487 plumescens,
3311 2422 3456 2476 hiatu
3483 2426 3643 2478 rostri

2066 2518 2184 2556 sese
2207 2505 2274 2557 ah
2308 2495 2502 2560 arbore
2543 2507 2741 2562 dividit
2796 2509 2984 2578 sicque
3005 2525 3178 2565 novus
3203 2506 3346 2566 aeris
3379 2513 3653 2569 habitator

2067 2606 2193 2648 ante
2246 2600 2382 2665 petle
2432 2598 2595 2652 discit
2638 2602 2841 2661 volare,
2897 2615 3058 2669 quam
3107 2604 3310 2657 vLVere.
3359 2604 3650 2662 Enimvero

2066 2687 2187 2754 quis
2212 2695 2290 2742 tot
2321 2690 2534 2742 virtutis
2569 2689 2767 2744 divinae
2798 2691 3088 2761 magn-alia,
3133 2709 3252 2760 quae
3282 2704 3472 2750 castra
3498 2712 3652 2750 com-

2067 2796 2283 2836 munem
2311 2791 2518 2836 naturic
2547 2783 2796 2839 ordinem
2827 2783 2986 2845 ﬁunt,
3017 2799 3343 2841 enumerare
3387 2787 3653 2843 sufliciat?

2069 2870 2170 2937 Qui
2203 2873 2457 2931 nimirum
2492 2891 2598 2930 non
2641 2875 2900 2930 humanis
2928 2875 3272 2932 discutienda
3314 2887 3442 2934 sunt
3484 2893 3652 2949 argu-

2068 2966 2290 3030 mentis,
2318 2969 2409 3022 sed
2440 2968 2627 3024 virtuti
2659 2967 2838 3036 potius
2886 2968 3236 3038 relinquenda
3266 2980 3395 3024 sunt
3422 2971 3649 3027 Creato-

2069 3057 2166 3112 ris.
2201 3057 2340 3126 Quid
2363 3075 2491 3130 ergo
2513 3061 2708 3116 mirum
2737 3061 2780 3115 si
2805 3061 2871 3122 is.
2913 3061 3006 3131 qui
3040 3062 3302 3118 naturalia
3331 3079 3510 3118 rerum
3538 3083 3657 3119 om-

2067 3151 2215 3204 nium
2254 3150 2378 3217 jura
2418 3151 2711 3220 disposuit,
2763 3160 2819 3205 et
2848 3152 3022 3220 ipsum
3054 3162 3264 3210 naturae
3312 3153 3560 3211 ordinem
3586 3157 3655 3210 ad

2069 3241 2354 3294 arbitrium
2389 3239 2783 3296 efﬁcacissimae
2819 3257 2932 3296 sua:
2959 3242 3250 3298 voluntatis
3295 3243 3550 3312 inﬂectit,
3599 3258 3658 3300 ut

2066 3330 2159 3398 qui
2183 3338 2415 3382 matrem
2440 3330 2704 3400 virginem
2732 3325 3008 3384 nascendo
3032 3339 3369 3395 servaverat,
3397 3331 3657 3386 violatam

2068 3423 2368 3490 quamlibet
2418 3423 2464 3477 si
2533 3423 2762 3478 voluerit
2825 3424 3092 3492 integram
3149 3426 3376 3487 reddat?
3425 3428 3660 3497 quuale

2067 3529 2260 3585 nempe
2284 3516 2389 3569 fuit
2419 3516 2548 3581 Deo,
2576 3517 2804 3585 etprius
2831 3517 3118 3578 Enocli,'et
3146 3518 3318 3573 Eliam
3375 3521 3429 3574 in
3483 3536 3654 3576 carne

2069 3606 2306 3662 retinere
2334 3609 2610 3670 viventes;
2643 3616 2698 3661 et
2730 3617 2850 3677 post
2875 3606 3149 3664 Lazarum
3203 3624 3268 3664 ac
3296 3610 3469 3666 viduas
3485 3611 3655 3667 filiuni

2066 3697 2134 3752 de
2159 3697 2424 3767 sepulcris
2451 3697 2685 3752 educere
2715 3707 3084 3764 resurgentes.

2655 3785 2884 3842 CAPUT
2938 3787 3050 3842 XII.

2175 3876 2248 3929 De
2267 3878 2466 3946 palatio
2496 3876 2711 3931 Romuli
2753 3892 2800 3931 et
2836 3879 3142 3949 philosopho
3171 3886 3556 3940 conuentibus.

2145 3968 2338 4023 Nescio
2384 3970 2428 4023 si
2485 3969 2698 4040 legitur,
2734 3970 2827 4026 sed
2858 3989 2888 4027 a
2923 3973 3196 4029 nonnullis
3234 3975 3374 4030 intra
3411 3977 3653 4034 Romana

2070 4062 2269 4115 rnterria
2294 4061 2494 4117 celebri
2517 4065 2657 4117 fama
2689 4065 2956 4134 vulgatur,
2991 4066 3134 4136 quod
3167 4067 3418 4125 videlicet
3447 4071 3646 4126 Romu-

2068 4151 2178 4215 lus,
2211 4151 2304 4220 qui
2345 4153 2596 4206 conditor
2630 4151 2788 4206 Urbis
2814 4137 3097 4218 asseritur,
3149 4167 3467 4214 constructo
3506 4164 3654 4232 pals-

2067 4247 2162 4309 tio.
2192 4243 2348 4314 cujus
2377 4246 2665 4314 parietina,
2693 4247 2862 4319 632
2888 4249 3018 4304 licet
3044 4251 3329 4318 semiruta,
3356 4269 3420 4308 ex
3452 4269 3651 4327 magna

2068 4335 2246 4392 adlmc
2272 4343 2428 4405 parte
2475 4349 2799 4401 cernuntur,
2845 4340 2905 4400 in.
2956 4341 3096 4395 hanc
3134 4357 3349 4408 vocem,
3395 4347 3553 4413 quasi
3583 4350 3651 4401 de
3721 4331 3726 4336 ἰ

2070 4425 2416 4480 ﬁrmamento
2438 4428 2618 4494 operis
2658 4429 2899 4486 conlisus
2937 4434 3222 4500 eruperit:
3264 4433 3487 4491 Certum
3546 4449 3657 4501 est,

375 4525 464 4594 qui
491 4524 545 4578 in
573 4523 793 4577 Perside
826 4522 1120 4591 reperitur,
1155 4537 1254 4574 cur
1299 4519 1368 4574 ab
1416 4521 1538 4592 igne
1573 4538 1770 4576 nomen
1812 4537 1966 4578 acce-
1994 4489 2045 4550 θ
2071 4515 2268 4587 inquit.
2291 4517 2716 4572 ctimmofdliler
2743 4519 2935 4583 fixum,
2965 4523 3092 4590 quia
3118 4523 3220 4578 isi
3249 4525 3398 4595 virgo
3429 4543 3655 4599 pepere-

376 4620 475 4688 pit,
507 4617 612 4671 nisi
655 4617 780 4685 quia
813 4615 1048 4670 tenentis
1078 4629 1322 4678 manum,
1367 4614 1410 4668 si
1443 4613 1819 4668 vehementius
1840 4629 1966 4684 pre-

377 4721 584 4779 matur,
617 4711 831 4766 adurit?
862 4710 920 4765 ln
941 4711 1132 4765 eadem
1163 4725 1354 4764 rursus
1387 4708 1608 4764 Perside
1633 4710 1770 4778 lapis
1795 4711 1970 4780 gigni-

379 4815 490 4869 tur,
521 4805 613 4873 qui
639 4803 890 4858 selenites
911 4811 1158 4867 vocatur,
1191 4801 1349 4871 cujus
1367 4803 1573 4857 candor
1597 4803 1823 4858 interior
1846 4820 1967 4858 cum

379 4895 503 4948 luna
559 4895 777 4957 crescit,
834 4893 1134 4962 eademque
1188 4893 1532 4964 postmodum
1579 4894 1646 4950 ad
1701 4892 1966 4948 defectum

379 4985 654 5047 tendente,
679 4982 966 5037 decrescit.
1023 4981 1162 5048 Quid
1189 4974 1275 5037 est
1306 4990 1592 5052 praeterea,
1620 4981 1762 5050 quod
1807 4982 1965 5050 Agri-

377 5075 658 5144 gentinum
712 5071 910 5126 Siciliae
940 5072 1018 5126 sal
1047 5072 1214 5142 cogit,
1241 5088 1363 5126 cum
1395 5073 1672 5127 admotum
1706 5071 1812 5141 igni
1851 5071 1971 5126 fue-z

375 5166 469 5228 erit,
505 5163 706 5230 liuere;
755 5179 877 5218 cum
913 5179 1042 5217 vero
1087 5163 1140 5216 in
1180 5178 1376 5233 aquam
1410 5162 1662 5226 mittitur,
1718 5161 1864 5216 velut
1911 5162 1966 5214 in

379 5255 600 5325 ignibus
621 5252 928 5322 crepitare?
951 5251 1088 5318 Quid
1118 5260 1200 5305 est
1230 5251 1375 5320 quod
1419 5253 1559 5319 apud
1610 5251 1970 5306 Garamantas

381 5344 852 5415 efﬁcitquemdam
881 5344 1082 5400 fontem
1116 5354 1225 5400 tam
1254 5343 1502 5416 frigidum
1531 5344 1740 5408 diebus,
1775 5354 1832 5396 ut
1856 5360 1967 5398 non

382 5439 628 5504 bibatur;
673 5448 782 5492 tam
807 5432 1073 5493 fervidum
1102 5437 1376 5501 noctibus,
1431 5445 1490 5488 ut
1539 5451 1644 5490 non
1680 5435 1972 5505 tangatur?

381 5529 515 5596 Quis
544 5530 598 5582 in
631 5529 794 5598 Epiro
818 5529 984 5582 alium
1017 5529 1219 5582 fontem
1267 5528 1338 5581 ita
1376 5525 1680 5580 mirabilem
1718 5525 1982 5594 praebuit,

381 5632 440 5675 ut
470 5637 596 5675 eum
624 5622 696 5675 sit
721 5620 1194 5676 contrectantihus
1212 5618 1459 5688 frigidus,
1495 5617 1546 5670 in
1573 5631 1638 5670 eo
1678 5625 1860 5670 tamen
1894 5617 1971 5668 fa-

381 5732 494 5780 ces,
521 5725 580 5770 ut
612 5717 664 5770 in
695 5717 909 5770 ueteris
962 5716 1382 5785 exstinguuntur
1429 5729 1691 5779 acceuszc,
1731 5715 1825 5768 sed
1865 5728 1970 5765 non

2072 4609 2172 4674 rit,
2213 4609 2405 4663 domus
2427 4611 2529 4664 ista
2569 4625 2674 4664 non
2708 4623 2948 4667 corruet.
2983 4615 3206 4684 Sicque,
3251 4619 3296 4672 si
3345 4629 3531 4675 tamen
3570 4640 3666 4679 res

2074 4715 2193 4753 rum
2219 4709 2302 4754 est
2328 4702 2470 4768 quod
2501 4702 2787 4765 asset-itur,
2839 4719 2904 4758 ex
2935 4707 3154 4774 gentilis
3177 4708 3412 4764 hominis
3448 4712 3660 4784 lingua,

2072 4791 2213 4845 sicut
2237 4791 2314 4844 rei
2358 4792 2604 4860 probavit
2650 4806 2897 4855 eventus,
2949 4811 3168 4862 egressa
3210 4807 3297 4854 est
3346 4803 3656 4870 prophetia.

2073 4879 2209 4934 Nam
2243 4889 2420 4944 nocte,
2443 4895 2546 4948 qua
2577 4881 2830 4938 Salvator
2857 4883 2927 4938 ad
2951 4885 3376 4956 redemptionem
3406 4905 3655 4950 nostram

2073 4989 2139 5031 ex
2162 4972 2406 5041 virginali
2438 4973 2559 5032 alvo
2588 4978 2876 5044 processit,
2923 4979 3065 5033 sicut
3112 4981 3334 5047 dicitur,
3382 4987 3650 5054 palatium

2074 5065 2302 5122 Corruit.
2336 5063 2634 5135 Utrumque
2655 5068 2918 5124 nimirum
2955 5080 3010 5126 et
3053 5073 3319 5144 virginem
3355 5091 3570 5146 parere,
3598 5088 3654 5133 et

2075 5159 2366 5216 aedilicium
2389 5175 2572 5223 ruere,
2596 5160 2798 5217 homini
2815 5163 2980 5219 Deum
3009 5167 3306 5235 ignoranti,
3324 5169 3662 5238 impossibile

2077 5253 2382 5310 videbatur.
2410 5253 2481 5310 At
2506 5254 2601 5322 qui
2623 5263 2910 5326 utrumque
2937 5273 3154 5328 seraper
3188 5261 3384 5328 potuit,
3415 5261 3512 5315 sed
3552 5263 3648 5316 diu

2077 5343 2220 5398 intra
2242 5344 2687 5414 prudentiazsure
2743 5358 2954 5401 secreta
3001 5351 3295 5415 continuit,
3360 5361 3658 5423 utrumque

2075 5452 2200 5492 cum
2251 5436 2443 5500 voluit,
2499 5452 2595 5505 per
2636 5436 2888 5492 ell‘ectum
2911 5443 3097 5508 operis
3125 5457 3370 5513 congruo
3415 5453 3665 5514 tempore

2076 5528 2393 5582 declaravit.
2444 5527 2577 5600 Illud
2618 5526 2776 5596 plane
2824 5531 3146 5598 stupendum
3188 5542 3296 5600 est,
3326 5534 3470 5604 quod
3510 5550 3658 5592 nunc

2078 5617 2326 5672 homines
2356 5617 2410 5670 in
2445 5617 2700 5671 Ecclesiae
2739 5617 2947 5687 gremio
2976 5634 3083 5672 non
3123 5622 3283 5676 modo
3334 5624 3531 5689 renati,
3565 5626 3660 5678 sed

2078 5710 2244 5765 etiam
2268 5711 2405 5774 nati,
2439 5718 2550 5764 tam
2584 5711 2866 5775 audacter,
2894 5718 3001 5764 tam
3035 5711 3380 5782 impudenter
3410 5717 3657 5787 omnipo-
