4074 6190
347 339 452 394 615

782 329 840 388 S.
883 329 1084 387 PETRI
1126 325 1408 384 DAMIANI
1446 322 1597 380 Ol'l‘.
1637 315 1876 376 TOMUS
1918 314 2049 374 SEU
2096 315 2274 372 PARS
2314 315 2397 372 lll.
2441 345 2508 356 ——
2545 311 2912 370 OPUSCULA
2952 309 3175 365 VARIA.

3510 315 3614 370 616

349 449 484 504 tenti
527 445 640 500 Deo
673 443 1000 500 calumniam
1037 437 1492 510 nnpossibilitatis
1549 435 1827 504 objiciunt,
1878 443 1932 486 et
1963 449 2004 502 Α
2035 445 2088 486 et
2112 433 2308 503 plumis
2334 429 2570 498 undique
2593 437 2880 496 coopertus
2909 427 3151 493 exsiluit,
3184 429 3298 482 alas
3323 441 3614 498 percussit,

349 541 601 612 protinus
649 538 943 591 absorbere
973 531 1170 586 terreni
1209 529 1494 584 subsecivii
1529 529 1786 595 voragine
1824 539 1929 577 non

350 641 669 704 pavescant.
697 632 998 684 Erubescat
1016 627 1128 694 jam
1154 627 1333 696 lingua
1362 623 1697 694 phrenetico,
1723 632 1776 675 et
1811 635 1933 690 qum

355 726 533 782 nescit
569 739 690 778 esse
717 723 967 782 facunda,
1000 719 1197 773 discat
1255 733 1377 771 esse
1401 715 1484 769 vel
1537 723 1706 768 muta.
1751 713 1938 767 Nescit

353 815 730 871 :editicatiouis
754 821 1041 881 augmenta
1068 813 1408 877 depromere,
1438 808 1574 860 sciat
1598 804 1791 858 saltem
1817 804 1936 858 sine

355 906 476 958 fidei
516 903 887 956 destructione
938 911 1137 954 tacere.
1191 896 1446 965 Alioquin
1499 893 1783 947 abscindat
1834 891 1936 946 sibi

350 995 503 1048 terra
550 991 873 1064 praeputium
909 1005 1005 1058 per
1047 988 1366 1051 vindictam,
1420 1003 1524 1040 non
1579 985 1682 1038 subi
1725 983 1937 1037 frenum

357 1084 617 1138 adhibeat
640 1099 736 1153 per
757 1081 959 1136 silentii
991 1079 1353 1149 disciplinam.
1385 1078 1654 1133 Ventilent
1685 1077 1940 1147 quzeslio-

356 1190 454 1232 nes
481 1191 609 1230 suas
639 1175 728 1244 qui
754 1175 959 1236 volunt,
1009 1174 1166 1242 juxta
1218 1172 1436 1226 modum
1479 1179 1532 1224 et
1571 1170 1816 1224 ordinem
1838 1169 1942 1223 dis-

356 1267 598 1332 serendi,
661 1267 785 1319 dum
818 1282 944 1320 vero
973 1281 1070 1333 per
1099 1265 1357 1333 ambages
1384 1278 1510 1316 suas
1562 1273 1618 1316 et
1666 1261 1935 1315 scholaris

356 1357 598 1411 infantia:
641 1356 844 1410 namias
890 1355 1275 1408 contumeliam
1331 1371 1435 1407 non
1487 1353 1725 1406 inferant
1769 1352 1936 1406 Crea-

355 1450 495 1513 tori;
556 1449 842 1516 sciantque
878 1447 1373 1517 iinpossibilitatem
1413 1445 1574 1498 iStam
1604 1444 1658 1498 in
1691 1445 1804 1513 ipsa
1853 1457 1940 1497 re-

357 1555 478 1594 rum
501 1553 621 1592 esse
648 1547 858 1601 natura,
895 1548 949 1591 ct
983 1539 1268 1591 verborum
1293 1553 1357 1592 ex
1385 1548 1504 1590 arte
1527 1536 1938 1607 procedentium

357 1629 770 1697 consequentia,
805 1644 910 1683 non
943 1628 1009 1681 ad
1059 1638 1312 1682 Virtutem
1351 1628 1631 1697 pertinere
1676 1628 1937 1692 divinam,

359 1721 605 1790 nihilque
659 1721 858 1774 divinae
907 1721 1208 1791 majestatis
1256 1722 1490 1775 evadere
1529 1705 1686 1790 posse
1735 1730 1932 1790 poten-

2035 531 2089 576 et
2133 521 2352 585 cecinit,
2403 520 2612 587 plumas
2659 518 2971 581 concussit,
3004 524 3286 588 totmnque
3336 519 3612 589 liquamen

2035 628 2344 690 super'eos,
2385 613 2474 682 qui
2515 613 3001 673 convcscebantur.
3049 624 3302 684 aspersnt.
3353 614 3500 671 Illico
3528 633 3618 671 sa-

2038 702 2318 774 crilegium
2344 703 2672 772 blasphemze
2706 703 3027 758 temeritatis
3064 704 3224 774 digna
3253 719 3412 774 paena
3442 708 3623 777 sequi-

2040 803 2129 848 tur
2177 795 2414 849 ultionis.
2447 793 2580 849 Nam
2626 804 2680 849 et
2730 795 2784 849 in
2834 795 3149 866 aspersione
3190 796 3433 866 piperis,
3476 798 3623 866 lepra

2039 887 2280 956 percussi
2315 897 2460 941 sunt.
2499 887 2668 954 Quam
2693 887 2942 943 videlicet
2968 886 3178 958 plagam
3209 903 3314 943 non
3340 889 3499 943 modo
3523 891 3624 958 ipsi

2040 992 2210 1046 usque
2231 979 2298 1032 ad
2329 979 2538 1033 obitum
2576 978 2935 1047 pertulerunt,
2963 979 3056 1033 sed
3085 988 3138 1031 et
3167 981 3401 1048 posteris
3430 997 3543 1035 ειυς
3572 982 3626 1035 in

2041 1087 2231 1125 omnes
2259 1073 2661 1141 generationes,
2701 1071 2845 1124 velut
2883 1067 3162 1140 quoddam
3197 1071 3626 1137 haereditarinm,

2044 1162 2397 1230 reliquerunt.
2424 1161 2577 1216 Unde
2602 1161 2803 1216 factum
2849 1173 2950 1224 est,
2983 1172 3037 1215 ut
3072 1163 3123 1216 in
3155 1161 3473 1217 laniulatum
3501 1165 3633 1218 sub-

2045 1253 2151 1305 acti
2193 1253 2301 1306 sint
2345 1263 2545 1306 sanctae
2573 1252 2928 1306 Bononiensis
2968 1253 3245 1318 Ecclesiae,
3292 1270 3410 1322 qua:
3439 1256 3628 1308 videli-

2043 1350 2132 1394 cet
2158 1340 2218 1393 B.
2253 1341 2399 1396 Petri
2454 1342 2681 1412 apostoli
2727 1352 2810 1397 est
2864 1343 3119 1413 insignita
3156 1345 3440 1399 vocabulo.
3491 1344 3630 1411 Quo-

2047 1449 2162 1487 rum
2183 1434 2563 1504 prrgeniesmt
2586 1435 2789 1489 relator
2811 1437 3066 1500 asseruit,
3094 1437 3198 1491 huc
3222 1438 3392 1506 usque
3417 1437 3626 1508 leprusa

2045 1525 2148 1579 hoc
2176 1525 2433 1582 illationis
2471 1542 2682 1582 canone
2735 1531 2943 1583 censita
2993 1538 3122 1584 est:
3159 1540 3216 1584 ut
3262 1548 3326 1584 ex
3376 1532 3630 1600 operibus

2046 1631 2304 1670 manuum
2323 1631 2564 1672 'suarum
2617 1619 2850 1674 inferant
2882 1620 3137 1675 Ecclesia:
3165 1623 3476 1691 capisteria.
3516 1622 3630 1688 Sic,

2045 1711 2125 1765 sic
2149 1710 2403 1764 nimirum
2431 1712 2630 1781 duplici
2654 1729 2846 1781 parum,
2877 1713 3059 1781 lcprm,
3091 1715 3250 1768 simul
3278 1725 3331 1768 et
3357 1716 3634 1769 servitutis

366 1810 544 1876 tiam;
588 1821 648 1864 ut
671 1812 882 1865 dicatur
905 1810 1058 1879 juxta
1093 1812 1260 1881 solius
1289 1821 1497 1864 natura:
1527 1811 1798 1872 ordinem,
1823 1823 1946 1862 ver-
1979 1797 2024 1854 Β
2053 1801 2255 1855 addicti
2290 1802 2595 1871 suppliciis,
2633 1803 2909 1856 instruunt
2940 1803 3092 1868 alios,
3115 1815 3168 1857 ut
3191 1805 3303 1872 jam
3335 1815 3537 1860 temere
3567 1806 3633 1860 de

359 1904 670 1972 horumque
696 1903 1084 1967 conditionem,
1133 1903 1178 1958 si
1209 1912 1294 1957 est
1321 1903 1544 1972 aliquid,
1575 1902 1812 1970 quandin
1840 1911 1943 1964 est,

363 2012 472 2050 non
513 2006 692 2065 potest
743 2011 850 2050 non
897 2011 1049 2060 esse;
1097 2005 1153 2050 et
1194 1995 1238 2050 si
1291 1994 1415 2058 fuit,
1449 2010 1552 2047 non
1601 2003 1781 2064 potest
1839 2008 1946 2046 non

361 2086 558 2151 fuisse;
587 2095 642 2140 et
678 2086 724 2140 si
778 2087 1019 2140 futurum
1050 2099 1151 2147 εει,
1191 2100 1296 2138 non
1344 2093 1523 2154 potest
1555 2101 1660 2138 non
1691 2098 1813 2137 esse
1855 2082 1940 2136 l'u-

361 2188 565 2231 turum.
597 2175 852 2246 Alioquin
891 2185 1076 2230 contra
1120 2176 1288 2245 ipsius
1329 2174 1591 2229 naturalis
1641 2173 1949 2243 proprieta-

362 2264 435 2318 tis
483 2264 754 2328 ordinem,
779 2265 1158 2333 existendique
1189 2263 1494 2326 materiam,
1545 2263 1674 2332 quid
1700 2260 1943 2329 estquod

361 2357 504 2410 Deus
537 2371 644 2409 non
666 2356 839 2425 possit
883 2355 1166 2410 evertere?
1192 2355 1324 2424 quid
1365 2363 1451 2408 est
1495 2353 1638 2421 quod
1664 2352 1807 2407 Deus
1836 2367 1942 2405 non

365 2447 538 2502 valeat
587 2464 724 2502 nova
783 2448 1096 2502 conditione
1131 2447 1354 2501 creare?
1400 2445 1702 2500 Discutiunt
1753 2443 1940 2512 itaque

357 2539 512 2606 juxta
549 2538 827 2591 modulum
859 2554 1014 2592 suum
1063 2539 1364 2590 litterarum
1415 2537 1704 2599 duntaxat,
1756 2534 1954 2603 quibus

362 2630 828 2701 adhncindigent,
873 2630 1176 2694 elementa;
1223 2644 1323 2684 nec
1360 2629 1554 2682 altiora
1596 2642 1655 2680 se
1691 2608 1954 2695 usurpent

364 2719 547 2772 divina
587 2721 865 2789 mysteria.
893 2719 1251 2787 Philosophus
1281 2718 1501 2787 quidam
1552 2702 1690 2787 (‘23),
1722 2715 1848 2770 dum
1875 2715 1953 2770 si-

365 2809 553 2861 derum
579 2822 793 2869 cursus,
844 2806 1231 2873 stellarumque
1258 2813 1467 2859 meatus
1505 2813 1774 2858 nocturno
1811 2813 1947 2858 tein-

368 2914 500 2970 pore
535 2899 849 2965 rimaretur,
879 2899 934 2952 in
974 2899 1224 2952 limosum
1273 2906 1498 2966 repente
1530 2897 1714 2966 lapsus
1741 2907 1826 2952 est
1855 2913 1955 2967 pu-

374 3003 541 3045 teum.
601 2990 768 3060 Cujus
817 3005 1006 3044 casum
1055 3000 1270 3059 poetata
1308 2999 1394 3044 est
1417 2989 1606 3053 lambi,
1648 3005 1768 3060 qua:
1810 2990 1955 3045 illius

368 3092 488 3138 erat
518 3083 733 3148 ancilla,
777 3083 962 3137 dicetis
1007 3100 1020 3134 :
1058 3081 1317 3136 Dominus
1367 3096 1518 3136 meus
1561 3082 1842 3152 ignorabat
1900 3083 1952 3137 id

2050 1891 2228 1945 divina
2273 1893 2511 1961 potentia
2566 1909 2672 1946 non
2713 1893 3022 1964 loquantur.
3081 1896 3146 1948 Et
3184 1895 3355 1965 gallus
3406 1895 3630 1964 (Matth.

2050 1981 2201 2051 xxvi)
2238 1982 2328 2050 qui
2357 1983 2558 2035 dudum
2597 1994 2854 2053 arguerat
2898 1983 3114 2038 Petrum
3151 1984 3203 2038 in
3240 1993 3382 2039 terra
3434 2001 3636 2055 negan-

2054 2079 2162 2125 tem
2179 2111 2194 2136 ,
2227 2080 2353 2126 tunc
2373 2074 2622 2142 probavit
2643 2073 2861 2128 Petrum
2883 2091 3005 2129 cum
3026 2091 3112 2141 eo,
3136 2092 3294 2145 quem
3319 2088 3636 2146 negaverat,

2055 2161 2107 2214 in
2137 2160 2276 2214 caelo
2308 2171 2644 2231 regnantem.
2667 2162 2732 2216 Et
2757 2163 2897 2218 forte
2921 2180 3028 2219 non
3068 2166 3183 2219 sine
3211 2165 3393 2219 divino
3411 2166 3635 2232 judicio,

2055 2247 2362 2316 lmjusmodi
2417 2252 2642 2305 canonis
2694 2251 2936 2308 illatione
2970 2265 3096 2308 sunt
3135 2255 3369 2321 multati,
3400 2265 3457 2309 ut
3500 2257 3643 2310 sicut

2058 2341 2298 2395 triticum
2329 2356 2358 2394 a
2403 2342 2735 2411 quisquiliis,
2763 2345 3055 2414 capisterio
3090 2346 3402 2411 ventilante,
3436 2348 3644 2402 discer-

2057 2431 2234 2498 nitur;
2277 2432 2352 2486 ita
2411 2447 2510 2502 per
2546 2434 2899 2490 discretionis
2944 2437 3315 2506 magisterium
3348 2441 3559 2493 discant
3586 2450 3644 2494 ct

2057 2539 2178 2594 qua:
2224 2527 2370 2580 velut
2416 2529 2740 2598 quisquilias
2792 2531 3018 2587 vitando
3063 2533 3367 2602 repellere,
3422 2545 3478 2590 et
3523 2552 3643 2605 quae

2058 2617 2212 2684 quasi
2242 2617 2308 2670 ad
2337 2619 2514 2674 victus
2542 2621 2834 2676 utilitatem
2883 2624 3116 2680 debeant
3161 2628 3323 2681 verba
3373 2628 3639 2700 proferre.

2058 2709 2193 2763 Nam
2224 2711 2466 2778 perversi
2499 2713 2732 2782 quilibet
2773 2715 3042 2780 homines,
3075 2717 3202 2771 dmn
3233 2719 3360 2787 quid
3395 2734 3490 2774 cor
3520 2736 3646 2790 sug-

2058 2802 2327 2871 gesserit,
2377 2813 2589 2874 agunt:
2634 2805 2761 2860 dum
2803 2806 3066 2878 quidquid
3109 2809 3288 2880 lingua
3320 2813 3514 2881 prurit,
3564 2814 3648 2866 iu-

2059 2893 2304 2947 consulte
2364 2909 2428 2948 ac
2484 2896 2793 2963 procaciter
2821 2896 3076 2964 etlluunt;
3128 2899 3171 2954 si
3219 2900 3299 2955 eis
3353 2903 3646 2972 aliquando

2059 2980 2264 3051 ﬂagella
2295 2999 2400 3037 non
2424 2986 2667 3050 obviant,
2697 2987 2862 3042 Deum
2888 2990 2970 3043 \el
3007 3006 3114 3045 non
3138 3005 3276 3055 esse,
3303 2993 3383 3048 vel
3414 2996 3646 3048 humana

2061 3089 2167 3127 non
2209 3091 2405 3130 curare
2460 3086 2766 3134 autumant.
2807 3100 2824 3132 ι
2879 3083 3024 3136 Dixit
3076 3085 3220 3138 enim
3274 3086 3539 3156 insipiens
3590 3089 3646 3140 in

368 3177 514 3246 quod
554 3179 654 3232 sub
682 3144 910 3247 ρξιιειηιε
939 3176 1292 3248 ejusjaceba;
1331 3177 1434 3232 vile
1496 3144 1686 3242 ιιηᾷιη⁹
1716 3188 1769 3232 οι
1801 3179 1954 3234 inve-
1985 3144 2030 3208 (ἶ
2065 3165 2228 3219 corde
2258 3182 2357 3220 suo
2393 3185 2406 3221 :
2432 3167 2548 3222 Non
2577 3180 2659 3223 est
2687 3171 2827 3226 Deus
2859 3173 3032 3242 (Psnl.
3057 3177 3200 3247 xm).
3241 3196 3260 3228 ι
3295 3177 3359 3231 Et
3385 3144 3601 3231 .iterum
3630 3197 3644 3231 :

372 3266 579 3338 stigare
613 3268 859 3321 tentabat
883 3283 1080 3322 arcana
1114 3267 1396 3321 cmlormn.
1430 3267 1504 3321 Ex
1529 3269 1682 3338 cujus
1699 3265 1956 3323 nimirum

372 3355 657 3419 vocabulo,
687 3355 986 3410 .lambicum
1009 3366 1240 3410 metrum
1270 3371 1463 3411 nomen
1500 3357 1727 3427 accepit.
1767 3357 1957 3412 Anim-

371 3448 660 3500 advertaut
701 3448 824 3513 hoc,
856 3450 950 3516 qui
1005 3448 1222 3502 modmn
1263 3463 1374 3502 stne
1422 3449 1743 3518 capacitatis
1793 3465 1956 3504 cxce-

370 3540 523 3603 dunt,
539 3550 594 3595 et
621 3541 689 3594 ad
717 3555 800 3602 ea,
843 3556 960 3610 quae
986 3543 1148 3611 "super
1175 3556 1234 3595 se
1257 3551 1405 3604 sunt,
1436 3543 1667 3611 superbe
1699 3543 1958 3597 tentanda

370 3641 758 3700 prorumpunt;
801 3635 1000 3684 nedum
1067 3630 1330 3685 adversus
1363 3631 1530 3684 Deum
1564 3631 1693 3699 quid
1731 3630 1961 3700 loquun-

373 3731 481 3786 tur,
530 3724 801 3792 ignorant,
850 3722 1065 3776 incaute
1103 3736 1184 3786 se,
1237 3722 1670 3792 insipienterque
1722 3723 1957 3788 locutos,

373 3815 536 3869 etiam
586 3829 681 3884 per
733 3814 942 3868 illatam
988 3814 1091 3868 sibi
1123 3815 1300 3884 digna:
1340 3815 1562 3870 ultionis
1603 3816 1957 3882 sententiam,

373 3905 606 3960 discant.

863 3996 1027 4068 333
1066 3996 1295 4053 CAPUT
1335 3996 1470 4052 xm.

371 4102 450 4160 De
485 4105 588 4171 Itis,
636 4105 725 4175 qui
769 4104 1050 4158 Dominum
1101 4105 1519 4173 blasphemantes
1568 4105 1714 4176 lepra
1760 4108 1962 4176 perfusi

1096 4187 1236 4228 sum.

443 4265 736 4320 Prudentis
790 4273 846 4319 et
877 4266 1128 4320 honorati
1183 4267 1325 4336 apud
1373 4268 1632 4321 saeculum
1676 4267 1962 4336 cujusdam

373 4356 589 4411 diawni
627 4356 789 4410 didici
822 4355 1156 4420 narratione,
1191 4358 1335 4425 quod
1366 4357 1545 4412 refero
1573 4375 1586 4411 :
1617 4358 1673 4412 In
1704 4359 1966 4415 Bononiae

374 4445 639 4516 partibus,
687 4446 884 4511 inquit,
917 4445 1024 4498 duo
1070 4445 1290 4514 quidam
1318 4447 1446 4510 viri,
1477 4449 1568 4516 qui
1600 4457 1653 4503 et
1704 4450 1965 4505 amicitia:

375 4535 609 4589 invicem
656 4534 882 4599 findere,
914 4545 966 4590 et
1009 4537 1502 4606 compaternitatis,
1531 4539 1580 4593 si
1612 4541 1716 4594 rite
1761 4542 1962 4608 recolo,

375 4627 778 4682 necessitudine
804 4627 1149 4695 tenebantur,
1167 4629 1219 4682 in
1243 4631 1496 4685 convivio
1525 4631 1962 4700 discumbebant,

375 4718 574 4788 quibus
605 4719 658 4772 in
693 4733 938 4772 mensam
963 4719 1162 4773 allatus
1189 4729 1273 4775 est
1296 4720 1488 4790 gallus.
1528 4722 1682 4787 Quod
1713 4725 1966 4779 videlicet

375 4807 712 4879 pulmentum
738 4824 875 4864 unus
899 4808 1118 4863 illorum
1140 4820 1360 4880 arrepto
1389 4812 1624 4874 cultello,
1646 4820 1705 4866 ut
1727 4828 1843 4868 mos
1857 4823 1961 4880 est,

375 4901 428 4955 in
461 4900 634 4954 frusta
662 4901 921 4963 desecuit,
971 4901 1157 4954 tritum
1191 4915 1407 4970 quoque
1438 4903 1594 4972 piper
1621 4917 1744 4957 cum
1786 4904 1962 4973 liqua-

374 4993 522 5048 mine
551 4992 873 5061 superfudit.
902 4992 1020 5059 Quo
1042 4991 1214 5058 facto,
1236 4993 1375 5046 alter
1399 4995 1646 5063 protinus
1674 4996 1748 5050 ait
1783 5013 1796 5048 :
1831 4995 1964 5050 Pro-

371 5083 516 5138 fecto
553 5092 851 5152 compater,
883 5084 964 5138 sic
991 5083 1301 5152 explicuisti
1334 5085 1559 5152 gallum,
1585 5095 1646 5138 ut
1693 5085 1808 5154 ipse
1834 5100 1962 5140 san-

373 5182 495 5228 ctus
532 5172 749 5237 Petrus,
774 5174 990 5228 etiamsi
1021 5174 1174 5238 velit,
1229 5175 1606 5243 redintegrare
1632 5190 1742 5231 non
1769 5177 1959 5244 possit.

374 5265 474 5320 Cui
505 5281 631 5319 mox
678 5265 858 5319 intulit
906 5265 1034 5319 ille:
1073 5264 1240 5320 Plane
1288 5279 1398 5319 non
1429 5266 1592 5322 modo
1625 5265 1687 5320 Β.
1734 5265 1958 5332 Petrus;

375 5356 475 5411 sed
509 5366 567 5412 et
589 5358 634 5410 si
660 5357 775 5424 ipse
802 5354 1053 5410 Christus
1080 5356 1328 5424 imperet,
1356 5356 1530 5426 gallus
1569 5357 1655 5410 hic
1703 5367 1962 5428 perpetuo

376 5461 484 5502 non
515 5456 783 5517 resurget.
811 5447 900 5502 Ad
919 5447 1060 5502 hanc
1088 5462 1276 5502 vocem
1313 5459 1538 5516 repente
1582 5446 1756 5517 gallus
1784 5450 1959 5516 vivus,

445 5707 559 5779 (23)
586 5706 826 5765 Taletem
850 5711 992 5766 lumc
1030 5711 1267 5767 nonnulli
1301 5710 1467 5766 fuisse
1516 5718 1815 5765 autumant.

2069 3273 2086 3305 ε
2117 3253 2397 3320 Quomodo
2418 3259 2699 3327 scitDeus,
2731 3264 2854 3318 etsi
2883 3276 2965 3319 est
2999 3267 3225 3322 scicntia
3258 3271 3310 3323 in
3337 3269 3594 3324 excelso?
3622 3291 3640 3323 ι

2062 3345 2236 3416 (l’sal.
2300 3354 2495 3420 Lxxu.)
2549 3352 2781 3425 Ideoque
2811 3358 3052 3412 nonnulli
3098 3359 3151 3412 in
3205 3361 3320 3430 ipso
3373 3373 3648 3416 momento

2061 3439 2212 3508 pravi
2236 3443 2436 3508 operis,
2454 3444 2535 3496 vel
2559 3460 2590 3498 e
2618 3447 2843 3516 vestigio
2872 3459 3155 3519 postquam
3175 3453 3430 3521 nequiter
3456 3465 3648 3524 agunt,

2063 3540 2270 3583 motum
2321 3533 2489 3588 divini
2521 3533 2721 3592 furoris
2772 3539 3103 3607 incurrunt,
3145 3553 3410 3612 quatenus
3446 3555 3501 3598 et
3549 3546 3648 3615 ipsi

2062 3635 2311 3690 superna:
2339 3625 2615 3692 patientia:
2647 3629 2849 3684 diutius
2871 3647 2975 3685 non
3002 3633 3260 3699 illndant;
3287 3646 3340 3689 et
3373 3637 3551 3689 caeteri
3581 3640 3650 3690 ab

2062 3713 2272 3782 agendo
2301 3715 2499 3770 similia
2529 3733 2588 3773 se
2608 3734 2707 3788 per
2731 3722 3223 3781 animadversionis
3249 3742 3437 3781 eorum
3467 3743 3652 3782 exem-

2063 3803 2146 3872 pla
2180 3820 2554 3876 compescant.

2547 3904 2714 3976 634
2752 3905 2981 3962 caper
3021 3907 3160 3962 xw.

2065 4006 2144 4061 De
2173 4007 2266 4062 illo
2295 4028 2447 4080 quem
2481 4015 2743 4098 adulterio
2773 4022 3052 4101 conmissa
3077 4063 3091 4088 ,
3143 4023 3406 4094 malignus
3433 4026 3650 4096 spiritus

2715 4101 2993 4144 interemit.

2139 4173 2430 4232 Enimvero
2450 4194 2571 4234 cum
2597 4183 2736 4250 apud
2765 4182 3059 4242 Parmense
3089 4189 3344 4258 oppidum
3376 4192 3648 4262 degerem,

2068 4266 2250 4339 ibique
2291 4267 2594 4325 liberalium
2626 4274 2827 4330 artium
2876 4279 3068 4334 studiis
3121 4282 3455 4343 insudarem,
3489 4287 3648 4354 quid-

2069 4359 2192 4412 dam
2217 4376 2301 4414 me
2324 4362 2749 4431 contigitnosse,
2786 4370 2929 4436 quod
2960 4385 3065 4424 non
3113 4373 3300 4427 inutile
3330 4376 3544 4432 videtur
3585 4377 3654 4431 ad

2072 4457 2417 4518 posterorum
2446 4451 2695 4506 notitiam
2723 4454 3138 4527 styliciirrentis
3159 4463 3388 4518 articulo
3412 4467 3652 4521 tradere.

2071 4537 2149 4589 Ad
2180 4536 2530 4593 Occidentem
2585 4557 2718 4597 sane
2765 4548 3040 4615 prmdictm
3096 4552 3248 4605 urbis
3287 4564 3369 4607 est
3404 4556 3653 4623 quaedam

2067 4641 2220 4682 extra
2255 4645 2438 4686 muros
2479 4635 2580 4686 sita
2620 4635 2863 4698 basilica.
2892 4641 3107 4709 gemino
3141 4644 3420 4699 beatorum
3449 4657 3657 4719 marty-

2069 4736 2187 4774 rum
2215 4721 2461 4776 Gervasii
2483 4734 2538 4778 et
2561 4725 2792 4782 Protasii
2822 4730 2975 4785 titulo
3012 4734 3290 4788 decorata.
3323 4735 3492 4791 Nocte
3517 4755 3654 4806 qua-

2068 4813 2212 4874 dam,
2243 4828 2362 4882 qua:
2400 4816 2650 4871 videlicet
2700 4821 3016 4876 eorumdem
3065 4835 3366 4896 martyrum
3406 4829 3656 4882 natalitia

2071 4904 2433 4971 praecedebat,
2451 4908 2536 4960 vir
2555 4908 2776 4976 quidam
2801 4914 3068 4969 maturius
3097 4917 3353 4981 surrexit,
3381 4920 3653 4987 bovesque

2071 5007 2200 5047 suos
2232 4994 2286 5048 in
2333 5010 2532 5064 pascua
2576 5002 2865 5055 remotiora
2912 5004 3134 5060 deduxit
3166 5025 3178 5060 :
3207 5009 3291 5063 cui
3339 5010 3655 5064 convicinus

2071 5084 2309 5152 quidam.
2345 5086 2560 5142 flamma
2609 5093 2957 5161 nequissima:
2998 5095 3240 5151 libidinis
3289 5098 3656 5154 inflammatus

2064 5175 2351 5232 insidiatus
2380 5188 2487 5243 est,
2528 5189 2586 5234 ut
2624 5181 2741 5250 ejus
2792 5199 3016 5240 uxorem
3064 5188 3305 5257 polluere
3348 5191 3682 5244 moliretur.-

2064 5265 2264 5322 Eadem
2320 5269 2488 5340 igitur
2531 5283 2690 5332 nocte
2740 5277 2967 5333 callidus
3011 5280 3078 5334 ad
3123 5282 3340 5336 domum
3388 5283 3506 5354 ejus
3559 5298 3657 5338 ex-

2063 5358 2306 5428 plorator
2329 5367 2577 5430 accessit,
2614 5378 2669 5422 et
2707 5373 2995 5425 occasione
3046 5385 3280 5442 reperta,
3313 5391 3418 5430 non
3447 5376 3653 5430 diutius

2064 5459 2352 5521 postquam
2383 5454 2486 5510 iste
2529 5471 2652 5512 cum
2681 5461 2970 5528 pascendis
3013 5462 3340 5519 animalibus
3370 5465 3532 5533 abiit,
3565 5462 3657 5520 ille
