4074 6190
420 263 522 318 Gl?

1259 259 1502 318 OPUSC.
1540 256 1788 318 XXXVI,
1823 286 1896 299 --
1931 253 2021 311 DE
2058 253 2287 318 DIVINA
2326 252 2859 321 OMNIPOTENTIA.

3579 251 3684 312 618

420 371 733 428 febricitare
763 385 822 428 se
857 371 1124 427 diabolica
1155 371 1554 428 machinatione
1587 368 1929 440 contingens,
1950 366 2004 422 in
2032 375 2084 437 Α
2107 365 2335 426 cebatur
2360 405 2376 431 ,
2424 365 2601 426 adhuc
2668 364 2840 419 videri
2919 377 3051 418 saxa
3117 361 3315 432 quibus
3366 361 3686 433 impegerat,

332 459 339 466 ’
419 465 616 520 lectum
657 465 846 520 uxoris
876 464 1020 519 illius
1049 465 1134 518 vir
1165 462 1452 518 simulatus
1485 462 1727 517 intravit.
1763 460 2007 530 Cumque

417 556 565 610 velut
589 554 886 632 frigescens
917 554 1262 618 intremeret,
1285 553 1526 608 dentium
1549 551 1816 606 stridores
1844 550 2007 604 emit-

419 655 581 710 teret,
606 647 861 701 crebrius
881 644 1198 722 singultiret
1218 642 1449 710 ,iinfelix
1480 641 1698 704 mulier,
1747 649 2007 708 tanquam

416 736 702 807 azgrotanti
739 735 857 790 viro
883 734 1241 805 compatiens,
1269 733 1432 802 coepit
1463 731 1614 791 illum
1638 731 1780 787 ulnis
1800 728 2004 786 astrin-

417 842 568 897 gere,
598 826 772 880 lodice
800 834 1113 896 contegere,
1152 832 1208 877 et
1249 823 1450 893 quibus
1475 821 1691 876 valebat
1718 819 2006 890 impendiis

416 917 730 973 confovere.
760 917 830 972 At
875 917 988 984 ille,
1025 925 1085 970 ut
1134 915 1375 972 dolorem
1423 921 1606 970 mente
1657 920 2003 984 conceperat,

420 1010 628 1079 peperit
674 1008 1054 1077 iniquitatem;
1086 1006 1252 1062 violat
1303 1006 1489 1075 itaque
1517 1004 1754 1060 alienum
1801 1012 2004 1067 torum,

419 1098 629 1166 sibique
660 1087 917 1168 procurat
947 1097 1254 1159 interitum,
1286 1109 1522 1166 moxque
1557 1094 1809 1150 concitus
1849 1091 2002 1149 abiit.

420 1187 526 1242 Sed
562 1201 715 1250 ecce,
743 1186 830 1239 vix
873 1186 1024 1240 brevi
1059 1184 1318 1254 temporis
1345 1183 1531 1253 elapso
1551 1183 1746 1254 spatio,
1775 1181 2007 1237 maritus

418 1276 580 1339 redit,
614 1284 848 1330 stratum
895 1274 1113 1344 repetit.
1146 1273 1242 1329 Cui
1274 1274 1526 1342 protinus
1561 1288 1700 1327 uxor
1748 1280 2007 1342 expostu-

420 1367 558 1428 laus,
588 1379 644 1422 et
695 1367 1050 1430 vehementer
1096 1365 1460 1435 exprobrans,
1492 1365 1571 1420 ait
1603 1382 1616 1418 :
1647 1363 1863 1434 Optime
1910 1378 2008 1433 ι)οά

419 1459 552 1515 teris
593 1457 755 1514 hodie
796 1465 1117 1512 sanctorum
1164 1463 1510 1525 martyrum,
1566 1469 1689 1524 quae
1737 1451 1834 1508 tibi
1894 1460 2006 1507 tam

417 1547 676 1617 contigua
728 1552 832 1609 est,
888 1542 1188 1599 Ecclesiam
1251 1541 1492 1614 ingredi;
1524 1548 1579 1596 et
1618 1555 1742 1595 cum
1793 1539 2007 1595 caeteris

415 1634 742 1692 Christianis
773 1632 971 1687 divinis
1001 1631 1264 1687 interesse
1303 1629 1613 1700 mysteriis!
1649 1629 1893 1700 Cumque
1921 1629 2006 1683 vir

2110 457 2264 512 sanie
2295 456 2436 512 illius
2464 464 2518 511 et
2562 470 2761 510 cruore
2795 453 3064 509 rubentia.
3088 452 3260 508 Porro
3288 464 3470 507 autem
3501 462 3556 507 et
3598 453 3688 507 hic

2109 545 2247 608 forte
2267 546 2522 604 credebat
2545 548 2712 601 Deum
2763 544 2848 600 vel
2874 544 3087 599 nescire
3109 544 3251 624 quod
3281 543 3492 599 occulte
3535 558 3688 598 com-

2109 639 2376 705 mittitur,
2408 638 2490 693 vcl
2523 653 2866 709 nequaquam
2909 652 3070 707 posse
3115 647 3173 690 ut
3199 636 3266 691 de
3299 635 3687 691 sceleracom-

2109 727 2452 783 mittentibus
2486 727 2807 792 ulciscatur,
2835 726 3024 781 dicens
3051 725 3104 779 in
3151 724 3316 779 corde
3356 740 3454 780 suo
3479 742 3493 778 :
3523 743 3540 776 ‹
3571 723 3689 779 Non

2107 818 2310 874 videbit
2341 817 2620 882 Dominus,
2666 833 2768 873 nec
2817 815 3081 887 intelliget
3129 817 3271 871 Deus
3303 814 3471 872 Jacob
3514 813 3688 884 (Psal.

2109 908 2285 976 xcm).
2321 925 2340 960 ι
2375 905 2482 962 Sed
2508 907 2620 960 sive
2647 906 2745 961 Dei
2775 906 3028 959 mandata
3057 902 3343 966 calcando,
3377 903 3491 956 sive
3518 901 3688 955 Deum

2108 997 2538 1053 detractionibus
2569 996 2920 1060 stimulando,
2944 995 3067 1068 quis
3095 1003 3417 1065 arroganter
3436 994 3687 1060 excedat,

2109 1102 2215 1144 non
2269 1086 2402 1148 levis
2453 1097 2538 1142 est
2575 1086 2854 1151 criminis;
2883 1080 2960 1140 'et
3010 1085 3061 1140 in
3106 1086 3327 1154 paucis.
3364 1085 3478 1139 sive
3519 1099 3689 1154 prava

2109 1175 2576 1232 committentihus
2601 1218 2616 1242 ,
2663 1163 2796 1232 sive.
2829 1175 3061 1250 superba
3109 1175 3492 1246 loquentibus,
3551 1191 3689 1245 quos

2110 1278 2332 1338 repente
2361 1267 2544 1322 divina
2576 1267 2847 1322 sententia
2896 1266 3152 1336 percutit,
3184 1267 3314 1337 quid
3364 1267 3568 1332 cmteri,
3596 1267 3690 1336 qui

2110 1357 2256 1412 velut
2281 1359 2549 1413 immunes
2562 1358 2833 1424 videntur,
2856 1358 2921 1412 ad
2949 1359 3137 1412 horam
3162 1368 3692 1424 mereantur,osteu-

2108 1450 2204 1504 dit.
2230 1449 2470 1513 Desinat,
2489 1465 2608 1516 oro,
2629 1449 2740 1521 jam
2765 1449 2980 1505 desinat
2999 1450 3246 1520 quisquis
3271 1449 3422 1520 ponit
3443 1465 3504 1504 os
3529 1465 3684 1504 suum

2111 1540 2163 1595 in
2196 1541 2354 1605 caelo,
2379 1549 2437 1594 ut
2467 1540 2647 1612 lingua
2678 1540 2796 1611 ejus
2831 1549 3072 1595 transeat
3096 1556 3258 1610 super
3285 1549 3484 1594 terram
3513 1538 3685 1610 (Paul.

2111 1633 2300 1704 Lxxn).
2331 1633 2483 1701 Quod
2505 1632 2749 1704 profecto
2778 1632 2882 1688 tale
2909 1641 3012 1696 est,
3040 1632 3131 1701 qui
3160 1633 3239 1686 sic
3272 1631 3438 1686 Deum
3460 1633 3686 1703 deroga-

419 1726 687 1780 attonitus
721 1722 851 1793 quid
888 1719 980 1776 illa
1023 1719 1341 1790 loqueretur
1370 1719 1693 1788 inquireret.
1726 1728 2007 1774 eventum-
2039 1720 2082 1780 B
2113 1725 2348 1780 tionibus
2388 1725 2617 1790 lacerat,
2650 1734 2712 1779 ut
2739 1734 2794 1780 et
2823 1733 3014 1778 contra
3041 1739 3254 1778 servum
3303 1721 3420 1792 ejus
3453 1723 3517 1777 de
3549 1723 3690 1778 illius

419 1833 525 1888 que
569 1816 646 1870 rei
692 1815 836 1870 sicut
877 1812 1185 1881 contigerat
1213 1825 1312 1882 per
1351 1811 1600 1866 ordinem
1642 1810 2006 1880 cognovisset,

419 1916 646 1976 uterque
690 1919 750 1960 se
800 1902 1274 1974 deprehendentes
1308 1900 1533 1965 irrisos,
1578 1915 1643 1954 ac
1691 1899 2006 1968 turpissima

418 1997 787 2054 ludificatione
835 1992 1093 2060 delusos,
1145 1991 1472 2047 intolerabili
1523 1990 1726 2047 doloris
1753 1990 2008 2060 angustia

419 2088 751 2147 consternati
779 2094 927 2141 sunt.
951 2084 1162 2139 interea
1194 2083 1321 2138 dum
1355 2081 1588 2154 populus
1611 2082 1678 2136 ad
1703 2080 2006 2137 Ecclesiam

420 2182 548 2236 hinc
570 2179 696 2233 inde
725 2175 1043 2238 conflueret,
1064 2183 1122 2228 ut
1151 2183 1432 2229 nocturnae
1461 2172 1636 2227 laudis
1657 2170 1891 2228 ofﬁcium
1915 2172 2008 2226 de-

419 2280 578 2324 votus
605 2267 857 2332 audiret,
905 2265 1123 2320 tandem
1155 2271 1211 2317 et
1245 2261 1342 2328 illi,
1367 2270 1645 2333 resumpto
1673 2261 1892 2332 Spiritu,
1919 2259 2008 2314 ni-

421 2357 718 2413 hilominus
786 2363 1200 2418 convenerunt,
1256 2365 1419 2424 atque
1470 2352 1622 2410 omni
1668 2351 2008 2407 verecundiae

420 2451 623 2505 rubore
673 2449 1001 2520 postposito,
1037 2445 1318 2516 querelam
1352 2460 1506 2501 suam
1545 2460 1726 2499 coram
1755 2445 2009 2500 omnibus

418 2539 807 2607 deposuerunt,
856 2536 1162 2608 praesertim
1189 2532 1385 2588 mulier
1416 2533 1627 2588 laceros
1655 2533 1837 2589 crines
1863 2532 2009 2588 evel-

369 2645 372 2648 ’
419 2627 558 2695 iens,
589 2637 644 2684 et
674 2627 932 2683 uberibus
978 2625 1236 2697 lacrymis
1281 2637 1378 2680 ora
1426 2622 1602 2678 tristia
1636 2623 1966 2693 perfundens
1989 2663 2006 2690 ,

421 2719 677 2790 lugubres
699 2718 984 2773 emittebat
1006 2716 1243 2773 ululatus
1269 2717 1324 2771 in
1352 2717 1551 2774 coelum
1571 2735 1584 2771 :
1608 2736 1626 2770 ι
1658 2716 1906 2786 Domine,
1927 2726 2006 2784 tu,

421 2809 620 2878 inquit,
654 2808 818 2864 corda
849 2807 1130 2862 hominum
1172 2807 1339 2873 nosti,
1388 2814 1446 2861 tu
1491 2806 1846 2864 conscientia:
1875 2822 2010 2862 meae

423 2899 580 2953 testis
629 2913 720 2964 es;
773 2897 900 2968 quia
944 2913 1047 2969 ego
1098 2897 1201 2952 hac
1247 2897 1590 2953 sanctissima
1634 2907 1797 2954 nocte
1840 2899 2010 2954 etiam

418 2989 626 3059 proprii
671 2987 890 3043 thalami
938 2988 1125 3043 viriles
1176 2986 1458 3057 amplexus
1492 2987 1784 3054 abhorNi,
1831 2986 2010 3040 alieno

2112 1815 2542 1886 impossibilitate
2571 1814 2844 1887 conﬂigat.

2695 1929 2926 1992 CAPUT
2981 1927 3098 1984 XV.

2110 2019 2386 2076 Concludit
2421 2021 2758 2082 onerandum
2794 2039 2904 2162 ἵκεο
2944 2020 3111 2075 Deum
3137 2037 3288 2091 posse
3324 2020 3466 2090 facta
3495 2021 3688 2094 infecta

2824 2107 2990 2144 acere.

2824 2107 2990 2144 acere.

2180 2181 2407 2251 Quando
2455 2183 2618 2254 igitur
2663 2183 2891 2254 quaestio
2927 2181 3027 2236 ista
3077 2181 3417 2252 proponitur,
3448 2189 3508 2235 ut
3537 2181 3713 2237 dica-.

2111 2285 2202 2334 tur
2245 2294 2258 2330 :
2303 2275 2584 2350 Quomodo
2643 2285 2823 2347 potest
2879 2275 3020 2335 Deus
3069 2276 3174 2331 hoc
3221 2291 3381 2347 :‘gere
3440 2285 3499 2330 ut
3547 2276 3691 2346 quod

2111 2365 2313 2425 factum
2346 2366 2450 2421 fuit
2503 2366 2706 2422 factum
2757 2382 2861 2421 non
2904 2365 3112 2421 fuerit?
3151 2366 3495 2437 Respondeat
3543 2382 3690 2421 same

2111 2455 2234 2512 fidei
2271 2455 2441 2511 frater
2490 2457 2616 2524 quia
2649 2456 2793 2525 quod
2841 2453 3044 2510 factum
3090 2465 3194 2521 est,
3228 2457 3270 2511 si
3317 2455 3516 2511 malum
3561 2455 3688 2520 fuit,

2112 2562 2220 2602 non
2247 2547 2470 2616 aliquid,
2504 2546 2597 2602 sed
2628 2547 2764 2602 nihil
2802 2545 2908 2600 fuit
2941 2564 2954 2600 :
2988 2561 3052 2602 ac
3075 2555 3357 2617 propterea
3388 2563 3494 2602 non
3524 2547 3692 2603 fuisse

2110 2636 2398 2692 dicendum
2421 2645 2526 2702 est,
2557 2635 2684 2706 quia
2712 2635 3003 2690 materiam
3043 2635 3311 2691 existendi
3343 2652 3448 2690 non
3480 2635 3688 2700 habuit,

2108 2727 2254 2798 quod
2283 2741 2463 2781 rerum
2507 2725 2705 2782 artifex
2756 2735 2816 2786 ut
2867 2726 3020 2782 fieret
3065 2742 3171 2781 non
3201 2726 3496 2782 mandavit.
3533 2726 3687 2796 Quod

2111 2817 2157 2872 si
2186 2817 2388 2874 bonum
2412 2817 2508 2874 fuit
2534 2818 2676 2892 quod
2701 2816 2901 2873 factum
2925 2827 3026 2883 est,
3054 2835 3081 2872 a
3111 2819 3221 2872 Deo
3257 2818 3442 2888 utique
3491 2816 3689 2874 factum

2110 2915 2216 2964 est.
2253 2926 2274 2961 ι
2308 2908 2642 2976 Dixitenim,
2673 2918 2730 2965 et
2759 2908 2901 2964 facta
2924 2918 3069 2973 sunt,
3097 2910 3394 2974 mandavit,
3425 2917 3481 2965 et
3509 2922 3691 2966 creata

2111 3006 2238 3054 sunt
2263 2997 2437 3070 (Ρδαι.
2472 3015 2622 3056 axx"
2651 3039 2666 3065 ,
2707 3000 2954 3070 cxnvm).
2990 2998 3182 3056 Omnia
3214 2999 3361 3054 enim
3393 3017 3488 3069 per
3518 3000 3691 3070 ipsum

419 3067 722 3148 presertitn
752 3077 969 3132 misceri
997 3076 1114 3132 viro
1151 3092 1236 3131 me
1255 3076 1475 3148 penitus
1496 3077 1774 3149 ignoravi;
1806 3085 1858 3131 te
1886 3091 2007 3142 oro,

2114 3087 2256 3145 facta
2273 3065 2426 3156 sunt,
2463 3098 2518 3144 et
2541 3089 2660 3146 sine
2687 3089 2803 3160 ipso
2823 3065 3027 3145 factum
3058 3099 3140 3145 est
3181 3088 3314 3144 nihil
3345 3065 3626 3162 (licam-1).
3670 3112 3687 3143 ι

420 3169 671 3234 Domine,
687 3185 792 3224 non
811 3169 1045 3240 aspicias
1073 3177 1292 3238 peccata
1316 3180 1458 3232 mea,
1481 3167 1575 3222 sed
1595 3167 1806 3238 placeat
1826 3181 2012 3223 coram

423 3270 480 3318 te
533 3272 591 3316 ut
643 3272 958 3318 sanctorum
1006 3269 1221 3317 tuorum
1272 3259 1556 3316 ulciscaris
1607 3259 1888 3330 injuriam.
1952 3257 2012 3313 in

421 3367 720 3421 conspectu
753 3371 886 3426 ergo
936 3355 1118 3426 populi
1158 3354 1233 3409 tui
1265 3367 1412 3409 nunc
1459 3351 1688 3408 ostende
1713 3352 2011 3417 virtutem,

422 3455 480 3501 et
528 3445 594 3499 ad
629 3445 852 3516 gloriam
902 3444 1229 3500 sanctissimi
1263 3443 1500 3517 nominis
1553 3443 1628 3496 tui
1675 3443 1844 3512 prode
1879 3457 2016 3497 mea:

423 3536 748 3606 proditionis
803 3534 1096 3591 auctorem.
1155 3535 1496 3589 Producatur
1535 3534 1587 3587 in
1641 3533 1916 3600 medium,
1959 3541 2016 3587 et

425 3627 822 3682 immanitatem
859 3624 1217 3680 crudelissimi
1268 3623 1491 3678 sceleris
1525 3623 1594 3680 de
1644 3637 1758 3678 sua:
1809 3621 2016 3677 fraudis

423 3717 648 3788 aufugio
687 3732 794 3770 non
833 3716 1096 3771 lucretur.
1141 3735 1160 3767 ι
1199 3714 1443 3785 Cumque
1490 3713 1659 3769 multa
1687 3715 1774 3769 his
1815 3713 2016 3768 similia

423 3808 623 3863 mulier
670 3821 860 3862 amaro
906 3807 1101 3877 spiritu
1149 3820 1256 3860 non
1294 3805 1468 3870 clam,
1523 3805 1621 3860 sed
1671 3803 2016 3858 vociferando

426 3899 801 3973 profunderet,
827 3909 881 3956 et
909 3900 1160 3970 populus,
1194 3900 1242 3954 ei
1265 3915 1364 3968 pro
1395 3912 1632 3954 maerore
1659 3897 2013 3966 compatiens,

424 3995 568 4050 idem
599 3994 740 4047 votis
769 4001 825 4048 et
871 3993 1126 4064 precibus
1173 3990 1336 4066 635
1380 3991 1618 4046 divinam
1669 3988 2014 4044 clementiam

422 4081 772 4153 imploraret;
799 4090 992 4136 auctor
1036 4079 1282 4148 sceleris,
1311 4080 1401 4136 ubi
1432 4079 1653 4142 latebat,
1686 4080 2016 4135 dzemouiaco

428 4174 630 4244 spiritu
687 4183 908 4242 repente
952 4172 1274 4242 corripitur,
1319 4180 1375 4226 et
1420 4171 1473 4225 in
1509 4169 1748 4226 furorem
1787 4170 2013 4225 nimium

428 4270 592 4332 atque
622 4263 900 4318 vesaniam
930 4260 1152 4316 rabidus
1193 4259 1439 4316 effertur.
1471 4260 1703 4331 Moxque
1733 4261 1786 4315 in
1830 4261 2016 4318 Eccle-

429 4351 590 4415 siam,
638 4352 836 4424 populo
870 4352 1312 4423 obstupescente,
1361 4352 1579 4407 noviter
1618 4351 1869 4423 prosiliit,
1899 4367 2017 4407 om-

430 4458 635 4514 nesque
662 4444 717 4497 iu
749 4443 830 4498 sui
884 4441 1322 4508 admirationem,
1361 4440 1713 4514 semetipsum
1755 4441 2008 4499 laniando

431 4551 495 4591 ac
523 4534 900 4605 discerpendo,
929 4536 1220 4590 convertit.
1254 4536 1397 4591 Dans
1426 4535 1676 4591 fremitus
1703 4543 1758 4590 et
1778 4535 2007 4607 rugitus,

431 4627 668 4698 propriis
696 4641 754 4681 se
782 4625 1033 4681 manibus
1070 4626 1363 4682 crudeliter
1390 4626 1688 4690 lacerabat,
1725 4627 1884 4680 modo
1915 4640 2010 4678 ve-

431 4719 510 4773 lut
533 4719 723 4773 volans
746 4717 800 4771 in
821 4716 927 4770 alta
950 4716 1257 4786 prosiliens,
1283 4717 1443 4770 modo
1467 4731 1526 4770 se
1547 4731 1668 4771 cum
1693 4716 2013 4786 gravissimo

429 4807 637 4880 impetu
666 4807 718 4861 in
745 4807 853 4861 ima
892 4806 1236 4876 demergens,
1278 4805 1438 4860 modo
1471 4805 1524 4859 in
1556 4804 1820 4873 parietem
1849 4811 2012 4872 caput

429 4899 727 4963 incutiens,
753 4895 914 4951 modo
945 4911 1004 4951 se
1034 4896 1088 4950 in
1112 4895 1483 4965 pavimentum
1529 4893 1850 4949 insaniendo
1883 4910 2010 4964 pro-

428 4995 708 5049 sternens,
734 4987 916 5039 omnia
946 4984 1155 5039 viscera
1188 4998 1284 5039 sua
1327 4982 1714 5038 miserabiliter
1741 4996 2012 5052 conquas-

429 5077 606 5134 sabat.
652 5074 765 5130 lloe
792 5076 977 5143 itaque
1004 5074 1164 5129 modo
1193 5072 1460 5143 malignus
1497 5071 1719 5142 spiritus
1745 5086 1870 5126 eum
1899 5072 2006 5126 col-

431 5169 600 5222 lidere
620 5180 726 5242 non
755 5164 1014 5228 cessavit,
1046 5164 1219 5218 donec
1242 5161 1513 5218 infelicem
1540 5163 1797 5227 animam,
1823 5177 2008 5217 coram

434 5255 626 5326 )opulo
650 5255 740 5326 qui
790 5255 1003 5319 aderat,
1025 5253 1091 5308 de
1127 5268 1356 5324 corpore
1383 5253 1527 5309 illius
1555 5253 1771 5308 evulsit.
1816 5251 2010 5308 Viden-

431 5356 511 5398 tes
533 5355 714 5400 autem
748 5346 839 5416 qui
870 5345 1119 5412 aderant,
1141 5345 1463 5402 immensam
1488 5345 1696 5402 auctori
1723 5344 2012 5415 Deojusti-

430 5435 520 5490 tia:
541 5436 765 5506 gloriam
809 5434 1086 5502 referunt;
1115 5437 1206 5508 qui
1245 5444 1299 5492 et
1328 5437 1544 5506 impune
1574 5452 1678 5492 non
1714 5451 1906 5505 passus
1933 5446 2016 5491 est

429 5525 584 5582 abire
613 5537 956 5598 peccantem,
983 5539 1037 5584 et
1067 5530 1410 5585 innocentem
1436 5529 1746 5584 consolatus
1766 5537 1852 5583 est
1892 5544 2012 5582 mu-

436 5615 644 5674 lierem.
680 5619 910 5686 Quando
934 5629 1114 5674 autem
1147 5621 1249 5674 hoc
1289 5619 1421 5673 mihi
1465 5619 1697 5675 relatum
1743 5616 1882 5674 forte
1929 5619 2013 5674 di-

924 5711 1198 5771 Parnm.
1245 5720 1486 5782 CXLV,

2111 3181 2290 3252 Atque
2320 3182 2438 3236 ideo
2487 3181 2594 3237 tale
2625 3188 2709 3238 est
2745 3181 2888 3250 quod
2916 3181 3116 3240 dicitur
3149 3199 3161 3233 :
3191 3180 3473 3248 Quomodo
3512 3180 3693 3236 facere

2113 3271 2258 3328 Deus
2289 3279 2464 3342 potest
2493 3280 2551 3325 ut
2573 3270 2715 3340 quod
2737 3269 2939 3324 factum
2971 3268 3072 3324 fuit
3111 3267 3312 3323 factum
3361 3285 3468 3324 non
3496 3267 3694 3324 fuerit?

2111 3365 2190 3419 Ac
2237 3363 2282 3416 si
2325 3363 2583 3417 dicatur:
2618 3361 2804 3417 Potest
2855 3361 2997 3424 Deus
3046 3373 3207 3430 agere
3253 3367 3332 3424 ut,
3382 3359 3524 3428 quod
3565 3358 3695 3414 fecit

2115 3454 2250 3526 ipse,
2281 3468 2386 3509 non
2414 3451 2640 3508 fecerit?
2667 3451 2931 3506 Nimirum
2960 3459 3041 3516 ut,
3070 3449 3212 3521 quod
3240 3449 3368 3505 fecit
3389 3449 3558 3516 Deus,
3585 3467 3689 3504 nou

2113 3545 2305 3602 fecerit
2333 3546 2492 3600 Deus.
2527 3542 2652 3598 Ideo
2672 3540 3054 3610 conspueudus
3083 3547 3166 3596 est
3208 3539 3299 3610 qui
3335 3539 3439 3595 hoc
3474 3540 3691 3604 asserit,

2114 3648 2170 3694 et
2194 3652 2301 3692 non
2325 3635 2682 3707 responsione
2707 3633 2926 3705 dignus,
2962 3635 3055 3689 sed
3085 3633 3152 3688 ad
3185 3633 3486 3688 cauterium
3516 3635 3696 3705 potius

2115 3726 2499 3790 destinandus;
2555 3724 2624 3780 ad
2675 3722 3034 3780 confutaudos
3073 3733 3253 3782 tamen
3310 3724 3586 3792 improbos
3640 3736 3696 3779 et

2114 3814 2354 3880 dicaces,
2395 3814 2672 3872 memoria:
2694 3811 3123 3868 commendanda
3151 3821 3278 3867 sunt
3301 3828 3421 3882 qua:
3441 3815 3694 3883 superius

2115 3907 2256 3962 dicta
2297 3915 2424 3960 sunt
2453 3920 2467 3958 :
2506 3919 2630 3974 quae
2665 3904 2923 3959 nimirum
2953 3917 3053 3957 nos
3093 3903 3391 3961 omittimus
3415 3903 3581 3975 636
3607 3904 3696 3959 hic

2114 3996 2280 4052 etiam
2309 3995 2586 4052 succincte
2612 3993 2983 4064 perstringere
3004 4032 3020 4057 ,
3072 4006 3141 4046 ne
3179 3989 3377 4062 legenti
3420 3993 3694 4048 faSlidittttt

2116 4087 2295 4143 valeat
2337 4086 2460 4157 styli
2498 4084 2781 4154 prolixitas
2811 4097 3092 4154 generare.
3126 4081 3240 4138 Non
3283 4083 3427 4138 enim
3474 4082 3692 4144 librum,

2116 4175 2211 4233 sed
2239 4175 2520 4252 epistolam
2566 4173 2727 4230 edere
2765 4173 3166 4244 proposuimus.
3201 4171 3343 4227 Inter
3369 4181 3567 4229 caetera
3616 4184 3696 4229 ta-

2117 4281 2238 4326 men
2283 4265 2413 4328 illud
2439 4281 2604 4324 unum
2635 4265 2780 4335 quod
2806 4279 2837 4318 a
2865 4263 3022 4320 nobis
3054 4263 3258 4320 dictum
3285 4273 3390 4333 est,
3421 4267 3696 4322 memoria:

2117 4366 2319 4414 nostrae
2342 4372 2449 4412 non
2474 4356 2718 4423 excidat;
2750 4355 3007 4425 quoniam
3043 4353 3290 4411 Creatori
3317 4356 3556 4411 omnium
3587 4357 3698 4411 Deo

2117 4446 2295 4503 omnia
2332 4460 2490 4516 posse
2527 4453 2854 4500 coaeternum
2885 4452 2988 4509 est,
3017 4443 3157 4499 sicut
3187 4454 3244 4499 et
3290 4446 3473 4501 omnia
3513 4462 3693 4509 nosse,

2113 4538 2364 4606 quodque
2389 4535 2530 4590 intra
2561 4534 2842 4604 sapientia:
2875 4548 2989 4588 suae
3011 4533 3188 4587 sinum
3233 4534 3312 4588 sic
3349 4535 3531 4589 omnia
3561 4544 3699 4591 tem-

2113 4641 2270 4700 pora,
2319 4623 2595 4694 praeterita
2642 4622 2872 4686 scilicet,
2908 4623 3222 4691 praesentia,
3252 4629 3308 4676 et
3352 4621 3533 4677 futura
3567 4641 3699 4680 con-

2115 4715 2303 4780 cludit,
2336 4713 2470 4784 figit,
2502 4727 2566 4766 ac
2610 4711 2924 4782 perenniter
2955 4710 3134 4776 sistit,
3165 4719 3223 4765 ut
3272 4725 3449 4781 neque
3495 4727 3690 4767 novum

2116 4805 2318 4875 aliquid
2349 4805 2414 4858 ad
2457 4818 2516 4860 se
2541 4803 2779 4874 patiatur
2806 4801 3090 4865 accedere,
3124 4816 3224 4856 nec
3251 4815 3283 4856 a
3313 4816 3372 4857 se
3397 4803 3692 4875 quidquam

2122 4895 2496 4970 praetereundo
2546 4893 2801 4949 transire.
2849 4886 3233 4948 Verumtamen
3298 4909 3420 4965 quae
3465 4903 3550 4950 est
3602 4895 3690 4951 illa

2123 4989 2318 5051 virtus,
2356 4999 2476 5054 quae
2500 4992 2758 5054 potestas,
2790 4998 2894 5052 qua
2941 4991 3118 5052 potest
3145 4983 3288 5039 Deus
3313 4985 3536 5040 omnia?
3575 5002 3694 5060 qua:

2120 5066 2403 5150 sapientia,
2435 5089 2537 5146 qua
2571 5073 2718 5128 novit
2741 5073 3313 5144 ontniaanuiramus
3340 5076 3651 5147 Apostolum

2125 5189 2143 5222 ‹
2177 5168 2449 5231 Christus,
2483 5167 2692 5236 inquit,
2726 5166 2818 5220 Dei
2847 5175 2932 5220 est
2973 5167 3181 5233 virtus,
3214 5177 3267 5222 et
3306 5167 3398 5223 Dei
3428 5169 3696 5240 sapientia

2120 5260 2168 5332 (Ι
2202 5258 2326 5314 Cor.
2359 5257 2422 5328 ι).
2467 5277 2485 5310 ι
2528 5257 2603 5312 ibi
2635 5272 2766 5312 sane
2800 5273 2928 5312 vera
2968 5257 3262 5318 mternitas.
3311 5271 3437 5312 vera
3479 5267 3561 5313 est
3592 5260 3692 5313 im-

2118 5350 2418 5408 mortalitas
2453 5368 2465 5404 :
2494 5349 2563 5404 ibi
2590 5359 2851 5404 aeternum
2879 5348 3005 5404 illud
3032 5349 3210 5413 hodie,
3242 5349 3384 5418 quod
3418 5366 3688 5421 nunquam

2119 5441 2352 5496 transit:
2384 5440 2454 5495 ibi
2489 5455 2727 5509 prmseus
2774 5440 3183 5510 sempiternum,
3211 5439 3450 5510 illudque
3479 5441 3696 5498 hodiero

2118 5548 2282 5596 num,
2324 5530 2466 5603 quod
2516 5539 2662 5584 tanta
2697 5529 2898 5598 jugiter
2950 5529 3244 5584 stabilitate
3301 5531 3593 5605 defigitur,
3636 5547 3695 5589 ut

2121 5622 2354 5678 transire
2402 5620 2629 5686 nesciat,
2667 5634 2765 5674 nec
2812 5634 2873 5676 se
2925 5618 3215 5691 aliquando
3254 5621 3303 5673 in
3356 5626 3688 5692 prreteritum

3257 5714 3336 5774 520
