4074 6190
347 328 509 383 619ο

797 322 853 381 S.
894 321 1095 379 PETRI
1132 322 1411 377 DAMIANI
1445 321 1594 376 OPP.
1640 318 1872 375 TOMUS
1910 317 2037 373 SEU
2080 317 2258 374 PARS
2296 319 2487 374 Ill.r—
2516 319 2879 377 OPUSCULA
2924 320 3149 377 VARIA.

3491 327 3592 382 620

349 456 541 499 vertat.
592 443 672 498 Ad
719 441 1095 496 revincendam
1142 453 1273 507 ergo
1318 437 1584 491 dicacium
1635 435 1913 490 hominum
1946 451 1990 509 Α
2021 440 2198 487 mutor
2226 432 2478 502 (Malaclt.
2511 436 2615 501 ιιι).
2648 453 2665 485 ι
2694 434 2758 487 Ει
2782 434 2832 488 in
2868 435 3157 505 Evangelia
3190 456 3201 466 -
3236 454 3253 487 ι
3292 439 3592 507 Antequam

352 534 757 609 impudentiam,
794 532 991 601 quibus
1044 529 1218 582 adhuc
1265 526 1551 597 proposita:
1605 524 1917 595 quassﬁonis

346 630 615 689 absolutio
663 625 911 694 superius
941 621 1089 675 facta
1142 635 1249 674 non
1305 617 1540 681 squicit,
1592 632 1700 671 non
1740 616 1919 684 inepte

345 712 629 791 possumus
662 717 844 771 dicere
908 712 1031 781 quia
1081 721 1252 779 potest
1304 709 1445 763 Deus
1512 708 1693 762 facere
1728 707 1781 760 in
1832 705 1919 759 illa

346 809 647 871 invariabili
678 817 733 863 et
758 803 1196 861 constantissima
1219 815 1449 879 semper.
1472 799 1775 853 aeternitate
1801 810 1918 860 sua,

347 915 405 959 ut
432 903 573 974 quod
602 903 803 954 factum
844 897 1044 958 fuerat,
1073 893 1213 962 apud
1242 894 1345 946 hoc
1375 890 1613 944 transire
1654 896 1914 949 nostrum,

346 996 549 1050 factum
595 1007 701 1045 non
747 989 849 1053 sit;
898 984 1105 1041 scilicet
1142 992 1199 1035 ιιι
1248 981 1493 1035 dicamus
1531 994 1546 1034 :
1582 978 1770 1043 Roma,
1801 991 1923 1046 qua:

345 1087 642 1156 antiquitus
670 1080 882 1137 condita
923 1086 1026 1143 est,
1052 1084 1216 1145 potest
1244 1073 1384 1127 Deus
1410 1085 1570 1139 agere
1617 1078 1676 1124 ut
1705 1070 1920 1124 condita

346 1195 451 1235 non
504 1176 687 1231 fuerit.
734 1172 847 1227 lloc
895 1170 1035 1238 quod
1086 1166 1339 1228 dicimus,
1385 1172 1588 1232 potest,
1638 1159 1922 1231 pnnsentis

344 1270 591 1327 videlicet
625 1264 900 1334 temporis,
929 1274 1169 1329 congrue
1191 1258 1389 1312 dicitur
1408 1264 1665 1325 quantum
1689 1253 1922 1322 pertinet

344 1362 410 1416 ad
449 1356 779 1415 immobilem
822 1353 914 1407 Dei
964 1348 1352 1417 omnipotentis
1399 1344 1788 1406 arternitatem;
1826 1340 1921 1394 sed

342 1459 603 1519 quantum
632 1446 701 1499 ad
723 1460 841 1508 nos,
861 1441 946 1496 ubi
970 1438 1279 1495 continuata
1308 1434 1596 1496 mobilitas,
1642 1441 1695 1485 et
1726 1443 1922 1499 perpes

334 1552 426 1599 est
453 1540 737 1602 transitus,
783 1545 840 1589 ut
872 1549 987 1588 mus
1022 1541 1123 1595 est,
1160 1530 1352 1600 potuit,
1375 1522 1789 1583 convenientius
1835 1521 1918 1574 di-

344 1646 613 1693 ceremus,
676 1636 735 1681 ut
782 1627 855 1679 ita
906 1622 1271 1691 intelligamus
1339 1617 1442 1671 hoc
1490 1613 1634 1684 quod
1682 1611 1917 1666 dicitur:

342 1722 531 1778 Potest
560 1719 703 1773 Deus
737 1715 938 1778 facere,
971 1720 1030 1765 ut
1062 1710 1236 1764 Roma
1290 1721 1395 1761 non
1443 1703 1608 1758 fuerit
1792 1715 1921 1755 con-

2016 524 2287 577 Abraham
2327 522 2499 586 ﬁeret,
2537 538 2635 591 ego
2673 540 2790 577 sum
2827 524 3007 595 (Joan.
3043 525 3182 597 vui).
3233 546 3251 579 ι
3293 526 3409 581 Non
3449 528 3592 584 enim

2019 624 2258 669 mutatur
2296 615 2449 686 juxta
2508 617 2873 670 conditionem
2935 624 3176 671 nostram
3233 618 3301 673 de
3355 618 3594 674 futurum

2019 721 2138 760 esse
2164 707 2215 759 in
2250 721 2391 771 esse,
2423 706 2507 760 vel
2538 707 2603 761 de
2625 722 2744 761 esse
2770 706 2822 760 in
2861 706 3057 774 fuisse;
3096 708 3189 763 sed
3217 724 3429 780 semper
3456 712 3594 765 idem

2020 806 2121 860 est,
2157 807 2211 852 et
2242 814 2456 867 semper
2479 808 2562 852 est
2598 799 2740 867 quod
2761 808 2862 853 est.

2092 888 2245 944 Sicut
2274 904 2402 960 ergo
2458 890 2599 943 Deus
2646 905 2785 943 unus
2816 889 3080 962 idemque
3127 905 3343 962 semper
3368 902 3471 958 est,
3522 895 3595 949 ita

2021 982 2161 1051 apud
2189 997 2311 1037 eum
2350 981 2529 1036 omnia
2561 996 2752 1052 posse,
2786 960 3166 1036 indefectivum
3199 960 3361 1054 atque
3395 985 3595 1056 imper-

2024 1072 2303 1126 transibile
2330 1086 2544 1142 semper
2587 1072 2759 1126 adest.
2798 1072 2863 1126 Et
2901 1073 3042 1127 sicut
3074 1075 3345 1131 veraciter
3378 1085 3435 1130 ct
3468 1076 3594 1131 abs—

2022 1177 2127 1230 que
2181 1161 2284 1215 ulla
2323 1163 2536 1231 penitus
2583 1163 3009 1218 contradictione
3064 1165 3292 1220 dicimus
3336 1168 3459 1235 quia
3496 1169 3597 1224 hoc

2023 1267 2164 1305 nunc
2189 1261 2243 1303 et
2276 1266 2487 1319 semper
2541 1250 2682 1305 Deus
2730 1250 2834 1306 hoc
2858 1261 2941 1305 est
2977 1252 3118 1323 quod
3163 1262 3281 1308 erat
3324 1266 3450 1311 ante
3499 1273 3596 1310 sa:-

2023 1341 2182 1406 cula,
2229 1341 2304 1395 ita
2344 1342 2695 1396 nihilominus
2742 1342 3009 1396 veraciter
3058 1342 3285 1399 dicimus
3324 1346 3449 1414 quia
3495 1348 3598 1402 hoc

2022 1447 2167 1485 nunc
2195 1443 2249 1485 et
2286 1445 2498 1501 semper
2527 1429 2870 1500 potest'Deus
2915 1432 3056 1501 quod
3087 1442 3301 1501 poterat
3337 1446 3463 1491 ante
3497 1452 3596 1491 sae-

2022 1520 2161 1574 cula.
2194 1519 2249 1574 Si
2275 1535 2406 1589 ergo
2446 1533 2545 1588 per
2591 1520 2770 1575 omnia
2820 1530 2996 1589 potest
3042 1522 3183 1576 Deus
3220 1524 3479 1593 quidquid
3527 1526 3595 1579 ab

2024 1610 2179 1665 initio
2209 1611 2383 1678 potuit
2411 1619 2538 1664 ante
2575 1625 2755 1665 rerum
2797 1611 3182 1678 conditionem,
3207 1623 3266 1668 ut
3306 1631 3425 1685 quae
3452 1633 3595 1677 nunc

2023 1702 2165 1756 facta
2193 1711 2318 1756 sunt
2350 1701 2653 1756 nullatenus
2684 1702 2908 1764 fierent;
2945 1712 3125 1773 potest
3158 1706 3320 1777 igitur
3351 1718 3410 1762 ut
3455 1709 3593 1764 facta

341 1815 480 1877 dita,
511 1812 614 1865 hoc
642 1807 850 1863 scilicet
893 1802 1188 1858 secundum
1235 1813 1360 1854 eum
1391 1796 1531 1867 apud
1558 1809 1716 1865 quem
1752 1811 1770 1843 ι
1811 1807 1914 1845 non
1951 1799 1992 1857 υ
2022 1792 2243 1845 minime
2272 1790 2519 1845 fuissent.
2560 1791 2725 1847 Posse
2759 1792 3024 1861 siquidem
3060 1793 3176 1862 ejus
3226 1794 3389 1851 fixum
3427 1810 3509 1853 est
3541 1812 3595 1854 et

341 1914 427 1960 est
449 1899 831 1958 transmutatio
857 1911 956 1950 nec
982 1891 1365 1949 vicissitudinis
1391 1886 1735 1945 obumbratio
1768 1883 1911 1952 (Jac.

341 1999 468 2068 1).;
514 1993 668 2060 Quod
731 1989 986 2045 nimirum
1031 1984 1170 2056 apud
1232 1998 1331 2037 nos
1388 1981 1463 2035 ita
1516 1987 1692 2042 sonat,
1737 1975 1915 2068 potu-it

339 2065 502 2142 Deus.
526 2083 797 2151 Quantum
819 2079 964 2133 enim
987 2075 1054 2130 ad
1079 2073 1436 2129 aeternitatem
1460 2084 1637 2134 suam,
1657 2065 1918 2137 quidquid

339 2176 515 2248 potuit
542 2175 706 2239 Deus,
742 2173 843 2225 hoc
865 2169 1031 2224 etiam
1060 2174 1116 2220 et
1147 2171 1357 2234 potest;
1388 2161 1774 2231 quia-praesens
1801 2154 1918 2223 ejus

340 2272 395 2325 in
431 2267 767 2339 praeteritum
811 2274 1087 2330 nunquam
1133 2257 1182 2312 ei
1233 2255 1466 2311 vertitur
1521 2270 1533 2305 :
1587 2250 1705 2319 ejus
1758 2248 1919 2303 hodie

338 2375 446 2415 non
494 2359 550 2412 in
591 2371 734 2419 cras,
781 2352 864 2406 vel
894 2352 948 2406 in
980 2347 1197 2420 aliquod
1252 2345 1510 2417 temporis
1546 2341 1919 2397 vicissitudine

338 2457 715 2523 permutatur;
767 2445 861 2501 sed
902 2444 1041 2498 sicut
1082 2443 1196 2510 ipse
1240 2452 1455 2508 semper
1500 2442 1582 2490 est
1628 2432 1771 2503 quod
1813 2440 1915 2496 est,

340 2543 415 2596 ita
464 2537 723 2610 quidquid
756 2536 829 2590 illi
876 2535 1068 2597 adest,
1120 2544 1335 2599 semper
1364 2528 1536 2580 adest.
1578 2523 1919 2593 Quapropter

338 2630 482 2687 sicut
510 2629 614 2683 rite
644 2638 928 2696 possumus
964 2622 1148 2677 dicere
1181 2635 1194 2671 :
1229 2616 1411 2670 Potuit
1442 2615 1583 2668 Deus
1624 2622 1681 2665 ut
1722 2611 1916 2675 Itonia,

336 2733 628 2792 antequam
664 2718 805 2772 facta
858 2714 1087 2777 fuisset,
1139 2710 1281 2764 facta
1322 2723 1427 2762 non
1458 2705 1651 2769 fuerit;
1709 2703 1781 2757 ita
1836 2702 1917 2756 n-i-

341 2813 633 2868 hilominns
654 2818 940 2879 possumus
965 2812 1019 2857 et
1040 2813 1279 2869 congrue
1308 2798 1489 2851 dicere
1518 2812 1530 2846 :
1565 2793 1751 2847 Potest
1775 2792 1939 2851 Deus,

340 2912 399 2955 ut
420 2900 614 2963 Roma,
640 2897 803 2952 etiam
830 2901 1114 2961 postquam
1147 2886 1286 2940 facta
1308 2892 1412 2949 est,
1433 2882 1576 2938 facta
1594 2897 1698 2936 non
1732 2880 1914 2935 fuerit.

340 2987 521 3044 Potuit
546 2983 841 3040 secundum
873 2994 988 3042 nos,
1007 2984 1183 3049 potest
1207 2973 1503 3028 secundum
1528 2985 1607 3026 se.
1623 2969 1755 3024 illud
1772 2968 1916 3023 enim

339 3093 519 3149 posse,
546 3073 688 3144 quod
722 3069 954 3126 habebat
993 3068 1134 3136 Deus
1176 3074 1467 3132 antequam
1516 3061 1688 3115 Roma
1741 3058 1913 3121 fieret,

2020 1891 2306 1945 mternum,
2345 1888 2403 1933 ut
2440 1880 2701 1949 quidquid
2733 1897 2967 1951 unquam
2999 1884 3203 1953 potuit,
3236 1900 3451 1955 semper
3474 1904 3595 1957 pos-

2019 1974 2112 2038 sit,
2142 1989 2241 2028 nec
2271 1974 2506 2028 varietas
2534 1983 2834 2045 temporum
2868 1976 3010 2045 apud
3036 1979 3395 2035 aeternitatem
3430 1984 3593 2037 ullum

2019 2065 2411 2119 vicissitudinis
2441 2065 2646 2119 invenit
2677 2066 2887 2131 locum;
2916 2067 3008 2121 sed
3038 2068 3179 2124 sicut
3208 2069 3347 2125 idem
3384 2087 3597 2143 semper

2020 2157 2161 2225 quod
2186 2158 2237 2210 in
2267 2157 2532 2226 principio
2561 2167 2699 2223 erat,
2733 2159 2813 2213 sic
2838 2161 3000 2213 etiam
3029 2170 3198 2216 totum
3233 2173 3411 2232 potest
3435 2167 3593 2236 quid-

2019 2250 2148 2316 quid
2176 2254 2301 2302 ante
2330 2249 2525 2303 szecula
2559 2258 2787 2319 poterat.
2821 2249 3115 2321 Propositae
3150 2252 3315 2323 igitur
3351 2256 3594 2325 disputa-

2020 2339 2150 2391 tioni
2174 2338 2476 2393 adhibenda
2509 2347 2595 2392 est
2624 2338 2862 2393 clausula
2892 2358 2905 2393 :
2934 2340 2990 2394 Si
3019 2344 3199 2411 itaque
3224 2344 3404 2398 omnia
3436 2360 3595 2415 posse

2016 2438 2341 2482 cozeteruum
2372 2436 2455 2483 est
2484 2429 2614 2493 Deo,
2640 2438 2819 2498 potest
2845 2430 3009 2501 igitur
3044 2430 3184 2487 Deus
3228 2442 3284 2488 ut
3307 2450 3425 2503 quae
3452 2434 3592 2490 facta

2018 2529 2143 2574 sunt
2171 2519 2311 2573 facta
2344 2533 2451 2573 non
2478 2518 2697 2574 fuerint.
2733 2517 2838 2575 Sed
2858 2520 3039 2575 omnia
3078 2535 3237 2591 posse
3267 2534 3593 2579 coaeternum

2016 2622 2098 2668 est
2125 2612 2260 2678 Deo;
2288 2621 2465 2681 potest
2512 2612 2673 2682 igitur
2706 2612 2848 2667 Deus
2871 2624 2929 2666 ut
2957 2628 3077 2682 quae
3108 2614 3245 2669 facta
3294 2625 3421 2670 sunt
3451 2615 3592 2671 facta

2017 2719 2121 2759 non
2163 2704 2381 2758 fuerint.
2422 2704 2750 2760 Constanter
2781 2706 2944 2775 igitur
2980 2716 3033 2759 et
3081 2707 3313 2761 fideliter
3342 2723 3590 2763 asseren—

2017 2798 2142 2851 dum
2170 2807 2253 2852 est
2300 2799 2424 2866 quia
2470 2797 2635 2862 Deus,
2681 2798 2822 2852 sicut
2866 2798 3207 2867 omnipotens
3259 2800 3477 2865 dicitur,
3521 2802 3593 2854 ita

2016 2903 2244 2958 prorsus
2268 2890 2384 2943 sine
2414 2887 2520 2942 ulla
2555 2890 2873 2957 exceptione
2900 2890 3078 2943 omnia
3102 2890 3365 2943 veraciter
3398 2901 3590 2961 ροισι,

2017 2981 2130 3035 sive
2163 2981 2214 3033 in
2257 2981 2340 3035 his
2369 2996 2487 3049 qua:
2523 2980 2662 3034 facta
2724 2991 2882 3045 sunt,
2935 2981 3048 3034 sive
3086 2981 3138 3035 in
3182 2983 3264 3038 his
3291 2997 3411 3051 qua:
3452 2984 3592 3037 facta

2018 3087 2123 3126 non
2152 3080 2303 3136 sunt,
2336 3080 2394 3124 ut
2432 3071 2558 3125 illud
2588 3071 2783 3125 Esther
2822 3071 3053 3142 elogium
3098 3072 3241 3128 velut
3292 3074 3594 3128 inviolabile

337 3137 670 3227 immutabile
714 3177 927 3233 semper
970 3160 1108 3230 apud
1159 3158 1519 3212 aeternitatem
1575 3153 1667 3208 Dei
1726 3163 1782 3206 et
1831 3152 1915 3204 in-

2019 3173 2251 3233 ponatur
2281 3164 2333 3216 in
2364 3162 2605 3232 Opusculi
2639 3163 2983 3218 conclusione
3013 3164 3346 3234 signaculum
3378 3182 3391 3218 :
3430 3183 3447 3216 ι
3482 3165 3590 3219 Do-

339 3261 617 3319 transibile
654 3264 985 3330 perseverat.
1018 3253 1087 3308 Et
1115 3259 1173 3306 ut
1210 3251 1276 3305 de
1302 3261 1624 3319 quacunque
1656 3261 1711 3299 re
1742 3243 1914 3313 possi-

342 3370 465 3411 mus
508 3354 691 3407 dicere
718 3349 844 3419 quia
892 3346 1067 3417 potuit
1100 3357 1221 3398 eam
1253 3342 1415 3407 Deus,
1445 3339 1721 3393 valeamus
1749 3336 1912 3389 etiam

343 3443 697 3502 nihilominus
752 3440 933 3495 dicere
979 3437 1103 3507 quia
1165 3442 1344 3506 potest
1390 3447 1509 3487 eam
1558 3430 1735 3493 Deus;
1787 3428 1912 3497 quia

335 3551 495 3608 posse
519 3535 655 3604 ejus,
686 3531 829 3600 quod
860 3529 962 3583 sibi
1009 3527 1194 3595 utique
1222 3531 1550 3578 cozeternum
1589 3528 1702 3583 est,
1747 3518 1913 3571 fixum

339 3607 556 3695 semper
605 3631 767 3689 atque
814 3616 1086 3672 immobile
1132 3622 1234 3668 est.
1291 3612 1535 3666 Potuisse
1582 3610 1727 3665 enim
1774 3607 1868 3661 Dei
1897 3645 1911 3670 ,

339 3715 480 3786 apud
527 3727 626 3768 nos
655 3719 739 3766 est
777 3705 1183 3770 tantummodo;
1212 3704 1354 3773 apud
1383 3702 1560 3773 ipsum
1591 3708 1769 3753 autem
1803 3712 1908 3751 non

337 3804 591 3875 potuisse,
624 3800 717 3856 sed
752 3800 1056 3861 immotum,
1087 3804 1346 3850 constans
1382 3801 1545 3861 atque
1594 3789 1914 3844 invariabile

339 3911 489 3968 posse
521 3906 736 3962 semper
786 3898 888 3945 est.
923 3887 1292 3956 Quodcunque
1336 3883 1481 3939 enim
1524 3882 1698 3953 potuit
1746 3879 1910 3944 Deus,

340 3985 710 4040 indubitanter
750 3989 805 4036 et
841 3986 1051 4051 potest;
1094 3976 1235 4047 apud
1274 3988 1434 4045 quem
1463 3972 1741 4035 nimirum,
1774 3970 1915 4024 sicut

338 4091 447 4132 non
480 4084 567 4130 est
608 4088 719 4129 esse
752 4082 799 4127 et
838 4070 1034 4139 fuisse,
1088 4067 1181 4122 sed
1224 4065 1611 4135 sempiternum
1654 4078 1764 4117 esse
1777 4077 1798 4127 ;
1840 4061 1911 4115 ita

337 4174 736 4235 coiisequenter
767 4178 872 4218 non
903 4170 987 4217 est
1026 4160 1254 4230 potuisse
1285 4167 1332 4211 et
1370 4173 1542 4227 posse,
1584 4155 1678 4211 sed
1724 4155 1913 4209 immo-

336 4254 447 4311 bile
487 4266 701 4323 semper
750 4259 806 4305 et
852 4260 1170 4319 perpetuum
1219 4263 1389 4316 posse.
1437 4245 1589 4299 Sicut
1613 4244 1755 4298 enim
1806 4256 1913 4296 non

334 4344 499 4422 637
536 4343 611 4396 ait
644 4358 657 4395 :
700 4358 719 4391 ι
765 4339 875 4408 Ego
912 4354 1029 4393 sum
1070 4336 1160 4407 qui
1202 4335 1280 4389 fui
1312 4343 1369 4389 et
1412 4349 1529 4388 sum
1565 4352 1577 4385 :
1623 4352 1640 4384 ›
1679 4332 1772 4387 sed
1812 4346 1911 4402 po-

340 4421 468 4502 tius,
505 4452 523 4484 ι
558 4447 659 4503 ego
685 4445 804 4485 sum
846 4428 936 4497 qui
968 4441 1087 4482 sum
1118 4442 1133 4480 :
1173 4434 1227 4479 et
1259 4426 1351 4495 qui
1388 4434 1492 4489 est,
1547 4424 1693 4477 misit
1722 4437 1809 4477 me
1844 4421 1911 4476 ad

2015 3256 2183 3321 mine,
2222 3270 2315 3307 rex
2344 3255 2703 3324 omnipotens,
2747 3255 2801 3309 in
2847 3256 3052 3310 ditione
3094 3266 3182 3310 tua
3227 3267 3424 3313 cuncta
3466 3268 3594 3313 sunt

2015 3346 2209 3415 posita,
2246 3354 2301 3399 et
2346 3361 2451 3397 non
2499 3353 2583 3399 est
2634 3345 2726 3413 qui
2772 3346 2942 3413 possit
2983 3356 3085 3400 tua:
3124 3348 3374 3401 resistere
3404 3347 3594 3403 volun-

2015 3440 2132 3493 tati.
2164 3438 2243 3493 Tu
2266 3438 2408 3492 enim
2438 3437 2613 3492 fecisti
2640 3437 2836 3492 coelum
2888 3448 2943 3493 et
2971 3448 3195 3505 terram,
3236 3449 3291 3494 et
3333 3440 3592 3509 quidquid

2014 3529 2135 3584 coeli
2176 3530 2380 3583 ambitu
2422 3529 2757 3593 continetur;
2809 3529 3067 3584 Dominus
3113 3531 3353 3585 omnium
3406 3542 3459 3584 tu
3510 3547 3589 3597 es,

2017 3634 2116 3673 nec
2144 3627 2229 3674 est
2265 3617 2355 3685 qui
2383 3617 2599 3671 resistat
2629 3615 2896 3685 majestati
2927 3627 3031 3671 tua:
3066 3617 3281 3687 (Est/ter
3301 3619 3442 3690 xui).
3474 3639 3493 3671 ι

2598 3726 2827 3783 CAPUT
2865 3727 3006 3783 XVI.

2018 3843 2265 3897 Testatur
2317 3840 2625 3893 charitatem
2685 3856 2837 3893 suam
2880 3856 3003 3909 erga
3051 3840 3241 3909 fratres
3293 3842 3594 3896 monasterii

2084 3912 2420 4035 grtsinensis,
2465 3921 2512 3963 et
2566 3909 2765 3964 virilem
2818 3926 2996 3964 eorum
3037 3913 3277 3966 virtutem
3330 3928 3591 3966 commen-

2123 3992 2194 4035 at.

2123 4000 2194 4036 (ιι.

2086 4072 2468 4126 Verumtamen
2501 4069 2728 4140 quaestio
2781 4069 2905 4135 ista,
2958 4070 3085 4125 licet
3130 4071 3388 4126 adversus
3425 4072 3591 4125 Deum

2016 4163 2249 4218 inaniter
2279 4171 2604 4232 opponatur,
2644 4162 2806 4216 habet
2850 4161 2984 4216 alias
3031 4162 3297 4228 latebras;
3354 4164 3594 4217 continet

2016 4254 2195 4308 adhuc
2222 4254 2483 4309 obscuros
2513 4254 2667 4308 sinus
2705 4261 2868 4321 atque
2904 4268 3148 4308 recessus
3174 4271 3187 4307 :
3220 4269 3320 4309 nos
3345 4254 3595 4309 subtilius

2016 4346 2193 4401 adhuc
2248 4346 2431 4399 rimari
2482 4344 2683 4400 idcirco
2719 4344 3059 4407 desistimus,
3092 4344 3261 4415 638
3286 4345 3410 4414 quia
3442 4345 3593 4399 voln-

2019 4454 2142 4493 men
2166 4439 2402 4493 vitamus
2429 4447 2737 4503 extensum,
2765 4439 2856 4508 qui
2890 4441 3266 4508 proposuimus
3301 4439 3592 4510 epistolarc

341 4543 439 4584 vos
477 4501 674 4597 (Exod.
705 4522 820 4591 ιιι);
862 4538 880 4571 ι
918 4519 989 4573 ita
1032 4517 1218 4588 procul
1250 4516 1413 4570 dubio
1454 4529 1790 4584 consequens
1830 4522 1916 4567 est

2019 4528 2414 4598 compendium.
2459 4501 2931 4584 Przesertim-dum
2971 4501 3131 4598 super
3154 4530 3256 4584 hac
3286 4501 3590 4599 disputandi

340 4633 400 4677 ιιι
431 4619 575 4674 dicat
605 4633 619 4669 :
652 4613 767 4668 Non
797 4626 895 4684 ego
934 4627 1049 4665 sum
1103 4609 1192 4678 qui
1229 4607 1375 4678 potui
1412 4615 1466 4660 et
1500 4620 1752 4676 possum;
1789 4604 1913 4668 sed,

340 4712 432 4782 qui
459 4706 808 4765 immobiliter
839 4713 895 4757 et
924 4699 1253 4754 acternaliter
1298 4712 1537 4767 possum.
1590 4695 1721 4749 Illud
1769 4694 1914 4749 enim

337 4817 517 4876 posse,
548 4798 691 4869 quod
723 4795 861 4865 apud
900 4792 1065 4846 Deum
1101 4800 1219 4845 erat
1253 4799 1377 4842 ante
1416 4787 1631 4851 saecula,
1671 4787 1798 4841 illud
1831 4795 1915 4840 est

340 4880 528 4958 hodie;
554 4900 608 4945 et
635 4887 763 4942 illud
797 4900 975 4957 posse,
1013 4881 1156 4953 quod
1200 4881 1300 4935 sibi
1341 4892 1423 4934 est
1462 4879 1641 4944 hodie,
1678 4887 1796 4932 erat
1837 4877 1918 4929 ni-

340 4982 631 5040 hilominus
676 4984 802 5030 ante
860 4972 1084 5037 saaeula;
1128 4980 1181 5024 et
1227 4968 1390 5022 fixum
1438 4976 1599 5036 atque
1648 4963 1917 5019 immobile

337 5090 438 5149 per
480 5069 663 5129 omnia
715 5080 834 5137 quae
883 5064 1064 5116 futura
1116 5071 1270 5125 sunt,
1324 5057 1537 5123 szecula,
1588 5054 1917 5111 aeternaliter

338 5168 667 5238 perseverat.
706 5156 858 5211 Sicut
891 5167 1019 5222 ergo
1049 5149 1222 5221 potuit
1250 5151 1414 5214 Deus,
1440 5157 1726 5215 antequam
1763 5160 1911 5213 quae-

336 5271 445 5330 que
464 5256 606 5311 faeta
641 5257 845 5312 essent,
877 5254 935 5300 ut
960 5260 1066 5298 non
1096 5244 1319 5307 fierent;
1349 5241 1420 5294 ita
1449 5238 1798 5293 nihilominus
1820 5250 1914 5304 po-

339 5326 445 5408 test
475 5358 529 5404 et
569 5360 712 5402 nunc
752 5350 811 5397 ιιι
845 5354 964 5409 quae
997 5337 1137 5405 facta
1178 5345 1302 5390 sunt
1332 5349 1437 5389 non
1480 5332 1729 5386 fuissent.
1782 5326 1913 5380 lllud

339 5438 485 5498 enim
541 5452 718 5509 posse,
773 5433 917 5503 quod
946 5438 1073 5483 tunc
1119 5426 1369 5489 habebat,
1425 5439 1525 5478 nec
1572 5424 1913 5474 imnmtatum

343 5543 446 5595 est,
484 5547 582 5585 nec
612 5529 877 5589 ablatum;
921 5522 1014 5577 sed
1050 5521 1190 5575 sicut
1238 5519 1350 5588 ipse
1402 5530 1614 5583 semper
1652 5522 1733 5566 est
1774 5511 1915 5579 quod

340 5635 457 5687 est,
501 5622 576 5675 ita
604 5629 657 5675 et
693 5632 848 5688 posse
896 5614 990 5668 Dei
1040 5610 1240 5665 mutari
1293 5624 1396 5662 non
1433 5615 1629 5675 potest.
1672 5605 1788 5674 ipse
1835 5614 1916 5659 est

343 5716 490 5770 enim
522 5713 609 5782 qui
643 5726 735 5779 per
760 5706 1082 5773 Prnphetani
1120 5702 1249 5757 dicit
1282 5719 1293 5754 :
1332 5719 1349 5750 ι
1388 5700 1497 5768 Ego
1526 5698 1687 5753 Deus.
1720 5711 1769 5753 et
1810 5713 1915 5752 non

2019 4621 2245 4674 materia
2270 4636 2376 4675 non
2410 4619 2552 4675 aliud
2600 4621 2865 4688 attingere
2909 4621 3266 4683 decernimus,
3301 4621 3403 4673 nisi
3439 4629 3496 4672 ut
3526 4636 3591 4673 ex

2018 4711 2335 4780 impotentia
2362 4712 2452 4766 Dei
2493 4713 2797 4767 devolutam
2832 4725 2994 4781 super
3023 4727 3123 4766 nos
3148 4711 3471 4767 calumniam
3496 4726 3593 4764 ve-

2019 4804 2194 4859 ritatis
2216 4804 2625 4874 allegationibus
2654 4804 2993 4873 repellamus.
3035 4803 3139 4858 Sed
3170 4803 3294 4857 dum
3330 4788 3437 4856 iSta
3461 4817 3594 4869 prae-

2022 4909 2063 4948 s.
2084 4895 2329 4959 ribimus,
2354 4909 2461 4963 quo
2479 4896 2576 4949 ’cor
2602 4891 2898 4948 ferventius
2921 4901 3133 4957 aestuat,
3158 4893 3413 4947 cohibere
3435 4891 3593 4945 silen-

2024 4986 2117 5049 tio,
2169 4993 2226 5038 ut
2279 4984 2469 5038 saltem
2519 4983 2750 5038 scintilla
2798 4999 2902 5039 non
2934 4982 3133 5046 efﬂuat,
3180 4998 3285 5037 non
3332 4982 3590 5036 valemus.

2018 5075 2185 5147 igitur
2217 5084 2275 5128 ut
2298 5075 2411 5144 jam
2438 5089 2626 5129 omnes
2664 5075 3021 5129 communiter
3050 5072 3311 5142 alloquar,
3344 5072 3469 5126 nolo
3498 5087 3595 5124 vos

2017 5164 2203 5230 lateat,
2229 5163 2567 5219 venerabiles
2595 5163 2793 5219 fratres
2822 5164 2960 5228 mei,
2992 5163 3117 5233 quia
3148 5177 3213 5217 ex
3237 5176 3346 5231 quo
3372 5160 3592 5231 gloriosi

2020 5254 2254 5310 coenobii
2294 5253 2462 5309 vestri
2501 5254 2664 5308 limen
2690 5253 2924 5317 excessi,
2952 5267 3046 5307 vos
3066 5251 3266 5323 jugiter
3292 5265 3404 5319 prae
3425 5249 3595 5303 oculis

2023 5346 2217 5409 habui,
2260 5344 2462 5405 intimze
2487 5343 2792 5398 dilectionis
2816 5343 3111 5397 visceribus
3133 5340 3383 5405 astrinxi,
3412 5351 3591 5409 atque,

2023 5444 2082 5487 nt
2110 5435 2180 5488 ita
2224 5433 2419 5498 fatear,
2460 5434 2701 5488 redeunti
2735 5451 2764 5488 a
2795 5434 2992 5488 Casino
3040 5433 3407 5488 sacratissimo
3454 5434 3592 5486 idem

2023 5526 2248 5595 contigit
2273 5528 2413 5594 quod
2437 5526 2647 5579 mulieri
2676 5541 2795 5596 qua:
2829 5526 3198 5580 revertebatur
3219 5539 3249 5577 a
3280 5523 3391 5577 Silo
3420 5523 3570 5578 tabcr

2025 5615 2216 5670 naculo
2244 5615 2295 5682 (Ι
2323 5614 2449 5685 Reg.
2475 5619 2537 5685 ι),
2581 5625 2639 5669 ιιι
2692 5616 2941 5669 nimirum
2973 5614 3151 5669 vultus
3201 5613 3304 5668 mei
3350 5629 3452 5667 non
3487 5612 3595 5665 sint

2027 5706 2256 5774 amplius
2284 5706 2333 5758 in
2367 5706 2578 5759 diversa
2607 5706 2796 5758 mutati
2836 5724 2848 5757 :
2882 5704 3154 5758 vobiscum
3185 5717 3317 5757 sane
3356 5715 3592 5769 praesen-
