4074 6190
585 316 678 368 621

1243 317 1486 375 OPUSC.
1531 316 1794 371 XXXVII.
1832 347 1898 356 ——
1943 317 2028 372 DE
2073 317 2301 373 VARUS
2339 320 2581 375 SACRIS
2620 319 3176 387 QUEESTIONIBUS.

3733 332 3839 386 622

583 431 781 483 tialiter
826 427 1033 492 habito,
1079 427 1234 483 vobis
1290 444 1506 500 semper
1555 429 1772 484 assiste.
1817 428 2066 496 Alioquin
2115 429 2159 482 si
2190 440 2236 494 Α
2267 444 2362 484 nes
2405 431 2581 486 aditus
2617 431 2832 487 clausos
2868 443 2922 488 et
2956 433 3237 491 obseratos
3283 436 3505 491 invenit.
3551 437 3708 494 Mane
3750 458 3850 496 au-

579 528 868 589 pr0pterea
919 533 1027 574 non
1078 533 1199 573 sum
1271 519 1549 574 vobiscum
1609 519 1736 588 quia
1791 517 2162 588 corporalibus

576 607 749 663 oculis
781 623 878 664 vos
909 623 1014 662 non
1060 608 1308 673 intueor,
1344 623 1475 680 ergo
1505 623 1604 663 nec
1644 609 1743 677 ipsi
1775 607 1916 662 oculi
1951 616 2076 663 sunt
2108 608 2160 660 in

578 700 772 766 capite,
813 698 938 768 quia
972 707 1135 767 caput
1173 713 1402 753 cernere
1439 707 1740 768 nequeunt;
1781 698 1860 752 vel
1899 699 1999 767 ipsi
2025 698 2161 752 sibi-

579 798 686 845 met
708 790 849 844 oculi
877 789 1129 844 absentes
1165 799 1310 854 sunt,
1339 789 1462 860 quia
1505 805 1607 844 nec
1653 790 1939 860 quisquam
1961 805 2040 853 se,
2065 805 2164 845 nec

579 892 806 952 uterque
843 897 902 937 se
943 881 1171 936 invicem
1206 891 1432 951 possunt
1473 890 1660 934 mutua
1706 880 2162 950 contemplatione

577 973 914 1043 conspicere.
964 971 1112 1028 Beati
1163 957 1430 1042 siquidem
1485 972 1578 1042 qui
1635 971 1911 1026 vobiscum
1953 972 2160 1034 vivunt,

577 1065 718 1118 beati
778 1064 871 1134 qui
920 1064 1064 1118 inter
1098 1079 1193 1119 vos
1229 1073 1286 1118 et
1333 1064 1385 1118 in
1433 1064 1636 1119 sanctis
1683 1064 1937 1134 operibus
1967 1064 2163 1118 vestris

578 1155 902 1208 moriuntur.
945 1154 1043 1209 Pia
1090 1154 1347 1208 nimirum
1396 1155 1498 1210 fide
1555 1153 1880 1209 credendum
1921 1162 2007 1208 est
2036 1153 2187 1222 quia

577 1245 718 1299 scala
746 1245 835 1299 illa
867 1261 987 1316 quae
1027 1246 1092 1300 de
1113 1244 1310 1301 Casino
1342 1254 1523 1299 monte
1546 1245 1674 1299 olim
1703 1244 1756 1298 in
1795 1244 1992 1300 coelum
2017 1245 2162 1298 vide-

575 1333 735 1388 batur
763 1344 967 1400 erecta,
1016 1336 1192 1390 adhuc
1241 1334 1420 1405 palliis
1471 1343 1667 1399 strata,
1714 1334 2162 1405 lampadibusque

576 1436 826 1504 coruscat
859 1427 942 1498 (S.
977 1426 1146 1483 GBEG.
1178 1426 1273 1482 lib.
1306 1443 1345 1481 ιι
1377 1426 1588 1498 Dialog.
1619 1441 1667 1482 c.
1700 1427 1812 1490 57).
1847 1426 2002 1482 Sicut
2036 1436 2163 1482 tunc

576 1521 788 1590 excepit
818 1521 1031 1585 ducem,
1078 1520 1150 1575 ita
1202 1535 1346 1575 nunc
1382 1521 1682 1574 exercitum
1725 1518 2045 1574 transmittit
2094 1519 2164 1572 ad

576 1610 823 1666 ctelestia
851 1611 1299 1681 subsequentem;
1335 1624 1435 1665 nec
1457 1609 1524 1664 ab
1551 1609 1669 1680 ejus
1690 1609 1924 1680 glorioso
1947 1609 2163 1664 tramite

575 1701 885 1755 exorbitant
918 1701 1255 1756 declinantes
1285 1699 1398 1769 jam
1429 1699 1693 1766 defuncti,
1735 1701 1911 1770 cujus,
1943 1700 2070 1755 dum
2107 1701 2160 1754 in

2267 529 2373 573 tem
2398 519 2562 586 facto,
2593 536 2699 575 non
2727 537 2892 590 parva
2924 523 3213 580 admiratio
3242 525 3382 581 inter
3432 526 3625 582 fratres
3664 545 3845 585 versa-

2267 607 2425 661 batur
2455 626 2468 662 :
2504 609 2758 663 nimirum
2784 624 2934 679 puer,
2969 613 3080 681 qui,
3117 622 3321 688 remota
3357 617 3501 670 omni
3547 618 3840 686 dubietate,

2265 697 2543 765 praeterito
2599 712 2825 766 vespere
2883 701 2937 754 in
2984 709 3156 756 strato
3207 717 3306 758 suo
3359 703 3492 773 ipsis
3537 707 3846 763 videntibus

2265 786 2580 855 quievisset,
2621 788 2852 856 qualiter
2890 790 2943 843 in
2978 791 3264 859 pistrinum
3304 792 3504 848 clausis
3545 793 3723 862 ianuis
3764 799 3849 850 in-

2265 880 2416 950 gredi
2448 883 2730 950 potuisset.
2761 883 2828 936 Et
2852 885 3067 953 quidem
3102 886 3167 939 de
3187 887 3446 955 apostolis
3479 888 3693 960 legitur,
3719 907 3842 946 cum

2265 971 2528 1026 educendi
2571 982 2756 1028 essent
2806 975 2872 1028 de
2919 976 3160 1030 custodia
3219 976 3431 1046 publica
3467 997 3479 1031 :
3519 998 3537 1030 ι
3585 978 3721 1046 Quia
3753 998 3846 1037 ve-

2267 1063 2422 1117 niens
2456 1062 2681 1134 angelus
2733 1064 2966 1126 Domini,
3013 1081 3109 1135 per
3132 1078 3346 1122 noctem
3375 1070 3622 1138 aperiens
3645 1069 3843 1139 januas

2265 1151 2522 1218 carceris,
2549 1161 2604 1207 et
2629 1152 2863 1208 educeus
2892 1169 3006 1220 eos,
3031 1155 3166 1209 dixit
3193 1173 3206 1209 :
3239 1156 3333 1220 lte,
3362 1167 3416 1212 et
3441 1168 3644 1214 stantes
3676 1160 3846 1230 loqui-

2266 1240 2396 1294 mini
2427 1241 2477 1295 in
2509 1242 2706 1312 templo
2729 1242 2891 1312 plebi,
2917 1246 3097 1298 omnia
3140 1248 3300 1300 verba
3342 1249 3464 1302 vitae
3509 1249 3667 1318 hujus
3705 1253 3845 1321 (Act.

2266 1331 2341 1399 v).
2385 1351 2403 1382 ι
2439 1331 2517 1386 De
2547 1331 2711 1386 Petro
2735 1345 2916 1387 autem
2970 1350 3160 1389 rursus
3213 1336 3446 1407 legitur:
3477 1355 3495 1389 ι
3530 1338 3666 1405 Quia
3721 1356 3844 1395 cum

2264 1421 2598 1490 praecederet
2622 1436 2745 1475 eum
2777 1421 2999 1492 angelus
3044 1424 3111 1477 de
3155 1441 3375 1480 carcere
3403 1428 3470 1480 ad
3493 1437 3702 1498 portam
3734 1428 3846 1483 fer-

2265 1526 2437 1576 ream,
2488 1509 2633 1565 ultro
2677 1520 2863 1580 aperta
2916 1521 3002 1567 est
3056 1514 3137 1569 eis
3174 1514 3312 1586 (Act.
3350 1515 3470 1588 xn).
3503 1535 3524 1569 ι
3561 1519 3638 1573 De
3681 1518 3847 1575 Paulo

2264 1603 2428 1656 etiam
2466 1620 2480 1656 :
2519 1621 2537 1652 ‹
2575 1601 2712 1668 Quia
2763 1604 2943 1658 subito
2989 1614 3147 1659 terrae
3194 1616 3370 1661 motus
3400 1607 3574 1662 factus
3617 1619 3701 1664 est
3733 1627 3848 1664 nia-

2265 1709 2425 1765 gnus,
2480 1695 2555 1748 ita
2601 1703 2662 1748 ut
2712 1704 3062 1750 moverentur
3117 1697 3462 1752 fundau‘tenta
3499 1701 3758 1766 carceris,
3797 1713 3852 1756 et

575 1792 678 1847 hoc
702 1793 895 1850 exsilio
929 1793 1199 1858 viverent,
1249 1792 1474 1862 vestigia
1522 1801 1649 1846 sunt
1693 1791 1888 1846 secuti.
1921 1790 2036 1844 Hoc
2077 1800 2158 1845 est
2192 1817 2236 1876 Β
2267 1784 2554 1839 confestim
2581 1794 2768 1854 aperta
2796 1795 2924 1841 sunt
2947 1787 3082 1841 ostia
3122 1789 3323 1853 omnia,
3371 1799 3428 1843 et
3472 1790 3850 1846 universorum

575 1887 748 1944 intimi
783 1886 1014 1941 fervoris
1064 1885 1374 1940 incendium
1404 1884 1532 1938 illud
1562 1884 1705 1954 quod
1736 1883 1866 1937 mihi
1896 1882 2158 1937 inexstin-

574 1975 849 2049 guibiliter
868 1973 1061 2043 ﬂagrat
1101 1975 1154 2028 in
1198 1974 1387 2039 corde,
1418 1973 1536 2028 haec
1590 1987 1785 2043 perpes
1819 1971 1998 2026 fabula
2040 1985 2160 2041 qua:

511 2079 520 2083 ’
573 2083 692 2122 meo
722 2075 974 2121 versatur
1002 2065 1056 2119 in
1083 2080 1200 2120 ore.
1236 2063 1383 2119 lnter
1409 2074 1640 2119 exteros
1675 2072 1858 2118 autem
1893 2062 2156 2117 virtutum

571 2156 732 2212 ﬂores
762 2171 898 2225 quos
930 2155 984 2210 in
1018 2155 1108 2209 illo
1142 2169 1274 2223 agro
1307 2154 1490 2224 pleno,
1530 2154 1617 2208 cui
1656 2152 1933 2209 benedixit
1973 2153 2158 2207 Domi-

573 2264 675 2303 nus
706 2246 857 2319 (Gen.
892 2248 1084 2317 xxvii),
1118 2245 1316 2316 reperi,
1351 2244 1550 2310 fateor,
1595 2244 1699 2300 hoc
1736 2243 1868 2298 mihi
1909 2259 2015 2298 non
2047 2257 2162 2297 me-

573 2342 834 2396 diocriter
870 2340 1072 2411 placuit
1106 2339 1250 2409 quod
1305 2339 1378 2394 ibi
1429 2338 1643 2394 scholas
1692 2354 2017 2409 puerorum,
2066 2337 2158 2407 qui

570 2448 713 2503 sape
739 2434 972 2501 rigorem
999 2431 1309 2486 sanctitatis
1353 2439 1636 2494 enervant,
1669 2446 1774 2483 non
1822 2429 2035 2494 inveni;
2066 2429 2160 2483 sed

569 2540 759 2580 omnes
789 2534 881 2578 aut
926 2538 1105 2588 senes,
1130 2537 1253 2577 cum
1279 2521 1474 2591 quibus
1514 2521 1700 2590 utique
1740 2520 1934 2575 nobilis
1955 2522 2037 2575 vir
2069 2536 2158 2576 se-

570 2616 732 2672 debat
762 2617 814 2672 in
846 2615 1018 2686 portis
1057 2613 1314 2669 Ecclesia:
1346 2609 1529 2685 (Prov.
1583 2612 1758 2683 xxxi),
1797 2621 1892 2666 aut
1931 2610 2159 2678 juvenili

569 2705 782 2759 vivendi
829 2706 1024 2760 decore
1056 2703 1326 2758 laetantes.
1365 2701 1468 2770 Qui
1493 2702 1774 2767 nimirum,
1805 2711 1865 2756 ut
1907 2703 2000 2757 lilii
2036 2718 2160 2772 pro-

570 2799 879 2868 phetarum,
909 2797 1087 2853 idonei
1117 2806 1244 2851 sunt
1268 2795 1335 2850 ad
1360 2795 1529 2850 Eliam
1551 2811 1648 2866 per
1672 2797 1886 2851 deserta
1914 2811 2162 2866 quaeren-

571 2889 696 2941 dum
754 2885 861 2957 (IV
898 2886 1026 2956 Reg.
1068 2892 1162 2959 ιι);
1212 2897 1308 2940 aut
1354 2895 1502 2942 certe
1555 2885 1932 2942 adolescentiae
1985 2887 2163 2944 adhuc

568 2974 702 3031 flore
751 2987 1086 3042 vernantes,
1147 2977 1284 3047 qui,
1334 2975 1489 3044 juxta
1545 2975 1847 3045 apostolum
1895 2977 2159 3033 Joannem

569 3067 622 3138 (1
648 3067 809 3122 Joan.
840 3069 925 3138 tt),
958 3070 1136 3124 vicere
1184 3068 1500 3138 malignum.
1527 3067 1667 3123 Ecce
1704 3069 1850 3138 quod
1878 3083 2022 3123 nunc
2062 3083 2157 3124 oc-

571 3160 746 3213 currit
771 3160 945 3213 dicam
970 3159 1037 3214 ad
1077 3157 1508 3214 consolationem
1533 3157 1698 3212 divini
1727 3157 1832 3212 mei
1858 3157 2032 3225 Petri,
2063 3155 2156 3227 qui
2183 3169 2229 3232 α

568 3252 697 3307 olim
731 3252 865 3307 civis
893 3252 1069 3307 fuerat
1091 3250 1403 3322 Capuanus,
1442 3266 1586 3306 nunc
1607 3251 1661 3305 in
1688 3250 1879 3306 militia
1899 3258 1986 3307 est
2002 3260 2160 3306 mter--

569 3346 625 3400 ni
653 3345 812 3417 Regis
841 3346 1130 3416 ascriptus.

1146 3435 1374 3493 CAPUT
1412 3435 1574 3492 XVII.

818 3528 897 3583 De
923 3545 1084 3600 puero
1115 3527 1310 3583 clausis
1333 3528 1535 3597 foribus
1564 3529 1890 3583 intromissa.

638 3616 902 3673 Puerulus
956 3617 1210 3686 quidam,
1267 3627 1426 3672 aetate
1479 3619 1876 3688 quinquennis,
1925 3617 2158 3674 Hubaldi

567 3707 776 3761 scilicet
806 3706 1128 3762 nobilissimi
1157 3706 1279 3772 viri,
1308 3706 1399 3775 qui
1431 3722 1641 3762 mecum
1671 3708 1819 3779 degit
1863 3709 1919 3764 in
1949 3722 2156 3774 eremo,

569 3799 710 3854 filius
735 3839 750 3864 ,
793 3799 848 3853 in
885 3813 1007 3853 tneo
1038 3799 1366 3853 monasterio
1395 3797 1570 3870 factus
1613 3797 1790 3853 fuerat
1833 3800 2153 3855 monachus.

566 3890 666 3945 llic
693 3891 983 3960 aliquando
1013 3891 1347 3959 intempestae
1387 3891 1561 3945 noctis
1602 3890 1841 3958 silentio,
1872 3891 2177 3964 quiescen-_

569 3980 712 4034 tibus
749 3980 1030 4044 fratribus,
1083 3979 1199 4034 sive
1245 3994 1517 4050 egressus,
1581 3980 1696 4034 sive
1750 3978 1997 4035 sublatus
2045 3981 2153 4046 sit,

567 4072 772 4127 nescio.
799 4070 906 4127 Sed
929 4086 1049 4125 cum
1074 4071 1245 4140 pistor
1267 4072 1319 4124 in
1340 4070 1571 4139 pistrino
1592 4070 1825 4141 jaceret,
1851 4071 2156 4141 interrupto

567 4159 634 4212 ad
664 4160 854 4215 horam
883 4174 1102 4224 somno,
1150 4168 1396 4225 vestem,
1430 4175 1550 4229 qua:
1584 4160 1686 4214 sibi
1715 4163 1962 4215 cominus
2005 4163 2155 4231 adja-

567 4250 743 4315 cebat,
773 4251 991 4305 sibimet
1019 4251 1191 4304 voluit
1218 4265 1606 4321 superponere,
1633 4264 1692 4306 ut
1719 4253 1888 4321 frigus
1914 4265 2151 4310 arceret.

567 4340 874 4397 Extendens
920 4342 1101 4412 itaque
1141 4343 1449 4409 brachium,
1496 4343 1858 4399 dormientem
1891 4343 2048 4414 juxta
2095 4361 2155 4401 se

568 4435 770 4504 reperit
796 4449 1044 4506 puerum.
1078 4435 1340 4506 Repente,
1383 4436 1722 4505 stupefactus
1751 4438 1918 4510 639
1953 4448 2012 4494 ‘et
2041 4440 2152 4495 val-

2263 1874 2478 1931 vincula
2530 1874 2707 1931 soluta
2761 1885 2888 1931 sunt
2912 1876 3050 1948 (Act.
3083 1881 3218 1948 xvi).
3251 1898 3270 1930 ι
3308 1879 3476 1934 Porro
3507 1889 3687 1936 autem
3725 1897 3848 1936 cum

2261 1969 2452 2026 beatos
2478 1969 2751 2039 apostolos
2772 1970 2938 2024 etiam
2985 1971 3161 2041 angeli
3193 1973 3258 2026 de
3295 1973 3558 2028 custodiis
3593 1989 3700 2030 non
3722 1975 3852 2028 edu-

2260 2070 2470 2127 cerent,
2497 2062 2602 2117 nisi
2635 2062 2786 2132 prius
2805 2062 3004 2132 januas
3031 2063 3327 2133 aperirent,
3362 2064 3558 2119 mirum
3585 2077 3672 2120 est
3697 2065 3852 2122 valde

2261 2154 2533 2225 quomodo
2569 2169 2706 2225 puer
2744 2154 2828 2208 vel
2869 2155 3092 2225 magicis
3148 2155 3358 2211 artibus
3408 2157 3706 2221 hominum,
3765 2158 3852 2213 vel

2261 2246 2552 2316 praestigiis
2608 2247 3006 2302 immundorum
3066 2247 3373 2318 spirituum,
3410 2249 3650 2305 clausam
3699 2251 3854 2304 undi-

2260 2353 2368 2408 que
2406 2339 2646 2402 domum,
2699 2352 2804 2392 non
2861 2339 3066 2407 apertis
3109 2338 3339 2404 foribus,
3391 2339 3601 2410 ingredi
3656 2342 3849 2411 potuit.

2260 2428 2395 2483 Nam
2427 2436 2483 2482 et
2519 2428 2637 2497 ipse
2661 2426 2829 2500 640
2865 2443 2999 2498 puer
3022 2413 3254 2485 sollicite
3281 2431 3597 2502 requisitus,
3627 2432 3731 2489 hoc
3755 2435 3852 2489 ad-

2262 2521 2424 2576 debat
2479 2519 2606 2590 quia
2655 2520 2875 2590 quidam
2923 2521 3170 2576 homines
3212 2538 3335 2577 eum
3381 2535 3741 2590 assumentes,
3783 2528 3850 2582 ad

2263 2628 2518 2684 magnum
2558 2612 2867 2667 convivium
2900 2613 3264 2681 deduxerunt,
3311 2615 3400 2670 ubi
3451 2605 3704 2674 videlicet
3734 2635 3851 2675 om-

2262 2721 2359 2761 nes
2380 2705 2660 2776 epularum
2677 2703 2882 2760 deliciae
2898 2704 3249 2771 videbantur,
3266 2721 3497 2778 eumque
3519 2713 3852 2766 manducare

2262 2798 2526 2852 fecerunt.
2552 2795 2844 2851 Referebat
2883 2795 3047 2850 etiam
3100 2797 3243 2867 quod
3279 2812 3402 2852 eum
3433 2813 3604 2868 usque
3633 2800 3700 2854 ad
3727 2816 3845 2856 cas-

2263 2888 2447 2944 tellum
2514 2889 2658 2958 quod
2704 2887 3072 2958 supereminet
3133 2889 3468 2943 monasterio
3524 2890 3850 2955 defcrentes,

2262 2994 2424 3048 super
2455 2979 2628 3047 ipsum
2672 2976 3094 3031 tintinnabulum
3121 2975 3265 3046 quod
3288 2977 3445 3048 juxta
3486 2978 3766 3035 basilicam
3797 2980 3851 3034 in

2261 3068 2478 3124 excelso
2507 3068 2777 3137 dependet
2796 3068 3193 3138 imposuerunt.

2330 3159 2446 3214 Hoc
2502 3168 2684 3214 autem
2736 3158 2938 3214 idcirco
2988 3158 3243 3213 duximus
3293 3157 3734 3227 describendum,
3795 3174 3852 3212 ut

2261 3254 2639 3324 unusquisque
2687 3264 2958 3316 nostrum,
3007 3251 3133 3307 dum
3179 3263 3235 3307 et
3274 3251 3420 3320 ipsos
3483 3267 3702 3322 pueros,
3755 3257 3848 3322 qui

2262 3359 2487 3416 peccare
2513 3345 2742 3400 necdum
2767 3350 3054 3407 noverunt,
3100 3342 3321 3414 maligni
3354 3344 3527 3399 hostis
3567 3343 3851 3413 subjacere

2261 3435 2474 3492 insidiis
2501 3435 2837 3500 considerat,
2869 3434 2984 3503 ipse
3008 3447 3224 3504 quoque
3260 3432 3404 3503 quod
3433 3434 3634 3504 patitur
3663 3449 3849 3503 mqua-

2261 3528 2484 3582 nimiter
2521 3525 2678 3581 ferat.
2711 3525 2890 3581 lllatas
2921 3539 3114 3594 nempe
3137 3537 3174 3578 ’a
3210 3523 3449 3595 maligno
3491 3525 3650 3580 hoste
3682 3525 3850 3580 mole-

2261 3618 2396 3673 stias
2430 3633 2553 3672 cum
2588 3625 2791 3686 quanta
2818 3616 3017 3671 debent
3045 3626 3266 3686 portare
3310 3615 3570 3686 patientia
3603 3625 3855 3685 peccato-

2261 3725 2368 3776 res,
2401 3725 2522 3766 cmn
2559 3709 2773 3764 illorum
2798 3707 3088 3777 aliquando
3119 3707 3336 3764 fraudes
3365 3719 3420 3762 et
3447 3707 3547 3777 ipsi
3575 3706 3854 3777 perferant

2263 3801 2618 3855 innocentes?
2669 3799 2810 3868 Ergo
2853 3798 3022 3852 frater
3074 3799 3162 3853 ille
3202 3814 3363 3868 quem
3411 3799 3550 3853 Deus
3582 3798 3764 3852 visitat
3795 3799 3848 3851 in

2263 3889 2702 3944 tribulationibus
2755 3889 2946 3942 hortor
2993 3896 3052 3941 ut
3111 3890 3376 3957 gaudeat,
3429 3899 3484 3942 et
3533 3889 3850 3942 tentationis

2260 3979 2508 4048 impacta:
2545 3978 2737 4034 malleo
2766 3980 2959 4032 anima:
2990 3993 3102 4033 suae
3123 3979 3342 4048 purgari
3374 3978 3676 4048 rubiginem
3706 3978 3844 4032 adu-

2259 4070 2473 4126 cialiter
2494 4070 2699 4125 credat.
2727 4068 2846 4124 Non
2868 4069 3012 4123 enim
3044 4077 3149 4135 est,
3191 4079 3251 4123 ut
3279 4068 3396 4138 ipse
3420 4068 3666 4124 diabolus
3695 4069 3872 4139 lingit.

2260 4161 2530 4226 terrendo,
2572 4161 2766 4216 futurae
2804 4160 3466 4226 damnationis-indicium,
3503 4161 3598 4216 sed
3632 4169 3850 4216 teter-na:

2257 4255 2449 4310 salutis
2475 4255 2655 4323 potius
2677 4262 3077 4322 argumentum.
3103 4252 3340 4323 Spiritus
3369 4262 3614 4318 sanctus,
3643 4254 3736 4324 qui
3765 4263 3852 4308 est

2257 4345 2438 4413 lumen
2465 4353 2726 4397 zeternntn
2769 4353 2825 4399 et
2855 4343 3104 4399 remissio
3133 4355 3500 4413 peccatorum,
3531 4358 3722 4399 onmes
3751 4359 3849 4400 vos
3929 4389 3932 4392 .

2260 4433 2527 4487 illuminet
2572 4442 2626 4487 et
2655 4433 2919 4498 absolvat,
2965 4432 3316 4502 sedulamque
3365 4433 3469 4487 mei
3529 4432 3849 4487 memoriam

566 4523 634 4578 de
666 4525 1011 4596 perterritus,
1040 4523 1269 4580 festinus
1289 4525 1554 4595 exsurgit,
1582 4526 1859 4581 lucernam
1882 4529 2152 4592 accendit,
2182 4517 2232 4576 1)
2264 4527 2317 4581 in
2351 4530 2556 4582 sanctis
2587 4526 2927 4580 orationibus
2954 4527 3148 4582 vestris
3179 4541 3276 4580 vos
3313 4525 3515 4581 habere
3549 4526 3848 4596 praecipiat.

567 4623 848 4684 totamque
873 4617 1091 4671 domum
1122 4615 1353 4671 sollicita
1376 4615 1691 4673 curiositate
1714 4619 2006 4684 circuiens,
2039 4633 2158 4673 om-

2591 4617 2674 4672 Sit
2699 4635 2887 4673 nomen
2916 4617 3128 4672 Domini
3158 4619 3505 4674 benedictum.

586 4784 3842 4811 mw

596 4920 959 4994 sum
1042 4939 1902 5059 OPUSCULUM
1989 4939 2882 5058 TRICESIMUM
2997 4942 3779 5062 SEPTIMUM.

723 5145 835 5206 DE
885 5141 1158 5204 VARUS
1201 5139 1476 5203 SACRIS
1525 5137 2175 5213 QUIESTIONIBUS,
2222 5135 2521 5200 JUNCTA
2568 5137 2758 5200 ALIA
2804 5131 3160 5201 EJUSDEM
3206 5139 3682 5205 ARGUMENTI

1380 5218 1958 5282 TBACTATIONE
1999 5217 2362 5279 PRIOREM
2405 5215 3012 5292 CONSEQUENTE.

562 5400 966 5479 Διιςιιιιιξιισιπιιιῗ
990 5399 1419 5479 -γρυθεειίοιιθβ
1456 5397 1719 5479 quasdam
1752 5399 1820 5453 ab
1844 5398 2120 5479 alberico,
2150 5399 2542 5479 ex__Casinensi_
2569 5401 2833 5479 monacho
2858 5399 2915 5456 S.
2953 5401 3017 5454 Β.
3044 5401 3107 5456 Ε.
3137 5401 3435 5479 cardinale,
3455 5403 3570 5479 sibi
3599 5409 3846 5479 proposi-

639 5482 724 5526 tas
744 5470 1014 5542 discutit:
1054 5478 1190 5534 tum,
1231 5477 1444 5539 sumpta
1475 5469 1804 5534 occasione,
1853 5469 1970 5523 loca
2021 5470 2276 5525 nonnulla
2324 5475 2378 5524 in
2402 5472 2574 5526 sacris
2603 5471 2801 5525 litte:is
2856 5483 2910 5526 et
2944 5485 3133 5525 earum
3185 5473 3573 5542 interpretibus
3599 5469 3843 5536 'obs'cura

638 5540 902 5596 declarat.
977 5599 980 5603 ,

636 5653 912 5709 Atssaico
942 5651 1244 5706 venerando
1273 5650 1449 5716 fratri,
1499 5649 1716 5708 Psrnus
1754 5662 2008 5721 peccator
2037 5667 2149 5708 mo-

646 5783 649 5786 -
713 5759 779 5799 us
803 5743 1033 5800 salutem
1073 5743 1124 5798 in
1160 5742 1406 5798 Domino.

2332 5651 2500 5707 Vetus
2560 5660 2748 5707 narrat
2809 5651 3036 5707 historia
3097 5653 3220 5723 quia
3278 5671 3401 5711 cum
3467 5657 3562 5713 filii
3617 5658 3838 5732 Joseph,

2259 5744 2516 5814 Ephraim
2554 5743 2764 5800 scilicet
2817 5753 2872 5798 et
2916 5742 3184 5812 Manasse,
3237 5746 3429 5804 latiora
3480 5751 3840 5820 possessionis
