4074 6190
229 391 333 445 625

687 386 745 443 S.
787 387 991 445 PETRI
1027 385 1306 442 DAMIANI
1351 383 1504 440 OPI’.
1546 343 1781 438 TOMDS
1817 378 1945 435 SEU
1988 378 2168 434 PARS
2208 378 2273 434 III
2302 410 2369 421 —
2400 377 2767 435 OPUSCULA
2805 375 3036 433 VARIA.

3397 378 3503 434 624

229 504 509 572 exigerent
531 510 721 572 spatia,
747 499 849 554 hoc
874 504 1218 569 acceperunt,
1250 494 1411 565 Iosue
1435 493 1801 565 przecipiente,
1834 495 1882 553 Α
1910 496 2096 543 carent
2147 489 2333 553 morti,
2382 489 2771 558 promulgando
2816 487 3165 553 sententiam,
3218 487 3306 543 isti
3346 490 3506 558 puni-
3585 514 3589 518 -

232 608 569 665 responsum,
601 599 671 663 ut.
688 590 756 645 ad
781 597 1032 643 montana
1060 586 1358 641 transirent
1380 584 1515 655 (los.
1538 582 1692 651 xvn),
1716 580 1812 635 sil-

231 696 420 739 varum
451 684 615 738 dcnsa
653 679 1015 744 succiderent,
1063 676 1251 746 sicque
1277 675 1379 731 sibi
1418 674 1653 745 largiora
1687 685 1814 740 spa-

234 778 306 835 tia
343 775 581 848 propriis
621 771 870 827 manibus
908 777 1285 840 procurarent.
1336 766 1437 834 Qui
1466 766 1630 820 etiam
1657 762 1816 834 paulo

231 874 355 937 post
398 873 602 933 septem
659 861 909 916 tribubus
960 860 1136 914 dicit:
1189 875 1209 911 ι
1241 857 1535 927 Usquequo
1565 852 1817 909 marcetis

236 955 475 1027 ignavia,
528 960 585 1007 et
640 967 746 1007 non
804 950 1020 1005 intratis
1076 950 1143 1003 ad
1189 947 1567 1019 possidendam
1616 954 1816 998 terrain

231 1060 392 1115 quam
423 1043 683 1098 Dominus
710 1040 850 1097 Deus
873 1050 1086 1109 patrum
1116 1040 1417 1094 vestrorum
1455 1037 1601 1091 dedit
1633 1034 1819 1090 vobis?

232 1136 369 1209 (los.
392 1140 569 1205 xvm).
604 1153 621 1186 ι
650 1131 728 1187 'I‘u
754 1146 989 1202 quoque,
1012 1129 1203 1194 frater,
1234 1130 1359 1183 dum
1392 1143 1475 1181 me
1497 1126 1818 1197 quibusdam

234 1223 645 1295 quaestiunculis
693 1221 898 1290 pulsas,
928 1228 1089 1289 atque
1120 1227 1179 1272 ut
1222 1218 1315 1272 tibi
1362 1217 1641 1272 solvantur
1669 1212 1817 1268 ellla-

234 1320 391 1390 gitas,
441 1330 563 1370 mox
592 1315 658 1369 ad
706 1322 958 1369 montana
1010 1313 1296 1366 doctorum
1332 1317 1494 1378 atque
1543 1308 1610 1361 ad
1654 1305 1821 1360 silvas

233 1407 527 1464 mittendus
573 1420 632 1461 es
683 1404 1109 1474 Scripturarutn,
1142 1401 1228 1456 ubi
1272 1400 1504 1465 scilicet,
1563 1399 1820 1453 continuo

206 1500 421 1555 labore
453 1497 746 1560 desudans,
783 1494 1121 1549 silvescentia
1164 1491 1336 1546 saltus
1383 1491 1602 1545 arbusta
1645 1488 1823 1544 succi-

234 1591 354 1655 das,
380 1589 549 1643 nodos
573 1596 628 1642 et
658 1585 993 1641 dubietatum
1032 1594 1252 1651 truncos
1286 1582 1508 1647 evellas,
1560 1596 1624 1636 ac
1653 1594 1819 1633 nova-

234 1680 303 1733 lia
344 1679 437 1734 tibi
469 1678 615 1733 velut
644 1675 965 1746 quibusdam
1015 1675 1247 1745 preprize
1278 1671 1544 1743 indaginis
1572 1669 1822 1724 manibus

236 1768 476 1824 excolas.

1921 587 2042 633 rent
2067 577 2359 650 irrOgando
2390 578 2707 633 vindictam.

2467 664 2840 723 DUBITATIO
2876 665 2961 722 III.
3158 720 3159 725 η

1994 762 2165 819 Addis
2194 762 2361 816 etiam
2390 779 2403 814 :
2429 760 2539 817 Cur
2567 760 2662 814 ﬁlii
2696 760 2860 814 David
2891 758 3201 814 sacerdotes
3224 756 3391 814 fuisse
3422 759 3504 813 di-

1918 866 2136 921 cuntur,
2184 856 2276 927 qui
2309 854 2509 908 nullam
2557 869 2680 907 cum
2710 852 2835 908 ﬁliis
2859 853 3039 907 Aaron
3065 851 3507 921 consanguinita—

1923 959 2051 1013 tem,
2082 948 2185 1002 nisi
2215 948 2356 1003 sicut
2393 956 2602 1000 caeteras
2650 946 2824 1000 tribus
2850 985 2864 1009 ,
2892 943 3147 1000 habuisse
3169 944 3507 999 noscuntur?

1921 1038 2028 1094 Sed
2080 1038 2355 1094 sciendum
2390 1038 2537 1107 quia,
2581 1036 2707 1090 dum
2736 1034 3047 1091 sacerdotes
3079 1036 3418 1092 venerabiles
3444 1052 3508 1091 ac

1920 1131 2166 1202 magistri
2206 1132 2607 1187 constituantur
2650 1128 2812 1201 643
2866 1128 2918 1183 in
2968 1128 3185 1200 populo,
3219 1130 3509 1199 aliquando

1921 1222 2141 1277 nomine
2174 1223 2516 1276 sacerdotum
2546 1221 2901 1289 designantur
2953 1219 3225 1290 principes
3272 1220 3357 1275 vel
3407 1220 3505 1276 do-

1921 1322 2124 1367 ctores.
2156 1312 2312 1367 Sicut
2357 1310 2483 1365 alibi
2514 1311 2785 1380 reperitur
2815 1328 2828 1362 :
2873 1308 3151 1377 Irajarites
3179 1319 3297 1363 erat
3321 1324 3510 1364 sacer-

1922 1403 2020 1458 dos
2045 1402 2234 1468 David,
2270 1401 2319 1456 id
2343 1410 2447 1465 est,
2479 1400 2774 1469 magister;
2804 1400 2877 1454 ita
2897 1414 3111 1470 quoque
3136 1408 3258 1455 eum
3282 1398 3507 1454 dicitur:

1928 1511 1947 1544 ι
1983 1492 2101 1548 Filii
2135 1502 2315 1547 autem
2340 1492 2506 1547 David
2527 1500 2686 1545 erant
2717 1491 3028 1546 sacerdotes
3058 1487 3144 1560 (II
3161 1488 3286 1558 Reg.
3319 1490 3463 1559 vui),
3487 1507 3506 1540 ι

1923 1563 2007 1641 sic
2025 1583 2428 1653 intelligendum
2453 1593 2536 1637 est
2564 1597 2627 1638 ac
2656 1583 2701 1638 si
2749 1582 2893 1637 dicat
2922 1583 3046 1652 quia
3094 1581 3335 1653 magistri
3359 1590 3513 1636 erant

1922 1676 2150 1731 fratrum
2180 1690 2421 1739 suorum,
2459 1675 2541 1731 vel
2586 1684 2734 1730 certe
2771 1675 3043 1745 principes
3080 1675 3223 1729 inter
3266 1682 3513 1738 caeteros,

1925 1766 2067 1821 sicut
2092 1766 2255 1821 habet
2283 1766 2504 1835 antiqua
2539 1765 2848 1820 translatio.
2902 1764 3035 1818 Nam
3063 1764 3151 1820 ubi
3197 1773 3338 1818 nova
3381 1762 3515 1818 dicit

307 1858 398 1913 Sic
427 1858 589 1930 igitur
617 1858 815 1912 humus
839 1854 1081 1911 caelestis
1120 1853 1321 1925 eloquii
1354 1853 1585 1923 propriae
1610 1850 1823 1906 subtili-
1851 1852 1899 1911 Β
1925 1857 2131 1912 editio:
2190 1875 2206 1909 ι
2243 1856 2337 1911 lilii
2386 1856 2552 1911 David
2583 1864 2740 1910 erant
2775 1856 3085 1911 sacerdotes
3111 1894 3125 1920 ,
3165 1874 3183 1906 ›
3237 1856 3290 1909 in
3340 1855 3509 1910 veteri

235 1950 365 2005 tatis
390 1958 472 2005 est
497 1946 779 2004 sarrienda
818 1947 1109 2018 ligonibus,
1141 1954 1200 1999 ut
1238 1942 1343 1999 non
1387 1944 1456 1998 ab
1482 1944 1674 1997 alienis
1705 1958 1820 1995 ma-

234 2040 394 2095 nibus
416 2037 669 2094 alimenta
701 2038 1045 2109 praestolatus
1076 2036 1286 2090 esurias
1304 2074 1317 2098 ,
1344 2034 1460 2098 sed,
1495 2032 1678 2087 uberis
1702 2046 1829 2101 pro-

235 2141 432 2184 ventus
484 2129 695 2198 copiam
738 2127 960 2198 proprio
999 2125 1181 2180 labore
1228 2133 1574 2187 convectans,
1615 2136 1739 2177 mox
1772 2120 1825 2174 in

234 2216 594 2291 spiritualium
645 2220 957 2275 deliciarum
1003 2218 1271 2272 afﬂuentia
1324 2212 1713 2270 delectabiliter
1747 2212 1826 2265 vi-

235 2328 332 2366 vas
358 2327 372 2378 ;
408 2311 623 2366 interim
668 2318 869 2376 tamen,
898 2313 1023 2363 dum
1054 2319 1155 2363 tuae
1177 2308 1371 2362 desunt
1410 2304 1613 2375 fruges,
1642 2314 1826 2358 nostra

234 2404 355 2468 tibi,
406 2418 514 2458 non
553 2402 728 2458 dicant
769 2402 1055 2465 horreum,
1103 2415 1208 2453 non
1261 2407 1433 2461 certe,
1471 2396 1615 2466 quod
1648 2396 1828 2448 minus

233 2503 341 2558 est,
374 2503 563 2560 tunna,
615 2494 708 2548 sed
740 2492 997 2562 perexilis
1044 2489 1234 2545 saltem
1273 2489 1384 2543 bati
1430 2501 1679 2540 mensura
1706 2498 1828 2539 Suc-

233 2597 454 2655 currat,
504 2587 816 2657 nostrisque
854 2572 1119 2656 'segetulis
1165 2584 1357 2638 saltem
1409 2588 1682 2646 utcunque
1738 2585 1827 2630 tua

237 2685 570 2748 temperetur
598 2686 831 2747 egestas.
861 2675 954 2729 Est
981 2674 1125 2728 enim
1151 2673 1404 2743 quiddam
1430 2669 1662 2724 medium
1690 2668 1830 2720 inter

237 2769 518 2840 splendide
546 2769 749 2833 vivere,
799 2782 863 2821 ac
890 2762 1048 2819 famis
1080 2764 1259 2833 inopia
1290 2760 1533 2815 funditus
1579 2759 1824 2813 interire.

239 2860 336 2914 Vis
371 2858 555 2927 itaque
603 2865 662 2911 ut
708 2870 814 2911 non
857 2853 1015 2909 modo
1056 2853 1199 2922 quod
1254 2850 1452 2919 qumris
1504 2850 1826 2913 edisseram,

240 2950 334 3005 sed
378 2959 434 3005 et
479 2949 724 3019 apicibus
764 2946 1015 3011 tradam;
1076 2952 1344 3014 quatenus
1384 2942 1464 2995 sic
1522 2939 1827 3011 ignorantia

240 3048 452 3112 pereat,
496 3048 555 3094 ut
586 3039 839 3110 deinceps
877 3036 1078 3091 oblivio
1106 3050 1209 3089 non
1239 3036 1486 3103 obrepat.

827 3127 1152 3199 QUAESTIO
1190 3127 1230 3182 ι.

1930 1951 2155 2021 legitur:
2195 1970 2212 2003 ι
2248 1950 2340 2005 lilii
2366 1960 2547 2006 autem
2573 1949 2742 2005 David
2777 1950 3051 2020 principes
3078 1957 3236 2003 erant
3263 1947 3398 2004 aula:
3428 1963 3514 2003 re-

1935 2046 2055 2115 gite.
2096 2064 2114 2099 ι

2468 2130 2838 2190 DUBITATIO
2889 2130 2978 2189 IV.

2002 2226 2132 2282 Illud
2174 2236 2435 2297 praeterea
2486 2235 2537 2281 te
2577 2243 2682 2282 non
2736 2224 3036 2298 intelligere
3064 2224 3340 2296 perhibes,
3374 2225 3519 2297 quod

1929 2319 2190 2389 scriptum
2236 2326 2319 2373 est
2345 2337 2357 2371 :
2393 2338 2409 2369 ι
2437 2316 2677 2373 Tertium
2707 2333 2923 2389 quoque
2954 2317 3054 2372 fuit
3100 2316 3300 2372 bellum
3328 2318 3379 2371 in
3402 2316 3518 2372 Gob

1931 2420 2117 2463 contra
2149 2408 2517 2473 Philisthaeos,
2543 2408 2596 2463 in
2625 2424 2732 2477 quo
2757 2407 3351 2478 percussitAdeodatus
3382 2407 3521 2462 ﬁlius

1932 2499 2113 2571 Saltus
2138 2499 2511 2570 polymitarius
2562 2498 2984 2554 Bethleltemitcs
3015 2498 3228 2554 Goliath
3255 2498 3518 2553 Gethcutn

1932 2592 2015 2664 (Il
2064 2591 2192 2662 Reg.
2227 2594 2362 2663 χχι).
2396 2612 2415 2644 ›
2443 2592 2596 2659 Quod
2622 2592 2879 2647 nimirum
2915 2590 3071 2647 facile
3104 2590 3243 2647 valet
3271 2590 3516 2661 intelligi.

1930 2681 2065 2735 Nam
2098 2681 2215 2737 Gob
2243 2683 2633 2751 interpretatur
2669 2681 2838 2735 lacus.
2895 2682 2961 2736 Et
3011 2682 3151 2736 sicut
3179 2681 3520 2751 periclitatur

1930 2771 2023 2841 qui
2050 2771 2101 2825 in
2126 2772 2304 2825 lacum
2334 2771 2548 2826 leonum
2582 2772 2837 2838 mittitur,
2863 2772 2941 2827 sic
2968 2771 3135 2826 David
3162 2773 3316 2841 quasi
3348 2771 3521 2827 leonis

1931 2876 1990 2917 se
2043 2861 2293 2917 dentibus
2343 2861 2607 2927 tradidit,
2661 2877 2783 2915 cum
2844 2860 2896 2914 in
2941 2862 3145 2915 rabiem
3192 2860 3409 2916 Goliath
3458 2875 3517 2914 se

1930 2946 2276 3019 praeliaturus
2325 2950 2609 3005 immersit.
2665 2951 2809 3005 Idem
2856 2949 3024 3005 David
3061 2951 3370 3006 Adeodatus
3391 2948 3515 3017 jure

1931 3039 2151 3107 dicitur,
2176 3041 2433 3111 quoniam
2462 3056 2493 3094 a
2537 3042 2648 3097 Deo
2689 3052 2772 3096 est
2800 3041 3005 3097 electus
3038 3042 3096 3095 in
3122 3056 3366 3112 regnum.
3417 3040 3518 3107 Qui

1931 3134 2093 3188 etiam
2126 3133 2269 3189 ﬁlius
2301 3132 2485 3189 Saltus
2507 3141 2752 3200 vocatur,
2774 3134 2900 3204 quia
2934 3134 3000 3188 de
3025 3135 3239 3203 pascuis
3260 3132 3519 3197 saltuum,

312 3224 425 3295 Age
454 3217 637 3294 igitur.
681 3221 820 3290 Quid
848 3230 953 3289 est,
999 3220 1197 3291 inquis,
1229 3218 1371 3289 quod
1404 3216 1603 3272 άὶεἱιιιι·
1629 3232 1644 3268 ε
1683 3234 1701 3266 ι
1738 3214 1825 3269 Ρῖ·
1857 3219 1900 3280 C
1932 3222 2022 3278 ubi
2048 3234 2177 3277 oves
2203 3220 2402 3287 alebat,
2434 3221 2659 3277 eductus
2684 3223 3013 3299 agnoscitur.
3063 3221 3176 3277 Nec
3211 3221 3327 3277 sine
3356 3238 3519 3277 causa

241 3315 346 3370 lius
375 3314 535 3371 unius
578 3313 700 3368 anni
749 3321 867 3367 erat
906 3311 1056 3377 Saul,
1106 3325 1229 3365 cum
1260 3321 1489 3380 regnare
1533 3306 1826 3377 cmpisset;

244 3406 451 3462 duobus
475 3414 655 3461 autem
681 3405 839 3458 annis
863 3402 1109 3474 regnavit
1146 3415 1312 3471 super
1342 3398 1542 3454 Israel?
1573 3416 1592 3450 ι
1619 3396 1671 3469 (1
1699 3394 1829 3465 Reg.

244 3495 392 3567 xm.)
443 3494 555 3550 Hoc
584 3492 823 3548 nonnulli
859 3492 1083 3562 intelligi
1132 3491 1211 3545 sic
1252 3489 1588 3544 arbitrantur
1624 3505 1639 3543 :
1694 3486 1831 3553 Quia

246 3585 360 3655 regi
390 3583 520 3639 Saul
550 3584 605 3638 in
641 3584 863 3638 exordio
890 3582 1041 3651 regni
1087 3581 1170 3636 sui
1201 3579 1342 3634 ﬁlius
1370 3586 1487 3634 erat
1522 3577 1829 3643 anniculus,

246 3679 339 3749 qui
377 3688 614 3732 teneram
660 3676 832 3732 adhuc
871 3677 1029 3730 unius
1057 3674 1183 3728 anni
1224 3674 1473 3742 vagiebat
1521 3672 1831 3737 infantiam,

246 3768 456 3824 scilicet
484 3766 747 3831 Isboseth,
790 3774 845 3820 et
894 3766 985 3819 hic
1013 3764 1223 3819 duobus
1248 3763 1405 3817 annis
1443 3770 1566 3832 post
1605 3770 1831 3814 mortem

247 3858 421 3927 patris
446 3858 691 3929 regnavit
715 3871 877 3927 super
907 3854 1091 3909 Israel.
1129 3854 1235 3909 Sed
1267 3854 1525 3924 quoniam
1566 3852 1655 3905 hic
1685 3866 1714 3929 a
1741 3852 1834 3905 do—

249 3952 511 4007 ctioribus
532 3950 664 4004 viris
691 3962 883 4005 sensus
903 3946 1234 4016 exploditur,
1262 3959 1292 3998 a
1323 3944 1481 3998 nobis
1504 3942 1669 3996 etiam
1695 3940 1836 3995 alius

248 4041 595 4113 inquiratur:
632 4040 774 4111 quod
804 4041 876 4094 ita
901 4039 960 4092 Β.
993 4036 1352 4108 Hieronymus
1396 4036 1553 4091 docet
1584 4031 1835 4104 intelligi,

249 4135 504 4205 quoniam
529 4134 608 4187 sic
627 4140 745 4187 erat
769 4132 1047 4194 innocens,
1083 4137 1335 4198 tauquam
1364 4141 1500 4196 puer
1520 4124 1679 4179 unius
1709 4124 1838 4177 anni

250 4237 375 4279 cum
403 4237 628 4292 regnare
657 4221 841 4290 erepit,
886 4226 943 4272 et
970 4219 1179 4273 duobus
1207 4216 1365 4270 annis
1392 4216 1446 4269 in
1487 4214 1725 4282 ejusdem
1750 4213 1833 4266 in-

248 4312 516 4369 nocentiae
548 4310 890 4379 simplicitate
922 4306 1240 4376 permansit.
1286 4304 1394 4359 Sed
1440 4304 1532 4372 qui
1568 4313 1697 4356 tunc
1720 4311 1839 4356 erat

250 4420 320 4460 ex
351 4402 657 4458 humilitate
692 4400 869 4466 ﬁlius,
916 4397 1258 4468 postmodum
1288 4410 1385 4465 per
1412 4393 1721 4463 superbiam
1760 4392 1838 4443 fa-

253 4502 374 4549 ειυς
403 4502 487 4548 εει
516 4506 726 4547 servus.

818 4576 1184 4635 DUBITATIO
1220 4578 1282 4634 II.

327 4674 537 4745 Quaeris
563 4674 728 4729 etiam
757 4672 848 4742 qui
895 4680 1052 4726 erant
1077 4668 1295 4725 Cerethi
1351 4680 1407 4723 et
1434 4668 1677 4724 Phelethi
1695 4708 1711 4731 ,
1743 4669 1834 4738 qui

254 4770 544 4828 bellatores
566 4766 818 4823 dicuntur
844 4764 1009 4819 fuisse
1029 4762 1226 4818 David?
1248 4761 1303 4833 (1
1319 4760 1442 4832 Reg.
1463 4778 1601 4828 xxx;
1624 4760 1685 4814 Il
1708 4759 1837 4830 Reg.

260 4859 397 4934 vnn).
455 4858 677 4929 Legitur
732 4857 786 4910 in
836 4856 975 4910 libro
1022 4854 1243 4909 Numeri
1296 4853 1499 4909 dixisse
1552 4852 1835 4907 Dominum

260 4950 429 5023 Moysi
455 4965 468 5001 :
503 4967 521 5000 ι
551 4946 828 5017 Congrega
856 4946 985 5001 mihi
1011 4945 1350 5015 septuaginta
1386 4945 1531 5000 viros
1560 4944 1627 4998 de
1662 4944 1837 4997 senio-

258 5040 411 5096 ribus
434 5034 621 5102 Israel,
646 5050 782 5105 quos
826 5045 881 5089 tu
932 5035 1077 5088 nosti
1124 5033 1272 5103 quod
1310 5046 1471 5089 senes
1496 5030 1678 5103 populi
1723 5031 1838 5087 sint

260 5145 329 5187 ac
371 5129 656 5201 magistri;
706 5135 759 5182 et
797 5127 960 5180 duces
1003 5140 1098 5180 eos
1142 5125 1210 5180 ad
1253 5125 1451 5180 ostium
1507 5123 1841 5183 tabernaculi

260 5219 522 5286 fmderis,
570 5220 841 5288 faciesque
883 5217 955 5272 ibi
1003 5226 1149 5272 stare
1183 5225 1382 5281 tecum,
1419 5224 1474 5270 et
1508 5215 1746 5270 auferam
1776 5218 1842 5269 de

260 5314 456 5384 spiritu
525 5322 636 5374 tuo,
696 5309 1013 5377 traduntque
1068 5310 1168 5372 eis,
1216 5316 1277 5361 ut
1326 5313 1626 5361 sustentem
1666 5314 1841 5359 tecum

265 5414 409 5457 onus
440 5397 661 5469 populi,
694 5404 749 5450 et
778 5410 887 5450 non
935 5401 993 5449 tu
1025 5392 1177 5450 solus
1219 5395 1459 5461 graveris
1515 5391 1709 5463 (Nam.
1743 5397 1842 5463 xi).

269 5492 347 5549 Ex
380 5493 607 5549 istorum
633 5491 813 5558 itaque
860 5489 1030 5557 stirpe
1081 5489 1201 5541 duae
1231 5496 1612 5556 processerunt
1647 5500 1880 5558 cogita»

270 5588 446 5640 tiones
472 5583 522 5645 (I
550 5583 679 5638 Par.
714 5581 893 5645 xvttt),
922 5595 1151 5641 quarum
1182 5595 1284 5634 una
1307 5578 1547 5637 Cerethi-.
1576 5578 1740 5634 altera
1772 5580 1851 5633 di-

264 5675 487 5729 cebatur
503 5670 769 5729 Phelethi.
807 5672 871 5725 Et
892 5672 1106 5727 Cerethi
1133 5673 1373 5741 quidem,
1394 5675 1528 5727 dans
1544 5674 1838 5742 judicium;

265 5764 528 5830 Phelethi,
557 5763 780 5831 puniens
811 5764 1195 5831 interpretatur
1224 5778 1236 5816 :
1270 5775 1325 5819 ut
1363 5780 1499 5833 quos
1530 5765 1605 5819 illi
1634 5765 1844 5835 adjudi-

1933 3312 2077 3367 idem
2099 3310 2269 3365 David
2296 3311 2670 3383 polymitarius
2697 3312 2913 3377 dicitur,
2942 3312 3071 3380 quia
3114 3322 3288 3367 mater
3308 3310 3425 3381 ejus
3452 3314 3519 3368 de

1935 3414 2134 3469 genere
2168 3400 2448 3455 Beselehel
2469 3400 2705 3467 exstitit,
2732 3402 2822 3471 qui
2857 3400 3264 3455 tabernaculum
3300 3400 3522 3457 fmderis

1935 3493 1991 3547 in
2016 3492 2231 3547 deserto
2270 3492 2597 3557 construxit,
2643 3493 2699 3547 in
2729 3506 2838 3562 quo
2883 3492 3048 3547 etiam
3081 3493 3337 3547 nonnulla
3369 3493 3524 3565 poly—

1936 3585 2150 3640 mitaria
2190 3586 2506 3655 operatione
2540 3585 2841 3639 contexuit.
2866 3583 3286 3640 Betlilehemites
3309 3602 3524 3656 quoque

1936 3686 2042 3730 non
2067 3675 2362 3746 incongrue
2388 3674 2606 3739 dicitur,
2622 3674 2747 3744 quia
2764 3675 2829 3729 de
2853 3673 3041 3730 Noemi
3057 3674 3209 3729 duxit
3231 3676 3519 3745 originem,

1936 3773 1992 3819 et
2039 3764 2104 3819 de
2138 3763 2453 3817 Bethlehem
2504 3761 2721 3817 fuerant
2771 3774 3012 3834 tempore
3065 3762 3224 3818 fatuis
3266 3779 3519 3835 egressm,

1937 3867 2101 3925 atque
2150 3855 2217 3909 ad
2245 3855 2492 3909 eamdem
2530 3853 2847 3909 Bethleltem
2894 3863 3020 3908 sunt
3064 3852 3346 3910 reﬂorenle
3374 3862 3523 3927 post-

1940 3947 2157 4002 modum
2205 3948 2457 4001 ubertate
2497 3946 2757 4000 reductae.
2807 3945 2959 4012 Quod
2991 3954 3171 4000 autem
3208 3946 3522 4001 Adeodatus

1940 4051 2063 4090 cum
2105 4034 2358 4089 omnibus
2400 4036 2515 4089 suis
2543 4035 2629 4089 his
2657 4033 2942 4103 adjectivis
2983 4036 3096 4106 ipse
3133 4035 3320 4105 procul
3357 4036 3521 4092 dubio

1940 4128 2009 4181 sit
2060 4127 2249 4192 David,
2301 4126 2585 4197 sequentia
2639 4126 2954 4192 declarant,
2998 4127 3087 4181 ubi
3128 4128 3373 4182 dicitur:
3426 4145 3444 4177 ‹
3480 4127 3521 4181 Ii

1939 4228 2172 4287 quatuor
2199 4218 2310 4271 nati
2353 4226 2477 4271 sunt
2502 4216 2568 4271 de
2595 4216 2811 4286 Arapha
2842 4218 2894 4272 in
2935 4212 3097 4282 Geth,
3134 4218 3523 4273 etceciderunt

1942 4309 1995 4362 in
2049 4323 2269 4363 manum
2298 4309 2465 4363 David
2511 4316 2566 4362 et
2601 4322 2882 4363 servorum
2912 4307 3028 4378 ejus
3060 4308 3143 4381 (11
3174 4309 3297 4381 Reg.
3329 4312 3462 4381 χιι).
3498 4330 3516 4361 ι

1942 4397 2086 4454 Sane
2112 4400 2241 4469 quid
2268 4399 2432 4453 etiam
2457 4413 2554 4469 per
2594 4400 2707 4454 haec
2734 4401 2956 4473 mystice
2982 4400 3333 4471 signiﬁcetur,
3362 4415 3545 4475 expo-q

1942 4507 2144 4555 nerem,
2191 4492 2292 4547 nisi
2318 4492 2462 4562 quod
2503 4493 2847 4562 perspicuum
2875 4503 2981 4559 est,
3031 4494 3338 4565 epistolaris
3389 4494 3520 4548 mihi

1865 4570 1916 4629 Ι)
1941 4582 2180 4637 brevitas
2204 4582 2540 4652 prohiberet.
2586 4580 2749 4638 Juxta
2800 4586 3090 4654 mysticum
3127 4584 3333 4639 scilicet
3364 4583 3522 4638 inicio

1940 4671 2157 4736 lectum,
2211 4671 2325 4727 hate
2371 4672 2554 4726 omnia
2604 4671 2914 4728 referuntur
2936 4672 3021 4728 'ad
3071 4672 3370 4728 Christum.
3402 4672 3521 4743 Ipse

1940 4768 2084 4824 enim
2110 4766 2422 4823 Adeodatus
2455 4776 2560 4833 est,
2601 4768 2668 4822 de
2701 4783 2809 4837 quo
2832 4777 2887 4823 et
2926 4783 3022 4838 per
3049 4766 3245 4824 Isaiam
3277 4767 3517 4823 dicitur:

1945 4879 1962 4911 ε
1995 4858 2137 4914 Puer
2158 4868 2320 4914 natus
2362 4868 2444 4914 est
2478 4859 2655 4923 nobis,
2700 4859 2843 4914 ﬁlius
2866 4860 3022 4914 datus
3055 4868 3141 4914 est
3185 4858 3340 4914 nobis
3361 4857 3519 4929 (hui.

1939 4948 2037 5019 ιι).
2064 4967 2085 5000 ›
2124 4946 2226 5015 Qui
2264 4948 2407 5003 ﬁlius
2429 4948 2611 5004 Saltus
2648 4963 2756 5003 non
2794 4949 3090 5021 incongrue
3124 4950 3341 5015 dicitur,
3384 4960 3525 5019 Quo-

1944 5040 2086 5093 niam
2114 5054 2181 5094 ex
2212 5038 2415 5095 Judaeis
2460 5040 2761 5095 secundum
2807 5050 3027 5095 carnem
3074 5041 3225 5096 nasci
3271 5041 3520 5112 dignatus

1942 5138 2041 5191 est,
2090 5129 2181 5198 qui
2228 5129 2353 5184 dum
2389 5129 2594 5182 nullum
2646 5127 2883 5183 fructum
2915 5128 3212 5199 spiritualis
3261 5129 3520 5198 germinis

1939 5222 2254 5286 attulerunt,
2283 5222 2428 5276 velut
2450 5230 2691 5294 agrestes
2715 5222 2936 5277 arbores
2971 5237 3076 5277 non
3107 5223 3162 5277 in
3188 5222 3346 5277 horto
3372 5222 3520 5292 plan-

1943 5321 2087 5379 tataz,
2114 5314 2221 5375 sed
2266 5313 2318 5366 in
2344 5312 2485 5367 saltu
2533 5322 2693 5379 natae,
2739 5313 2958 5369 steriles
2997 5314 3338 5369 exstiterunt.
3368 5313 3519 5370 Unde

1943 5402 2138 5474 legitur
2160 5442 2178 5467 ,
2215 5421 2233 5455 ι
2268 5401 2379 5457 Vox
2400 5402 2685 5458 clamantis
2713 5404 2767 5458 in
2790 5404 3004 5461 deserto
3031 5405 3167 5475 (Isa.
3201 5406 3316 5476 xc),
3362 5426 3384 5457 ι
3418 5405 3520 5460 hoc

1942 5501 2027 5547 est
2056 5492 2110 5545 in
2136 5490 2469 5545 infructuosa
2504 5488 2809 5547 Iudaeorum
2840 5495 3054 5563 populo.

2017 5584 2393 5653 Polymitarius
2418 5599 2633 5652 quoque
2660 5584 2988 5655 Redemptor
3017 5595 3202 5639 noster
3225 5585 3414 5639 merito
3441 5584 3524 5637 di-

1943 5676 2106 5739 citur,
2128 5678 2252 5745 quia
2279 5677 2426 5730 velut
2451 5678 2672 5731 textrini
2702 5676 2883 5746 ope’ris
2908 5679 3085 5733 studio
3109 5690 3287 5742 vacat,
3317 5680 3441 5733 dum
3466 5687 3523 5731 et

1943 5782 2003 5822 se
2038 5768 2148 5822 suis
2192 5766 2434 5822 ﬁdelibus
2480 5768 2683 5834 induit,
2730 5778 2785 5822 et
2836 5784 2900 5825 ex
2949 5770 3055 5824 illis
3085 5770 3311 5839 iustitiae
3360 5770 3519 5824 veszi-
