4074 6190
650 300 754 357 625

1320 314 1563 373 orusc.
1606 316 1870 377 xxxvn.
1909 355 1978 365 -
2017 327 2105 383 DE
2146 292 2372 384 vinus
2409 328 2651 388 SACRIS
2690 330 3238 400 ρυιεδτιοΝωυε.

3800 297 3906 396 626

647 422 826 468 menta
857 419 1116 474 contexit.
1151 420 1227 477 De
1250 426 1363 480 suis
1386 429 1585 498 quippe
1618 434 1859 489 vestibus
1881 452 1977 506 per
1998 439 2224 507 Aposto-
2250 447 2297 504 Α
2326 450 2380 495 et
2407 443 2567 498 boves
2617 445 2823 513 argenti
2872 445 3019 500 siclis
3070 447 3477 518 quinquaginta.
3526 446 3583 504 In
3614 448 3750 508 libro
3775 468 3904 511 vero

644 499 753 556 lum
776 505 973 561 dicitur
1002 528 1015 562 :
1051 528 1068 561 ι
1087 510 1153 566 Ut
1178 514 1457 571 exhiberet
1477 519 1574 573 sibi
1604 499 1895 591 gloriosaui
1906 499 2221 598 Ecclesium,

641 609 751 647 non
783 594 1070 653 habentem
1116 604 1381 659 maculam
1414 623 1588 679 neque
1634 627 1823 681 rugam
1853 613 2066 686 (Ephes.
2098 621 2172 692 v).
2196 640 2216 675 ι

2326 533 2771 603 Paralipomenon
2818 535 2890 588 ita
2927 533 3159 605 legitur;
3192 553 3212 586 ε
3251 537 3400 591 Dedit
3450 553 3578 609 ergo
3610 540 3777 596 David
3800 542 3902 599 0r-

2324 640 2430 678 nan
2457 640 2554 695 pro
2591 625 2706 679 loco
2735 625 2896 680 sielos
2925 626 3040 680 auri
3068 626 3356 694 justissimi
3387 634 3641 701 ponderis
3677 649 3904 692 sexcen-

640 683 706 737 Et
731 700 828 754 per
866 685 1231 759 Prophetam:
1271 713 1289 745 i
1324 695 1586 754 Omnibus
1614 702 1697 757 his
1727 683 1871 759 velut
1899 683 2220 767 ornamento
2323 723 2423 779 tos,
2450 683 2504 770 et
2530 716 2815 771 aediﬁcavit
2846 716 2916 772 ibi
2945 718 3115 774 altare
3160 720 3388 777 Domino
3434 722 3482 794 (Ι
3516 721 3641 779 Par.
3699 729 3835 798 ni).
3875 749 3895 782 υ

637 777 888 834 vestieris
938 779 1099 851 (Isai.
1150 786 1317 857 χιιι).
1352 808 1369 841 i
1429 789 1505 845 De
1543 792 1745 850 Christi
1798 813 1925 853 vero
1972 799 2217 858 fidelibus

634 863 920 923 Psalmista
952 873 1135 928 canit:
1193 894 1211 926 ι
1249 876 1569 939 Sacerdotes
1620 886 1696 940 tui
1742 887 2216 962 induanturjusti-

636 956 786 1011 tiam.
826 979 848 1015 ι
903 960 970 1015 Ει
1014 978 1113 1033 per
1175 966 1512 1027 Ezechielem
1571 975 1828 1035 Dominus
1881 956 2214 1054 improperat

630 1049 827 1105 anima:
901 1069 1064 1123 quam
1129 1058 1506 1128 spiritualibus
1580 1067 1909 1126 indumentis
1958 1074 2213 1131 decenter

628 1141 862 1206 ornavit,
896 1143 988 1197 sed
1027 1159 1149 1200 eum
1177 1148 1289 1217 ipsa
1322 1155 1569 1210 mmchize
1612 1158 1862 1215 sordibus
1891 1162 2090 1231 polluta
2115 1164 2212 1221 de-

625 1230 835 1284 seruit:
890 1251 908 1285 i
942 1234 1142 1291 Vestivi
1170 1250 1240 1305 te,
1294 1241 1490 1313 inquit,
1539 1230 2108 1324 mdiscoloribus,
2155 1272 2211 1316 et

624 1319 859 1376 caleeavi
882 1331 934 1378 te
965 1325 1279 1398 hyacintho,
1320 1342 1373 1387 et
1399 1335 1543 1390 cinxi
1573 1319 1628 1393 te
1651 1319 1845 1412 bysso,
1879 1354 1935 1400 et
1966 1319 2113 1403 indui
2157 1359 2207 1405 te

622 1411 932 1481 subtilibus,
961 1427 1017 1471 et
1043 1422 1231 1476 ornavi
1262 1431 1313 1479 te
1347 1411 1701 1498 ornamento:
1734 1452 1751 1485 ι
1787 1444 1842 1491 et
1870 1439 2031 1509 paulo
2052 1453 2202 1512 post:

627 1519 643 1551 ι
680 1501 745 1557 Et
772 1507 963 1561 vestita
991 1524 1049 1565 es
1078 1510 1274 1584 bysso,
1313 1527 1367 1571 et
1407 1521 1689 1593 polymita,
1725 1536 1781 1582 et
1826 1501 2015 1589 multis
2052 1501 2203 1592 colo-

620 1591 767 1648 rihns
796 1593 1013 1667 (Ezech.
1066 1606 1198 1674 xvi).
1232 1626 1249 1658 ι
1287 1607 1427 1676 Quid
1479 1591 1608 1685 ergo
1638 1618 1834 1675 mirum
1875 1622 1940 1690 si,
1968 1591 2201 1682 Redem-

617 1692 740 1751 ptor
776 1697 964 1744 noster
996 1689 1384 1766 Polymitarius
1424 1702 1657 1774 dicitur,
1704 1711 1797 1779 qui
1844 1689 2064 1773 virtutis
2100 1717 2196 1775 de-

2320 806 2411 861 Sic
2440 806 2605 877 igitur
2642 817 2869 878 utraque
2915 810 3133 867 sibimet
3161 812 3438 884 Scriptura
3463 816 3671 883 divisit,
3716 826 3779 873 ut
3806 819 3897 874 illa

2314 894 2499 963 boum,
2531 898 2633 953 ista
2655 899 2821 956 solius
2844 916 2983 957 area:
3012 913 3257 957 numeret
3280 906 3531 975 pretium.
3562 908 3668 965 Res
3691 910 3893 980 itaque,

2314 987 2510 1055 quibus
2548 990 2708 1060 pretii
2744 1007 2996 1049 mensura
3044 994 3361 1066 praaligitur,
3412 1000 3753 1072 discrepant;
3798 1004 3895 1059 sed

2314 1075 2609 1148 Scriptura:
2646 1092 2847 1137 sancta:
2884 1085 3099 1140 sibimet
3126 1088 3357 1143 invicem
3389 1105 3495 1146 non
3526 1104 3851 1165 repugnant.

2740 1202 2908 1276 .655
2951 1206 3315 1265 DUBITATlO
3356 1210 3442 1266 v1.

2378 1307 2514 1365 Illud
2543 1321 2811 1381 praeterea
2854 1317 3247 1375 consulendum
3294 1325 3516 1392 putasti,
3564 1326 3711 1396 quod
3751 1327 3886 1398 legi-

2310 1408 2433 1456 tur:
2483 1400 2609 1457 Fuit
2636 1415 2818 1461 autem
2868 1407 2941 1462 ibi
2992 1410 3238 1478 prielium
3274 1414 3577 1485 dispersum
3617 1432 3781 1488 super
3808 1418 3888 1473 fa-

2305 1492 2443 1547 ciem
2492 1496 2673 1558 omnis
2722 1506 2901 1565 terrae,
2952 1509 3010 1557 et
3078 1504 3249 1559 multo
3294 1505 3478 1575 plures
3529 1518 3685 1563 erant
3751 1525 3886 1580 quos

2303 1595 2727 1654 consumpserat
2762 1589 2937 1650 saltus
2969 1593 3035 1648 de
3076 1595 3294 1664 populo,
3327 1613 3488 1667 quam
3541 1600 3579 1657 ii
3619 1615 3757 1669 quos
3786 1617 3883 1656 vo-

2303 1682 2523 1729 raverat
2566 1675 2780 1742 gladius
2811 1677 2897 1747 (II
2950 1680 3077 1752 Reg.
3124 1687 3302 1757 xviii).
3353 1687 3431 1742 De
3468 1705 3575 1759 qua
3606 1694 3883 1750 sententia

955 1781 1029 1837 uo
1078 1764 1254 1842 induit
1292 1792 1553 1843 animam
1594 1764 1758 1843 m'm;
2231 1809 2272 1843 Β
2305 1764 2357 1819 in
2399 1765 2541 1822 libro
2589 1767 2981 1825 Hebraicarum
3024 1776 3386 1843 quaestionum
3426 1778 3544 1835 haec
3577 1780 3637 1834 Β.
3686 1779 3880 1838 Hiero-

955 1781 965 1793 .
1081 1784 1091 1795 .
1214 1788 1225 1799 .
1369 1792 1381 1804 .
1722 1777 1735 1779 -
2020 1808 2031 1820 ,
2083 1808 2095 1821 ,
2305 1780 2357 1819 in
2399 1777 2541 1822 libro
2589 1777 2981 1825 ﬂebraicarum
3024 1777 3386 1843 quaestionum
3426 1778 3544 1835 haec
3577 1780 3637 1834 Β.
3686 1779 3880 1838 Hiero-

616 1788 742 1878 (ore.
770 1777 1029 1850 po‘ymuo
1078 1787 1254 1842 "mu"
1292 1807 1553 1861 ammam’
1594 1812 1755 1868 quam
1797 1806 2031 1874 Sponsa“
2075 1824 2198 1878 lure
2230 1809 2274 1868 Β
2301 1857 2449 1926 uymi
2486 1859 2647 1915 verba
2680 1869 2847 1917 sunt:
2885 1882 2904 1914 ι
2934 1863 3141 1919 Saltnm
3168 1866 3335 1935 hune,
3358 1869 3555 1939 inquit,
3583 1872 3674 1941 qui
3697 1873 3881 1943 plures

616 1869 881 1922 sortitur?
924 1871 1042 1943 Ipse
1070 1886 1155 1931 est
1198 1881 1345 1935 enim
1396 1883 1489 1943 Dei
1536 1890 1823 1943 sapientia.
1873 1896 1939 1943 de
1969 1914 2072 1943 mm
2102 1916 2198 1943 nm-

613 1869 881 1922 sortitur?
924 1871 1042 1943 Ipse
1070 1886 1155 1931 est
1198 1881 1345 1935 enim
1396 1883 1489 1945 Dei
1536 1869 1842 1960 sapientia;
1873 1896 1939 1951 de
1969 1869 2198 1971 qua-per

612 1951 955 2015 Salomonem
987 1964 1227 2023 dicitur:
1277 1990 1295 2022 ‹
1324 1970 1457 2039 Quia
1508 1951 1756 2046 quaesivit
1798 1951 2003 2041 lanam:
2024 2000 2078 2045 et
2097 1951 2197 2046 fli-

609 2059 763 2113 num,
801 2058 855 2105 et
875 2063 1098 2122 operata
1127 2068 1210 2113 est
1231 2064 1458 2121 consilio
1484 2082 1739 2127 manuum
1762 2089 1986 2132 suarum
2009 2079 2192 2151 (Prov.

607 2138 783 2207 xui).
824 2158 842 2191 ι
889 2141 1053 2212 Cujus
1096 2146 1245 2219 digiti
1289 2156 1759 2225 apprehenderunt
1788 2163 1985 2238 fusum,
2014 2138 2193 2241 ‘eujus

604 2241 793 2284 omnes
814 2233 1095 2292 domestici
1129 2244 1309 2298 vestiti
1336 2260 1462 2303 sunt
1490 2250 1827 2327 duplicibus;
1845 2233 2001 2330 cujus
2022 2265 2187 2321 etiam

602 2328 730 2372 caro
749 2323 988 2393 stragula
1010 2330 1178 2387 vestis
1199 2331 1340 2391 facta
1367 2346 1449 2394 est
1476 2341 1527 2395 in
1548 2323 1823 2415 passione.
1866 2323 1972 2408 Sed
1997 2356 2188 2412 eadem

602 2409 794 2480 liyssns
832 2425 885 2469 et
919 2420 1117 2490 regalis
1159 2439 1395 2497 purpura
1428 2409 1805 2495 indumentum
1839 2442 1981 2500 illius
2017 2457 2103 2505 est
2133 2450 2186 2505 in

602 2506 1017 2563 resurrectione.
1049 2510 1148 2578 Qui
1173 2517 1337 2572 etiam
1353 2519 1775 2585 Bethlehemites
1792 2529 1917 2600 jure
1938 2550 2067 2592 voca
2078 2547 2184 2606 tur,

2298 1951 2705 2020 consumpsisse
2728 1967 2891 2021 quam
2937 1955 3147 2023 gladius
3174 1972 3399 2017 vorasse
3425 1960 3642 2032 legitur,
3675 1964 3879 2020 bestias

2297 2038 2680 2105 ferocissimas,
2708 2059 2829 2112 quae
2857 2044 2912 2099 in
2942 2047 3083 2102 saltu
3109 2058 3265 2104 erant
3284 2091 3298 2115 ,
3326 2049 3537 2109 Hebraei
3566 2063 3877 2120 autumant,

2295 2146 2327 2185 a
2373 2130 2570 2201 quibus
2599 2133 2783 2203 plures
2829 2139 3136 2208 consumpti
3186 2156 3348 2209 quam
3396 2156 3427 2196 a
3470 2143 3648 2214 gladio
3692 2149 3872 2201 vorati

2296 2222 2516 2280 fuerint.
2545 2246 2564 2279 ›
2602 2226 2797 2284 Verum
2827 2231 2938 2297 hic,
2962 2241 3022 2287 ut
3046 2233 3264 2299 dicitur,
3285 2235 3632 2292 Hebraeorum
3658 2238 3762 2294 fuit
3789 2239 3875 2293 in-

2296 2317 2575 2387 tellectus;
2609 2322 2767 2379 nobis
2799 2334 2979 2379 autem
3009 2325 3222 2380 videtur
3274 2328 3401 2398 quia
3452 2331 3637 2384 vesani
3671 2331 3875 2401 quique

2290 2412 2348 2459 et
2374 2404 2642 2475 infruniti,
2682 2410 2773 2479 qui
2823 2426 2946 2466 cum
2998 2413 3237 2471 Absalon
3272 2417 3670 2486 perduelliones
3699 2421 3870 2476 exsti—

2294 2503 2494 2561 terant,
2522 2497 2635 2553 Deo
2664 2501 2946 2557 deserente
2974 2506 3181 2571 caecati,
3203 2507 3436 2563 arbustis
3461 2512 3873 2568 occurrentibus

599 2589 724 2657 quia
751 2592 803 2645 in
822 2593 1135 2656 Bethlehem
1155 2606 1221 2660 de
1246 2605 1466 2681 Virgine
1490 2624 1651 2673 natus
1676 2589 2005 2692 agnoscitur.
2031 2589 2177 2696 Quod

599 2688 777 2734 autem
808 2685 1008 2743 dicitur
1037 2691 1162 2761 quia
1195 2698 1411 2767 tertium
1464 2703 1661 2761 bellum
1688 2706 1789 2765 fuit
1816 2711 1869 2767 in
1897 2713 2033 2767 Gob.
2083 2720 2177 2767 hor.

2286 2589 2695 2659 impingebaut;
2726 2601 2890 2663 atque
2912 2591 3045 2651 ideo
3074 2596 3291 2652 dicatur
3332 2600 3457 2670 quia
3514 2601 3697 2670 plures
3725 2604 3871 2659 ceci-

2281 2675 2469 2732 derint
2510 2678 2654 2736 saltu
2702 2693 3055 2741 consumente
3102 2690 3411 2759 perempti,
3468 2707 3635 2763 quam
3678 2694 3717 2749 ii
3764 2696 3859 2767 qui

596 2688 777 2734 autem
808 2685 1008 2743 dicitur
1037 2691 1162 2761 quia
1195 2698 1411 2755 tertium
1464 2703 1661 2761 bellum
1688 2685 1789 2765 fuit
1816 2711 1869 2767 in
1897 2685 2186 2783 Gobihoc
2281 2685 2469 2781 deni“
2510 2685 2654 2784 sa"?
2702 2693 3055 2786 consufneme
3102 2699 3368 2791 mem“
3395 2730 3411 2754 ’
3468 2707 3635 2797 ("iam
3678 2710 3717 2749 ﬂ
3764 2712 3858 2767 qm

596 2770 913 2846 intelligitur
952 2783 1079 2849 quia
1110 2765 1486 2849 verus'David
1534 2796 1786 2849 Salvator
1840 2804 2020 2849 lsi-api
2059 2822 2182 2849 nnln
2286 2767 2465 2838 glad")
2499 2768 2700 2826 mem“
2745 2776 3050 2834 "Madame
3089 2788 3288 2834 vorat"
3335 2781 3490 2849 Quod
3539 2795 3615 2841 ¹ι³
3662 2787 3867 2844 debere

596 2774 913 2846 intelligitur
952 2783 1079 2850 quia
1110 2802 1269 2845 verus
1314 2790 1486 2850 David
1534 2796 1786 2858 Salvntor
1837 2774 2032 2875 Israel,
2058 2774 2183 2867 ante

596 2860 643 2913 ,ρ
1774 2895 1785 2906 ,
2287 2858 2511 2930 intelligi
2544 2877 2650 2916 non
2688 2864 2999 2936 ambigitur,
3032 2868 3077 2924 si
3117 2869 3233 2939 ipsa
3280 2871 3404 2943 styli
3449 2878 3866 2946 consequentia-

647 2878 795 2933 gem,
840 2877 896 2923 et
945 2874 1046 2929 sub
1087 2875 1221 2948 lege,
1274 2897 1339 2937 ac
1373 2889 1717 2954 postmodum
1771 2911 1824 2950 in
1870 2903 2179 2972 evangelica
2282 2948 2365 2991 vel
2396 2950 2683 2991 ,πονηρία
2712 2962 2863 2991 “mm
2894 2960 3205 2991 “mm”...
3248 2959 3382 2991 mn...
3410 2974 3690 2991 -.........-...
3724 2983 3835 2991 --.-

596 2956 766 2991 nrnliq
818 2958 999 2991 “Anim.
1030 2980 1245 2991 ιυι--ι-ιρ-
1292 2973 1307 2991 ι
1334 2971 1415 2991 Α¹¹ν
1440 2986 1451 2991 -
1617 2980 1630 2991 ¹
1687 2982 1702 2991 “
1764 2985 1776 2991 ⁵

594 2956 769 3036 gratia
816 2958 1001 3019 fideles
1030 2980 1246 3039 semper
1292 2948 1582 3035 bellatores
1615 2948 1855 3052 habuit,
2282 2948 2866 3063 cresiﬁ‘enuf
2893 2960 3224 3014 attendam“
3247 2959 3382 3016 Nam
3410 2974 3693 3063 ipsumam
3724 2983 3867 3038 pm-

591 3056 779 3102 contra
809 3050 1170 3119 Philisthaeos.
1204 3060 1257 3116 id
1285 3074 1384 3128 est,
1424 3068 1687 3129 adversus
1727 3050 1990 3147 malignos
2021 3050 2180 3151 spiri-

2283 3042 2490 3097 mittit:
2526 3062 2547 3096 ‹
2580 3044 2748 3102 Multo
2791 3049 2971 3118 plures
3023 3062 3181 3107 erant
3210 3068 3345 3123 quos
3387 3056 3559 3113 saltus
3603 3075 3860 3116 consum-

592 3147 678 3193 tus
703 3141 1003 3201 dimicavit.
1034 3149 1123 3206 .Ad
1151 3152 1255 3210 hoc
1283 3156 1464 3227 itaque
1496 3164 1715 3220 tertium
1764 3134 1961 3225 bellum
2204 3157 2249 3219 Ο
2280 3134 2578 3230 “iapyge
2616 3137 2828 3208 νομιῶ
2860 3156 3023 3210 quam
3056 3143 3091 3196 ii
3140 3160 3277 3213 quos
3322 3158 3611 3204 vomunt
3652 3152 3867 3221 gladius

591 3231 739 3285 venit
763 3233 816 3287 in
846 3234 982 3304 Gob,
1029 3241 1121 3310 qui
1149 3242 1540 3316 interpretatur
1568 3252 1763 3323 lacus,
1793 3260 1918 3328 quia
1944 3262 2173 3319 Redem-

589 3327 713 3387 ptor
733 3334 941 3391 noster,
971 3329 1097 3384 dum
1128 3335 1275 3390 velut
1297 3337 1425 3394 forti
1462 3356 1673 3401 armato
1696 3327 1890 3405 fortior
1919 3369 2170 3425 superve-

589 3412 666 3464 nit
694 3412 844 3483 (Luc.
888 3417 989 3489 ιι),
1046 3422 1162 3493 ipse
1206 3442 1305 3496 per
1341 3444 1399 3486 se
1427 3434 1590 3491 etiam
1621 3452 1792 3509 usque
1837 3442 1905 3497 ad
1957 3412 2167 3501 inferna

586 3501 881 3562 descendit.
913 3508 1066 3567 Unde
1093 3530 1192 3584 per
1219 3518 1562 3579 Psalmistam
1599 3501 1733 3583 dici-t
1762 3549 1775 3584 :
1815 3550 1833 3584 ι
1868 3532 2168 3591 Posuerunt

587 3607 673 3647 me
699 3594 752 3650 in
785 3596 905 3652 lacu
933 3601 1198 3672 inferiori,
1234 3609 1289 3663 in
1320 3616 1578 3682 tenebris,
1626 3627 1684 3673 et
1733 3624 1926 3678 umbra
1974 3628 2166 3683 mortis

584 3682 754 3788 (IPsaI.
772 3695 1037 3765 Lxxxvn).
1056 3715 1075 3749 ι
1095 3697 1207 3754 Illic
1218 3706 1711 3770 percussitGoliath
1725 3711 2022 3783 Gethaeum,
2037 3720 2163 3788 quia

583 3773 709 3830 dum
734 3777 1030 3837 electorum
1060 3787 1270 3846 animas
1290 3791 1358 3849 de
1380 3796 1638 3866 gehennae
1661 3801 1912 3860 claustris
1940 3806 2160 3877 eripuit,

581 3865 862 3938 antiquum
887 3870 1134 3941 hostem,
1184 3881 1276 3950 qui
1304 3865 1467 3954 super
1504 3902 1600 3943 eos
1633 3894 1972 3962 tyrannidem
1999 3865 2157 3953 e-xer;

581 3955 759 4024 cebat,
798 3959 982 4023 Iethali
1014 3966 1234 4024 vulnere
1258 3976 1549 4032 sauciavit.

1124 4060 1492 4125 DUBITATIO
1536 4070 1595 4127 ν.

650 4135 860 4205 Quaaris
890 4145 1053 4200 etiam
1083 4164 1182 4205 cur
1229 4153 1281 4207 in
1312 4155 1610 4227 Scripturis
1642 4165 1818 4220 sacris
1853 4167 1925 4222 sit
1950 4166 2054 4224 ista
2076 4172 2155 4227 di-

576 4230 827 4297 versitas,
853 4245 913 4289 ut
941 4235 995 4290 in
1023 4238 1157 4296 libro
1197 4242 1400 4315 Regum
1425 4248 1633 4320 legatur
1666 4255 1830 4311 David
1862 4262 2155 4319 redemisse

578 4332 757 4374 aream
792 4322 993 4380 Ornam
1019 4328 1249 4388 Jebuszei
1295 4335 1379 4408 (Il
1412 4338 1540 4410 Reg.
1571 4345 1743 4415 xxiv),
1774 4347 1935 4403 simul
1966 4360 2020 4405 et
2058 4352 2154 4408 bo-

576 4420 665 4461 ves
687 4411 777 4479 qui
798 4412 1055 4471 efferendi
1086 4432 1241 4475 erant
1265 4424 1320 4477 in
1350 4426 1741 4497 holocaustum,
1770 4437 1916 4494 siclis
1940 4443 2148 4509 argenti

574 4505 945 4562 tantummodo
973 4512 1405 4585 quinquaginta;
1439 4534 1564 4575 cum
1606 4524 1661 4578 in
1699 4505 2150 4600 Paralipomenon
2185 4519 2231 4576 ι)

568 4605 668 4661 pro
691 4593 804 4649 sola
836 4613 961 4652 area
987 4600 1201 4659 dedisse
1227 4619 1479 4665 narretur
1502 4614 1621 4669 auri
1652 4628 1937 4681 sexeentos
1958 4622 2156 4679 siclos?

570 4776 623 4829 in
673 4778 811 4834 libro
864 4781 1071 4854 Regum
1125 4787 1292 4845 boves
1339 4800 1710 4854 tantummodo
1761 4776 2150 4878 quinquaginta

567 4868 715 4924 siclis
744 4875 953 4938 argenti
978 4892 1326 4947 comparasse
1349 4884 1515 4941 David
1542 4888 1735 4960 legitur
1754 4910 1773 4958 3
1811 4898 1997 4964 quanti
2024 4914 2151 4955 vero

566 4974 751 5015 aream
791 4974 1212 5038 comparaverit,
1240 4974 1349 5030 illic
1376 4980 1598 5035 omnino
1633 4983 1843 5043 siletur.
1873 4986 2146 5059 Paralipo-

566 5067 762 5108 menon
793 5071 921 5113 vero
965 5060 1106 5117 liber
1146 5066 1212 5123 de
1245 5069 1419 5125 bobus
1449 5085 1479 5125 e
1509 5076 1787 5131 contrario
1836 5088 2001 5145 tacet,
2046 5082 2144 5138 sed

563 5153 799 5211 emptam
828 5154 1098 5208 sexcentis
1125 5157 1245 5211 auri
1287 5159 1434 5214 siclis
1465 5178 1647 5218 aream
1674 5168 1942 5237 perhibet.
1989 5171 2143 5240 Quod

559 5231 720 5291 facile
744 5240 1078 5309 pervidetur,
1120 5247 1163 5300 si
1194 5247 1247 5302 in
1276 5260 1503 5322 utroque
1550 5231 1693 5313 libro
1710 5258 1825 5329 ipsa
1851 5231 2141 5321 verborum

554 5326 731 5383 series
751 5329 1036 5401 diligenter
1056 5341 1375 5398 attenditur.
1413 5342 1545 5400 Nam
1576 5348 1627 5402 in
1655 5326 1795 5407 libro
1821 5338 2141 5424 Regumhic

555 5424 642 5471 est
686 5420 824 5477 ordo
858 5426 1187 5484 verborum:
1239 5450 1259 5484 ί
1289 5433 1435 5489 Emit
1462 5449 1591 5508 ergo
1621 5440 1786 5497 David
1824 5420 2034 5515 aream,
2086 5460 2142 5511 et

555 5506 724 5564 boves
744 5514 963 5582 argenti
1002 5517 1149 5575 siclis
1173 5506 1565 5599 quinquaginta
1607 5530 1823 5603 (lbid.).
1865 5552 1885 5587 ι
1932 5506 2032 5593 Ubi
2062 5506 2142 5594 sic

464 5646 473 5647 ,
558 5598 997 5671 distinguendum
1024 5619 1127 5675 est,
1166 5620 1226 5666 ut
1272 5598 1435 5683 prius
1454 5598 1730 5690 Scriptum
1774 5598 1919 5681 dicat
1952 5644 1966 5681 :
1997 5627 2141 5683 Emit

558 5690 725 5750 David
753 5711 959 5767 aream,
984 5716 1082 5757 nee
1106 5706 1372 5775 exprimat
1394 5712 1613 5779 quanti;
1644 5714 1836 5774 deinde
1859 5728 2137 5790 sequatur,

2278 3225 2333 3279 in
2367 3227 2455 3281 die
2479 3226 2601 3295 illa;
2639 3248 2657 3281 ι
2703 3244 2901 3300 priesto
2936 3234 3213 3306 subjungit
3252 3254 3266 3292 :
3300 3258 3317 3291 ι
3348 3242 3560 3297 Accidit
3588 3254 3770 3300 autem
3801 3256 3862 3301 ut

2276 3328 2589 3373 occurreret
2629 3320 2865 3377 Absalon
2913 3328 3088 3381 servis
3136 3328 3305 3384 David
3351 3333 3548 3387 sedens
3583 3334 3637 3388 in
3668 3337 3853 3392 mulo:

2274 3424 2505 3479 cumque
2534 3412 2808 3484 ingressus
2848 3415 3040 3476 fuisset
3071 3422 3251 3477 mulus
3296 3425 3484 3481 subter
3522 3429 3851 3486 condensam

2274 3510 2536 3571 quercum
2580 3514 2641 3561 et
2670 3523 2946 3577 magnam,
2989 3513 3215 3571 adhaesit
3245 3526 3408 3587 caput
3446 3519 3564 3590 ejus
3592 3523 3849 3590 quercui;

2272 3602 2348 3656 et,
2402 3594 2494 3650 illo
2540 3611 2804 3667 suspenso
2851 3602 2995 3657 inter
3038 3605 3238 3660 caelum
3286 3616 3342 3662 et
3390 3618 3621 3675 terram,
3674 3614 3853 3685 mulus

2273 3685 2358 3738 cui
2389 3685 2663 3744 insederat
2692 3694 3009 3759 pertransiit
3040 3695 3124 3767 (Il
3147 3696 3274 3769 Reg.
3308 3702 3487 3769 xviii).
3526 3720 3547 3754 ο

2799 3813 3164 3877 DUBITATIO
3218 3817 3326 3874 VII.

2336 3918 2470 3975 Illud
2501 3930 2784 3990 praeterea,
2810 3927 2955 3994 quod
2984 3928 3234 3998 inquiris,
3263 3931 3392 4001 quid
3426 3931 3627 3990 factum
3674 3935 3743 3991 sit
3778 3938 3849 3993 de

2265 4022 2392 4063 arca
2428 4010 2637 4065 Domini
2688 4021 2743 4067 et
2791 4013 3145 4072 tabernaculo
3194 4018 3439 4087 foederis,
3489 4038 3610 4092 qua:
3655 4024 3840 4081 fabre-

2263 4097 2405 4153 facta
2432 4108 2561 4154 sunt
2587 4101 2640 4154 in
2668 4101 2903 4158 deserto.
2936 4102 3092 4160 Sicut
3117 4106 3276 4177 hujus
3303 4111 3378 4164 rei
3409 4126 3545 4180 pene
3572 4113 3645 4167 nil
3679 4113 3848 4171 allicit

2262 4187 2566 4259 ignorantia
2587 4231 2603 4258 ,
2636 4192 2710 4247 ita
2741 4194 2831 4248 vix
2860 4194 3067 4266 aliquid
3111 4199 3360 4256 utilitatis
3410 4205 3671 4273 probatur
3707 4222 3841 4261 con-

2262 4277 2408 4337 ferre
2443 4281 2677 4337 notitia:
2714 4291 3277 4355 verumtamen,sieut
3328 4290 3626 4365 Scriptura:
3674 4298 3845 4354 tradit

2259 4370 2580 4436 auctoritas,
2617 4372 2672 4427 in
2704 4384 2888 4432 monte
2916 4377 3161 4453 Abarim,
3208 4382 3299 4438 ubi
3341 4383 3556 4455 Moyses
3591 4391 3839 4459 sepultus

2258 4461 2572 4530 agnoscitur
2603 4463 2783 4535 (Deut.
2834 4471 3057 4541 xuiv),
3090 4471 3497 4533 tabernaculum
3526 4479 3686 4534 simul
3711 4497 3836 4536 cum

2257 4566 2408 4617 arca,
2436 4567 2534 4607 nec
2566 4569 2672 4609 non
2703 4566 2759 4610 et
2786 4556 2956 4611 altare
2986 4559 3192 4619 incensi
3217 4567 3554 4622 reconditum
3585 4567 3837 4627 Ieremia:

2254 4641 2533 4709 propheta:
2572 4646 2822 4700 manibus
2868 4648 3161 4706 invenitur.
3205 4651 3360 4719 Quod
3390 4657 3625 4713 evidenti
3654 4660 3837 4717 decla-

2254 4741 2407 4787 ratur
2454 4734 2686 4801 indicio,
2716 4738 2761 4792 si
2800 4741 3021 4795 secundi
3068 4741 3190 4797 libri
3238 4744 3667 4805 Machabaeorum
3710 4754 3835 4808 dili-

2251 4832 2442 4890 genter
2469 4825 2779 4882 attendatur
2802 4830 3086 4887 exordium
3114 4849 3129 4886 :
3167 4851 3185 4884 ι
3222 4833 3376 4903 Erat,
3404 4838 3599 4909 inquit,
3629 4842 3683 4897 in
3715 4845 3830 4914 ipsa

2251 4913 2544 4983 scriptura,
2576 4917 2847 4984 quomodo
2889 4920 3293 4982 tabernaculum
3334 4937 3391 4983 et
3431 4945 3616 4987 arcam
3660 4913 3831 5005 jussit

2246 5006 2533 5073 propheta,
2562 5006 2747 5063 divino
2763 5024 3025 5080 responso
3054 5013 3120 5069 ad
3151 5031 3211 5071 se
3252 5018 3418 5087 facto,
3448 5024 3699 5087 comitari
3739 5043 3829 5085 se-

2247 5106 2392 5156 cum,
2441 5109 2721 5166 usquequo
2752 5100 2887 5154 exiit
2939 5102 2993 5156 in
3036 5115 3274 5162 montem
3307 5109 3361 5164 in
3405 5126 3567 5181 quem
3611 5112 3825 5186 Moyses

2244 5182 2496 5237 ascendit
2551 5195 2607 5239 et
2654 5186 2791 5242 vidit
2838 5189 2937 5246 Dei
2995 5190 3343 5263 claritatem,
3388 5208 3445 5253 et
3491 5182 3713 5259 veniens
3753 5205 3828 5261 ibi

2245 5270 2510 5329 Jeremias
2551 5274 2758 5332 invenit
2796 5279 2982 5335 locum
3015 5284 3305 5353 speluncte,
3332 5297 3387 5344 et
3417 5290 3825 5351 tabernaculum

2246 5371 2301 5418 et
2328 5380 2534 5433 arcam,
2577 5376 2631 5422 et
2664 5369 2835 5435 altare
2862 5373 3073 5429 incensi
3120 5377 3303 5434 intulit
3340 5379 3492 5449 illuc,
3520 5392 3576 5439 et
3622 5388 3825 5444 ostium

2242 5452 2613 5529 obstruxit(II
2636 5458 2815 5515 Much.
2844 5463 2925 5531 II).
2954 5481 2977 5515 ι
2996 5462 3120 5521 Haec
3143 5466 3310 5538 igitur
3327 5470 3428 5526 tria
3452 5488 3820 5544 sacramenta,

2246 5543 2388 5599 sicut
2451 5547 2652 5603 dictum
2708 5560 2813 5617 est,
2874 5551 3139 5612 Jeremias
3198 5558 3252 5614 in
3314 5562 3540 5632 praefato
3599 5543 3823 5626 Abarim

2247 5644 2431 5690 monte
2461 5639 2780 5697 recondidit.
2812 5644 2866 5698 Si
2901 5646 3030 5716 quid
3070 5658 3252 5706 autem
3281 5640 3347 5708 ex
3378 5654 3464 5712 his
3490 5658 3642 5714 aliud
3670 5672 3821 5730 post-

2250 5724 2467 5782 modum
2511 5726 2711 5786 factum
2740 5730 2924 5802 fuerit,
2952 5745 3045 5791 aut
3079 5749 3224 5795 certe
3250 5744 3293 5798 si
3329 5744 3527 5803 intacta
3561 5765 3815 5819 perman-
