4074 6190
343 382 447 442 δτι

781 387 841 445 S.
882 388 1085 445 PETRI
1126 388 1404 445 DAMIANI
1446 387 1595 445 OPP.
1637 385 1872 444 TOMUS
1928 381 2057 440 SEU
2097 383 2275 440 PARS
2310 383 2395 439 III.
2434 412 2504 423 —
2544 377 2909 438 OPUSCULA
2949 377 3178 435 VARIA.

3508 379 3612 434 628

330 471 534 562 'serint,
557 495 685 566 quia
708 513 969 567 nusquam
997 499 1274 568 Scriptura
1297 507 1715 563 commemorat,
1730 497 1919 554 nostra
1948 500 1998 558 Α
2096 496 2426 553 Potestatem
2456 510 2585 565 ergo
2607 495 2751 550 Deus
2773 491 2974 549 Christi
3006 490 3445 563 persecutoribus
3473 508 3613 564 prte-

346 599 564 658 quoque
594 586 894 656 disquirere
921 588 1210 642 curiositas
1241 602 1347 642 non
1373 596 1689 658 praesumat.

877 675 1244 735 DUBITATIO
1286 677 1413 734 VIII.

413 763 546 819 Illud
571 765 736 819 etiam
772 764 946 830 Isaiae,
975 768 1117 836 quod
1146 768 1243 823 tibi
1284 770 1428 839 petis
1454 771 1650 839 exponi
1681 791 1695 824 :
1730 791 1749 822 ι
1781 769 1924 826 Pro-

342 864 463 925 pter
498 856 677 911 scelus
722 858 904 927 populi
954 860 1058 913 mei
1089 863 1335 930 percussi
1364 878 1511 927 eum,
1542 874 1598 917 et
1626 864 1779 919 dabit
1816 865 1919 919 im—

340 946 485 1013 pium
511 962 611 1016 pro
633 948 930 1017 sepultura,
961 959 1016 1003 et
1049 951 1271 1006 divitem
1302 968 1403 1023 pro
1433 963 1608 1010 morte
1634 970 1729 1009 sua
1758 954 1918 1026 (Isai.

342 1035 503 1107 un),
546 1055 565 1089 ι
599 1046 659 1091 ut
687 1038 842 1094 nobis
878 1040 1115 1105 videtur,
1145 1041 1252 1097 tale
1283 1052 1386 1099 est.
1418 1042 1581 1099 Pater
1608 1044 1775 1117 646
1798 1061 1919 1101 om-

339 1130 589 1200 nipotens
615 1129 813 1186 Filium
832 1142 1054 1203 propter
1074 1135 1250 1205 populi
1268 1137 1350 1191 sui
1378 1147 1601 1205 peccata
1627 1140 1917 1208 percussit,

335 1221 462 1289 quia
488 1221 635 1277 illum
654 1262 667 1286 ,
699 1232 759 1277 ut
789 1233 971 1279 nostra
996 1236 1213 1294 peccata
1244 1228 1468 1296 deleret,
1502 1231 1681 1286 crucis
1706 1233 1919 1300 patibu-

292 1326 297 1327 ί
334 1310 444 1364 lum
469 1312 652 1368 subire
672 1314 972 1369 constituit.
990 1316 1071 1369 Ad
1103 1317 1205 1371 hoc
1230 1318 1375 1372 enim
1396 1329 1479 1374 est
1504 1319 1673 1375 Filius
1702 1337 1731 1374 a
1756 1320 1920 1377 Patre

333 1402 586 1467 traditus,
618 1413 678 1458 ut
699 1419 889 1461 servus
911 1405 1063 1462 ﬁeret
1087 1407 1397 1476 absolutus;
1432 1411 1573 1466 sicut
1594 1413 1915 1481 Apostolus;

335 1513 353 1543 ο
374 1492 474 1560 Qui
497 1496 740 1565 proprio,
755 1496 952 1567 inquit,
972 1498 1111 1553 Filio
1131 1515 1237 1554 non
1258 1503 1516 1570 pepercit,
1534 1503 1625 1557 sed
1644 1520 1742 1573 pro
1762 1506 1918 1561 nobis

328 1581 579 1637 omnibus
608 1584 830 1639 tradidit
849 1585 995 1640 illum
1024 1586 1202 1655 (Rom.
1221 1589 1408 1659 νιιι).›
1433 1590 1633 1648 Adhoc
1656 1593 1916 1649 innocens

326 1667 642 1728 vulneribus
656 1682 739 1729 est
750 1685 1122 1744 pereussus,ut
1135 1688 1387 1747 peccator
1400 1681 1630 1736 exsultet
1646 1698 1675 1735 a
1691 1699 1913 1738 suorum

326 1763 607 1819 vulnerum
639 1765 810 1821 livore
836 1776 1082 1823 sanatus.
1130 1768 1283 1825 Sicut
1313 1786 1408 1838 per
1437 1773 1685 1827 eumdem
1716 1774 1909 1829 Isaiam

2022 586 2161 653 buit,
2191 587 2288 642 sed
2318 595 2376 641 ut
2401 601 2526 641 eum
2560 592 2948 655 persequentes
2985 582 3298 638 occiderent
3326 597 3431 637 non
3460 599 3612 639 man-

2023 678 2189 732 davit.
2232 677 2386 733 Unde
2435 677 2546 731 illic
2591 676 2874 746 prtemittit
2903 676 3187 745 propheta,
3223 674 3451 730 dicens:
3486 694 3506 727 ι
3536 673 3611 733 Ut

2020 778 2359 837 perverteret
2396 767 2669 822 hominem
2700 766 2751 820 iu
2777 764 2984 833 judicio
3009 780 3126 831 suo,
3155 764 3418 819 Dominus
3450 764 3609 835 igno-

2023 858 2163 912 ravit
2217 856 2432 930 (Tm-en.
2490 859 2605 928 ιιι).
2641 878 2658 909 ι
2703 855 3050 913 Perverteret
3098 858 3297 926 quippe
3348 856 3607 912 Dominus

2024 947 2074 1001 in
2100 947 2306 1015 judicio
2332 948 2629 1013 hominem,
2654 948 2699 1001 si
2722 946 3075 1002 condemnari
3106 946 3425 1015 przeciperet
3451 944 3606 1001 inno-

2022 1046 2261 1093 centem.
2295 1037 2401 1093 Sed
2430 1038 2575 1093 aliud
2606 1047 2691 1093 est
2714 1036 3094 1101 condemnare,
3118 1036 3260 1091 aliud
3290 1052 3319 1091 a
3350 1038 3607 1092 condem-

2023 1129 2259 1183 nationis
2284 1128 2552 1198 supplicio
2584 1143 2691 1182 non
2723 1128 2967 1196 eripere;
2999 1126 3144 1181 aliud
3173 1128 3224 1182 in
3256 1136 3482 1182 conatus
3511 1143 3599 1183 sa-

2021 1221 2251 1291 crilegos
2295 1207 2539 1275 furentes
2593 1219 2891 1291 impellere,
2942 1218 3085 1274 aliud
3131 1234 3468 1289 nequaquam
3509 1236 3601 1276 ac-

2020 1312 2159 1381 cepti
2210 1310 2415 1367 furoris
2459 1311 2725 1366 insaniam
2770 1311 3067 1367 refrenare.
3109 1310 3273 1383 647
3309 1311 3461 1367 Unde
3494 1312 3600 1369 illic

2022 1418 2127 1457 non
2157 1405 2479 1474 ignorando,
2509 1404 2602 1459 sed
2633 1403 2971 1473 reprobando
2997 1402 3345 1474 subiungitur
3370 1423 3384 1459 :
3423 1423 3440 1455 ‹
3472 1403 3603 1472 Quis

2020 1504 2103 1549 est
2140 1495 2243 1551 iste
2283 1497 2375 1566 qui
2414 1496 2551 1551 dixit
2594 1504 2653 1550 ut
2704 1496 2876 1559 lieret,
2925 1495 3155 1550 Domino
3190 1510 3295 1549 non
3338 1495 3602 1565 jubente?

2020 1583 2207 1655 (Ibid.)
2245 1604 2264 1637 ι
2329 1586 2559 1641 Domino
2612 1585 2745 1640 dicit
2794 1600 2897 1639 non
2939 1583 3197 1652 iubente,
3258 1600 3363 1639 non
3420 1594 3600 1641 tamen

2018 1674 2356 1742 prohibente.
2386 1674 2503 1729 Non
2544 1688 2674 1745 ergo
2720 1674 3158 1744 persecutoribus
3196 1674 3338 1729 Deus
3394 1658 3455 1727 ut
3485 1673 3603 1729 Sal-

2016 1774 2260 1820 vatorem
2311 1774 2558 1820 nostrum
2607 1765 2985 1835 cruciﬁgercnt
3024 1764 3227 1833 jussit,
3275 1765 3401 1836 quia
3462 1763 3597 1820 nihil

324 1853 554 1909 dicitur:
578 1855 732 1926 «Ipse
746 1866 925 1913 autem
941 1859 1253 1917 vulneratus
1268 1869 1351 1916 est
1364 1864 1911 1935 propteriniquitates
1939 1857 1986 1917 B
2017 1859 2069 1913 in
2118 1873 2183 1913 eo
2206 1858 2349 1927 quod
2379 1856 2707 1928 puniendum
2740 1866 2885 1912 esset
2921 1856 3147 1910 invenit.
3177 1854 3292 1909 Non
3326 1864 3505 1911 tamen
3530 1870 3597 1911 ne

326 1951 561 2009 nostras,
595 1945 816 2001 attritus
860 1955 944 2002 est
982 1957 1203 2018 propter
1245 1951 1452 2006 scelera
1496 1961 1715 2019 nostra,
1756 1956 1911 2025 cujus

324 2031 493 2088 livore
533 2036 709 2090 sanati
752 2052 939 2092 sumus
987 2036 1144 2109 (Isai.
1180 2041 1372 2106 1.111).:
1428 2042 1533 2096 Sed
1580 2042 1911 2115 Redemptor

322 2129 510 2176 noster
547 2136 647 2192 pro
669 2124 879 2179 duobus
911 2126 1144 2195 populis,
1197 2130 1385 2199 gentili
1432 2132 1685 2187 videlicet
1722 2143 1777 2188 et
1804 2132 1903 2189 .lu-

323 2212 480 2267 «laico
506 2214 616 2282 pati
647 2215 901 2286 dignatus
928 2229 1032 2283 est,
1066 2235 1298 2291 quorum
1326 2223 1465 2277 alter
1508 2224 1727 2295 impius,
1756 2201 1909 2280 .alter

322 2303 473 2359 dives
503 2305 700 2360 merito
725 2308 1028 2364 dicebatur.
1057 2310 1127 2365 Et
1163 2311 1381 2381 gentilis
1424 2313 1641 2383 quidem
1678 2316 1906 2384 populus

326 2395 525 2466 impius
570 2407 711 2464 erat,
761 2400 888 2470 quia
938 2401 1097 2458 idolis
1144 2405 1389 2461 serviens
1436 2407 1693 2475 pietatem
1738 2409 1902 2463 divini

326 2485 505 2541 cultus
535 2487 834 2559 ignorabat.
874 2489 1004 2546 Rrec
1029 2501 1209 2548 autem
1251 2495 1425 2565 pictas
1456 2496 1646 2553 Graece
1681 2498 1901 2563 dicitur,

316 2577 608 2647 θεοσέϐειας
651 2580 912 2639 Iudaicus
956 2599 1089 2639 vero
1132 2587 1359 2656 populus
1387 2589 1540 2644 dives
1587 2590 1899 2658 exstiterat;

315 2670 467 2737 quia,
497 2673 626 2726 dum
681 2673 919 2729 Sabbata
940 2714 954 2738 ,
988 2676 1462 2732 circumcisionem
1482 2720 1496 2743 ,
1554 2682 1899 2747 neomeuias,

314 2774 616 2833 omnesque
660 2765 1016 2819 caeremonias
1061 2767 1257 2821 divina:
1301 2769 1435 2839 legis
1484 2772 1725 2841 accepit,
1779 2781 1899 2826 tan-

312 2865 478 2917 quam
520 2852 755 2921 copiosis
802 2854 1043 2909 thesauri
1075 2855 1312 2911 caelestis
1343 2858 1547 2913 divitiis
1582 2860 1895 2915 abundavit.

312 2937 521 3005 Quibus
551 2940 851 2997 exuberare
876 2943 1084 3000 divitiis
1109 2945 1425 3001 Corinthios
1466 2945 1577 3014 jam
1607 2963 1901 3004 conversos

312 3030 514 3086 Paulus
549 3032 891 3099 exsultabat,
922 3049 1046 3089 cum
1074 3036 1319 3091 diceret:
1358 3058 1375 3089 ε
1405 3038 1621 3094 Gratias
1656 3056 1759 3110 ago
1790 3042 1899 3097 Deo

312 3138 439 3179 meo
476 3139 697 3195 semper
733 3141 835 3195 pro
877 3125 1033 3181 vobis
1059 3128 1112 3182 in
1145 3129 1321 3200 gratia
1351 3129 1472 3197 Dei,
1502 3146 1622 3199 quae
1655 3133 1781 3188 data
1809 3141 1895 3189 est

2015 1950 2428 2021 crucifigeretur
2483 1948 2745 2011 inhibuit,
2814 1948 2962 2017 quia,
3026 1962 3125 2016 pro
3179 1946 3362 2001 mundi
3421 1946 3597 2002 salute

2013 2053 2321 2107 passurum,
2369 2036 2677 2091 nullatenus
2722 2052 2845 2091 eum
2892 2049 2959 2089 cx
3009 2035 3297 2105 impiorum
3341 2036 3594 2091 manibus

2013 2131 2282 2187 liberavit.
2321 2130 2476 2187 Unde
2505 2129 2642 2185 bene
2674 2144 2798 2183 mox
2830 2127 3085 2182 additur:
3132 2146 3151 2180 ‹
3180 2127 3259 2181 Ex
3289 2143 3385 2182 ore
3426 2128 3592 2183 Altis-

2010 2221 2131 2275 simi
2164 2237 2270 2276 non
2299 2221 2647 2290 egredientur
2678 2236 2777 2275 nec
2816 2220 2977 2284 bona,
3021 2234 3121 2275 nec
3150 2220 3287 2274 mala
3316 2218 3527 2289 (lbid.).
3568 2242 3585 2267 ι

2008 2310 2155 2364 Bona
2210 2311 2410 2381 quippe
2466 2310 2860 2381 procederent,
2936 2310 2980 2365 si
3032 2325 3154 2365 eum
3208 2310 3275 2364 de
3326 2310 3591 2380 supplicio

2007 2398 2150 2469 quod
2198 2399 2541 2469 irrogabalur
2585 2400 2849 2468 eriperet;
2887 2399 3026 2453 mala
3073 2414 3237 2464 vero,
3287 2400 3333 2454 si
3382 2401 3589 2457 crimen

2007 2489 2059 2542 in
2092 2504 2157 2543 eo
2187 2488 2278 2559 qui
2312 2488 2590 2559 suppliciis
2641 2488 3033 2559 adjudicandus
3089 2487 3253 2543 fuerit
3296 2491 3581 2559 reperiret.

2008 2578 2064 2632 lu
2099 2581 2353 2649 passione
2382 2595 2511 2651 ergo
2541 2578 2742 2634 Christi
2789 2596 2852 2633 ex
2886 2594 2981 2634 ore
3005 2579 3270 2635 Altissimi
3315 2595 3416 2635 nec
3447 2581 3587 2637 bona

2004 2671 2376 2741 egrediuntur,
2408 2687 2507 2725 nec
2537 2670 2700 2735 mala,
2736 2670 2861 2739 quia
2894 2669 3055 2725 Pater
3096 2686 3221 2725 eum
3268 2686 3369 2726 nec
3393 2687 3459 2726 ex
3488 2689 3585 2743 po.

2006 2769 2202 2817 testate
2240 2760 2457 2825 liberat,
2488 2776 2590 2815 nec
2632 2776 2699 2815 ex
2745 2760 2878 2832 legis
2924 2761 3181 2831 aequitate
3220 2763 3580 2830 condemnat;

2003 2850 2128 2918 quia
2177 2849 2307 2904 licet
2348 2866 2455 2904 non
2486 2851 2719 2919 reperiat
2749 2861 3122 2919 peccatorem,
3164 2867 3262 2918 pro
3300 2853 3475 2909 salute
3502 2862 3585 2909 ta-

2002 2958 2124 2998 men
2153 2943 2339 2997 mundi
2367 2944 2419 2996 in
2452 2943 2707 3011 passione
2734 2943 2965 3012 positum
2996 2959 3100 2998 non
3135 2945 3296 3014 eripit
3324 2946 3583 3001 innocen-

2002 3041 2129 3086 tem.
2182 3030 2357 3086 Nullis
2410 3032 2555 3086 videt
2607 3033 2846 3102 peccatis
2875 3032 3192 3097 obnoxium,
3249 3050 3350 3089 nec
3399 3043 3578 3090 tamen

2000 3125 2176 3179 reddit
2212 3126 2503 3194 impiorum
2543 3126 2794 3180 manibus
2823 3125 3151 3193 absolutum,
3200 3136 3258 3181 ut
3282 3126 3411 3181 dum
3436 3128 3582 3183 subit

310 3216 467 3272 vobis
519 3216 574 3271 in
623 3216 845 3273 Christo
893 3215 1059 3287 Iesu;
1103 3220 1229 3291 quia
1280 3221 1337 3277 in
1392 3224 1649 3279 omnibus
1696 3224 1893 3281 divites

2005 3215 2261 3269 innocens
2308 3228 2546 3284 poenam,
2593 3215 2683 3283 qui
2724 3224 2977 3285 peccator
3019 3223 3104 3269 est
3150 3225 3459 3271 revertatur
3509 3216 3577 3296 ad

308 3302 438 3358 facti
472 3304 607 3360 estis
633 3305 687 3359 in
718 3304 842 3371 illo,
875 3306 931 3361 iu
958 3308 1107 3363 omni
1136 3308 1326 3374 verbo,
1354 3318 1408 3365 et
1439 3310 1493 3366 in
1527 3313 1675 3367 omni
1709 3313 1891 3369 scien-

310 3392 407 3458 tia,
431 3392 508 3449 Ita
531 3404 589 3449 ut
617 3394 752 3450 nihil
781 3397 936 3453 vobis
961 3397 1102 3453 desit
1129 3399 1183 3453 in
1214 3399 1322 3454 ulla
1349 3403 1524 3470 gratia
1550 3401 1615 3471 (I
1644 3402 1765 3458 Cor.
1792 3404 1887 3475 1).»

310 3480 565 3537 Salvator
599 3497 733 3555 ergo
758 3494 964 3550 noster,
999 3501 1098 3555 pro
1134 3498 1311 3544 morte
1334 3505 1497 3559 quam
1530 3491 1582 3545 iu
1614 3506 1673 3548 se
1709 3508 1893 3549 susce-

307 3571 410 3640 pit,
451 3571 587 3628 duos
616 3573 684 3628 de
728 3584 905 3630 morte
934 3576 1291 3633 resuscitatos
1335 3578 1483 3633 Patri
1512 3580 1741 3650 populos
1769 3582 1892 3637 red-

306 3662 467 3728 didit,
495 3663 755 3733 gentilem
784 3664 1011 3729 scilicet,
1046 3666 1139 3736 qui
1186 3669 1526 3726 daemonibus
1567 3671 1697 3725 olim
1727 3672 1890 3743 impie

304 3754 599 3819 serviebat,
620 3763 677 3811 et
700 3753 1006 3823 Iudaicum,
1030 3758 1147 3828 qui,
1166 3762 1417 3831 quamvis
1437 3764 1775 3819 occidentem
1802 3765 1891 3820 lit-

304 3853 478 3900 teram
519 3853 750 3914 tenens,
785 3856 841 3904 et
903 3849 1271 3907 viviﬁcantem
1317 3853 1569 3923 spiritum
1616 3856 1885 3922 nesciens,

302 3935 501 3992 divinat
531 3944 712 3993 tamen
740 3936 876 4009 legis
906 3941 1127 3997 divitias
1158 3942 1492 4012 possidebat.

842 4028 1210 4087 DUBITATIO
1245 4031 1336 4087 IX.

374 4116 658 4174 Postremo
702 4122 844 4190 quod
884 4122 1085 4190 quaeris
1128 4123 1257 4179 illud
1308 4123 1559 4181 Jcremiae
1609 4127 1886 4197 propheta:

300 4205 430 4273 quid
468 4206 579 4259 sit:
620 4225 638 4256 ι
670 4207 748 4261 Ex
789 4222 885 4262 ore
922 4208 1187 4266 Altissimi
1233 4228 1341 4267 non
1391 4215 1742 4284 egredientur
1786 4232 1885 4272 nec

305 4288 468 4351 bona,
502 4302 601 4344 nec
628 4290 772 4344 mala
814 4290 1026 4350 (Thren.
1064 4293 1183 4363 III);
1220 4312 1239 4346 ι
1295 4298 1499 4353 famosa
1532 4300 1759 4365 qumstio
1796 4309 1883 4355 est

303 4395 442 4449 pene
481 4382 649 4436 totius
681 4381 958 4439 Ecclesiaz.
984 4386 1029 4439 A
1060 4386 1311 4459 plurimis
1339 4390 1482 4444 enim
1507 4391 1792 4460 quaeritur,
1825 4398 1879 4444 et

301 4472 531 4526 celebris
559 4475 730 4529 currit
756 4489 850 4543 per
883 4491 978 4531 ora
1010 4478 1325 4534 multorum.
1361 4480 1491 4546 Sed,
1523 4496 1589 4536 eo
1615 4483 1879 4553 largiente

300 4563 393 4631 qui
422 4566 602 4634 aperit
633 4566 828 4621 librqu
863 4579 917 4625 et
940 4570 1103 4626 solvit
1123 4572 1401 4641 signacula
1437 4574 1557 4644 ejus
1586 4574 1770 4645 (Apoc.
1798 4575 1875 4645 v),

300 4655 416 4713 lucc
455 4657 610 4715 facile
653 4664 883 4730 quaestio
927 4664 1182 4733 solvitur,
1210 4667 1255 4722 si
1306 4683 1416 4721 non
1454 4684 1517 4723 ex
1555 4669 1732 4736 nobis,
1777 4669 1873 4725 sed

296 4764 363 4831 ex
460 4750 554 4805 κιο
635 4754 967 4811 conﬁdentia
1056 4770 1435 4826 praesumatur.
1518 4759 1875 4831 Omnipotens

290 4830 474 4896 Pater,
526 4844 582 4889 et
625 4837 969 4897 innocentem
1021 4841 1216 4897 Filium
1277 4845 1565 4915 impiorum
1621 4830 1871 4907 manibus

292 4923 551 4990 tradidit,
583 4933 639 4981 et
680 4935 860 4985 tamen
889 4945 920 4984 a
956 4940 1105 4987 recto
1138 4933 1365 5002 iustitia:
1406 4938 1626 4993 tramite
1653 4956 1759 4995 non
1794 4956 1873 4996 re-

262 5013 482 5080 cessit;
522 5014 782 5083 quoniam
811 5016 935 5073 inde
969 5020 1239 5088 justitiam
1272 5023 1528 5081 reﬂorere
1565 5031 1867 5097 constituit,

288 5100 433 5188 unde
457 5099 607 5156 illum
637 5103 706 5160 ad
734 5114 945 5177 tempus
970 5108 1252 5174 iniustitia:
1288 5114 1571 5184 subjacere
1603 5121 1870 5188 permisit.

287 5187 443 5246 Sicut
468 5193 521 5247 in
551 5194 694 5252 libro
718 5194 1012 5266 Sapientiae
1051 5199 1282 5271 legitur:
1323 5221 1342 5255 ι
1371 5203 1505 5259 Cum
1538 5187 1636 5271 sis,
1673 5210 1869 5278 inquit,

277 5279 479 5350 justus,
516 5283 664 5354 juste
713 5289 897 5343 omnia
949 5290 1192 5361 disponis
1242 5291 1391 5365 (Sap.
1435 5296 1595 5367 xu):
1633 5317 1652 5350 ι
1692 5300 1866 5369 ipsum

258 5390 501 5445 quoque
546 5377 638 5449 qui
685 5395 790 5435 non
833 5380 998 5437 debet
1041 5385 1249 5454 puniri,
1298 5388 1645 5443 condemnas.
1707 5391 1868 5446 Pater

283 5473 470 5532 Itaque
496 5464 693 5521 Filium
724 5480 955 5526 mortem
988 5472 1169 5527 subire
1200 5475 1465 5543 permisit,
1492 5487 1863 5535 verumtamen

284 5559 343 5604 ut
390 5568 515 5609 eum
561 5560 916 5629 perimet-ent,
948 5565 1386 5634 peremptoribus
1432 5581 1540 5621 non
1575 5569 1861 5639 praecepit;

281 5647 521 5721 alioquin
570 5651 922 5722 inculpabiles
969 5659 1312 5716 exstitissent
1343 5661 1468 5715 dum
1502 5659 1860 5716 miniSterium

280 5743 579 5814 impietatis
604 5746 937 5804 ascriberent
964 5749 1183 5818 pietatis
1212 5756 1444 5809 auctori.

1999 3304 2232 3358 veniam.
2258 3304 2323 3358 Et
2345 3303 2471 3357 dum
2499 3320 2660 3369 unus,
2688 3304 2780 3374 qui
2804 3319 2910 3358 nou
2935 3305 3117 3368 debet,
3146 3303 3305 3391 solvit
3332 3305 3577 3360 omnium

1998 3395 2200 3459 debita,
2240 3410 2451 3459 omnes,
2499 3396 2591 3467 qui
2632 3396 2731 3451 sub
2768 3395 3022 3466 originali
3053 3405 3281 3451 vetusta:
3308 3396 3579 3453 cautionis

1993 3484 2183 3541 fenore
2214 3487 2537 3542 tenebantur
2562 3486 2796 3552 astricti,
2838 3484 3053 3541 rescissi
3080 3485 3424 3557 ehimgraphi
3457 3486 3580 3542 red-

1993 3576 2191 3633 dantur
2220 3577 2429 3649 legibus
2456 3577 2709 3633 absoluti.

2545 3667 2913 3725 DUBITATIO
2950 3668 3020 3723 Χ.

2062 3765 2117 3819 1η
2147 3762 2250 3818 hoc
2274 3763 2459 3826 etiam,
2489 3762 2632 3830 quod
2660 3770 2713 3815 tu
2743 3777 2847 3815 non
2880 3761 3205 3833 interrogas,
3244 3775 3345 3832 ego
3374 3760 3573 3831 saapius

1992 3840 2252 3917 dubitavi,
2285 3867 2382 3906 cur
2432 3848 2600 3905 David
2644 3847 2778 3905 .Ioab
2819 3860 2873 3905 et
2901 3849 3103 3917 Semei,
3150 3850 3347 3920 quibus
3397 3850 3570 3904 iratus

1990 3954 2131 4008 erat,
2183 3943 2309 3999 dum
2362 3942 2658 4006 adviveret,
2692 3940 2991 3996 clementer
3028 3941 3282 4007 indulsit;
3332 3942 3571 3996 moriens

1990 4043 2171 4089 autem
2224 4032 2522 4096 Salomoni,
2568 4030 2789 4086 sibimet
2841 4031 2892 4085 in
2922 4041 3135 4100 sceptra
3185 4029 3333 4100 regia
3385 4043 3573 4083 succe-

1990 4125 2158 4188 denti,
2185 4123 2488 4195 perdendos
2518 4135 2640 4177 esse
2666 4121 2938 4175 mandavit
2986 4140 3005 4174 ‹
3063 4120 3164 4186 Τιι,
3199 4120 3393 4191 inquit,
3428 4119 3569 4174 nosti

1988 4231 2108 4285 qua:
2148 4214 2340 4270 fecerit
2375 4214 2505 4269 mihi
2554 4211 2691 4269 Joab
2744 4213 2884 4268 [ilius
2933 4213 3159 4281 Sarvim,
3212 4229 3333 4283 qua:
3376 4212 3570 4267 fecerit

1987 4305 2197 4360 duobus
2244 4304 2578 4376 principibus
2626 4304 2900 4359 exercitus
2962 4303 3162 4370 Israel,
3215 4303 3401 4358 Abner
3456 4302 3568 4356 ﬁlio

1989 4394 2113 4459 Ner,
2146 4402 2203 4449 et
2242 4394 2457 4448 Amasaa
2484 4393 2592 4449 lilio
2618 4392 2826 4459 Jether,
2864 4408 2999 4463 quos
3038 4394 3264 4458 occidit,
3294 4402 3349 4449 et
3377 4392 3568 4448 effudit

1985 4485 2303 4555 sanguinem
2354 4484 2479 4539 belli
2528 4484 2581 4537 in
2635 4499 2789 4554 pace.
2821 4502 2840 4535 ›
2897 4485 3075 4553 Atque
3120 4483 3278 4552 paulo
3315 4493 3435 4552 post
3473 4482 3568 4536 ad-

1907 4551 1961 4612 D
1987 4551 2121 4630 didit
2146 4593 2161 4631 :
2195 4593 2213 4626 σ
2243 4575 2433 4630 Facies
2459 4589 2589 4646 ergo
2619 4551 2776 4645 j-uxta
2807 4551 3133 4643 sapientiam,
3162 4551 3331 4637 tuam,
3374 4581 3429 4627 et
3454 4587 3561 4627 non

1985 4666 2215 4723 deduces
2241 4667 2494 4722 canitiem
2526 4666 2644 4735 ejus
2679 4667 2903 4736 paciﬁce
2938 4666 3005 4720 ad
3038 4665 3239 4720 inferos
3265 4664 3397 4736 (111
3428 4664 3559 4734 Reg.

1983 4757 2070 4826 ιι).
2127 4776 2145 4808 ι
2179 4757 2257 4811 De
2295 4757 2474 4812 Semei
2516 4771 2731 4827 quoque
2759 4756 2839 4812 sic
2864 4756 2981 4810 ait:
3015 4773 3034 4806 ι
3087 4756 3267 4811 Habes
3294 4764 3350 4808 et
3380 4753 3561 4809 Semei

1981 4848 2122 4917 apud
2154 4856 2206 4902 te
2246 4846 2415 4901 lilium
2454 4845 2594 4901 Gera
2644 4845 2738 4898 lilii
2789 4844 3002 4900 Gemini
3045 4845 3113 4899 de
3157 4843 3435 4907 Bahurim,
3468 4843 3561 4911 qui

1978 4936 2259 4991 maledixit
2285 4937 2417 4991 mihi
2454 4936 2834 4991 maledictioue
2864 4936 3129 5005 pessima,
3176 4936 3394 5004 quando
3418 4935 3560 4988 ibam

1972 5028 2039 5082 ad
2063 5037 2273 5093 castra;
2308 5047 2327 5080 ι
2362 5027 2556 5082 deinde
2582 5026 2910 5097 quibusdam
2940 5027 3279 5097 interpositis
3311 5026 3554 5080 addidit:

1972 5138 1991 5171 ι
2024 5121 2372 5190 Deduccsque
2422 5135 2589 5175 cauos
2634 5118 2752 5187 ejus
2800 5136 2924 5175 cum
2964 5121 3227 5191 sanguine
3272 5118 3341 5173 ad
3394 5116 3559 5172 infer-

1972 5227 2099 5264 num
2131 5210 2342 5281 (Ibid.).
2380 5230 2399 5262 ι
2434 5210 2573 5277 Quid
2618 5223 2703 5265 est
2750 5212 2895 5266 enim
2927 5212 3071 5281 quod
3100 5224 3195 5266 eos
3246 5210 3415 5265 David
3441 5221 3555 5263 mo-

1967 5301 2112 5356 riens
2142 5302 2362 5356 damnat
2390 5302 2587 5370 quibus
2641 5300 2873 5356 vivendo
2900 5309 3240 5372 pepercerat,
3270 5314 3395 5354 cum
3425 5312 3552 5367 pro-

1970 5392 2114 5447 feclo
2160 5393 2390 5447 rationis
2434 5395 2568 5447 ordo
2637 5393 2898 5463 deposcat
2948 5401 3007 5446 ut
3053 5393 3106 5446 in
3155 5389 3553 5460 perduelliones

1969 5484 2054 5536 vel
2099 5482 2371 5552 quoslibet
2412 5482 2665 5537 inimicos
2713 5482 2903 5537 vivens
2949 5483 3276 5537 sententiam
3329 5478 3555 5555 ultionis

1971 5583 2272 5636 exsereret,
2304 5574 2544 5629 moriens
2576 5583 2757 5627 autem
2788 5573 2863 5629 eis
2897 5572 3328 5629 misericorditer
3364 5569 3545 5627 indul-

2002 5663 2162 5718 eret?

1968 5681 2161 5734 geret:

2041 5750 2145 5807 Sed
2176 5752 2452 5809 sciendum
2506 5762 2588 5809 est
2632 5754 2756 5823 quia
2804 5768 2902 5825 per
2947 5769 3174 5824 regnum
3219 5750 3410 5818 David,
3454 5748 3548 5821 qui
