4074 6190
485 289 589 346 6‘29

1154 295 1394 353 OPUSC.
1442 296 1704 352 XXXVII.
1744 329 1813 338 —-
1856 298 1941 352 DE
1982 294 2207 350 VARUS
2248 297 2488 354 SACRIS
2529 300 3075 367 QUAiSTIONIBUS.

3619 312 3725 369 030

487 412 565 458 tot
606 406 1072 472 persecutionibus
1106 417 1162 464 et
1184 412 1440 466 aerumnis
1486 413 1727 475 attritus,
1758 422 1833 468 tot
1861 414 2045 468 adver-

2148 408 2407 476 justitiam
2458 413 2679 469 indicat.
2718 416 2850 483 Quia
2900 432 3038 473 unus
3093 419 3341 489 idemque
3396 420 3725 493 Redemptor

487 492 740 548 sitatibus
767 502 823 547 et
853 494 1048 565 inopiis
1076 513 1196 552 cum
1231 500 1344 554 suis
1369 502 1828 565 commilitonibus
1869 511 1953 558 erit
1980 503 2058 557 af-

487 581 688 648 ﬁictus,
732 584 835 639 hoc
877 599 1117 654 praesens
1162 591 1417 645 saeculum
1468 593 1797 664 designatur.
1851 596 1904 650 in
1951 610 2060 667 quo

487 688 610 728 cum
637 674 751 729 suis
778 676 1037 749 membris
1065 678 1312 735 Christus
1339 681 1609 753 afﬂigitur,
1645 686 1935 755 multisque
1959 688 2059 742 tri-

489 765 856 822 bulationibus
898 768 1134 824 Ecclesia
1166 771 1457 827 laceratur.
1484 774 1728 843 Regnum
1758 792 1885 831 vero
1912 778 2060 833 Salo-

492 857 690 921 monis,
721 858 812 927 qui
838 859 1041 915 divitiis
1070 870 1124 915 et
1154 862 1325 933 gloria
1356 874 1551 920 cuncta
1601 868 1859 937 regalium
1889 869 2060 939 digni-

494 953 666 1000 tatum
707 946 833 1015 jura
880 952 1233 1018 transcendit,
1273 955 1457 1009 omnia
1506 956 1821 1027 principalis
1848 960 2058 1027 imperii

495 1038 703 1107 fastigia
730 1042 1025 1110 superavit,
1056 1042 1248 1099 futurze
1271 1046 1396 1101 vitae
1418 1047 1703 1103 denuntiat
1731 1050 1978 1120 gloriam,
2007 1052 2058 1106 in

492 1143 596 1198 qua
622 1130 871 1186 Christus
919 1147 1045 1187 vere
1068 1135 1325 1203 paciﬁcus
1356 1146 1560 1192 aeterna
1588 1155 1710 1193 cum
1739 1141 1852 1193 suis
1880 1142 2060 1210 quiete

492 1220 807 1291 perfruitur,
853 1239 917 1279 ac
957 1226 1193 1282 caelestis
1216 1228 1451 1283 convivii
1480 1229 1709 1300 dapibus
1739 1231 2060 1288 solemuiter

491 1311 756 1379 epulatur.

563 1400 711 1455 Unus
737 1403 919 1473 igitur,
948 1405 1194 1476 idemque
1222 1406 1550 1479 Redemptor
1578 1420 1782 1479 noster,
1815 1423 1867 1470 et
1893 1414 2061 1487 648

490 1505 631 1544 nunc
655 1492 822 1547 David
850 1503 958 1559 est,
986 1504 1041 1549 et
1069 1504 1195 1551 tunc
1224 1497 1478 1555 Salomon
1507 1502 1642 1568 erit;
1671 1503 1793 1572 quia
1819 1512 1873 1557 et
1900 1508 2059 1561 modo

492 1589 744 1648 tanquam
785 1583 1106 1639 manufortis
1156 1601 1253 1655 per
1293 1590 1536 1644 membra
1585 1606 1680 1645 sua
1721 1600 1908 1647 contra
1938 1594 2057 1648 dia-

489 1668 665 1722 bolum
705 1685 945 1742 pugnare
982 1688 1088 1728 non
1136 1675 1334 1730 desinit
1368 1693 1383 1729 :
1416 1685 1470 1732 et
1512 1686 1662 1743 tunc,
1694 1682 1866 1750 sopita
1898 1696 2052 1750 pror-

2160 506 2363 563 noster,
2392 508 2446 554 et
2473 517 2614 555 nunc
2664 505 2817 573 quasi
2859 504 3023 559 David
3055 509 3406 577 reproborum
3433 512 3730 579 pravitates

2158 589 2534 656 mquanimiter
2559 593 2773 657 tolerat,
2817 602 2870 646 et
2897 596 3237 662 postmodum
3277 606 3528 668 tanquam
3578 602 3730 659 Salo-

2159 689 2284 728 mon
2310 675 2359 729 in
2392 677 2561 747 gloria
2611 695 2705 733 sua
2737 683 2955 737 veniens
2983 699 3075 739 eos
3105 686 3257 754 quasi
3301 689 3507 744 vibrato
3539 691 3729 760 jndicii

2160 765 2241 819 sui
2275 782 2531 824 mucrone
2561 771 2810 826 trucidat.
2828 772 2953 828 Haec
2974 774 3253 832 alternitas
3279 779 3441 834 divini
3466 784 3730 840 examinis

2159 854 2470 924 frequenter
2500 859 2554 913 in
2608 861 2809 915 eisdem
2844 863 3011 918 David
3063 868 3403 923 sermonibus
3438 871 3728 938 invenitur,

2159 943 2297 997 sicut
2348 944 2484 999 ille:
2531 965 2549 997 ι
2586 946 3054 1017 Misericordiam,
3108 953 3321 1023 inquit,
3370 964 3425 1010 et
3468 959 3729 1027 judicium

2159 1033 2389 1087 cantabo
2416 1034 2532 1099 tibi,
2552 1035 2776 1091 Domine
2797 1035 2967 1107 (Psal.
2989 1041 3062 1111 c).
3093 1042 3204 1096 rEt
3228 1061 3240 1097 :
3261 1063 3277 1095 ι
3310 1044 3729 1103 Misericordiam

2158 1131 2212 1177 et
2242 1124 2524 1180 veritatem
2552 1127 2723 1198 diligit
2749 1130 2889 1184 Deus
2920 1130 3093 1203 (Psal.
3142 1136 3392 1207 sxxxm).
3422 1137 3731 1195 Misericor-

2160 1211 2244 1265 dia
2270 1221 2324 1267 et
2346 1215 2547 1269 veritas
2576 1217 2931 1274 obviaverunt
2959 1221 3060 1277 sibi
3091 1220 3263 1292 (Psal.
3307 1228 3547 1297 Lxxxtv).
3583 1247 3602 1280 ι
3640 1227 3734 1284 Sic

2158 1301 2339 1371 itaque
2365 1304 2489 1360 dum
2521 1308 2887 1364 misericordia
2928 1313 3167 1377 veritati,
3201 1317 3354 1384 quasi
3383 1318 3551 1374 David
3592 1335 3734 1390 prae-

2158 1394 2379 1461 ponitur
2409 1394 2726 1463 Salomoni,
2776 1410 2836 1453 ut
2874 1416 3010 1470 quos
3046 1404 3133 1471 pie
3179 1405 3345 1461 David
3385 1423 3482 1477 per
3523 1409 3734 1466 miseri-

2157 1482 2397 1536 cordiam
2438 1486 2689 1551 sustinet,
2724 1485 2980 1543 Salomon
3023 1505 3119 1560 per
3141 1493 3406 1561 judicium
3426 1494 3573 1564 juste
3602 1513 3731 1554 con-

2159 1573 2394 1627 demnet.
2422 1575 2488 1629 Et
2516 1579 2807 1632 notandum
2831 1582 2974 1648 quod
3004 1597 3099 1653 per
3126 1582 3281 1650 Joab,
3312 1587 3403 1656 qui
3427 1588 3538 1645 suis
3558 1589 3732 1646 homi-

2161 1662 2359 1717 cidium
2408 1667 2654 1723 manibus
2705 1674 3067 1741 perpetravit,
3120 1677 3195 1731 illi
3241 1680 3592 1751 designantur
3634 1684 3726 1753 qui

486 1773 578 1812 sus
608 1761 752 1813 omni
790 1741 970 1817 carnis
998 1775 1053 1818 et
1103 1766 1328 1835 spiritus
1355 1771 1751 1837 controversia,
1782 1787 1902 1826 cum
1933 1790 2045 1830 cor-

2158 1752 2298 1805 mala
2326 1753 2531 1809 faciunt
2559 1774 2572 1809 :
2604 1773 2701 1826 per
2746 1758 2923 1816 Semei
2972 1779 3140 1832 vero,
3192 1769 3282 1838 qui
3325 1741 3437 1840 regi
3493 1741 3730 1828 tantum-

486 1862 616 1917 pore
652 1865 781 1913 suo,
813 1853 956 1920 quod
999 1863 1081 1908 est
1126 1856 1384 1923 Ecclesia,
1434 1868 1494 1914 ut
1543 1877 1729 1916 revera
1773 1865 2049 1933 paciﬁcus,

482 1946 683 1993 aeterna
742 1943 1125 2012 tranquillitate
1191 1950 1463 2019 regnabit.
1525 1950 1678 2008 Nunc
1747 1956 1801 2011 in
1863 1957 2052 2014 electis

482 2026 636 2092 suis,
690 2031 843 2098 quasi
900 2031 1066 2088 David
1119 2036 1490 2094 calamitatum
1557 2041 1798 2100 fascibus
1851 2050 2053 2124 premi-

484 2123 595 2180 tur,
649 2120 1082 2186 pcrsecutionum
1114 2139 1178 2179 ac
1203 2125 1433 2184 diversis
1474 2130 1861 2189 adversitatum
1900 2120 2054 2205 pres-

483 2206 626 2259 suris
652 2217 894 2278 urgetur,
927 2211 1361 2273 tribulationibus
1394 2227 1449 2274 et
1472 2224 1729 2278 aerumnis
1755 2228 2045 2293 atteritur;

482 2297 821 2363 postmodum
870 2308 1123 2369 tanquam
1167 2304 1423 2362 Salomon
1469 2311 1787 2369 exuberanti
1833 2316 2049 2372 divitia-

484 2398 601 2439 rum
660 2386 1044 2444 immortalium
1088 2394 1240 2463 copia
1287 2397 1543 2465 potietur.
1596 2399 1749 2457 Nunc
1790 2401 1975 2470 David,
2018 2421 2049 2460 a

480 2475 618 2532 facie
650 2478 883 2535 Absalon
914 2481 1147 2554 fugiens,
1194 2487 1378 2542 decem
1428 2492 1758 2548 concubinas
1804 2494 1858 2548 in
1891 2496 2049 2551 domo

480 2567 735 2636 relinquit
778 2570 863 2641 (II
894 2570 1018 2643 Reg.
1052 2576 1168 2645 xv),
1200 2592 1335 2646 quas
1366 2577 1600 2636 Absalon
1643 2597 1739 2652 per
1783 2584 2048 2640 incestum

479 2656 708 2727 turpiter
735 2660 930 2727 foedat;
958 2665 1083 2734 quia
1118 2666 1445 2738 Redemptor
1472 2680 1657 2726 noster
1692 2674 1817 2728 dum
1847 2676 2050 2745 ejectus

478 2747 544 2801 de
574 2749 793 2805 civitate
824 2750 1049 2809 Judaica
1088 2755 1141 2808 in
1181 2755 1451 2812 desertum
1484 2762 1724 2829 gentium
1774 2778 2048 2835 properat,

480 2838 733 2907 relinquit
759 2840 811 2893 in
853 2843 1011 2897 domo
1046 2844 1179 2913 legis
1216 2844 1451 2914 Iudaeos,
1500 2866 1603 2905 non
1634 2852 1863 2909 viriliter
1907 2857 2051 2912 ince-

436 2996 439 2997 ν
477 2926 686 2992 dentes,
736 2930 831 2984 sed
883 2932 1131 2988 muliebri
1183 2939 1593 2995 conversatione
1640 2943 1901 2999 viventes.
1948 2947 2048 3013 Qui

477 3015 733 3071 nimirum
765 3034 862 3087 per
883 3022 1065 3076 decem
1098 3026 1425 3081 concubinas
1457 3044 1563 3083 non
1594 3030 1887 3104 incongrue
1917 3036 2051 3106 ﬁgu-

478 3114 692 3171 rantur,
727 3111 839 3177 qui,
885 3112 1010 3167 dum
1051 3117 1321 3172 enerviter
1364 3119 1550 3175 decem
1601 3122 1735 3192 legis
1777 3138 2046 3196 praecepta

476 3201 808 3266 custodiunt,
835 3216 938 3255 nou
967 3212 1175 3259 castum
1200 3207 1531 3264 matrimonii
1556 3221 1833 3267 merentur
1860 3230 2048 3271 ascen-

440 3289 604 3360 .dere
638 3295 964 3361 thalamum;
996 3300 1113 3362 sed,
1161 3302 1365 3370 absque
1399 3301 1518 3358 ﬁdei
1568 3307 1902 3365 cohzerentes
1947 3326 2046 3365 an-

476 3382 636 3445 nulo,
693 3387 994 3447 sortiuntur
1050 3404 1150 3457 pro
1208 3391 1458 3463 coniugio
1523 3396 1846 3466 pellicatum.
1903 3400 2048 3468 Quas

476 3472 710 3528 Absalon
760 3476 1047 3533 lasciviens
1080 3481 1300 3550 polluit,
1350 3486 1478 3553 quia
1524 3488 1792 3560 malignus
1826 3492 2046 3559 spiritus

474 3567 736 3632 reprobas
770 3569 1057 3638 impiorum
1105 3574 1326 3631 animas.
1352 3577 1506 3646 quasi
1534 3580 1904 3647 prostituendo
1930 3600 2047 3639 cor-

478 3661 695 3729 rumpit.
724 3660 797 3715 De
824 3662 1019 3730 quibus
1044 3665 1300 3735 scriptum
1329 3676 1410 3722 est
1442 3685 1456 3721 :
1486 3686 1504 3720 ι
1531 3668 1665 3736 Quia
1706 3670 1875 3728 David
1900 3684 2045 3743 post-

476 3754 692 3806 modum
740 3769 844 3808 non
870 3764 953 3808 est
988 3756 1259 3825 ingressus
1295 3759 1361 3812 ad
1390 3774 1503 3825 eas,
1543 3762 1636 3815 sed
1666 3772 1820 3818 erant
1848 3766 2044 3821 clausze

442 3857 647 3910 usque
696 3844 746 3897 in
798 3845 940 3899 diem
988 3847 1176 3901 mortis
1223 3862 1332 3902 sua:
1390 3849 1442 3903 in
1500 3851 1760 3908 viduitate
1801 3855 2044 3911 viventes

475 3930 579 3997 (II
611 3931 734 4002 Reg.
768 3934 879 4003 xx).
913 3954 931 3985 ι
984 3934 1343 3992 Perdiderunt
1387 3940 1529 3994 enim
1581 3942 1780 4007 virum,
1829 3944 1894 3998 de
1936 3960 2043 4013 quo

473 4036 571 4092 per
598 4023 789 4078 Isaiam
835 4025 1072 4080 dicitur:
1121 4045 1139 4079 ‹
1168 4026 1431 4093 Quoniam
1470 4042 1795 4100 acceperunt
1834 4043 2038 4103 septem

473 4111 725 4167 mulieres
753 4113 929 4168 virum
964 4130 1128 4170 unum
1164 4116 1318 4188 (Isai.
1349 4119 1445 4189 iv),
1478 4138 1497 4170 ι
1531 4120 1599 4175 de
1627 4122 1823 4189 quibus
1860 4133 1915 4178 et
1944 4140 2042 4195 per

473 4198 814 4255 Salomonem
859 4203 1054 4257 dicitur
1097 4223 1109 4259 :
1162 4225 1183 4259 ι
1232 4206 1365 4274 Quia
1394 4210 1744 4281 septingenta:
1782 4223 1907 4269 sunt
1956 4232 2041 4271 re-

470 4290 608 4356 ginae
638 4290 770 4360 (24).
801 4313 819 4345 ι
853 4292 1193 4364 Acceperunt
1221 4298 1402 4367 itaque
1427 4310 1659 4370 septem,
1691 4318 1809 4375 quae
1842 4307 2037 4363 amise-

472 4388 598 4435 runt
623 4382 826 4436 decem.
859 4384 1145 4440 leestem
1190 4388 1384 4457 quippe
1426 4404 1682 4458 sponsum
1717 4404 1902 4450 sancta
1934 4397 2035 4451 sibi

469 4472 858 4528 confcederavit
900 4475 1171 4539 Ecclesia,
1220 4478 1515 4546 septiformi
1557 4482 1764 4539 scilicet
1808 4486 2040 4556 Spiritus

467 4561 611 4616 dono
636 4563 859 4631 repleta.
891 4565 1060 4631 Quem
1101 4581 1353 4636 sponsum
1386 4586 1679 4644 synagoga,
1719 4591 1839 4645 qua:
1869 4579 2037 4633 Deca-

468 4649 574 4717 logi
608 4654 857 4707 mandata
905 4667 1247 4725 perceperat,
1298 4660 1551 4727 perdidit,
1598 4664 1863 4734 viduaque
1911 4684 2036 4736 per-

470 4741 688 4801 mansit,
718 4743 864 4810 quia,
892 4744 1015 4797 dum
1063 4745 1115 4798 in
1157 4746 1316 4801 domo
1361 4752 1601 4805 consueti
1645 4753 1780 4808 ritus
1808 4765 1861 4808 et
1887 4755 2032 4826 lega-

466 4826 600 4882 lium
663 4834 1104 4887 cazremoniarum
1171 4836 1515 4892 immobiliter
1575 4843 1843 4909 perstitit,
1911 4861 2032 4899 cum

467 4935 595 4995 rege
621 4922 787 4978 David
820 4926 874 4979 in
912 4926 1124 4981 deserta
1167 4929 1443 4997 gentilium
1482 4932 1628 4987 exire
1656 4936 1999 5003 contempsit.

539 5013 706 5068 David
740 5030 869 5084 ergo
901 5017 1085 5073 vivens
1116 5018 1309 5074 tolerat
1344 5036 1481 5092 quos
1519 5023 1570 5076 in
1620 5023 1724 5078 ﬁne
1774 5026 2029 5080 condem-

466 5111 578 5166 nat,
625 5104 751 5172 quia
789 5103 961 5161 Judex
1014 5108 1229 5162 humani
1284 5113 1496 5178 generis
1548 5111 1831 5179 Christus,
1872 5132 2032 5183 quem

467 5189 557 5244 ille
580 5191 845 5261 signabat,
878 5194 984 5250 illis
1015 5212 1158 5251 nunc
1180 5198 1599 5254 misericorditer
1621 5203 1814 5269 parcit,
1837 5204 2033 5271 quibus

467 5278 523 5333 in
553 5281 660 5335 ﬁne
685 5283 867 5338 saeculi
895 5287 1217 5340 sententiam
1245 5286 1402 5356 iustae
1426 5288 1787 5346 damnationis
1824 5293 2032 5364 iuﬁigit.

466 5368 636 5425 David
690 5374 871 5444 itaque
943 5377 1368 5432 misericordiam
1424 5391 1721 5451 praerogat;
1782 5381 2032 5439 Salomon

538 5530 653 5601 (24)
691 5534 753 5588 Ill
782 5535 914 5603 Reg.
947 5552 1022 5591 ιι.
1054 5536 1165 5591 lloc
1196 5552 1299 5591 non
1330 5551 1425 5603 per
1466 5535 1803 5594 Salomonem
1834 5538 2030 5590 dictum

463 5608 575 5668 est,
603 5604 695 5657 sed
727 5620 822 5674 per
853 5604 1183 5676 Scripturam
1221 5606 1287 5662 de
1317 5607 1619 5662 Salomone.
1656 5607 1757 5662 Per
1784 5606 2023 5662 Salomo-

2158 1844 2316 1899 modo
2361 1846 2735 1916 maledixerat,
2766 1852 2839 1906 illi
2878 1853 3088 1926 ﬁgurati
3135 1870 3260 1915 sunt
3318 1862 3410 1932 qui
3444 1878 3607 1932 prava
3651 1864 3731 1920 lo-

2156 1944 2410 2002 quuntur.
2445 1934 2578 1992 Nam
2609 1947 2665 1994 et
2718 1940 2752 1995 ii
2803 1944 2894 2012 qui
2932 1948 3177 2015 nequiter
3213 1960 3412 2020 agunt,
3454 1953 3606 2009 etilli
3634 1955 3729 2025 qui

2155 2028 2491 2081 sermonibus
2531 2031 2773 2099 reprobis
2802 2050 2866 2090 ac
2905 2036 3053 2093 falsis
3083 2039 3358 2111 insistunt,
3391 2044 3447 2098 in
3475 2054 3743 2101 extrema:

2155 2114 2505 2173 discussionis
2556 2123 2806 2180 examine
2853 2128 3040 2196 procul
3093 2129 3256 2187 dubio
3304 2134 3723 2203 damnabuntur,

2153 2207 2294 2260 sicut
2319 2208 2484 2280 649
2521 2212 2662 2266 idem
2685 2216 2761 2269 ait
2792 2235 2804 2270 :
2852 2236 2870 2269 ‹
2904 2216 3076 2275 Odisti
3102 2237 3291 2280 omnes
3318 2226 3409 2295 qui
3435 2238 3729 2296 operantur

2154 2296 2495 2367 iniquitatem
2523 2320 2537 2367 ;
2586 2306 2779 2372 perdes
2809 2322 2903 2363 eos
2943 2312 3033 2379 qui
3066 2312 3359 2384 loquuntur
3386 2320 3727 2374 mendacium

2154 2388 2411 2478 ςρδιιιη).
2438 2412 2454 2443 ι
2480 2393 2583 2448 Sed
2617 2412 2684 2450 ne
2703 2395 2816 2464 jam
2841 2397 3083 2458 fortassis
3101 2405 3405 2473 epistolaris
3425 2410 3723 2478 compendii

2152 2475 2313 2531 limen
2341 2481 2587 2547 excedat,
2624 2484 2831 2541 calamo
2876 2488 3146 2544 silentium
3176 2492 3505 2563 imperamus
3526 2475 3645 2562 ,ine
3672 2508 3726 2552 et

2153 2567 2252 2635 ipsi
2277 2570 2667 2641 redarguamur
2712 2575 2993 2646 indociles,
3023 2581 3146 2635 dum
3194 2591 3246 2637 te
3278 2582 3471 2641 docere
3498 2586 3722 2642 nitimur

2151 2659 2494 2726 quazstiones.

2496 2867 2653 2929 ΑΒΘ
2665 2868 3139 2935 UMENTATIO
3180 2876 3369 2938 ALIA

2394 2984 2471 3025 DE
2508 2985 2711 3030 VARUS
2742 2987 2953 3032 SACRIS
2990 2990 3481 3044 QUESTIONIBUS.

2078 3071 2125 3135 C
2153 3083 2547 3169 Ancuusnruu.
2570 3119 2638 3169 -τ-
2657 3089 2799 3144 Idem
2823 3090 2934 3169 fere
2959 3105 3330 3169 argumentum
3352 3107 3435 3152 est
3462 3098 3619 3169 hujus
3639 3119 3728 3157 ar-

2219 3158 2659 3229 gumentationis,
2696 3162 2837 3227 quod
2868 3158 3202 3229 superioris:
3242 3167 3375 3221 duas
3402 3158 3547 3223 enini
3589 3173 3724 3225 alias

2219 3226 2286 3302 ab
2338 3227 2527 3302 eodem
2576 3226 2828 3302 Alberico
2886 3226 3105 3300 rogatus
3158 3235 3480 3302 quastiones
3526 3242 3725 3294 enodat

2216 3294 2402 3349 beatus
2430 3294 2623 3350 Petrus
2653 3294 2964 3353 Damianusl

2215 3384 2485 3440 ALBERICO
2516 3385 2670 3440 fratri
2707 3387 3048 3455 charissima,
3083 3388 3299 3447 Pernus
3326 3402 3578 3463 peccator
3603 3413 3722 3453 mo-

2146 3476 2349 3531 nachus
2380 3477 2628 3533 salutem.
3418 3488 3427 3493 ’

2708 3568 3077 3627 DUBITA'I‘IO
3124 3572 3164 3626 l.

2214 3653 2471 3712 Dubitare
2514 3666 2565 3712 te
2592 3659 2868 3729 perhibes,
2898 3661 3269 3729 dilectissime,
3300 3678 3398 3720 cur
3426 3681 3532 3722 non
3563 3670 3725 3726 modo

2145 3741 2439 3813 Scriptura:
2467 3745 2679 3802 Veteris
2717 3746 3075 3815 Testamenti,
3117 3753 3210 3807 sed
3256 3762 3309 3808 et
3336 3754 3577 3825 plerique
3621 3759 3722 3814 do-

2142 3842 2319 3889 ctores
2342 3834 2612 3901 Ecclesiae,
2642 3838 2827 3892 decem
2868 3841 3145 3897 mensibus
3172 3856 3420 3897 asserunt
3447 3846 3718 3901 hominem

2144 3924 2195 3977 in
2228 3932 2468 3979 materno
2499 3935 2651 3981 utero
2675 3928 3003 3994 coalescere,
3037 3945 3135 3986 nec
3164 3932 3301 3987 intra
3339 3948 3529 3989 novem
3562 3951 3715 3989 men-

2141 4016 2277 4069 sium
2317 4018 2550 4087 spatium
2601 4018 2873 4074 fateantur
2905 4022 3075 4075 exire.
3139 4024 3213 4077 De
3261 4024 3474 4093 quibus,
3517 4041 3585 4079 ne
3620 4041 3718 4096 per

2141 4106 2308 4161 multa
2351 4122 2630 4177 vagemur,
2676 4107 2868 4165 sufﬁcit
2906 4111 3153 4166 si‘unum
3182 4112 3443 4168 duntaxat
3481 4130 3720 4184 appona-

2141 4213 2260 4253 mus
2288 4200 2611 4269 exemplum.
2652 4201 2741 4255 Ait
2770 4202 2915 4255 enim
2951 4202 3005 4257 in
3048 4202 3186 4259 libro
3230 4203 3517 4274 Sapientiae
3562 4207 3715 4262 Salo-

2140 4303 2303 4343 mon:
2355 4306 2373 4339 r
2419 4288 2549 4344 Sum
2576 4291 2793 4361 quidem
2823 4301 2879 4346 et
2920 4307 3021 4363 ego
3047 4294 3289 4348 mortalis
3324 4295 3484 4351 homo
3525 4296 3717 4351 similis

2143 4380 2423 4445 omnibus,
2483 4390 2537 4434 et
2587 4396 2654 4436 ex
2700 4397 2895 4451 genere
2941 4393 3155 4440 terreno
3217 4382 3360 4438 illius
3423 4385 3513 4454 qui
3565 4386 3716 4454 prior

2145 4469 2317 4526 factus
2367 4480 2471 4537 est,
2513 4472 2566 4526 in
2609 4483 2797 4529 ventre
2840 4476 3030 4530 matris
3080 4475 3338 4545 ﬁguratus
3381 4493 3499 4531 sum
3546 4482 3712 4543 caro;

2140 4561 2323 4615 decem
2364 4562 2630 4616 mensium
2681 4560 2919 4631 tempore
2968 4564 3283 4633 coagulatus
3328 4579 3446 4619 sum
3480 4566 3549 4627 in
3591 4581 3715 4619 san-

2137 4654 2299 4721 guine
2339 4668 2405 4706 ex
2450 4653 2656 4707 semine
2708 4652 2946 4707 hominis
2983 4662 3042 4707 et
3086 4652 3477 4708 delectamento
3515 4655 3709 4708 somnii

2139 4741 2523 4803 convenientis,
2554 4750 2609 4796 et
2633 4755 2733 4810 ego
2762 4749 2920 4795 natus
2951 4741 3131 4810 accepi
3158 4755 3495 4795 communem
3529 4756 3710 4796 aerem

2141 4830 2297 4900 (Sap.
2328 4828 2462 4897 vu);
2497 4848 2517 4881 ι
2543 4843 2663 4883 cum
2692 4837 2747 4882 et
2773 4828 2960 4883 beatus
2980 4828 3214 4884 Joannes
3234 4827 3493 4900 Baptista,
3521 4838 3575 4883 et
3600 4829 3712 4899 ipse

2139 4930 2327 4976 auctor
2363 4928 2417 4974 et
2451 4918 2724 4974 institutor
2750 4927 2955 4974 natura:
2982 4920 3249 4987 Christus,
3276 4921 3356 4976 sic
3383 4921 3523 4975 intra
3549 4935 3713 4975 nove-

2140 5010 2349 5064 narium
2380 5010 2488 5062 nati
2524 5007 2725 5064 fuerint
2754 5010 3017 5064 mensium
3047 5025 3286 5076 cursum,
3314 5018 3374 5065 ut
3398 5025 3465 5065 ex
3500 5011 3714 5066 decimo

2141 5116 2325 5155 mense
2366 5116 2432 5155 ne
2466 5102 2837 5155 tcmnssimum
2881 5102 3095 5171 quidem
3131 5103 3406 5173 attigerint
3445 5111 3704 5157 atomum.

2142 5191 2272 5243 bam
2302 5188 2535 5245 Joannes
2567 5191 2783 5259 quidem
2809 5201 3099 5262 conceptus
3132 5202 3236 5258 est,
3270 5193 3407 5247 sicut
3431 5192 3707 5257 scribitur,

2138 5297 2234 5335 vm
2280 5280 2397 5334 Kal.
2448 5280 2725 5347 Octobris,
2778 5290 2833 5337 et
2880 5292 3036 5337 natus
3081 5292 3164 5337 est
3203 5299 3299 5338 vlu
3346 5281 3707 5337 Kalendarum

2138 5376 2285 5431 Julii.
2316 5373 2562 5429 Salvator
2591 5381 2769 5427 autem
2798 5380 2980 5428 noster
3008 5381 3297 5443 conceptus
3332 5381 3415 5429 est
3458 5371 3511 5427 in
3549 5380 3706 5426 utero

2142 5551 2263 5588 nem
2294 5543 2469 5588 autem
2508 5533 2704 5602 dicitur
2734 5550 2747 5586 :
2784 5534 3057 5602 sexaginta
3086 5540 3205 5587 sunt
3249 5530 3438 5601 regina:
3477 5540 3523 5583 et
3563 5539 3704 5582 octo-

2134 5608 2276 5673 ginta
2303 5603 2601 5659 concubina:
2631 5600 2808 5670 (Cant.
2839 5600 2935 5670 vi).
