4074 6190
417 362 510 421 631

875 364 931 421 S.
968 363 1164 422 PETRI
1205 365 1482 422 DAMlANl
1516 364 1666 424 OPP.
1706 365 1942 424 TOMUS
1984 365 2114 422 SEU
2153 367 2331 423 PARS
2367 369 2451 423 Ill.
2484 400 2551 410 —-
2580 369 2941 426 OPUSCULA
2979 371 3208 428 VARIA.

3566 374 3676 431 632

414 474 662 548 virginali
713 491 810 532 vtn
857 477 1215 533 Kalendarum
1257 477 1480 548 Aprilis,
1503 486 1557 532 et
1601 487 1760 532 natus
1798 486 1880 532 est
1923 477 1987 530 ad
2022 479 2062 535 A
2091 490 2228 530 cem.
2271 475 2396 532 Haec
2422 477 2636 533 interim
2669 480 2762 534 tibi
2806 480 3003 536 solutio
3032 495 3192 552 super
3220 457 3492 554 proposita
3520 500 3672 554 quae-

416 569 644 630 salutem
695 569 877 623 mundi
912 585 1018 632 vm,
1037 569 1395 624 Kalendarum
1424 570 1684 625 Januarii.
1716 571 1774 624 ln
1801 570 1994 638 quibus

415 659 668 714 nimirum
712 660 953 730 utrisque
1001 662 1439 731 conceptionibus
1485 673 1536 718 et
1583 662 1992 723 nativitatibus,

415 747 558 803 servi
593 749 798 803 scilicet
840 765 904 804 ac
943 751 1178 817 Domini,
1226 752 1305 808 sic
1349 768 1541 807 novem
1581 768 1792 808 menses
1838 767 1994 821 repe-

416 838 630 890 riuntur
688 839 924 908 impleti,
978 850 1039 895 ut
1098 843 1292 897 decimi
1349 842 1649 899 nullatenus
1709 844 1996 899 videantur

414 927 651 996 incepti;
704 944 1010 1000 quanquam
1053 934 1097 988 si
1133 933 1420 1004 diligenter
1452 944 1662 1004 tempus
1706 944 1995 1003 utrumque

414 1019 790 1086 perpenditur,
831 1022 1038 1077 duobus
1067 1023 1256 1078 diebus
1304 1025 1505 1079 diutius
1539 1041 1703 1096 quam
1760 1025 1994 1080 Joannes

412 1106 554 1162 intra
581 1116 825 1164 materna
864 1111 1070 1166 viscera
1114 1113 1376 1169 mansisse
1416 1113 1672 1170 Dominus
1699 1115 1987 1171 invenitur.

412 1193 544 1248 Cum
577 1195 742 1266 igitur
769 1199 1010 1268 plerique
1061 1201 1305 1256 homines
1335 1202 1472 1256 intra
1503 1217 1693 1259 novem
1725 1204 1992 1259 mensium

411 1299 626 1340 cursum
667 1287 867 1356 absque
898 1290 1001 1343 ulla
1034 1307 1255 1360 prorsus
1283 1293 1635 1363 ambiguitate
1665 1303 1988 1360 nascantur;

411 1378 539 1445 quid
566 1387 648 1431 est
677 1381 817 1447 quod
869 1395 964 1449 per
994 1381 1180 1436 decem
1213 1397 1427 1438 menses
1457 1383 1508 1437 in
1536 1392 1691 1439 utero
1719 1384 1992 1454 coagulari

412 1481 442 1518 a
472 1467 784 1523 doctoribus
812 1469 1206 1537 perhibentur?

481 1555 586 1610 Sed
617 1559 668 1610 in
699 1568 959 1627 quantum
992 1561 1148 1616 nobis
1169 1562 1329 1616 datur
1349 1562 1593 1634 intelligi,
1619 1577 1835 1618 menses
1855 1563 1990 1633 apud

409 1657 620 1704 veteres
647 1651 866 1721 triginta
901 1654 1275 1708 tantummodo
1306 1655 1515 1709 dierum
1546 1669 1769 1710 numero
1798 1671 1995 1726 suppu-

412 1742 701 1808 tabantur;
754 1745 854 1799 ista
904 1762 1034 1803 vero
1083 1750 1289 1819 regula,
1336 1765 1453 1818 quae
1483 1766 1624 1807 nunc
1665 1760 1898 1813 tenetur,
1935 1760 1994 1804 ut

2094 567 2268 622 stione
2318 567 2570 636 sullieiat,
2621 572 2791 628 donec
2843 572 3106 642 potiorem
3163 581 3216 629 te
3262 589 3293 629 a
3340 576 3674 644 sapientibus

2093 657 2280 724 audire
2307 659 2604 731 contingat.
2790 670 2797 673 '

2643 751 2892 808 DUBITA
2901 751 3013 809 T10
3052 753 3116 809 11.

2282 837 2360 891 De
2381 839 2465 892 die
2484 839 2741 910 passionis
2767 850 2814 894 et
2840 844 3233 898 resurrectionis
3266 843 3480 900 Christi.

2163 929 2417 986 Dubietas
2440 932 2604 986 etiam
2633 931 2699 986 de
2719 933 2971 1001 passione
2992 949 3054 989 ac
3075 936 3471 991 resurrectione
3491 935 3670 991 Domi-

2093 1018 2238 1084 nica,
2269 1035 2388 1089 quae
2420 1019 2666 1076 videlicet
2695 1023 2796 1077 hoc
2827 1037 2969 1077 anno
2995 1024 3066 1077 ita
3096 1040 3194 1094 per
3217 1026 3398 1080 omnia
3425 1027 3668 1092 veniunt.

2093 1109 2233 1162 sicut
2261 1119 2387 1164 tunc
2432 1111 2740 1179 specialiter
2787 1125 2910 1167 cum
2941 1111 3199 1168 Dominus
3235 1121 3320 1169 est
3358 1115 3667 1171 cruciﬁxus.

2092 1198 2325 1268 Inquiris
2344 1199 2487 1253 enim
2516 1209 2693 1254 utrum
2722 1217 2864 1265 raro,
2895 1217 2960 1256 an
2986 1204 3180 1258 crebro
3198 1204 3276 1258 sic
3305 1205 3540 1258 veniant.
3563 1202 3669 1259 Alii

2093 1289 2359 1358 siquidem
2389 1305 2447 1346 se
2492 1306 2766 1362 nunquam
2805 1292 2908 1348 hoc
2937 1293 3172 1360 vidisse,
3216 1294 3304 1349 alii
3345 1294 3539 1363 saepius
3568 1296 3672 1350 hoc

2094 1379 2286 1435 invita
2327 1397 2423 1436 sua
2459 1383 2750 1452 contigisse
2781 1384 3149 1451 conﬁrmant;
3195 1394 3251 1440 tu
3283 1401 3432 1451 vero,
3463 1387 3554 1455 qui
3582 1400 3674 1441 ve-

2095 1472 2272 1529 ritatis
2303 1475 2488 1529 studes
2527 1485 2652 1530 esse
2689 1476 3001 1545 discipulus,
3037 1486 3200 1531 tantae
3231 1477 3480 1531 varietati
3515 1477 3674 1532 times

2095 1566 2353 1622 adhibere
2384 1568 2566 1634 iidem,
2605 1581 2674 1623 ne
2723 1565 2927 1624 scilicet
2955 1568 3008 1622 in
3044 1568 3518 1638 compugnantium
3551 1583 3676 1622 sen-

2094 1657 2388 1711 tentiarum
2415 1659 2716 1713 traducaris
2747 1674 3015 1714 errorem.

2167 1745 2273 1802 Sed
2313 1747 2527 1803 noveris
2559 1749 2845 1818 quoniam,
2877 1749 2930 1803 in
2959 1757 3217 1819 quantum
3263 1764 3329 1804 ex
3385 1749 3674 1806 traditione

414 1830 506 1884 alii
551 1845 766 1908 menses
820 1837 1038 1907 triginta
1092 1841 1406 1894 contineant
1447 1840 1582 1905 dies,
1636 1841 1721 1895 alii
1775 1842 1991 1911 triginta
2022 1831 2508 1905 Bprzecedentium
2561 1838 2885 1907 scriptorum
2936 1837 3187 1908 colligere
3233 1854 3539 1908 possumus,
3586 1839 3674 1894 hic

410 1936 598 1989 unum,
631 1926 698 1978 ab
727 1924 869 1981 illius
900 1927 1136 1994 Romuli,
1169 1931 1259 1999 qui
1297 1929 1597 1985 Romanam
1641 1933 1826 1984 urbem
1864 1947 1991 1985 con—

408 2012 574 2078 didit,
628 2015 965 2072 institutione
1011 2020 1309 2074 descendit.
1362 2021 1619 2076 Romulus
1670 2023 1812 2075 enim
1866 2039 1986 2075 cum

407 2102 572 2166 aeris,
603 2105 696 2158 sed
723 2107 951 2176 agrestis
977 2108 1141 2178 650
1167 2119 1311 2164 esset
1337 2111 1555 2181 ingenii,
1591 2113 1714 2166 dum
1744 2113 1904 2181 ccepti
1927 2126 1991 2164 ac

410 2193 529 2244 novi
561 2201 760 2248 statum
789 2197 1069 2252 ordinaret
1114 2199 1346 2269 imperii,
1384 2201 1532 2256 illum
1561 2203 1703 2257 diem
1732 2201 1991 2273 cujusque

410 2284 613 2338 mensis
642 2288 1002 2344 constituebat
1038 2291 1273 2358 initium,
1309 2289 1360 2348 in
1391 2309 1496 2363 quo
1525 2309 1675 2351 nova:
1704 2295 1843 2351 luna:
1869 2313 1995 2352 con-

407 2373 642 2440 spiceret
676 2385 901 2444 ortum;
944 2393 1001 2432 ut
1050 2382 1139 2436 ille
1182 2384 1519 2451 potissimum
1562 2386 1678 2440 dies
1723 2386 1991 2441 Kalendas

408 2465 677 2533 ediceret,
724 2484 831 2539 quo
885 2487 1020 2527 nova
1072 2473 1195 2527 luna
1250 2475 1501 2543 primitus
1548 2476 1829 2532 illuxisset.
1882 2478 1990 2532 Sed

407 2557 531 2624 quia
557 2561 717 2615 modo
751 2562 976 2629 tardius,
1016 2565 1175 2619 modo
1208 2566 1438 2622 celerius
1469 2568 1589 2622 luna
1621 2569 1794 2623 videri
1834 2568 1988 2632 solet,

405 2647 628 2718 contigit
655 2658 710 2702 ut
733 2667 854 2705 cum
889 2654 1096 2707 tardius
1127 2656 1393 2724 apparuit,
1430 2658 1738 2724 praecedens
1790 2657 1990 2712 mensis

406 2738 606 2805 plures,
638 2755 760 2794 cum
795 2757 921 2796 vero
951 2743 1208 2805 celerius.
1236 2746 1350 2799 dies
1381 2749 1652 2815 acciperet
1680 2749 1989 2816 pauciores.

411 2826 563 2881 Unde
612 2827 810 2883 factum
845 2841 927 2884 est
959 2841 1016 2885 ut
1056 2833 1146 2886 alii
1184 2847 1398 2888 menses
1427 2836 1648 2905 triginta
1681 2853 1867 2901 unum,
1900 2838 1992 2893 alii

408 2915 624 2983 triginta
654 2917 767 2970 dies
803 2920 1174 2973 tantummodo
1209 2922 1554 2976 sortirentur.
1584 2922 1713 2989 Qua:
1742 2924 1993 2980 videlicet

410 3004 588 3072 regula
613 3021 754 3061 nunc
775 3007 828 3060 in
856 3009 1235 3077 supputatione
1259 3011 1546 3075 mensium,
1569 3023 1630 3065 ut
1651 3011 1989 3079 conjicimus,

408 3095 548 3163 uptttl
587 3111 685 3150 nos
714 3111 778 3151 ex
808 3097 949 3152 illius
976 3098 1311 3154 institutione
1348 3109 1583 3154 tenetur.

2094 1926 2386 1982 Dominicae
2416 1927 2682 1996 passionis
2733 1927 2992 1982 articulus
3013 1969 3027 1994 ,
3061 1942 3127 1981 ex
3170 1942 3234 1981 eo
3268 1937 3507 1996 tempore
3565 1942 3673 1997 quo

2093 2015 2352 2072 Dominus
2393 2029 2477 2072 est
2524 2019 2577 2072 in
2613 2032 2774 2073 cruce
2820 2033 3135 2088 suspensus,
3189 2018 3346 2090 651
3399 2033 3672 2088 nunquam

2093 2107 2164 2161 ita
2199 2121 2384 2162 rursus
2427 2109 2607 2161 evenit
2634 2107 2737 2161 nisi
2769 2108 2954 2171 semel,
2995 2117 3048 2161 et
3080 2123 3221 2162 nunc
3250 2109 3486 2162 secundo
3522 2123 3675 2176 repe—

2093 2197 2242 2250 titur.
2275 2197 2403 2251 Post
2428 2198 2730 2266 passionem
2763 2198 2959 2268 quippe
3000 2198 3211 2253 Domini
3241 2198 3672 2268 quingentesimo

2093 2285 2370 2356 trigesimo
2425 2287 2586 2341 tertio
2628 2301 2769 2340 anno
2818 2286 3086 2356 paschalis
3129 2286 3442 2340 solemnitas
3484 2287 3674 2341 eodem

2094 2393 2300 2443 mense,
2330 2386 2386 2431 et
2411 2378 2520 2442 die,
2557 2387 2610 2431 et
2648 2377 2792 2441 luna,
2822 2378 3116 2446 eodemque
3160 2387 3532 2441 concurrente,
3582 2377 3672 2448 qui

2092 2467 2300 2537 primus
2331 2468 2551 2539 quintus
2573 2475 2676 2533 est,
2707 2468 2949 2538 contigit,
2980 2469 3172 2538 quibus
3193 2469 3370 2538 primo
3395 2482 3545 2524 novae
3575 2469 3677 2524 Do-

2094 2557 2306 2612 minicae
2373 2557 2788 2611 resurrectionis
2860 2572 3001 2611 anno
3051 2559 3392 2630 contigerat;
3452 2568 3506 2612 et
3571 2559 3675 2614 hoc

2092 2660 2234 2701 anno
2281 2647 2529 2701 similiter
2575 2643 2654 2710 ﬁt,
2691 2655 2748 2700 ut
2797 2646 2851 2699 in
2887 2661 3052 2700 unum
3096 2658 3288 2702 cuncta
3322 2657 3670 2710 concurrant.

2094 2735 2246 2792 Sicut
2273 2737 2415 2790 enim
2443 2745 2570 2791 tunc
2597 2752 2719 2792 cum
2751 2737 3008 2792 Dominus
3042 2747 3335 2807 pateretur,
3374 2747 3429 2793 et
3471 2740 3675 2794 mensis

2091 2834 2209 2880 erat
2238 2825 2485 2888 Martius,
2527 2836 2582 2880 et
2623 2828 2738 2881 dies
2780 2842 2809 2880 a
2868 2826 3121 2882 Kalendis
3167 2828 3367 2896 Aprilis
3419 2838 3672 2896 octavus,

2093 2916 2226 2972 feria
2265 2927 2383 2971 erat
2431 2927 2603 2981 sexta,
2658 2928 2710 2973 et
2759 2917 2884 2971 luna
2927 2919 3133 2973 decima
3172 2929 3393 2987 quarta;
3457 2920 3529 2974 ita
3579 2936 3676 2989 per

2092 3008 2298 3071 omnia,
2338 3016 2391 3062 et
2417 3008 2844 3076 quingentesimo
2869 3009 3144 3078 trigesimo
3172 3010 3331 3064 tertio
3361 3024 3500 3062 anno
3530 3019 3676 3079 post-

2091 3099 2308 3152 modum
2336 3099 2584 3167 contigit,
2610 3108 2664 3152 et
2690 3099 2792 3153 hoc
2815 3114 2977 3163 anno,
3002 3100 3089 3167 qui
3120 3098 3436 3153 millesimus
3458 3114 3676 3170 sexage-

479 3185 584 3240 Sed
614 3187 867 3256 quoniam
905 3189 1048 3244 hanc
1090 3190 1306 3260 gentilis
1345 3190 1577 3246 hominis
1624 3191 1884 3263 regulam,
1927 3201 1985 3246 ut
2016 3169 2061 3232 Ο
2094 3189 2263 3242 simus
2301 3189 2523 3256 quintus
2564 3197 2678 3252 est,
2725 3189 2974 3242 similiter
3020 3189 3185 3243 venit.
3243 3188 3672 3259 Composueruut

407 3276 563 3332 nobis
587 3279 818 3345 videtur,
843 3289 1057 3337 veteres
1084 3283 1255 3337 sancti
1281 3298 1388 3337 non
1417 3291 1728 3351 tenuerant,
1750 3285 1985 3342 tricenos

406 3368 743 3424 solummodo
772 3371 887 3426 dies
913 3372 1138 3444 singulis
1164 3374 1467 3445 quibusque
1507 3376 1785 3432 mensibus
1819 3378 1986 3432 ascri-

409 3460 624 3514 bebant.
661 3459 814 3517 Unde
845 3461 1074 3518 sulliciat
1117 3464 1293 3530 nobis,
1332 3474 1391 3519 ut
1443 3461 1602 3520 unius
1633 3466 1870 3521 doctoris
1906 3467 1987 3520 in-

408 3564 653 3605 seramus
711 3553 1031 3622 exemplum.
1093 3553 1295 3611 Beatus
1360 3555 1599 3626 loquitur
1648 3558 1987 3628 Augustinus

411 3639 524 3705 (lib.
571 3656 622 3693 tv
657 3640 734 3694 De
766 3640 978 3708 Trinit.,
1018 3657 1137 3713 cap.
1170 3644 1242 3710 5;
1290 3654 1346 3700 et
1391 3646 1487 3701 lib.
1523 3663 1726 3702 Lxxxm
1759 3649 1985 3715 Quwst.,

410 3739 598 3797 quaest.
630 3729 753 3801 56):
783 3732 1133 3803 quadraginta
1168 3744 1222 3789 et
1253 3749 1349 3790 sex
1371 3736 1526 3791 annis
1552 3733 1877 3792 aedificatum
1908 3747 1988 3793 est

412 3819 668 3891 templum
683 3821 804 3886 hoc,
821 3832 874 3877 et
888 3832 940 3876 tu
959 3825 1011 3878 in
1030 3825 1206 3880 triduo
1220 3826 1346 3882 illud
1365 3824 1884 3899 reaediilcas?'(loan.
1902 3829 1987 3901 tt.)

411 3913 511 3979 Qui
541 3913 788 3969 videlicet
818 3931 1072 3971 numerus
1093 3918 1136 3972 si
1160 3932 1257 3988 per
1276 3919 1548 3974 senarium
1573 3919 1808 3984 ducitur,
1832 3936 1992 3975 omne

413 4009 624 4070 tempus
660 4017 767 4071 quo
800 4003 1060 4059 Dominus
1110 4006 1163 4060 in
1212 4008 1401 4062 matris
1453 4017 1608 4062 utero
1652 4009 1850 4063 mansit
1887 4009 1989 4062 im-

410 4096 605 4161 pletur.
643 4094 779 4149 Nam
805 4097 1127 4167 quadragies
1159 4099 1336 4153 sexies
1360 4100 1499 4165 seni,
1531 4100 1747 4155 ducenti
1783 4109 1994 4169 septua-

411 4182 557 4247 ginta
594 4197 686 4236 sex
719 4184 836 4238 dies
873 4187 1028 4249 liunt,
1071 4189 1160 4254 qui
1206 4188 1415 4242 dierum
1471 4204 1727 4243 numerus
1762 4189 1994 4258 complet

333 4312 339 4320 .
414 4285 604 4322 novem
636 4286 868 4336 menses,
905 4282 959 4325 et
995 4289 1090 4327 sex
1138 4275 1294 4339 dies;
1323 4277 1412 4345 qui
1446 4278 1695 4332 videlicet
1736 4288 1992 4347 tanquam

413 4359 596 4412 decem
639 4373 852 4413 menses
890 4361 1223 4428 parientibus
1269 4364 1483 4418 feminis
1531 4365 1886 4434 imputantur.
1936 4367 1993 4421 ln

415 4449 612 4516 quibus
633 4449 886 4502 nimirum
911 4451 1092 4505 verbis
1126 4451 1496 4507 indubitanter
1524 4455 1829 4509 ostenditur
1852 4459 1993 4525 quod

2086 3286 2267 3332 autem
2309 3279 2614 3348 paschalem
2653 3295 2867 3334 cursum
2901 3288 3132 3348 quatuor
3159 3280 3355 3334 eruditi
3384 3281 3506 3345 viri,
3541 3280 3670 3350 [lip-

2085 3367 2324 3438 polytus,
2376 3368 2668 3432 Eusebius,
2723 3367 3050 3437 Theophilus
3098 3379 3151 3423 et
3201 3368 3486 3438 Prosper:

2087 3473 2223 3526 quos
2254 3458 2525 3514 Victorius
2572 3459 2791 3514 natione
2828 3460 3148 3528 Aquitanus,
3177 3461 3675 3529 serupulusissimus

2085 3549 2338 3606 videlicet
2366 3551 2678 3616 calculator,
2721 3561 2939 3622 rogatus
2970 3567 2998 3605 a
3045 3563 3235 3607 saneto
3281 3553 3482 3608 Hilario
3526 3554 3676 3610 urbis

2088 3639 2273 3694 Romae
2307 3641 2580 3710 episcopo,
2625 3656 2738 3694 rem
2779 3641 3087 3711 diligentius
3135 3641 3474 3705 instauravit,
3526 3657 3676 3696 eum-

2087 3731 2319 3798 demque
2356 3744 2572 3784 cursum
2617 3730 2927 3785 cautissima
2972 3731 3101 3785 satis
3137 3730 3481 3801 indagatione
3529 3746 3676 3786 com-

2087 3819 2288 3888 posuit.

2161 3907 2422 3963 Produxit
2465 3907 2648 3977 itaque
2675 3922 2938 3962 annorum
2986 3907 3153 3962 series
3183 3922 3354 3976 usque
3405 3907 3472 3961 ad
3503 3919 3672 3962 annos

2090 3999 2415 4069 quingentos
2447 3999 2665 4070 triginta
2697 4001 2868 4053 duos:
2903 3999 2973 4051 ita
3008 4007 3067 4052 ut
3109 3999 3539 4068 quingentesimo
3579 3999 3676 4053 tri-

2091 4090 2296 4158 gesimo
2345 4088 2504 4143 tertio
2551 4103 2712 4153 anno,
2757 4087 3071 4142 solemnitas
3124 4087 3394 4156 paschalis
3435 4088 3671 4156 incipiat,

2091 4177 2279 4232 eodem
2308 4177 2516 4231 scilicet
2551 4191 2754 4241 mense,
2787 4177 2889 4243 die,
2926 4175 3082 4241 fen'a,
3113 4184 3168 4229 et
3210 4175 3356 4240 luna,
3384 4177 3677 4244 eodemque

2090 4275 2466 4330 concurrente,
2495 4268 2692 4336 quibus
2721 4268 2897 4336 primo
2926 4278 3066 4319 anno
3099 4266 3386 4320 Dominica:
3414 4266 3676 4334 passionis

2093 4371 2157 4410 ac
2186 4357 2595 4410 resurrectionis
2625 4357 2894 4410 illuxerat.
2934 4356 3047 4410 Hoc
3071 4356 3234 4410 etiam
3261 4370 3423 4419 anno,
3469 4358 3520 4409 in
3569 4372 3675 4426 quo

2094 4459 2240 4499 nunc
2264 4445 2513 4508 vivimus,
2540 4445 2606 4499 ad
2627 4447 2874 4500 eumdem
2897 4446 3140 4500 ordinem
3170 4445 3444 4500 Dominica
3471 4448 3671 4515 passio,

414 4535 634 4605 triginta
660 4537 995 4594 solummodo
1024 4539 1139 4594 dies
1168 4541 1467 4610 quibusque
1512 4542 1784 4598 mensibus
1821 4546 1992 4599 ascri-
2020 4531 2069 4590 Ῑ)
2093 4549 2213 4603 (illil3
2237 4536 2497 4602 νοειτίίιίθ
2533 4536 2851 4592 celebranda
2889 4545 2993 4602 θδιν
3025 4538 3202 4592 redire
3232 4538 3491 4592 Videmus-
3528 4539 3662 4592 Dum

418 4627 637 4681 buntur.
686 4627 928 4698 Triginta
977 4631 1174 4701 quippe
1217 4632 1261 4686 si
1313 4630 1498 4688 novies
1546 4631 1990 4702 multiplicentur,

419 4717 630 4772 ducenti
666 4719 1002 4790 septuaginta
1047 4721 1199 4775 ﬁunt.
1235 4721 1291 4775 In
1327 4723 1570 4777 ducentis
1612 4733 1741 4795 ergo
1780 4736 1994 4796 septua-

417 4808 563 4876 ginta
615 4808 937 4895 tricenoarius
994 4825 1249 4865 numerus
1300 4812 1488 4868 novies
1538 4813 1847 4881 invenitur,
1901 4805 2021 4886 qui.

415 4897 567 4965 juxta
598 4899 738 4953 beati
760 4901 996 4958 doctoris
1024 4902 1183 4970 hujus
1213 4904 1594 4969 testimonium,
1624 4921 1814 4961 novem
1844 4922 1997 4963 men-

419 5005 507 5043 ses
554 4989 728 5055 (lunt;
762 4993 1001 5060 quinque
1041 5009 1170 5048 vero
1198 4993 1311 5049 dies
1344 4995 1435 5064 qui
1479 4996 1680 5051 residui
1723 5005 1866 5061 sunt,
1896 5013 1994 5066 pro

421 5081 631 5136 decimo
678 5097 864 5137 mense
913 5084 1266 5152 accipiuntur.
1313 5082 1445 5138 Cum
1495 5087 1658 5155 igitur
1703 5088 1846 5155 apud
1899 5102 1998 5141 nos

427 5181 629 5241 septem
671 5187 883 5227 menses
924 5173 1031 5227 sint
1096 5188 1324 5242 quorum
1357 5176 1729 5245 unusquisque
1781 5175 1998 5244 triginta

423 5277 588 5315 unum
620 5262 737 5317 dies
778 5262 993 5327 habeat,
1043 5264 1298 5334 aliquanti
1348 5265 1462 5319 dies
1504 5265 1643 5334 apud
1679 5273 1884 5320 veteres
1934 5265 1999 5319 de

425 5366 618 5408 novem
661 5353 935 5409 mensibus
976 5353 1490 5424 superabant;quos
1537 5355 1740 5424 utique,
1788 5363 1996 5424 partem

425 5458 522 5513 pro
557 5457 669 5501 toto
698 5456 981 5516 ponentes,
1011 5461 1110 5516 pro
1141 5446 1351 5500 decimo
1380 5459 1563 5501 mense
1591 5447 1997 5514 computabant.

429 5537 562 5589 Cum
591 5551 719 5608 ergo
754 5541 989 5593 minores
1026 5546 1181 5593 erant
1219 5549 1432 5592 menses
1460 5537 1781 5606 quantitate,
1821 5537 2002 5607 plures

434 5627 749 5681 dicebantur
777 5629 827 5681 in
859 5629 1285 5682 dinumeratione
1312 5643 1326 5691 ;
1362 5636 1418 5680 ut
1443 5642 1578 5696 quos
1607 5642 1746 5682 nunc
1775 5628 2002 5682 dicimus

437 5730 652 5785 novem,
686 5725 830 5783 tunc,
879 5727 1030 5788 parte
1077 5733 1174 5788 pro
1209 5726 1320 5772 toto
1353 5716 1546 5787 posita,
1577 5709 1881 5773 dicerentur
1908 5717 2001 5770 de-

2092 4623 2258 4692 igitur
2275 4625 2438 4696 652
2465 4640 2636 4681 annus
2666 4627 2766 4682 iste
2795 4628 3026 4696 primum
3056 4628 3203 4682 illum
3233 4628 3525 4682 Dominica;
3551 4643 3675 4697 pas-

2093 4714 2260 4768 sionis
2298 4730 2363 4769 ac
2413 4716 2823 4771 resurrectionis
2869 4717 3117 4771 ordinem
3165 4726 3438 4783 renovat,
3487 4716 3674 4787 procul

2095 4806 2280 4869 duhio,
2319 4821 2440 4860 cum
2482 4807 2600 4872 illa,
2649 4820 2810 4876 quam
2850 4807 3113 4871 diximus,
3161 4807 3390 4862 Victorii
3438 4807 3673 4860 calcula-

2095 4899 2241 4952 tione
2269 4901 2579 4955 concordat.
2616 4899 2836 4955 Interim
2869 4914 3016 4966 vero,
3042 4901 3166 4954 dum
3191 4914 3277 4954 res
3318 4900 3497 4954 valeat
3546 4915 3675 4953 enu-

2099 4989 2324 5044 cleatius
2367 4991 2595 5056 discuti,
2647 4991 2777 5057 hac,
2838 4992 3154 5048 charissime
3202 4991 3402 5059 frater,
3450 5002 3676 5061 uterque

2058 5131 2064 5135 _
2099 5080 2268 5135 simus
2293 5080 2557 5136 solutione
2580 5081 2837 5135 contenti.

2171 5169 2284 5225 Hoc
2313 5179 2488 5226 tamen
2522 5172 2644 5226 nolo
2681 5181 2734 5226 te
2777 5173 2940 5226 lateat
2974 5173 3249 5241 quoniam,
3294 5172 3395 5228 hoc
3425 5171 3673 5241 praesenti

2100 5260 2338 5329 paschali
2391 5261 2730 5316 solemnitate
2778 5269 3031 5331 peracta,
3086 5261 3432 5331 nonagesimo
3490 5262 3677 5330 quinto

2101 5363 2244 5406 anno
2281 5351 2532 5406 similiter
2553 5348 2759 5406 Pascha
2789 5353 2992 5417 veniet,
3024 5353 3278 5408 omnibus
3305 5352 3389 5406 his
3419 5352 3473 5406 in
3510 5367 3673 5405 unum

2101 5442 2564 5506 convenientibus,
2594 5456 2778 5497 mense
2807 5442 3076 5507 videlicet,
3113 5442 3218 5505 die,
3251 5440 3405 5504 feria,
3436 5448 3492 5494 et
3525 5439 3675 5503 luna,

2103 5542 2156 5586 et
2183 5532 2368 5600 quinto
2394 5540 2769 5595 concurrente,
2807 5531 2897 5600 qui
2931 5542 3112 5584 tamen
3157 5529 3426 5583 bissextus
3470 5536 3573 5592 est,
3624 5535 3679 5581 et

2103 5631 2312 5693 epacta,
2353 5630 2407 5677 et
2435 5638 2591 5678 versu
2627 5623 2763 5692 cycli
2807 5621 3325 5678 decemnovennalis.
3359 5619 3488 5674 Post
3517 5617 3676 5687 quin-

2106 5723 2221 5768 tum
2253 5724 2665 5772 concurrentem
2693 5715 3014 5778 bissextum,
3044 5710 3411 5768 ducentesimo
3440 5706 3672 5779 quadra.

3553 3379 3675 3439 post
3761 3353 3771 3364 ’
