4074 6190
567 252 670 308 6‘55
1198 250 1440 313 OPUSC.
1484 256 1766 315 XXXVIII.
1805 291 1875 303 -—
1911 261 1998 317 DE
2046 261 2514 321 PROCESSIONE
2552 263 2864 322 SPllilTUS
2903 264 3168 323 SANCTI.
3705 267 3810 324 63-!

564 368 769 437 gesimo
798 366 1027 437 septimo
1053 378 1214 437 anno,
1248 370 1499 425 similiter
1523 371 1788 440 paschalis
1824 373 2136 430 solemnitas
2165 382 2211 438 Α
2240 392 2366 445 ceps
2389 386 2613 431 ventura
2637 386 2740 442 est,
2772 388 2831 433 ut
2855 380 3035 434 omnia
3061 380 3145 433 illa
3175 379 3332 435 simul
3359 390 3678 451 congruant,
3708 380 3810 437 hoc

562 466 790 513 ventura
842 466 966 522 est;
1015 466 1071 513 et
1113 460 1450 527 postmodum
1492 462 1664 518 tribus
1699 462 1906 519 vicibus
1948 464 2039 519 lict
2078 475 2137 520 ut
2241 476 2323 521 est
2354 468 2571 531 mensis,
2602 468 2738 528 dies.
2782 468 2937 533 feria,
2975 478 3032 523 et
3073 469 3218 533 luna,
3262 478 3471 539 epacta,
3516 471 3811 540 eodemque

559 544 767 600 Pascha
802 560 899 615 per
926 546 1170 603 ordinem
1198 551 1546 620 nonagesimo
1575 554 1764 621 quinto
1802 569 1943 609 anno
1973 555 2134 609 simili
2239 568 2396 612 versu
2424 557 2559 627 cycli
2589 558 3242 622 dccemnovennalis,nisi
3270 558 3516 613 similiter
3549 559 3813 629 quingen-

561 639 723 691 modo
749 652 963 708 semper
1000 640 1232 707 eveniat,
1261 642 1463 697 eisdem
1489 643 1759 710 omnibus,
1787 660 1908 714 qua:
1948 659 2132 715 supra-

559 727 725 791 dicta,
754 726 914 781 simul
940 730 1403 787 convenientibus.
1430 732 1537 787 Sed
1575 733 1627 788 in
1663 734 1766 789 isto
1789 734 1976 803 quinto
2000 749 2132 789 con-

558 824 830 882 currente,
856 818 946 886 qui
975 834 1117 873 nunc
1146 827 1250 884 est,
1278 836 1550 891 nunquam
1588 823 1893 893 paschalem
1930 823 2133 879 festivi-

557 914 732 988 tatem.
763 909 982 963 evenire
1010 910 1256 981 contigit,
1293 910 1361 965 ab
1397 912 1506 982 ipsa
1553 912 1721 983 prima
1750 913 1999 982 passione
2028 913 2131 968 Do.

556 996 792 1063 minica,
829 998 930 1051 nisi
967 1002 1229 1054 duntaxat
1274 1016 1392 1056 eam
1435 1002 1604 1057 solam
1650 1017 1812 1072 quam
1856 1002 2126 1058 Victorius

558 1084 754 1154 posuit,
777 1093 832 1140 et
853 1100 995 1140 nunc
1023 1088 1256 1143 secundo
1287 1089 1567 1159 repetitur,
1596 1098 1652 1145 et
1680 1104 1954 1160 nunquam
1980 1089 2133 1145 dein-

560 1295 3787 1323 W

2238 646 2432 700 tesimo
2458 646 2732 717 trigesimo
2759 647 2920 701 tertio
2949 663 3108 700 anno.
3140 646 3244 701 Sed
3277 661 3395 701 cum
3421 646 3530 716 jam
3555 647 3806 701 saeculum

2239 735 2339 788 hoc
2385 748 2483 789 suo
2516 734 2587 789 sit
2630 735 2737 789 ﬁne
2780 735 3156 803 claudendum,
3208 736 3533 803 superﬂuum
3582 745 3665 791 est
3712 751 3809 805 per

2237 826 2408 895 longa:
2430 825 2802 881 calculationis
2826 828 3200 899 ephemeridas
3220 826 3517 899 producere
3534 826 3806 883 volumina

2233 917 2574 972 saeculorum.

2564 1042 2647 1100 Sit
2677 1060 2862 1099 nomen
2894 1044 3106 1101 Domini
3140 1045 3478 1098 benedictum.

3806 1289 3819 1380 ἰ

637 1434 989 1510 ⁸⁵³⁸⁵⁸
1071 1454 1515 1571 OPUSC
1534 1454 1921 1571 ULUM
2007 1455 2114 1566 Τξ

2215 1450 2896 1567 [CESIMUM
2975 1449 3711 1568 OCTAVUM.

810 1669 1131 1731 CONTRA
1175 1670 1557 1732 ERROREM
1598 1668 2063 1732 GBIECORUM
2106 1668 2214 1728 DE
2252 1665 3186 1732 PROCESSIONELSPIRITUS
3230 1664 3537 1728 SANCTI.

1972 1829 2331 1847 ψ

551 1962 949 2018 Annuusnruu.
976 1992 1047 2003 —
1074 1957 1154 2015 Ad
1182 1957 1547 2031 patriarcham
1693 1957 1968 2024 scribens,
1994 1964 2183 2015 contra
2212 1956 2521 2011 Graecorum
2559 1955 2808 2010 haeresim
2839 1954 3095 2023 disputat,
3135 1954 3225 2077 qni
3262 1953 3519 2023 Spiritum
3550 1964 3793 2007 sanctum

623 2048 651 2077 τι
704 2032 863 2077 Patre
906 2042 1145 2077 tantum-
1196 2048 1300 2077 nnn
1354 2047 1382 2077 η
1427 2030 1564 2077 Filio
1617 2028 2148 2077 nrmniereLimnie
2189 2026 2762 2077 allirmnhant.‘ﬂanc
2806 2024 3114 2077 oninionem
3181 2027 3428 2077 nculente
3483 2024 3793 2077 redarguit.

623 2048 652 2085 a
703 2032 863 2087 Patre
906 2042 1146 2094 tantum,
1184 2024 1300 2084 'non
1354 2047 1383 2085 a
1427 2030 1564 2084 Filio
1617 2028 2148 2098 procedere,.impie
2189 2026 2762 2098 allirmabantﬁﬂanc
2806 2024 3114 2098 Opinionem

623 2107 1073 2171 contrariumque
1088 2092 1275 2171 verum
1309 2115 1431 2154 esse
1462 2092 1804 2171 ﬁrmissimis
1848 2092 2145 2171 rationibus
2181 2107 2237 2171 et
2272 2096 2695 2171 auctoritatibus
2730 2092 2940 2171 probat.
2984 2094 3187 2149 Idcirco
3229 2092 3514 2171 autem_ad

623 2172 779 2225 cham
839 2163 990 2223 illuni
1045 2170 1114 2224 de
1170 2170 1275 2225 hac
1325 2184 1384 2223 re
1434 2168 1662 2235 scribit,
1714 2169 1873 2238 quia,
1926 2177 1983 2223 ut
2036 2169 2150 2222 hmc
2189 2166 2304 2236 ipsa
2339 2166 2567 2236 qutestio
2595 2166 2698 2221 sibi
2723 2163 3129 2229 enuclearetnr,
3177 2179 3209 2218 a
3256 2163 3512 2234 pontiﬁce

622 2240 1007 2310 postulaverat.

3181 2027 3428 2078 nculente
3483 2024 3795 2091 redarguit,

3596 2096 3791 2146 atriar-

3604 2179 3797 2217 υιιὶιιιιο

624 2353 829 2407 Domno
849 2351 908 2405 L.
931 2350 1244 2407 beatissimo
1266 2350 1603 2421 patriarchae,
1627 2349 1841 2406 Penus
1866 2358 2120 2419 peccator
2150 2360 2194 2420 Β
2223 2347 2315 2402 sed
2339 2346 2501 2402 Pater
2526 2359 2679 2401 meus
2708 2346 2801 2415 qui
2840 2354 2925 2401 est
2953 2347 3006 2400 in
3029 2345 3183 2401 caelis
3199 2344 3414 2416 (Matth.
3430 2345 3564 2416 xvi).
3591 2364 3608 2397 ι
3642 2346 3796 2401 Hunc

546 2442 846 2497 monachus
870 2442 1204 2496 servitutem.

584 2531 927 2607 _Beligiosus
972 2530 1256 2599 episcopus
1311 2527 1630 2597 Popiliensis
1674 2528 1933 2584 Ecclesia:
1984 2528 2119 2582 mihi

553 2619 738 2673 retulit
766 2619 1021 2689 quoniam
1040 2633 1109 2673 ex
1141 2633 1237 2673 ore
1278 2617 1535 2673 dominici
1563 2618 2001 2673 reverendissimi
2025 2633 2121 2687 pa-

551 2710 803 2765 triarchae
830 2696 1123 2765 GradEnsis
1152 2709 1379 2774 audivit,
1405 2708 1763 2778 quaestionem
1790 2721 1889 2765 vos
1928 2708 2119 2764 catho-

551 2798 667 2853 l‘cte
698 2798 819 2853 ﬁdei
846 2798 1009 2853 valde
1042 2798 1406 2853 necessariam
1443 2799 1753 2868 apostolica.-
1799 2800 1913 2855 sedi
1940 2800 2113 2857 sacris

552 2890 808 2949 insertam
837 2888 1031 2943 litteris
1061 2888 1382 2955 destinasse,
1423 2897 1584 2959 atque
1615 2899 1676 2946 ut
1708 2906 1737 2945 a
1773 2892 2119 2948 sanctissimo

551 2992 685 3047 papa
730 2976 1042 3033 Alexandro
1083 2978 1300 3034 invictis
1340 2978 1741 3049 Scripturarum
1794 2982 2120 3038 testimoniis

548 3069 952 3124 evidentissime
966 3069 1286 3135 solveretur,
1304 3070 1651 3126 sacerdotalis
1666 3070 1821 3128 oliicii
1841 3072 2119 3144 vigilantia

549 3156 848 3224 postulasse
880 3172 894 3210 :
932 3172 1030 3212 cur
1050 3157 1302 3213 videlicet
1326 3157 1562 3228 Spiritus
1588 3169 1810 3215 sanctus
1835 3158 1975 3229 apud
2009 3161 2117 3215 La-

552 3249 693 3302 tinos
718 3263 749 3302 a
773 3248 934 3302 Patre
958 3250 1173 3304 dicatttr
1205 3250 1450 3319 Filioque
1476 3251 1792 3319 procedere,
1826 3266 1946 3306 cum
1975 3254 2117 3321 apud

547 3336 767 3393 Grtccos
812 3353 842 3392 a
883 3339 996 3394 solo
1034 3339 1328 3412 procedere
1372 3338 1535 3394 Patre
1570 3340 1855 3395 credatur?
1889 3340 1966 3395 De
2010 3356 2116 3410 qua

549 3427 800 3481 nimirum
840 3429 1138 3496 quaestione
1192 3429 1342 3501 quod
1385 3429 1591 3492 sentio,
1642 3429 1936 3484 auxiliante
2000 3430 2116 3499 ipso

547 3513 750 3584 Spiritu
773 3526 963 3572 saneto
1002 3517 1067 3571 de
1096 3530 1202 3586 quo
1224 3517 1424 3586 agitur,
1448 3518 1663 3586 aperire
1690 3533 1979 3588 prmsumo.
1996 3518 2115 3573 Non

545 3607 687 3675 quod
716 3606 844 3673 mihi
876 3590 1038 3677 super
1074 3610 1175 3662 hoe
1203 3608 1418 3677 negotio
1455 3607 1541 3662 vel
1578 3622 1609 3661 a
1640 3608 1794 3663 vobis
1823 3608 2023 3677 aliquid
2046 3608 2118 3663 sit

2224 2438 2368 2494 enim
2396 2451 2507 2507 prae
2534 2437 2747 2492 caeteris
2776 2436 3095 2491 mortalibus
3122 2436 3188 2491 de
3217 2444 3330 2491 toto
3359 2444 3627 2490 terrarum
3654 2437 3788 2491 orbe

2222 2527 2480 2583 Conditor
2498 2526 2646 2582 orbis
2667 2525 2847 2595 elegit,
2870 2525 2955 2580 cui
2983 2525 3295 2580 cathedram
3318 2523 3611 2594 magisterii
3642 2524 3786 2592 prin-

2220 2617 2468 2688 cipaliter
2498 2617 2552 2671 in
2587 2616 2827 2671 Ecclesia
2857 2624 3042 2670 tenere
3073 2622 3333 2683 perpetuo
3372 2611 3637 2683 privilegii
3663 2609 3784 2678 jure

2220 2708 2517 2773 concessit;
2543 2716 2601 2762 ut
2621 2706 2866 2776 quisquis
2886 2705 3125 2760 divinum
3147 2703 3351 2774 aliquid
3377 2718 3440 2759 ac
3460 2702 3785 2772 profundum

2221 2816 2383 2858 nosse
2437 2798 2749 2865 desiderat,
2797 2799 2865 2853 ad
2913 2795 3074 2866 hujus
3123 2795 3469 2866 praeceptoris
3514 2792 3795 2849 oraculum

2200 2876 2638 2960 doctrinamque
2673 2896 2949 2955 recurrat;
2998 2902 3099 2943 nec
3144 2886 3220 2941 illi
3270 2885 3547 2941 humiliter
3598 2881 3795 2939 oﬂ‘erre

2219 2984 2361 3053 quod
2388 2981 2702 3037 solvendum
2734 2988 2818 3036 est
2839 2980 3158 3047 erubescat},
3185 2977 3401 3033 etiamsi
3422 2984 3478 3031 et
3500 2977 3611 3047 ipse
3637 2974 3781 3044 quod

2221 3073 2481 3145 quaeritur
2531 3086 2642 3127 non
2676 3071 2910 3143 ignorat.
2964 3069 3219 3139 Nunquid
3266 3068 3411 3123 enim
3455 3066 3678 3137 angelus
3729 3066 3795 3119 dc

2218 3162 2355 3219 ctelo
2383 3163 2604 3217 veniens
2632 3162 2910 3217 nesciebat
2940 3161 3136 3216 docere
3154 3158 3489 3222 Cornelium,
3515 3173 3673 3227 quem
3709 3157 3787 3209 vi-

2219 3253 2429 3318 delicet,
2452 3262 2513 3307 ut
2537 3252 2665 3321 quid
2688 3252 2791 3307 sibi
2815 3251 3081 3322 agendum
3110 3257 3255 3304 esset
3284 3246 3789 3311 addisceret,desti-

2218 3341 2366 3396 navit
2394 3342 2461 3397 ad
2489 3340 2745 3395 Petrum“!
2773 3356 2792 3391 ι
2826 3338 3004 3403 Mitte,
3037 3339 3240 3407 inquit,
3279 3336 3427 3391 viros
3459 3334 3663 3406 Joppen
3686 3375 3701 3399 ,
3730 3343 3787 3389 et

2218 3431 2423 3487 accersi
2494 3429 2770 3486 Simonem
2825 3429 2918 3498 qui
2962 3428 3374 3499 cognominatur
3417 3425 3632 3480 Petrus.
3692 3423 3790 3479 ilic

2216 3521 2521 3592 bospitatur
2545 3519 2685 3591 apud
2708 3519 2983 3575 Simonem
3012 3517 3298 3589 quemdam
3337 3516 3661 3581 curiarium,
3693 3516 3782 3571 cui

2219 3620 2305 3667 est
2339 3610 2530 3665 domus
2551 3608 2705 3677 juxta
2732 3623 2913 3673 mare;
2946 3608 3034 3663 hic
3075 3607 3218 3663 dicet
3245 3607 3343 3661 tibi
3390 3606 3518 3675 quid
3548 3616 3599 3659 te
3622 3618 3788 3674 opor-

547 3694 867 3763 injunctum,
906 3698 989 3752 vel
1020 3698 1088 3752 ab
1118 3698 1444 3755 auctoritate
1475 3698 1643 3769 ipsius
1676 3698 1903 3754 Romani
1929 3699 2113 3769 ponti-
2143 3723 2188 3784 ο
2220 3707 2331 3755 teat
2366 3698 2543 3754 facere
2575 3699 2712 3765 (Act.
2738 3699 2816 3768 ι).
2840 3717 2859 3750 ι
2887 3696 3108 3751 Poterat
3134 3695 3291 3766 plane
3317 3703 3540 3750 sanctus
3564 3692 3787 3764 angelus

548 3786 665 3840 ticis
715 3786 880 3842 fuerit
931 3787 1276 3857 imperatum.
1326 3789 1460 3844 Nam
1514 3802 1624 3859 quo
1647 3799 1807 3859 pacto
1843 3804 2114 3845 summum
2219 3790 2488 3846 hominem
2505 3790 2701 3844 docere
2720 3787 2973 3859 gentilem
2992 3788 3120 3858 quid
3148 3787 3249 3841 sibi
3269 3793 3597 3854 competeret
3614 3786 3681 3839 ad
3702 3798 3788 3838 sa-

547 3877 816 3946 negotium
845 3877 1096 3945 imperito
1121 3878 1324 3933 homini
1353 3879 1670 3947 dignaretur
1696 3878 1995 3949 injungere,
2018 3881 2113 3949 qui

550 3974 626 4019 tot
650 3967 854 4021 sanctis
895 3982 959 4023 ac
994 3969 1338 4037 peritissimis
1368 3969 1499 4023 viris
1533 3982 1718 4045 secum
1749 3969 1953 4040 jngiter
1986 3984 2114 4026 con-

543 4054 887 4109 versantibus
916 4070 1021 4111 non
1049 4055 1339 4125 ambigitur
1362 4055 1795 4111 abundareYSed
1819 4057 1970 4126 quia,
1989 4057 2115 4112 licet

545 4143 765 4213 ignarus
786 4145 913 4209 sim,
939 4154 994 4199 et
1020 4144 1228 4200 inutilis
1257 4160 1449 4201 servus
1488 4146 1539 4200 in
1575 4146 1736 4202 domo
1764 4148 1975 4202 Domini
2007 4150 2111 4203 mei

541 4231 699 4298 Jesu,
755 4233 861 4288 illis
909 4234 1073 4289 etiam
1133 4234 1213 4289 eis
1271 4235 1548 4305 obsequiis
1610 4235 1974 4306 importunum
2026 4252 2113 4290 me

542 4322 674 4377 libet
700 4324 979 4395 ingerere,
1015 4325 1084 4379 ad
1111 4339 1230 4395 quae
1259 4340 1419 4381 nemo
1446 4341 1533 4382 me
1566 4327 1819 4399 dignatus
1861 4336 1945 4383 est
1986 4343 2112 4398 pro-

541 4426 755 4470 vocare.

848 4494 851 4497 ’
1051 4504 1278 4560 CAPUT
1316 4504 1602 4562 PRIMUM.

821 4591 897 4647 De
933 4594 1246 4647 auctoritate
1281 4592 1505 4648 Romani
1542 4596 1825 4664 pontificis.

611 4682 919 4738 Laudabilis
943 4682 1101 4753 plane
1121 4683 1428 4739 sanctitatis
1449 4693 1643 4740 vestrae
1680 4685 1999 4755 prudentia,
2052 4695 2108 4741 et

538 4772 679 4842 digni
698 4772 899 4828 favoris
918 4782 1003 4828 est
1024 4774 1313 4828 attollenda
1334 4775 1637 4844 praeconiis,
1654 4791 1775 4844 quae
1793 4776 2106 4832 solvendam

537 4861 711 4915 sancti
725 4859 959 4931 Spiritus
979 4863 1330 4930 quaestionem
1346 4902 1361 4927 ,
1375 4874 1481 4917 non
1496 4865 1562 4917 ad
1581 4863 1745 4917 alium
1767 4866 2071 4934 quempiam
2086 4905 2102 4930 ,

536 4951 629 5005 sed
655 4951 723 5005 ad
741 4950 959 5007 Petrum
980 4951 1288 5021 specialiter
1310 4950 1733 5024 [attulit],quem
1752 4955 1989 5011 ctelestis
2017 4971 2105 5010 sa-

2214 3880 2412 3946 lutem;
2446 3879 2540 3935 sed
2570 3876 2728 3946 hujus
2767 3892 3035 3947 usurpare
3066 3876 3283 3931 nolebat
3306 3875 3537 3931 oﬂicium
3564 3913 3580 3940 ,
3630 3874 3788 3945 cujus

2215 3969 2440 4025 docendi
2472 3976 2697 4025 noverat
2722 3966 2891 4021 fuisse
2916 3966 3286 4023 commissum.

2284 4059 2421 4126 Quid
2466 4074 2596 4129 ergo
2650 4059 2845 4113 mirntn
2882 4058 2927 4112 si
2981 4058 3266 4121 sacerdos,
3321 4055 3448 4111 licet
3498 4057 3785 4111 sanctitate

2213 4149 2558 4217 conspicuus,
2578 4148 2706 4203 licet
2730 4147 2960 4217 eloquiis
2988 4146 3185 4201 divinis
3206 4147 3552 4200 vehementer
3578 4146 3777 4199 instru-

2213 4247 2356 4305 ctus,
2388 4240 2455 4293 ad
2483 4237 2849 4308 apostolorum
2892 4237 3149 4307 principis
3186 4237 3553 4307 magisterium
3595 4238 3780 4302 misit,

2212 4330 2279 4385 ad
2307 4343 2465 4399 quem
2490 4329 2653 4383 etiam
2682 4327 2902 4398 angelus
2928 4328 3151 4382 docendi
3174 4328 3345 4397 gratia
3366 4327 3631 4396 primitias
3658 4342 3784 4397 gen-

2212 4424 2345 4478 tium
2375 4420 2685 4477 Cornelium
2707 4420 3033 4476 destinavit?
3070 4417 3221 4473 Pauli
3250 4419 3413 4475 etiam
3456 4419 3523 4473 ad
3563 4417 3783 4473 Galatas

2209 4513 2325 4567 hac
2345 4510 2512 4566 verba
2538 4518 2665 4565 sunt
2690 4523 2704 4561 :
2742 4525 2761 4559 ι
2795 4507 2991 4562 Paulus
3012 4507 3289 4577 apostolus
3320 4522 3491 4577 neque
3514 4508 3582 4561 ab
3610 4507 3784 4562 homi-

2209 4600 2390 4665 nibus,
2412 4614 2586 4668 neque
2606 4614 2703 4668 per
2725 4599 3020 4661 hominem,
3035 4597 3132 4651 sed
3158 4612 3254 4665 per
3275 4594 3457 4652 Jesum
3481 4596 3779 4660 Christum,

2209 4699 2265 4742 et
2287 4688 2457 4742 Deum
2482 4686 2719 4749 Patrem,
2748 4686 2839 4755 qui
2860 4684 3142 4740 suscitavit
3168 4699 3291 4737 eum
3319 4701 3349 4738 a
3375 4686 3601 4739 mortuis
3632 4685 3775 4756 (Cal.

2210 4776 2271 4845 ι).
2302 4795 2322 4828 ι
2352 4758 2450 4830 Ηὶο
2475 4776 2679 4843 itaque,
2708 4774 2800 4842 qui
2824 4790 2927 4828 non
2957 4775 3025 4828 ab
3057 4774 3387 4838 hominibus,
3430 4775 3525 4829 sed
3565 4776 3633 4828 ab
3663 4776 3780 4843 ipso

2206 4864 2442 4929 Christo,
2473 4871 2529 4918 et
2556 4864 2666 4918 Deo
2694 4862 2855 4917 Patre
2889 4862 3063 4918 fuerat
3104 4863 3285 4919 factus
3310 4865 3583 4935 apostolus
3613 4865 3777 4937 655

2207 4964 2368 5025 atque
2396 4955 2463 5009 ab
2496 4962 2721 5009 auctore
2754 4954 3030 5023 sapientia:
3074 4954 3401 5011 sulIicienter
3439 4957 3733 5011 instructus
3758 4998 3774 5022 ,

534 5042 752 5110 pientiae
781 5050 837 5097 et
884 5043 1137 5120 potentia:
1183 5043 1364 5098 claves
1410 5044 1683 5113 accepisse
1734 5046 2103 5101 indubitanter
2128 5065 2178 5124 ι)
2202 5046 2269 5100 ad
2308 5045 2452 5101 Petri
2484 5052 2661 5099 tamen
2692 5045 3064 5115 magisterium
3105 5047 3273 5111 venit,
3293 5056 3347 5101 et
3373 5062 3478 5100 non
3509 5047 3560 5099 id
3595 5055 3776 5099 trans-

535 5130 799 5198 agnoscit.
830 5129 941 5187 Nec
969 5132 1196 5187 decebat
1226 5140 1385 5187 tanta:
1410 5132 1706 5203 dignitatis,
1736 5142 1794 5187 et
1821 5135 2100 5203 sapientia:

530 5220 707 5275 virum
737 5221 807 5276 ab
853 5222 958 5279 alio
996 5223 1237 5293 mysterii
1271 5224 1508 5279 caelestis
1554 5238 1752 5279 arcana
1788 5225 2095 5294 requirere,

532 5311 637 5367 nisi
664 5312 737 5368 ab
781 5313 874 5368 illo
921 5315 1261 5385 potissimum
1288 5330 1452 5384 quem
1488 5330 1593 5370 non
1621 5330 1751 5371 caro
1781 5317 1956 5386 potuit
2014 5316 2099 5372 vel

528 5404 750 5475 sanguis
776 5404 1077 5469 instruere.
1118 5403 1213 5461 sed
1250 5405 1339 5459 cui
1380 5404 1521 5459 Deus
1542 5405 1654 5475 ipse
1683 5420 1858 5474 perse
1882 5420 1979 5459 sua
2015 5421 2100 5460 se-

528 5502 680 5549 creta
695 5495 948 5565 dignatus
969 5505 1055 5552 est
1072 5496 1304 5567 aperire.
1327 5516 1345 5549 c
1367 5495 1564 5551 Beatus
1580 5511 1659 5562 es,
1684 5496 1884 5566 inquit,
1908 5496 2095 5551 Simon

528 5579 784 5651 Barjona,
833 5586 958 5656 quia
987 5602 1120 5643 caro
1159 5594 1213 5643 et
1250 5586 1474 5659 sanguis
1511 5600 1614 5642 non
1654 5585 1909 5644 revelavit
1957 5585 2053 5641 tibi
2078 5625 2095 5652 ,

2204 5152 2363 5193 cursu
2389 5176 2406 5203 ,
2444 5137 2539 5191 sed
2589 5152 2689 5208 per
2715 5137 2979 5208 plurimos
3006 5140 3120 5195 dies
3154 5139 3293 5208 apud
3328 5153 3450 5191 eum
3480 5137 3535 5189 in
3566 5138 3773 5192 cmlesti

2205 5224 2388 5281 schola
2416 5225 2732 5295 permansit.
2763 5244 2781 5278 ι
2821 5224 2977 5291 Veni,
3007 5227 3202 5295 inquit,
3234 5225 3660 5295 Hierosolymam
3692 5225 3771 5279 vi-

2205 5317 2334 5373 dere
2362 5315 2602 5385 Petrum,
2632 5327 2689 5373 et
2721 5319 2892 5373 mansi
2940 5318 3079 5386 apud
3129 5333 3252 5372 eum
3303 5318 3418 5371 dies
3462 5318 3771 5388 quindecim

2205 5406 2254 5478 (1
2262 5407 2416 5478 bid.).
2435 5426 2454 5460 ι
2477 5407 2579 5461 Per
2595 5408 2881 5477 mysticum
2903 5406 3478 5462 scilicct'heddomadis
3499 5416 3554 5463 et
3574 5410 3779 5480 ogdoa-

2204 5496 2289 5550 dis
2312 5494 2842 5559 numerum,Veteris
2859 5495 3227 5565 lnstrumenti,
3258 5496 3420 5554 simul
3440 5513 3505 5555 ac
3528 5497 3662 5561 Novi
3692 5497 3777 5552 di-

2202 5587 2334 5643 dicit
2356 5595 2775 5644 sacramentum.
